{"host":"mai03x2ekbjy4059","time":1610842554,"event":{"mods":["2.2 Compatiblity","BaseMod","DeckTracker","Keyboard Shortcuts","Minty Spire (QoL Compilation)","Permanent Neow","Quick Restart","SuperFastMode","everything is the same but u backflip on backflip"],"gold_per_floor":[14,14,26,36,36,69,81,112,112,37,72,72,87,116,116,221,221,234,234,234,246,257,286,299,299,299,315,361,386,406,433,433,533,533,552,571,212,225,33,59,59,88,88,122,169,201,216,226,226,226,226,226,20,46,46],"floor_reached":56,"language":"KOR","playtime":2346,"items_purged":["Strike_G","Shame","Writhe"],"score":1489,"play_id":"b31ade2e-0d59-49af-bc96-fca13531a616","local_time":"20210117091554","is_ascension_mode":true,"campfire_choices":[{"data":"A Thousand Cuts","floor":12.0,"key":"SMITH"},{"data":"Neutralize","floor":15.0,"key":"SMITH"},{"data":"After Image","floor":25.0,"key":"SMITH"},{"data":"Heel Hook","floor":32.0,"key":"SMITH"},{"data":"Crippling Poison","floor":41.0,"key":"SMITH"},{"floor":49.0,"key":"RECALL"},{"data":"Caltrops","floor":52.0,"key":"SMITH"}],"circlet_count":0,"master_deck":["Strike_G+1","Strike_G","Strike_G+1","Defend_G","Defend_G+1","Defend_G","Defend_G+1","Survivor","Neutralize+1","Heel Hook+1","After Image+1","A Thousand Cuts+1","Heel Hook","Heel Hook","Parasite","Escape Plan","Terror+1","Neutralize+1","Crippling Poison+1","Leg Sweep+1","Caltrops+1","Footwork+1","Caltrops+1"],"relics":["Ring of the Serpent","War Paint","Ornamental Fan","HornCleat","Tiny Chest","Bag of Marbles","Cursed Key","Toy Ornithopter","InkBottle","PreservedInsect","Bronze Scales","Mummified Hand","Paper Crane","DollysMirror","Gambling Chip","Smiling Mask","CaptainsWheel","Prayer Wheel","Mercury Hourglass","Oddly Smooth Stone","Whetstone"],"acts_visited":["Exordium","TheCity","TheBeyond","TheEnding"],"potions_floor_usage":[55,55],"damage_taken":[{"damage":2.0,"enemies":"Small Slimes","floor":1.0,"turns":5.0},{"damage":9.0,"enemies":"Cultist","floor":3.0,"turns":5.0},{"damage":0.0,"enemies":"Jaw Worm","floor":4.0,"turns":3.0},{"damage":10.0,"enemies":"3 Sentries","floor":6.0,"turns":15.0},{"damage":0.0,"enemies":"Large Slime","floor":7.0,"turns":7.0},{"damage":5.0,"enemies":"Gremlin Nob","floor":8.0,"turns":5.0},{"damage":9.0,"enemies":"3 Sentries","floor":11.0,"turns":9.0},{"damage":0.0,"enemies":"Red Slaver","floor":13.0,"turns":4.0},{"damage":4.0,"enemies":"Gremlin Nob","floor":14.0,"turns":5.0},{"damage":4.0,"enemies":"Slime Boss","floor":16.0,"turns":11.0},{"damage":0.0,"enemies":"3 Byrds","floor":18.0,"turns":4.0},{"damage":0.0,"enemies":"Chosen","floor":21.0,"turns":5.0},{"damage":0.0,"enemies":"3 Cultists","floor":22.0,"turns":5.0},{"damage":0.0,"enemies":"Slavers","floor":23.0,"turns":5.0},{"damage":0.0,"enemies":"Centurion and Healer","floor":24.0,"turns":7.0},{"damage":0.0,"enemies":"Snecko","floor":27.0,"turns":5.0},{"damage":0.0,"enemies":"Gremlin Leader","floor":29.0,"turns":5.0},{"damage":0.0,"enemies":"Snake Plant","floor":30.0,"turns":4.0},{"damage":25.0,"enemies":"Slavers","floor":31.0,"turns":4.0},{"damage":35.0,"enemies":"Champ","floor":33.0,"turns":14.0},{"damage":0.0,"enemies":"3 Darklings","floor":35.0,"turns":5.0},{"damage":0.0,"enemies":"3 Shapes","floor":36.0,"turns":4.0},{"damage":0.0,"enemies":"Spire Growth","floor":38.0,"turns":5.0},{"damage":0.0,"enemies":"Giant Head","floor":40.0,"turns":7.0},{"damage":0.0,"enemies":"Reptomancer","floor":42.0,"turns":4.0},{"damage":2.0,"enemies":"Nemesis","floor":44.0,"turns":5.0},{"damage":3.0,"enemies":"2 Orb Walkers","floor":45.0,"turns":4.0},{"damage":2.0,"enemies":"Giant Head","floor":46.0,"turns":8.0},{"damage":0.0,"enemies":"Maw","floor":47.0,"turns":6.0},{"damage":0.0,"enemies":"Transient","floor":48.0,"turns":5.0},{"damage":29.0,"enemies":"Awakened One","floor":50.0,"turns":14.0},{"damage":4.0,"enemies":"Shield and Spear","floor":54.0,"turns":5.0},{"damage":3,"enemies":"The Heart","floor":55,"turns":8}],"seed_played":"-5103826676229571008","potions_obtained":[{"floor":2.0,"key":"GhostInAJar"},{"floor":2.0,"key":"Poison Potion"},{"floor":2.0,"key":"Regen Potion"},{"floor":3.0,"key":"Weak Potion"},{"floor":6.0,"key":"ColorlessPotion"},{"floor":8.0,"key":"EntropicBrew"},{"floor":16.0,"key":"GhostInAJar"},{"floor":24.0,"key":"Fire Potion"},{"floor":31.0,"key":"Fire Potion"},{"floor":35.0,"key":"Explosive Potion"},{"floor":36.0,"key":"LiquidMemories"},{"floor":38.0,"key":"SteroidPotion"},{"floor":42.0,"key":"Regen Potion"},{"floor":45.0,"key":"ColorlessPotion"}],"is_trial":false,"path_per_floor":["M","?","M","M","?","E","M","E","T","$","E","R","M","E","R","B",null,"M","?","?","M","M","E","M","R","T","M","T","E","M","E","R","B",null,"M","M","$","M","$","E","R","E","T","E","?","E","M","M","R","B",null,"R","$","E","B",null],"character_chosen":"THE_SILENT","items_purchased":["Paper Crane","DollysMirror","Crippling Poison","Oddly Smooth Stone"],"campfire_rested":0,"item_purchase_floors":[37,39,39,53],"current_hp_per_floor":[68,68,59,59,64,69,69,64,64,64,55,55,55,51,51,47,75,75,61,61,61,61,61,61,61,61,61,61,71,71,51,51,21,80,80,80,80,80,80,80,80,80,80,78,75,73,73,73,73,44,80,80,80,76,78],"gold":46,"neow_bonus":"REMOVE_TWO","is_daily":false,"chose_seed":false,"campfire_upgraded":6,"win_rate":0.0,"timestamp":1610842554,"path_taken":["M","?","?","M","?","E","M","E","T","$","E","R","M","E","R","BOSS","M","?","?","M","?","E","M","R","T","M","?","E","M","E","R","BOSS","M","?","$","M","$","E","R","E","T","E","?","E","M","M","R","BOSS","R","$","E","BOSS"],"items_purchased_type":["Relic","Relic","Card","Relic"],"build_version":"2020-12-22","purchased_purges":3,"victory":true,"max_hp_per_floor":[70,70,70,70,75,75,75,75,75,75,75,75,75,75,75,75,75,75,80,80,80,80,80,80,80,80,80,80,80,80,80,80,80,80,80,80,80,80,80,80,80,80,80,80,80,80,80,80,80,80,80,80,80,80,80],"card_choices":[{"not_picked":["Slice","Outmaneuver"],"picked":"Heel Hook","floor":1.0},{"not_picked":["Flechettes","Cloak And Dagger","Well Laid Plans"],"picked":"SKIP","floor":3.0},{"not_picked":["Dagger Throw","Dodge and Roll"],"picked":"After Image","floor":4.0},{"not_picked":["PiercingWail","Dagger Spray","Quick Slash"],"picked":"SKIP","floor":6.0},{"not_picked":["Underhanded Strike","Backflip","Calculated Gamble"],"picked":"SKIP","floor":7.0},{"not_picked":["Well Laid Plans","Flying Knee"],"picked":"A Thousand Cuts","floor":8.0},{"not_picked":["Sucker Punch","Prepared","Distraction"],"picked":"SKIP","floor":11.0},{"not_picked":["Blade Dance","Flying Knee","PiercingWail"],"picked":"SKIP","floor":13.0},{"not_picked":["Flechettes","Sucker Punch","Deadly Poison"],"picked":"SKIP","floor":14.0},{"not_picked":["Tactician","Dagger Spray","All Out Attack"],"picked":"SKIP","floor":18.0},{"not_picked":["Acrobatics","Concentrate+1"],"picked":"Heel Hook","floor":21.0},{"not_picked":["Noxious Fumes","Caltrops","Blade Dance"],"picked":"SKIP","floor":22.0},{"not_picked":["Dodge and Roll+1","Tactician","Flying Knee"],"picked":"SKIP","floor":23.0},{"not_picked":["Deflect","Infinite Blades","Dagger Spray"],"picked":"SKIP","floor":24.0},{"not_picked":["Flying Knee","Dagger Spray+1","Caltrops"],"picked":"SKIP","floor":27.0},{"not_picked":["Quick Slash","Prepared","Underhanded Strike"],"picked":"SKIP","floor":29.0},{"not_picked":["Backflip","Bane","Underhanded Strike"],"picked":"SKIP","floor":30.0},{"not_picked":["Reflex+1","Concentrate"],"picked":"Escape Plan","floor":31.0},{"not_picked":["Sucker Punch+1","Cloak And Dagger+1","Poisoned Stab+1"],"picked":"SKIP","floor":35.0},{"not_picked":["Catalyst","Backflip","Cloak And Dagger"],"picked":"SKIP","floor":36.0},{"not_picked":["Crippling Poison","Poisoned Stab+1"],"picked":"Terror+1","floor":38.0},{"not_picked":["Choke+1","Sucker Punch+1"],"picked":"Leg Sweep+1","floor":40.0},{"not_picked":["Quick Slash","Poisoned Stab+1","All Out Attack"],"picked":"SKIP","floor":42.0},{"not_picked":["Bouncing Flask+1","Dash","Predator+1"],"picked":"SKIP","floor":44.0},{"not_picked":["Underhanded Strike+1","Well Laid Plans+1"],"picked":"Caltrops","floor":45.0},{"not_picked":["Grand Finale","Dash+1"],"picked":"Footwork+1","floor":46.0},{"not_picked":["Deflect+1","Dagger Throw","Underhanded Strike+1"],"picked":"SKIP","floor":47.0},{"not_picked":["Skewer+1","Backflip","Deadly Poison"],"picked":"SKIP","floor":47.0},{"not_picked":["Deadly Poison+1","Distraction"],"picked":"Caltrops+1","floor":48.0},{"not_picked":["Deflect","Deadly Poison+1","Outmaneuver+1"],"picked":"SKIP","floor":48.0},{"not_picked":["Dagger Spray","Bane","Wraith Form v2"],"picked":"SKIP","floor":54.0}],"player_experience":1059504,"relics_obtained":[{"floor":6.0,"key":"War Paint"},{"floor":8.0,"key":"Ornamental Fan"},{"floor":9.0,"key":"HornCleat"},{"floor":11.0,"key":"Tiny Chest"},{"floor":14.0,"key":"Bag of Marbles"},{"floor":23.0,"key":"Toy Ornithopter"},{"floor":26.0,"key":"InkBottle"},{"floor":28.0,"key":"PreservedInsect"},{"floor":29.0,"key":"Bronze Scales"},{"floor":31.0,"key":"Mummified Hand"},{"floor":40.0,"key":"Gambling Chip"},{"floor":42.0,"key":"Smiling Mask"},{"floor":44.0,"key":"CaptainsWheel"},{"floor":45.0,"key":"Prayer Wheel"},{"floor":46.0,"key":"Mercury Hourglass"},{"floor":54.0,"key":"Whetstone"}],"event_choices":[{"damage_healed":0.0,"max_hp_gain":0.0,"max_hp_loss":0.0,"gold_gain":0.0,"event_name":"Lab","player_choice":"Got Potions","floor":2.0,"gold_loss":0.0,"damage_taken":0.0},{"damage_healed":0.0,"max_hp_gain":5.0,"max_hp_loss":0.0,"gold_gain":0.0,"event_name":"Big Fish","player_choice":"Donut","floor":5.0,"gold_loss":0.0,"damage_taken":0.0},{"damage_healed":0.0,"max_hp_gain":5.0,"max_hp_loss":0.0,"gold_gain":0.0,"event_name":"Forgotten Altar","player_choice":"Shed Blood","floor":19.0,"gold_loss":0.0,"damage_taken":19.0},{"damage_healed":0.0,"max_hp_gain":0.0,"max_hp_loss":0.0,"gold_gain":0.0,"event_name":"Duplicator","player_choice":"Copied","floor":20.0,"gold_loss":0.0,"damage_taken":0.0,"cards_obtained":["Heel Hook"]},{"damage_healed":0.0,"max_hp_gain":0.0,"max_hp_loss":0.0,"gold_gain":0.0,"event_name":"Mysterious Sphere","player_choice":"Fight","floor":45.0,"gold_loss":0.0,"damage_taken":0.0}],"is_beta":false,"boss_relics":[{"not_picked":["SlaversCollar","Runic Pyramid"],"picked":"Cursed Key"},{"not_picked":["Runic Dome","Pandora\u0027s Box"],"picked":"Ring of the Serpent"}],"items_purged_floors":[10,37,53],"is_endless":false,"potions_floor_spawned":[3,6,8,14,16,21,24,31,35,36,38,42,45],"ascension_level":1}}