{"host":"7rmsgc3rayi00cdt","time":1610895025,"event":{"mods":["BaseMod","Minty Spire (QoL Compilation)"],"gold_per_floor":[117,192,205,205,215,215,140,165,165,87,121,121,121,153,153,226,226,236,236,151,165,165,191,191,90,90,102,130,130,130,130,130],"floor_reached":31,"language":"ENG","playtime":718,"items_purged":[],"score":512,"play_id":"a105418b-030a-4680-93d2-5af705e44709","local_time":"20210117145025","is_ascension_mode":true,"campfire_choices":[{"floor":6,"key":"REST"},{"floor":12,"key":"REST"},{"data":"Scrape","floor":15,"key":"SMITH"},{"floor":24,"key":"REST"},{"floor":29,"key":"REST"}],"circlet_count":0,"master_deck":["AscendersBane","Strike_B","Strike_B","Strike_B","Strike_B","Defend_B+1","Defend_B","Defend_B","Defend_B+1","Zap+1","Dualcast","Scrape+1","Gash","Rebound","FTL","Beam Cell","Streamline+1","Finesse","Conserve Battery+1"],"relics":["Cracked Core","WarpedTongs","Akabeko","Bag of Marbles","InkBottle","War Paint","MutagenicStrength","Eternal Feather","Girya","Blue Candle","Matryoshka"],"acts_visited":["Exordium","TheCity"],"potions_floor_usage":[16,16,28],"damage_taken":[{"damage":2,"enemies":"Jaw Worm","floor":1,"turns":3},{"damage":11,"enemies":"2 Louse","floor":3,"turns":3},{"damage":5,"enemies":"Cultist","floor":5,"turns":3},{"damage":20,"enemies":"3 Sentries","floor":11,"turns":6},{"damage":14,"enemies":"Lagavulin","floor":14,"turns":4},{"damage":16,"enemies":"Hexaghost","floor":16,"turns":7},{"damage":0,"enemies":"Spheric Guardian","floor":18,"turns":3},{"damage":0,"enemies":"Chosen","floor":21,"turns":2},{"damage":42,"enemies":"Slavers","floor":23,"turns":6},{"damage":16,"enemies":"Snake Plant","floor":27,"turns":2},{"damage":33,"enemies":"Book of Stabbing","floor":28,"turns":5},{"damage":22,"enemies":"Sentry and Sphere","floor":31,"turns":3}],"seed_played":"2718821840694079581","potions_obtained":[{"floor":1,"key":"GamblersBrew"},{"floor":3,"key":"SpeedPotion"},{"floor":16,"key":"BlessingOfTheForge"},{"floor":18,"key":"GamblersBrew"}],"is_trial":false,"path_per_floor":["M","?","M","?","M","R","?","T","T","$","E","R","?","E","R","B",null,"M","?","?","M","?","E","R","$","T","M","E","R","?","M"],"character_chosen":"DEFECT","items_purchased":["FTL","Finesse"],"campfire_rested":4,"item_purchase_floors":[10,25],"current_hp_per_floor":[69,58,47,47,42,65,65,65,65,65,45,68,68,54,54,38,68,68,68,68,68,68,26,58,58,58,42,9,41,19,0,0],"gold":130,"neow_bonus":"TEN_PERCENT_HP_BONUS","is_daily":false,"chose_seed":false,"campfire_upgraded":1,"win_rate":0.0,"timestamp":1610895025,"path_taken":["M","?","M","?","?","R","?","?","T","?","E","R","?","E","R","BOSS","M","?","?","M","?","E","R","?","T","M","E","R","?","M"],"items_purchased_type":["Card","Card"],"build_version":"2020-12-22","purchased_purges":0,"victory":false,"max_hp_per_floor":[78,78,78,78,78,78,78,78,78,78,78,78,78,78,78,78,78,78,78,78,78,78,78,78,78,78,78,78,78,83,83,83],"card_choices":[{"not_picked":["Double Energy","Consume"],"picked":"Scrape","floor":1},{"not_picked":["Steam","Storm"],"picked":"Gash","floor":3},{"not_picked":["Compile Driver","Ball Lightning"],"picked":"Rebound","floor":5},{"not_picked":["Turbo","Force Field","Redo"],"picked":"SKIP","floor":11},{"not_picked":["Rip and Tear","Sweeping Beam","Tempest"],"picked":"SKIP","floor":14},{"not_picked":["Redo","Barrage"],"picked":"Beam Cell","floor":18},{"not_picked":["Steam Power","Darkness","Skim"],"picked":"SKIP","floor":21},{"not_picked":["Aggregate","Beam Cell"],"picked":"Streamline+1","floor":23},{"not_picked":["Ball Lightning","Barrage"],"picked":"Conserve Battery+1","floor":27},{"not_picked":["Barrage","Blizzard","Genetic Algorithm"],"picked":"SKIP","floor":28}],"player_experience":773018,"relics_obtained":[{"floor":8,"key":"Akabeko"},{"floor":9,"key":"Bag of Marbles"},{"floor":11,"key":"InkBottle"},{"floor":14,"key":"War Paint"},{"floor":23,"key":"Girya"},{"floor":26,"key":"Blue Candle"},{"floor":28,"key":"Matryoshka"}],"event_choices":[{"damage_healed":0,"gold_gain":75,"player_choice":"Gather Gold","damage_taken":11,"max_hp_gain":0,"max_hp_loss":0,"event_name":"World of Goop","floor":2,"gold_loss":0},{"damage_healed":0,"gold_gain":0,"player_choice":"Rummage","damage_taken":0,"relics_obtained":["WarpedTongs"],"max_hp_gain":0,"max_hp_loss":0,"event_name":"Accursed Blacksmith","floor":4,"gold_loss":0,"cards_obtained":["Pain"]},{"cards_removed":["Pain"],"damage_healed":0,"gold_gain":0,"player_choice":"Card Removal","damage_taken":0,"max_hp_gain":0,"max_hp_loss":0,"event_name":"The Cleric","floor":7,"gold_loss":75},{"damage_healed":0,"gold_gain":0,"player_choice":"Grow","damage_taken":0,"max_hp_gain":0,"max_hp_loss":0,"event_name":"Living Wall","floor":13,"gold_loss":0,"cards_upgraded":["Zap"]},{"damage_healed":0,"gold_gain":0,"player_choice":"Inject Mutagens","damage_taken":0,"relics_obtained":["MutagenicStrength"],"max_hp_gain":0,"max_hp_loss":0,"event_name":"Drug Dealer","floor":19,"gold_loss":0},{"damage_healed":0,"gold_gain":0,"player_choice":"Obtained Relic","damage_taken":0,"relics_obtained":["Eternal Feather"],"max_hp_gain":0,"max_hp_loss":0,"event_name":"Addict","floor":20,"gold_loss":85},{"damage_healed":0,"gold_gain":0,"player_choice":"Ignored","damage_taken":0,"max_hp_gain":0,"max_hp_loss":0,"event_name":"Ghosts","floor":22,"gold_loss":0},{"damage_healed":0,"gold_gain":0,"player_choice":"Shed Blood","damage_taken":27,"max_hp_gain":5,"max_hp_loss":0,"event_name":"Forgotten Altar","floor":30,"gold_loss":0}],"is_beta":false,"boss_relics":[{"not_picked":["Snecko Eye","Velvet Choker","Coffee Dripper"]}],"items_purged_floors":[],"is_endless":false,"potions_floor_spawned":[1,3,16,18,27],"killed_by":"Sentry and Sphere","ascension_level":17}}