{"host":"gg","time":1610875350,"event":{"mods":["BaseMod","Colored Map","Googly Eyes","Minty Spire (QoL Compilation)","Permanent Neow","Relic Stats","The IronCluck"],"gold_per_floor":[112,112,7,7,20,53,53,86,86,86,115,115,115,130,130,207,207,223,223,235,235,44,70,144,177,177,177,209,209,209,222,222,299,299,313,1312,1363,859,879,909,909,939,939,939,959,1292,1292,1292,1292,1292,1292],"floor_reached":50,"language":"ENG","playtime":3120,"items_purged":["Strike_R","Normality"],"score":1346,"play_id":"2f0b8f0f-7b41-4dd1-a1bd-f273f18afd8a","local_time":"20210117012230","is_ascension_mode":true,"campfire_choices":[{"floor":7.0,"key":"REST"},{"data":"Hemokinesis","floor":10.0,"key":"SMITH"},{"data":"Twin Strike","floor":15.0,"key":"SMITH"},{"floor":27.0,"key":"REST"},{"floor":30.0,"key":"REST"},{"floor":32.0,"key":"REST"},{"data":"1","floor":44,"key":"LIFT"},{"floor":49,"key":"RECALL"}],"circlet_count":0,"master_deck":["AscendersBane","Strike_R","Strike_R","Strike_R","Strike_R+1","Defend_R","Defend_R","Defend_R","Defend_R+1","Bash+1","Hemokinesis+1","Shrug It Off","Twin Strike+1","Ghostly Armor","Feed","Inflame+1","Rupture","Uppercut","Offering","Flame Barrier","Dark Shackles","Thunderclap+1","Spot Weakness","Headbutt","Swift Strike"],"relics":["Burning Blood","Tiny Chest","Magic Flower","Nunchaku","Turnip","Smiling Mask","White Beast Statue","Fusion Hammer","Potion Belt","Membership Card","Matryoshka","Blood Vial","Ornamental Fan","InkBottle","Strawberry","PreservedInsect","Omamori","Necronomicon","Busted Crown","Girya","Strange Spoon","Letter Opener","Self Forming Clay","Pantograph","Bottled Tornado","Shuriken","Old Coin"],"acts_visited":["Exordium","TheCity","TheBeyond"],"potions_floor_usage":[42,46,50,50,50],"damage_taken":[{"damage":2.0,"enemies":"Small Slimes","floor":1.0,"turns":4.0},{"damage":5.0,"enemies":"2 Louse","floor":5.0,"turns":3.0},{"damage":28.0,"enemies":"3 Sentries","floor":6.0,"turns":7.0},{"damage":30.0,"enemies":"Gremlin Nob","floor":8.0,"turns":4.0},{"damage":28.0,"enemies":"Lagavulin","floor":11.0,"turns":6.0},{"damage":2.0,"enemies":"Cultist","floor":14.0,"turns":1.0},{"damage":88.0,"enemies":"Hexaghost","floor":16.0,"turns":11.0},{"damage":2.0,"enemies":"Chosen","floor":18.0,"turns":3.0},{"damage":15.0,"enemies":"Shell Parasite","floor":20.0,"turns":5.0},{"damage":9.0,"enemies":"Gremlin Leader","floor":23.0,"turns":5.0},{"damage":55.0,"enemies":"Book of Stabbing","floor":25.0,"turns":5.0},{"damage":52.0,"enemies":"Gremlin Leader","floor":28.0,"turns":8.0},{"damage":7.0,"enemies":"Centurion and Healer","floor":31.0,"turns":5.0},{"damage":86.0,"enemies":"Champ","floor":33.0,"turns":10.0},{"damage":10.0,"enemies":"3 Shapes","floor":35.0,"turns":3.0},{"damage":35.0,"enemies":"2 Orb Walkers","floor":37.0,"turns":5.0},{"damage":24.0,"enemies":"3 Darklings","floor":39.0,"turns":7.0},{"damage":6.0,"enemies":"Reptomancer","floor":40.0,"turns":3.0},{"damage":21,"enemies":"Nemesis","floor":42,"turns":3},{"damage":14,"enemies":"Jaw Worm Horde","floor":45,"turns":3},{"damage":47,"enemies":"Reptomancer","floor":46,"turns":5},{"damage":98,"enemies":"Time Eater","floor":50,"turns":8}],"seed_played":"-6556929559825765613","potions_obtained":[{"floor":1.0,"key":"Strength Potion"},{"floor":6.0,"key":"Explosive Potion"},{"floor":14.0,"key":"FairyPotion"},{"floor":16.0,"key":"SneckoOil"},{"floor":18.0,"key":"FearPotion"},{"floor":23.0,"key":"BloodPotion"},{"floor":25.0,"key":"SteroidPotion"},{"floor":28.0,"key":"Regen Potion"},{"floor":31.0,"key":"Dexterity Potion"},{"floor":33.0,"key":"DistilledChaos"},{"floor":35.0,"key":"AttackPotion"},{"floor":37.0,"key":"Swift Potion"},{"floor":39.0,"key":"Swift Potion"},{"floor":40.0,"key":"SkillPotion"},{"floor":42,"key":"GamblersBrew"},{"floor":45,"key":"PowerPotion"},{"floor":46,"key":"Explosive Potion"}],"is_trial":false,"path_per_floor":["M","?","$","?","M","E","R","E","T","R","E","?","T","M","R","B",null,"M","?","M","T","$","E","T","E","T","R","E","?","R","M","R","B",null,"M","?","?","$","M","E","T","E","T","R","M","E","?","?","R","B"],"character_chosen":"IRONCLAD","items_purchased":["Shrug It Off","Membership Card","Rupture","Strange Spoon","Letter Opener","Self Forming Clay","Flame Barrier","Dark Shackles"],"campfire_rested":4,"item_purchase_floors":[3,22,22,38,38,38,38,38],"current_hp_per_floor":[72,49,49,49,50,28,50,29,29,29,10,75,75,75,75,31,64,76,76,75,75,75,75,75,32,39,65,30,9,36,46,74,32,81,88,88,70,70,63,69,69,60,60,60,63,28,28,28,28,0,0],"gold":1292,"neow_bonus":"RANDOM_COMMON_RELIC","is_daily":false,"chose_seed":false,"campfire_upgraded":2,"win_rate":0.0,"timestamp":1610875350,"path_taken":["M","?","$","?","M","E","R","E","T","R","E","?","?","M","R","BOSS","M","?","?","?","$","E","?","E","T","R","E","?","R","M","R","BOSS","M","?","?","$","M","E","?","E","T","R","M","E","?","?","R","BOSS"],"items_purchased_type":["Card","Relic","Card","Relic","Relic","Relic","Card","Card"],"build_version":"2020-12-18","purchased_purges":2,"victory":false,"max_hp_per_floor":[75,75,75,75,75,75,75,75,75,75,75,75,75,75,75,75,75,78,78,81,81,81,81,81,81,88,88,91,91,91,94,94,97,97,100,100,103,103,106,106,106,106,106,106,109,109,109,109,109,109,109],"relic_stats":{"counters":[22,114],"Self Forming Clay":[81],"Magic Flower":[123],"PreservedInsect":223,"Letter Opener":[40],"Smiling Mask":0,"Burning Blood":173,"Blood Vial":36,"Strange Spoon":[11],"Nunchaku":[21],"Busted Crown":16,"Ornamental Fan":[124],"Shuriken":[8],"Pantograph":38,"Tiny Chest":3,"Turnip":[13],"Necronomicon":[24],"obtain_stats":[{"Magic Flower":6,"Bottled Tornado":41,"Smiling Mask":11,"Burning Blood":0,"Old Coin":46,"Blood Vial":24,"Nunchaku":8,"Matryoshka":23,"Strawberry":26,"Pantograph":40,"Tiny Chest":0,"Fusion Hammer":17,"Necronomicon":29,"InkBottle":25,"Potion Belt":21,"Girya":37,"Self Forming Clay":38,"PreservedInsect":26,"Omamori":28,"Letter Opener":38,"White Beast Statue":13,"Strange Spoon":38,"Busted Crown":34,"Ornamental Fan":24,"Shuriken":42,"Turnip":9,"Membership Card":22},{"Magic Flower":3,"Bottled Tornado":18,"Smiling Mask":5,"Burning Blood":0,"Old Coin":21,"Blood Vial":10,"Nunchaku":4,"Matryoshka":10,"Strawberry":11,"Pantograph":18,"Tiny Chest":0,"Fusion Hammer":7,"Necronomicon":12,"InkBottle":11,"Potion Belt":9,"Girya":16,"Self Forming Clay":16,"PreservedInsect":11,"Omamori":12,"Letter Opener":16,"White Beast Statue":5,"Strange Spoon":16,"Busted Crown":14,"Ornamental Fan":10,"Shuriken":19,"Turnip":4,"Membership Card":9},{"Magic Flower":14,"Bottled Tornado":95,"Smiling Mask":24,"Burning Blood":0,"Old Coin":106,"Blood Vial":49,"Nunchaku":18,"Matryoshka":49,"Strawberry":54,"Pantograph":95,"Tiny Chest":0,"Fusion Hammer":36,"Necronomicon":62,"InkBottle":54,"Potion Belt":44,"Girya":85,"Self Forming Clay":85,"PreservedInsect":54,"Omamori":62,"Letter Opener":85,"White Beast Statue":24,"Strange Spoon":85,"Busted Crown":77,"Ornamental Fan":49,"Shuriken":98,"Turnip":18,"Membership Card":44}],"InkBottle":[25]},"card_choices":[{"not_picked":["Evolve","Clothesline"],"picked":"Hemokinesis","floor":1.0},{"not_picked":["Second Wind","Warcry"],"picked":"Twin Strike","floor":5.0},{"not_picked":["Double Tap","True Grit"],"picked":"Pommel Strike","floor":6.0},{"not_picked":["True Grit","Headbutt","Wild Strike"],"picked":"SKIP","floor":8.0},{"not_picked":["True Grit","Wild Strike"],"picked":"Evolve","floor":11.0},{"not_picked":["Anger","Thunderclap"],"picked":"Ghostly Armor","floor":14.0},{"not_picked":["Fiend Fire","Brutality"],"picked":"Feed","floor":16.0},{"not_picked":["Clash+1","Rage"],"picked":"Inflame","floor":18.0},{"not_picked":["Headbutt","Heavy Blade","Body Slam"],"picked":"SKIP","floor":20.0},{"not_picked":["Blood for Blood","Flex","Heavy Blade"],"picked":"SKIP","floor":23.0},{"not_picked":["Evolve","Body Slam"],"picked":"Uppercut","floor":25.0},{"not_picked":["Anger","Burning Pact+1","Reckless Charge"],"picked":"SKIP","floor":28.0},{"not_picked":["Havoc+1","Sentinel","Anger"],"picked":"SKIP","floor":31.0},{"not_picked":["Juggernaut","Impervious"],"picked":"Offering","floor":33.0},{"not_picked":["Havoc+1"],"picked":"SKIP","floor":35.0},{"not_picked":[],"picked":"Thunderclap+1","floor":39.0},{"not_picked":["Cleave+1"],"picked":"SKIP","floor":40.0},{"not_picked":[],"picked":"Spot Weakness","floor":42},{"not_picked":["Warcry"],"picked":"SKIP","floor":45},{"not_picked":[],"picked":"Headbutt","floor":46},{"not_picked":[],"picked":"Swift Strike","floor":47}],"player_experience":1228746,"relics_obtained":[{"floor":6.0,"key":"Magic Flower"},{"floor":8.0,"key":"Nunchaku"},{"floor":9.0,"key":"Turnip"},{"floor":11.0,"key":"Smiling Mask"},{"floor":13.0,"key":"White Beast Statue"},{"floor":21.0,"key":"Potion Belt"},{"floor":23.0,"key":"Matryoshka"},{"floor":24.0,"key":"Blood Vial"},{"floor":24.0,"key":"Ornamental Fan"},{"floor":25.0,"key":"InkBottle"},{"floor":26.0,"key":"Strawberry"},{"floor":26.0,"key":"PreservedInsect"},{"floor":28.0,"key":"Omamori"},{"floor":29.0,"key":"Necronomicon"},{"floor":37.0,"key":"Girya"},{"floor":40.0,"key":"Pantograph"},{"floor":41,"key":"Bottled Tornado"},{"floor":42,"key":"Shuriken"},{"floor":46,"key":"Old Coin"}],"event_choices":[{"damage_healed":0.0,"max_hp_gain":0.0,"max_hp_loss":0.0,"gold_gain":0.0,"event_name":"Shining Light","player_choice":"Entered Light","floor":2.0,"gold_loss":0.0,"damage_taken":23.0,"cards_upgraded":["Strike_R","Defend_R"]},{"damage_healed":0.0,"max_hp_gain":0.0,"max_hp_loss":0.0,"gold_gain":0.0,"event_name":"Living Wall","player_choice":"Grow","floor":4.0,"gold_loss":0.0,"damage_taken":0.0,"cards_upgraded":["Bash"]},{"cards_removed":["Evolve"],"damage_healed":65.0,"max_hp_gain":0.0,"max_hp_loss":0.0,"gold_gain":0.0,"event_name":"Bonfire Elementals","player_choice":"Offered Uncommon","floor":12.0,"gold_loss":0.0,"damage_taken":0.0},{"damage_healed":0.0,"max_hp_gain":0.0,"max_hp_loss":0.0,"gold_gain":0.0,"event_name":"Upgrade Shrine","player_choice":"Upgraded","floor":19.0,"gold_loss":0.0,"damage_taken":0.0,"cards_upgraded":["Inflame"]},{"damage_healed":0.0,"max_hp_gain":0.0,"max_hp_loss":0.0,"gold_gain":0.0,"event_name":"Cursed Tome","player_choice":"Obtained Book","floor":29.0,"gold_loss":0.0,"damage_taken":21.0},{"damage_healed":0.0,"max_hp_gain":0.0,"max_hp_loss":0.0,"gold_gain":999.0,"event_name":"MindBloom","player_choice":"Gold","floor":36.0,"gold_loss":0.0,"damage_taken":0.0,"cards_obtained":["Normality","Normality"]},{"damage_healed":0.0,"max_hp_gain":0.0,"max_hp_loss":0.0,"gold_gain":0.0,"event_name":"Mysterious Sphere","player_choice":"Fight","floor":37.0,"gold_loss":0.0,"damage_taken":0.0},{"damage_healed":0,"gold_gain":0,"player_choice":"Memory 1","damage_taken":0,"max_hp_gain":0,"max_hp_loss":0,"event_name":"SensoryStone","floor":47,"gold_loss":0},{"cards_removed":["Pommel Strike"],"damage_healed":0,"gold_gain":0,"player_choice":"Removed Attack","damage_taken":0,"max_hp_gain":0,"max_hp_loss":0,"event_name":"Falling","floor":48,"gold_loss":0}],"is_beta":true,"boss_relics":[{"not_picked":["Black Blood","Astrolabe"],"picked":"Fusion Hammer"},{"not_picked":["Runic Cube","Tiny House"],"picked":"Busted Crown"}],"items_purged_floors":[3,38],"is_endless":false,"potions_floor_spawned":[1,6,14,16,18,20,23,25,28,31,33,35,37,39,40,42,45,46],"killed_by":"Time Eater","ascension_level":20}}