{"host":"on8kfoejf6vp3cg3","time":1610920009,"event":{"mods":["AchievementEnabler","BaseMod","Better Match","Better Third Choice","Block Reminder","Colored Map","Colored Powertips","Disable Question Mark Monsters","Googly Eyes","Hermit","Highlight Path","Minty Spire (QoL Compilation)","Permanent Neow","Poor People Problems","Rare Cards Sparkle","Replay The Spire","StSLib","The Blackbeard","The Bladedancer","The Cursed"],"gold_per_floor":[115,129,139,139,139,139,149,149,149,97,97,127,127,137,137,211,261,280,299,146,166,183,183,218,218,267,287,320,320,334,193,193,272,272,289,299,318,338,358,358,208,133,213,213,213,230,230,84,84,84],"floor_reached":51,"language":"ENG","playtime":4094,"items_purged":["blademaster:Quickstep"],"score":1262,"play_id":"bab1ba17-dbdf-4f10-8cd0-378dc339f2dd","local_time":"20210117164649","daily_mods":["Insanity","Vintage","Heirloom","Time Dilation","Flight"],"is_ascension_mode":true,"campfire_choices":[{"floor":6.0,"key":"REST"},{"floor":8.0,"key":"REST"},{"floor":11.0,"key":"REST"},{"floor":13.0,"key":"REST"},{"data":"blademaster:CullingStrike","floor":15.0,"key":"SMITH"},{"floor":23.0,"key":"REST"},{"floor":25.0,"key":"REST"},{"floor":29.0,"key":"REST"},{"floor":32.0,"key":"REST"},{"floor":40,"key":"REST"},{"data":"blademaster:CullingStrike","floor":44,"key":"SMITH"},{"data":"blademaster:FuriousStrike","floor":49,"key":"SMITH"}],"circlet_count":0,"master_deck":["AscendersBane","blademaster:AirSlash","blademaster:AncestralHealing","blademaster:FuriousStrike+2","blademaster:Flurry","blademaster:BloodyBlow","blademaster:FuriousStrike","blademaster:AspectOfLightning","blademaster:ThunderSlash","blademaster:DancingEdge","blademaster:KiBarrier","blademaster:CombatPrep+1","blademaster:SlyStabs","blademaster:AspectOfWind","blademaster:Bloodbath","blademaster:AspectOfWind","blademaster:KiBarrier","blademaster:SharpBlades","blademaster:ThunderSlash","blademaster:Bloodbath","blademaster:TraverseCut","blademaster:ThunderSlash","blademaster:AspectOfWind","blademaster:DaggerAndCloak","blademaster:ChargingUp+1","blademaster:SharpBlades","blademaster:BloodyBlow","blademaster:Flurry","blademaster:ParryingStrike","blademaster:Discharge","blademaster:ChargingUp","blademaster:DaggerAndCloak","blademaster:Discharge","blademaster:EyeOfTheTornado","blademaster:SlyStabs","blademaster:Reversal","blademaster:AwakeningStrike","blademaster:Stormstrike","blademaster:Slice","blademaster:TraverseCut","blademaster:ParryingStrike","blademaster:SlyStabs","blademaster:CullingStrike","blademaster:Blockade","blademaster:Rupture+1","blademaster:Vortex","blademaster:Thrust","blademaster:FuriousStrike","blademaster:AwakeningDefend","blademaster:Sharpen","blademaster:Stability","blademaster:RollingTyphoon","blademaster:TraverseCut","blademaster:UnrelentingWind+1","blademaster:Stability","blademaster:HighVoltage+1","blademaster:EnchantedCuirass"],"relics":["blademaster:DancersAmulet","Ginger","Bottled Flame","Replay:Baseball","Bottled Lightning","Bag of Marbles","Simple Rune","Tiny House","Toxic Egg 2","White Beast Statue","Boot","Letter Opener","Juzu Bracelet","Calipers","Potion Belt","Blood Vial","Pen Nib","Regal Pillow","SacredBark","Art of War","Oddly Smooth Stone","Lantern","PreservedInsect","ReplayTheSpireMod:TigerMarble","Meat on the Bone","War Paint","Happy Flower"],"acts_visited":["Exordium","TheCity","TheBeyond"],"potions_floor_usage":[50,50,50,50],"damage_taken":[{"damage":23.0,"enemies":"Jaw Worm","floor":1.0,"turns":4.0},{"damage":16.0,"enemies":"Cultist","floor":2.0,"turns":5.0},{"damage":2.0,"enemies":"2 Louse","floor":3.0,"turns":3.0},{"damage":10.0,"enemies":"2 Fungi Beasts","floor":7.0,"turns":3.0},{"damage":22.0,"enemies":"Gremlin Nob","floor":12.0,"turns":4.0},{"damage":7.0,"enemies":"Large Slime","floor":14.0,"turns":6.0},{"damage":31.0,"enemies":"Hexaghost","floor":16.0,"turns":10.0},{"damage":29.0,"enemies":"2 Thieves","floor":18.0,"turns":4.0},{"damage":9.0,"enemies":"Shell Parasite","floor":19.0,"turns":5.0},{"damage":11.0,"enemies":"Snake Plant","floor":21.0,"turns":4.0},{"damage":2.0,"enemies":"3 Cultists","floor":22.0,"turns":3.0},{"damage":25.0,"enemies":"Replay:Snechameleon","floor":24.0,"turns":6.0},{"damage":13.0,"enemies":"Centurion and Healer","floor":27.0,"turns":3.0},{"damage":95.0,"enemies":"Slavers","floor":28.0,"turns":7.0},{"damage":16.0,"enemies":"Sentry and Sphere","floor":30.0,"turns":4.0},{"damage":43.0,"enemies":"Champ","floor":33.0,"turns":7.0},{"damage":50.0,"enemies":"3 Shapes","floor":35.0,"turns":4.0},{"damage":8,"enemies":"Orb Walker","floor":36,"turns":3},{"damage":35,"enemies":"3 Darklings","floor":37,"turns":8},{"damage":49,"enemies":"Spire Growth","floor":38,"turns":7},{"damage":6,"enemies":"Maw","floor":39,"turns":5},{"damage":0,"enemies":"Sphere and 2 Shapes","floor":46,"turns":3},{"damage":11,"enemies":"Awakened One","floor":50,"turns":9}],"seed_played":"549815158559420064","potions_obtained":[{"floor":7.0,"key":"Regen Potion"},{"floor":14.0,"key":"Block Potion"},{"floor":16.0,"key":"FearPotion"},{"floor":18.0,"key":"Explosive Potion"},{"floor":21.0,"key":"AttackPotion"},{"floor":27.0,"key":"PowerPotion"},{"floor":28.0,"key":"Toxic Potion"},{"floor":30.0,"key":"AttackPotion"},{"floor":33.0,"key":"Reflective Coating"},{"floor":35,"key":"FearPotion"},{"floor":36,"key":"FearPotion"},{"floor":37,"key":"Reflective Coating"},{"floor":38,"key":"PowerPotion"}],"is_trial":true,"path_per_floor":["M","M","M","$","$","R","M","R","T","$","R","E","R","M","R","B",null,"M","M","$","M","M","R","E","R","T","M","E","R","M","$","R","B",null,"M","M","M","M","M","R","$","$","T","R","?","M","?","$","R","B",null],"character_chosen":"THE_BLADEMASTER","items_purchased":["blademaster:Sharpen","Boot","blademaster:HighVoltage+1","ReplayTheSpireMod:TigerMarble","Happy Flower"],"campfire_rested":9,"item_purchase_floors":[10,20,31,41,48],"current_hp_per_floor":[41,31,29,29,29,50,40,61,61,61,71,55,71,70,70,71,76,53,50,50,45,49,71,52,74,74,67,38,60,52,52,76,39,67,25,25,57,46,48,76,76,76,76,76,76,76,76,76,76,76],"gold":84,"neow_bonus":"","is_daily":false,"chose_seed":false,"campfire_upgraded":3,"win_rate":0.0,"timestamp":1610920009,"path_taken":["M","M","M","$","$","R","M","R","T","$","R","E","R","M","R","BOSS","M","M","$","M","M","R","E","R","T","M","E","R","M","$","R","BOSS","M","M","M","M","M","R","$","$","T","R","?","M","?","$","R","BOSS"],"items_purchased_type":["Card","Relic","Card","Relic","Relic"],"build_version":"2020-12-22","purchased_purges":1,"victory":true,"max_hp_per_floor":[71,71,71,71,71,71,71,71,71,71,71,71,71,71,71,71,76,76,76,76,76,76,76,76,76,76,76,76,76,76,76,76,76,76,76,76,76,76,76,76,76,76,76,76,76,76,76,76,76,76],"card_choices":[{"not_picked":["blademaster:Havoc","blademaster:AwakeningStrike"],"picked":"blademaster:Stability","floor":12.0},{"not_picked":["blademaster:CloudOfSteel","blademaster:StanceMastery"],"picked":"blademaster:RollingTyphoon","floor":16.0},{"not_picked":["blademaster:Meditate","blademaster:OneTrickPony"],"picked":"blademaster:TraverseCut","floor":17.0},{"not_picked":["blademaster:DaggerAndCloak+1","blademaster:Blindside"],"picked":"blademaster:UnrelentingWind+1","floor":24.0},{"not_picked":["blademaster:AwakeningStrike","blademaster:Momentum"],"picked":"blademaster:Stability","floor":28.0},{"not_picked":["blademaster:ThreePointStrike","blademaster:CloudOfSteel+1"],"picked":"blademaster:EnchantedCuirass","floor":33.0}],"player_experience":466094,"relics_obtained":[{"floor":1.0,"key":"blademaster:RandomBladePerk"},{"floor":1.0,"key":"Bottled Flame"},{"floor":2.0,"key":"Replay:Baseball"},{"floor":2.0,"key":"blademaster:OnAttackedChargePerk"},{"floor":3.0,"key":"Bottled Lightning"},{"floor":3.0,"key":"blademaster:BonusFuryPerk"},{"floor":7.0,"key":"blademaster:StanceHealPerk"},{"floor":12.0,"key":"Bag of Marbles"},{"floor":12.0,"key":"blademaster:LightningChargePerk"},{"floor":14.0,"key":"Simple Rune"},{"floor":14.0,"key":"blademaster:BleedingLaceratePerk"},{"floor":18.0,"key":"Toxic Egg 2"},{"floor":18.0,"key":"blademaster:RandomStancePerk"},{"floor":19.0,"key":"White Beast Statue"},{"floor":19.0,"key":"blademaster:FuryEveryTurnPerk"},{"floor":21.0,"key":"Letter Opener"},{"floor":21.0,"key":"blademaster:StrongPerk"},{"floor":22.0,"key":"Juzu Bracelet"},{"floor":22.0,"key":"blademaster:WindChargePerk"},{"floor":24.0,"key":"Calipers"},{"floor":24.0,"key":"blademaster:BonusComboPerk"},{"floor":26.0,"key":"Potion Belt"},{"floor":27.0,"key":"Blood Vial"},{"floor":27.0,"key":"blademaster:BleedingMoreDamagePerk"},{"floor":28.0,"key":"Pen Nib"},{"floor":28.0,"key":"blademaster:ComboEveryTurnPerk"},{"floor":30.0,"key":"Regal Pillow"},{"floor":30.0,"key":"blademaster:DextrousPerk"},{"floor":35,"key":"Art of War"},{"floor":35,"key":"blademaster:FinisherDrawCardPerk"},{"floor":36,"key":"Oddly Smooth Stone"},{"floor":38,"key":"Lantern"},{"floor":39,"key":"PreservedInsect"},{"floor":43,"key":"Meat on the Bone"},{"floor":46,"key":"War Paint"}],"event_choices":[{"cards_removed":["blademaster:BrainBloom"],"damage_healed":0,"gold_gain":0,"player_choice":"Removed Skill","damage_taken":0,"max_hp_gain":0,"max_hp_loss":0,"event_name":"Falling","floor":45,"gold_loss":0},{"damage_healed":0,"gold_gain":0,"player_choice":"Ignored","damage_taken":0,"max_hp_gain":0,"max_hp_loss":0,"event_name":"Tomb of Lord Red Mask","floor":47,"gold_loss":0}],"is_beta":false,"boss_relics":[{"not_picked":["Sozu","Painkiller Herb"],"picked":"Tiny House"},{"not_picked":["Honey Jar","Replay:Drink Me"],"picked":"SacredBark"}],"items_purged_floors":[42],"is_endless":false,"potions_floor_spawned":[2,7,14,16,18,19,21,22,24,27,28,30,33,35,36,37,38,39,46],"ascension_level":15}}