{"host":"ypphcgdomtfqpc2w","time":1610884326,"event":{"mods":["BaseMod","DeckTracker","Minty Spire (QoL Compilation)","Relic Stats","StSLib"],"gold_per_floor":[114,132,146,159,25,25,35,35,104,124,158,158,158,187,187,259,259,270,320,320,320,14,14,24,24,49,49,68,68,68,68],"floor_reached":30,"language":"ENG","playtime":980,"items_purged":[],"score":480,"play_id":"4150df41-5486-458a-b9b6-0b3ed9ac748c","local_time":"20210117205206","is_ascension_mode":true,"campfire_choices":[{"data":"Perfected Strike","floor":6,"key":"SMITH"},{"data":"Armaments","floor":15,"key":"SMITH"},{"data":"Corruption","floor":23,"key":"SMITH"},{"data":"Pommel Strike","floor":27,"key":"SMITH"},{"floor":29,"key":"REST"}],"circlet_count":0,"master_deck":["AscendersBane","Strike_R","Strike_R","Strike_R","Defend_R","Defend_R+1","Defend_R","Defend_R","Perfected Strike+1","Fire Breathing","Twin Strike","Pommel Strike+1","Inflame","Corruption+1","Armaments+1","Evolve","Demon Form","Iron Wave","PanicButton+1","Intimidate","Entrench","Dropkick","Twin Strike"],"relics":["Burning Blood","The Courier","Ice Cream","Juzu Bracelet","SlaversCollar","Sundial","Mummified Hand","War Paint"],"acts_visited":["Exordium","TheCity"],"potions_floor_usage":[11,18,21,28],"damage_taken":[{"damage":4,"enemies":"Jaw Worm","floor":1,"turns":5},{"damage":12,"enemies":"Small Slimes","floor":2,"turns":3},{"damage":3,"enemies":"2 Louse","floor":3,"turns":3},{"damage":12,"enemies":"Looter","floor":4,"turns":3},{"damage":11,"enemies":"Blue Slaver","floor":7,"turns":3},{"damage":9,"enemies":"Red Slaver","floor":10,"turns":2},{"damage":20,"enemies":"Lagavulin","floor":11,"turns":7},{"damage":8,"enemies":"Gremlin Nob","floor":14,"turns":3},{"damage":43,"enemies":"Hexaghost","floor":16,"turns":7},{"damage":28,"enemies":"3 Byrds","floor":18,"turns":4},{"damage":21,"enemies":"Shell Parasite","floor":21,"turns":2},{"damage":8,"enemies":"Chosen and Byrds","floor":24,"turns":4},{"damage":6,"enemies":"Snake Plant","floor":28,"turns":4},{"damage":55,"enemies":"Slavers","floor":30,"turns":4}],"seed_played":"-4200272368216199105","potions_obtained":[{"floor":1,"key":"PowerPotion"},{"floor":4,"key":"LiquidBronze"},{"floor":11,"key":"SmokeBomb"},{"floor":18,"key":"SkillPotion"},{"floor":24,"key":"ElixirPotion"}],"is_trial":false,"path_per_floor":["M","M","M","M","$","R","M","?","T","M","E","?","?","E","R","B",null,"M","?","?","M","$","R","M","?","T","R","M","R","E"],"character_chosen":"IRONCLAD","items_purchased":["Pommel Strike","Inflame","Mummified Hand","PanicButton"],"campfire_rested":1,"item_purchase_floors":[5,5,22,22],"current_hp_per_floor":[77,71,74,68,68,68,63,56,56,53,39,39,66,64,64,27,68,46,46,46,31,31,31,29,29,29,29,29,53,0,0],"gold":68,"neow_bonus":"TEN_PERCENT_HP_BONUS","is_daily":false,"chose_seed":false,"campfire_upgraded":4,"win_rate":0.0,"timestamp":1610884326,"path_taken":["M","M","M","M","$","R","M","?","T","M","E","?","?","E","R","BOSS","M","?","?","M","$","R","M","?","T","R","M","R","E"],"items_purchased_type":["Card","Card","Relic","Card"],"build_version":"2020-12-22","purchased_purges":0,"victory":false,"max_hp_per_floor":[82,82,82,82,82,82,82,82,82,82,82,82,82,82,82,82,82,82,82,82,82,82,82,82,82,82,82,82,82,82,82],"relic_stats":{"counters":[14,54],"Sundial":[0],"Mummified Hand":[19],"Juzu Bracelet":1,"War Paint":["PanicButton","Defend_R"],"obtain_stats":[{"Ice Cream":11,"SlaversCollar":17,"Sundial":20,"Mummified Hand":22,"The Courier":9,"Juzu Bracelet":14,"War Paint":26,"Burning Blood":0},{"Ice Cream":7,"SlaversCollar":9,"Sundial":10,"Mummified Hand":11,"The Courier":5,"Juzu Bracelet":8,"War Paint":12,"Burning Blood":0},{"Ice Cream":26,"SlaversCollar":36,"Sundial":40,"Mummified Hand":42,"The Courier":17,"Juzu Bracelet":29,"War Paint":46,"Burning Blood":0}],"Burning Blood":78},"card_choices":[{"not_picked":["Sentinel","Clothesline"],"picked":"Perfected Strike","floor":1},{"not_picked":["Warcry","Armaments"],"picked":"Fire Breathing","floor":2},{"not_picked":["Dropkick","Uppercut"],"picked":"Twin Strike","floor":3},{"not_picked":["Dual Wield","Armaments"],"picked":"Twin Strike","floor":4},{"not_picked":["Anger","Infernal Blade"],"picked":"Corruption","floor":7},{"not_picked":["Flex","Anger"],"picked":"Armaments","floor":10},{"not_picked":["Rampage","Pommel Strike"],"picked":"Evolve","floor":11},{"not_picked":["Hemokinesis","Heavy Blade","Warcry"],"picked":"SKIP","floor":14},{"not_picked":["Exhume","Berserk"],"picked":"Demon Form","floor":16},{"not_picked":["Thunderclap","Body Slam"],"picked":"Iron Wave","floor":18},{"not_picked":["Armaments","Pummel"],"picked":"Intimidate","floor":24},{"not_picked":["Body Slam","Intimidate"],"picked":"Twin Strike","floor":28}],"player_experience":2034373,"relics_obtained":[{"floor":9,"key":"The Courier"},{"floor":11,"key":"Ice Cream"},{"floor":14,"key":"Juzu Bracelet"},{"floor":26,"key":"War Paint"}],"event_choices":[{"cards_removed":["Bash"],"damage_healed":0,"gold_gain":0,"player_choice":"Card Removal","damage_taken":7,"max_hp_gain":0,"max_hp_loss":0,"event_name":"Golden Wing","floor":8,"gold_loss":0},{"damage_healed":0,"gold_gain":0,"player_choice":"Fled","damage_taken":0,"max_hp_gain":0,"max_hp_loss":0,"event_name":"Scrap Ooze","floor":12,"gold_loss":0},{"damage_healed":27,"gold_gain":0,"player_choice":"Banana","damage_taken":0,"max_hp_gain":0,"max_hp_loss":0,"event_name":"Big Fish","floor":13,"gold_loss":0},{"damage_healed":0,"gold_gain":50,"player_choice":"Stole From Cult","damage_taken":0,"max_hp_gain":0,"max_hp_loss":0,"event_name":"Nest","floor":19,"gold_loss":0},{"cards_removed":["Twin Strike"],"damage_healed":0,"gold_gain":0,"player_choice":"Gave Card","damage_taken":0,"relics_obtained":["Sundial"],"max_hp_gain":0,"max_hp_loss":0,"event_name":"WeMeetAgain","floor":20,"gold_loss":0},{"damage_healed":0,"gold_gain":0,"cards_transformed":["Strike_R","Strike_R"],"player_choice":"Became Test Subject","damage_taken":0,"max_hp_gain":0,"max_hp_loss":0,"event_name":"Drug Dealer","floor":25,"gold_loss":0,"cards_obtained":["Entrench","Dropkick"]}],"is_beta":false,"boss_relics":[{"not_picked":["SacredBark","Tiny House"],"picked":"SlaversCollar"}],"items_purged_floors":[],"is_endless":false,"potions_floor_spawned":[1,4,11,18,24],"killed_by":"Slavers","ascension_level":20}}