{"host":"f9ztaq6figs4snwj","time":1610907336,"event":{"mods":["BaseMod","Bestiary","Colored Map","Curses Come First","Hubris","Minty Spire (QoL Compilation)","Replay The Spire","StSLib"],"gold_per_floor":[109,126,126,0,0,32,32,57,125,143,143,72,72,84,84,188,188,198,48,48,48,67,67,87,87,87,87,87,87,97,97,124,124,124],"floor_reached":33,"language":"ENG","playtime":1344,"items_purged":["Defend_P"],"score":241,"play_id":"1d741f66-385d-4763-82c4-3ad659323305","local_time":"20210117191536","is_ascension_mode":false,"campfire_choices":[{"floor":7,"key":"REST"},{"data":"Prostrate","floor":11,"key":"SMITH"},{"data":"Prostrate","floor":13,"key":"SMITH"},{"floor":15,"key":"DIG"},{"data":"Devotion","floor":23,"key":"SMITH"},{"data":"DevaForm","floor":27,"key":"SMITH"},{"data":"DeusExMachina","floor":29,"key":"SMITH"}],"circlet_count":0,"master_deck":["Strike_P","Strike_P","Strike_P","Defend_P","Eruption","Vigilance","Prostrate+1","Evaluate","Halt","Prostrate+1","Study","Devotion+1","DevaForm+1","DeusExMachina+1","Replay:AtTheReady","Prostrate","Pot Of Greed","Pot Of Greed"],"relics":["PureWater","Pen Nib","Mummified Hand","Tiny Chest","Ring of Chaos","Replay:Rubber Ducky","hubris:BottledHeart","Grinning Jar"],"acts_visited":["Exordium","TheCity"],"potions_floor_usage":[16,18],"damage_taken":[{"damage":0,"enemies":"2 Louse","floor":1,"turns":3},{"damage":7,"enemies":"Cultist","floor":2,"turns":3},{"damage":48,"enemies":"Gremlin Nob","floor":6,"turns":5},{"damage":2,"enemies":"Small Slimes","floor":10,"turns":3},{"damage":2,"enemies":"Looter","floor":14,"turns":3},{"damage":20,"enemies":"The Guardian","floor":16,"turns":10},{"damage":0,"enemies":"Shell Parasite","floor":18,"turns":3},{"damage":25,"enemies":"Chosen","floor":22,"turns":10},{"damage":12,"enemies":"Shelled Parasite and Fungi","floor":24,"turns":5},{"damage":0,"enemies":"Snecko","floor":30,"turns":6},{"damage":6,"enemies":"Gremlin Leader","floor":33,"turns":6}],"seed_played":"-2105451143229318896","potions_obtained":[{"floor":10,"key":"SpeedPotion"},{"floor":14,"key":"Explosive Potion"},{"floor":18,"key":"Reflective Coating"}],"is_trial":false,"path_per_floor":["M","M","?","$","?","E","R","T","T","M","R","$","R","M","R_BF","B",null,"M","$","?","$","M","R","M","PTL","PTL","R","T","R","M","?","T","E"],"character_chosen":"WATCHER","items_purchased":["Evaluate","Study","DevaForm"],"campfire_rested":1,"item_purchase_floors":[4,12,19],"current_hp_per_floor":[72,65,65,65,65,17,38,38,38,36,36,36,36,34,34,14,72,72,72,72,72,47,47,35,35,35,35,35,35,35,1,1,0,0],"gold":124,"neow_bonus":"RANDOM_EVENT","is_daily":false,"chose_seed":false,"campfire_upgraded":5,"win_rate":0.0,"timestamp":1610907336,"path_taken":["M","M","?","?","?","E","R","?","T","M","R","?","R","M","R_BF","BOSS","M","$","?","$","M","R","M","PTL","PTL","R","T","R","?","?","?","E"],"items_purchased_type":["Card","Card","Card"],"build_version":"2020-12-22","purchased_purges":1,"victory":false,"max_hp_per_floor":[72,72,72,72,72,72,72,72,72,72,72,72,72,72,72,72,72,72,72,72,72,72,72,72,72,72,72,72,72,72,1,1,1,1],"card_choices":[{"not_picked":["Evaluate","InnerPeace"],"picked":"Prostrate","floor":1},{"not_picked":["Nirvana","CrushJoints","Conclude"],"picked":"SKIP","floor":2},{"not_picked":["BowlingBash","Replay:Anticipation"],"picked":"Prostrate","floor":6},{"not_picked":["Alpha","Halt","ThirdEye"],"picked":"SKIP","floor":10},{"not_picked":["FlyingSleeves","Consecrate","FollowUp"],"picked":"SKIP","floor":14},{"not_picked":["Replay:LoomingThreat","Establishment"],"picked":"Devotion","floor":16},{"not_picked":["ClearTheMind","CrushJoints+1","Halt"],"picked":"SKIP","floor":18},{"not_picked":["DeceiveReality","ClearTheMind"],"picked":"Replay:AtTheReady","floor":22},{"not_picked":["Study","BowlingBash"],"picked":"Prostrate","floor":24},{"not_picked":["FollowUp","Conclude","Sanctity+1"],"picked":"SKIP","floor":30}],"player_experience":381607,"relics_obtained":[{"floor":6,"key":"Pen Nib"},{"floor":9,"key":"Mummified Hand"},{"floor":15,"key":"Tiny Chest"},{"floor":28,"key":"Replay:Rubber Ducky"},{"floor":32,"key":"Grinning Jar"}],"event_choices":[{"cards_removed":["Defend_P"],"damage_healed":0,"gold_gain":0,"player_choice":"Purged","damage_taken":0,"max_hp_gain":0,"max_hp_loss":0,"event_name":"Purifier","floor":3,"gold_loss":0},{"damage_healed":0,"gold_gain":0,"cards_transformed":["Strike_P"],"player_choice":"Change","damage_taken":0,"max_hp_gain":0,"max_hp_loss":0,"event_name":"Living Wall","floor":5,"gold_loss":0,"cards_obtained":["Halt"]},{"damage_healed":0,"gold_gain":0,"player_choice":"1 cards matched","damage_taken":0,"max_hp_gain":0,"max_hp_loss":0,"event_name":"Match and Keep!","floor":20,"gold_loss":0,"cards_obtained":["DeusExMachina"]}],"is_beta":false,"boss_relics":[{"not_picked":["SacredBark","hubris:RunicObelisk"],"picked":"Ring of Chaos"}],"items_purged_floors":[4],"is_endless":false,"potions_floor_spawned":[10,14,18],"killed_by":"Gremlin Leader","ascension_level":0}}