{"host":"l84l8xigz5v5foa2","time":1610900019,"event":{"mods":["2.2 Compatiblity","AchievementEnabler","BaseMod","Better Note","Better Vampires","Card Filter","Colored Map","DeckTracker","Downfall","Gremlin Skip","Highlight Path","Keyboard Shortcuts","Minty Spire (QoL Compilation)","Permanent Neow","Quick Restart","Relic Filter","Relic Stats","StSLib","SuperFastMode","Transform Curses","Unknown Chances"],"gold_per_floor":[99,117,135,153,153,153,153,170,170,80,97,111,111,138,157,260,260,260,280,280,294,294,311,338,338,358,358,389,489,489,500,516,614,614,614,630,658,685,731,746,746,746,546,562,562,587,587,627,527,527,527,552,9,9,9,9],"floor_reached":57,"language":"ENG","playtime":4159,"items_purged":["hexamod:Strike","hexamod:Defend","hexamod:Defend"],"score":1410,"play_id":"a2beaced-a2b0-496a-8db2-3931c2118f67","local_time":"20210118011339","is_ascension_mode":true,"campfire_choices":[{"data":"hexamod:Float","floor":1.0,"key":"SMITH"},{"data":"hexamod:GhostOfSpirePast","floor":9.0,"key":"SMITH"},{"data":"hexamod:CatchUp","floor":13.0,"key":"SMITH"},{"data":"hexamod:FlameSwitch","floor":18.0,"key":"SMITH"},{"data":"hexamod:PhantomCloak","floor":25.0,"key":"SMITH"},{"data":"hexamod:GhostOfSpirePast","floor":27.0,"key":"SMITH"},{"floor":35.0,"key":"RECALL"},{"data":"hexamod:HexaLevel","floor":43,"key":"SMITH"},{"data":"hexamod:ApocalypticArmor","floor":45,"key":"SMITH"},{"data":"hexamod:TimeOfNeed","floor":49,"key":"SMITH"},{"data":"hexamod:GiftsFromTheDead","floor":54,"key":"SMITH"}],"circlet_count":0,"master_deck":["hexamod:Defend+1","hexamod:Float+1","hexamod:HauntingEcho+1","hexamod:GhostOfSpirePast+1","hexamod:SpectersWail","hexamod:CatchUp+1","hexamod:StepThrough+1","hexamod:InspiringFlames","hexamod:TimeOfNeed+1","hexamod:GhostOfSpirePast+1","hexamod:PhantomCloak+1","hexamod:FlameSwitch+1","hexamod:GiftsFromTheDead+1","hexamod:StepThrough","hexamod:ShieldOfDarkness+1","hexamod:BacktrackSmack+1","hexamod:Rewind+1","hexamod:HexaLevel+1","hexamod:FastForward+1","hexamod:HexaLevel+1","hexamod:ApocalypticArmor+1","hexamod:NecessarySacrifice+1","hexamod:Rewind+1","hexamod:GhostflameInferno+1","hexamod:PowerFromBeyond+1","hexamod:ThirdSeal","hexamod:RecurringNightmare+1","hexamod:NecessarySacrifice+1","expansioncontent:Chronoboost","hexamod:StepThrough+1","hexamod:StepThrough+1","hexamod:Rewind+1","hexamod:Hexaguard+1","hexamod:ThermalTransfer+1","hexamod:InspiringFlames","hexamod:ForkedFlame+1","hexamod:RainOfEmbers+1"],"relics":["hexamod:SpiritBrand","champ:DuelingGlove","Question Card","Regal Pillow","Coffee Dripper","Guardian:PocketSentry","Pen Nib","expansioncontent:StudyCardRelic","hexamod:TheBrokenSeal","hexamod:TheBrokenSeal","downfall:HeartBlessingRed","downfall:HeartBlessingBlue","sneckomod:BlankCard","hexamod:TheBrokenSeal","Molten Egg 2","downfall:HeartBlessingGreen","Centennial Puzzle","Boot","Orrery"],"acts_visited":["Exordium","TheCity","TheBeyond","TheEnding"],"potions_floor_usage":[48,50,56,56],"damage_taken":[{"damage":0.0,"enemies":"2 Louse","floor":2.0,"turns":2.0},{"damage":0.0,"enemies":"Jaw Worm","floor":3.0,"turns":3.0},{"damage":0.0,"enemies":"Cultist","floor":4.0,"turns":3.0},{"damage":3.0,"enemies":"Red Slaver","floor":8.0,"turns":3.0},{"damage":0.0,"enemies":"downfall:FleeingMerchant","floor":10.0,"turns":4.0},{"damage":0.0,"enemies":"2 Fungi Beasts","floor":11.0,"turns":3.0},{"damage":0.0,"enemies":"3 Louse","floor":12.0,"turns":1.0},{"damage":9.0,"enemies":"Gremlin Nob","floor":14.0,"turns":3.0},{"damage":3.0,"enemies":"Red Slaver","floor":15.0,"turns":3.0},{"damage":3.0,"enemies":"WA_ARCHETYPE_RETAIN","floor":16.0,"turns":7.0},{"damage":0.0,"enemies":"Chosen","floor":19.0,"turns":5.0},{"damage":0.0,"enemies":"Spheric Guardian","floor":21.0,"turns":4.0},{"damage":0.0,"enemies":"Cultist and Chosen","floor":23.0,"turns":5.0},{"damage":0.0,"enemies":"3 Cultists","floor":26.0,"turns":5.0},{"damage":0.0,"enemies":"Slavers","floor":28.0,"turns":4.0},{"damage":8.0,"enemies":"downfall:Augmenter","floor":29.0,"turns":4.0},{"damage":2.0,"enemies":"Centurion and Healer","floor":31.0,"turns":7.0},{"damage":0.0,"enemies":"Cultist and Chosen","floor":32.0,"turns":6.0},{"damage":5.0,"enemies":"SI_MIRROR_ARCHETYPE","floor":33.0,"turns":8.0},{"damage":9.0,"enemies":"3 Shapes","floor":36.0,"turns":6.0},{"damage":38.0,"enemies":"Orb Walker","floor":37.0,"turns":7.0},{"damage":4.0,"enemies":"Sphere and 2 Shapes","floor":38.0,"turns":6.0},{"damage":0,"enemies":"downfall:FleeingMerchant","floor":39,"turns":4},{"damage":4,"enemies":"Maw","floor":40,"turns":5},{"damage":14,"enemies":"3 Darklings","floor":44,"turns":5},{"damage":7,"enemies":"Nemesis","floor":46,"turns":5},{"damage":4,"enemies":"Giant Head","floor":48,"turns":6},{"damage":45,"enemies":"DF_ARCHETYPE_ORBS","floor":50,"turns":6},{"damage":3,"enemies":"downfall:CharBossMerchant","floor":52,"turns":5},{"damage":0,"enemies":"downfall:NeowBoss","floor":55,"turns":9},{"damage":0,"enemies":"downfall:NeowBossFinal","floor":56,"turns":7}],"seed_played":"-2446634555659276787","potions_obtained":[{"floor":2.0,"key":"PowerPotion"},{"floor":8.0,"key":"FairyPotion"},{"floor":8.0,"key":"DistilledChaos"},{"floor":10.0,"key":"Explosive Potion"},{"floor":11.0,"key":"SteroidPotion"},{"floor":12.0,"key":"SneckoOil"},{"floor":14.0,"key":"AttackPotion"},{"floor":15.0,"key":"Regen Potion"},{"floor":16.0,"key":"ColorlessPotion"},{"floor":19.0,"key":"hexamod:DoubleChargePotion"},{"floor":21.0,"key":"Strength Potion"},{"floor":23.0,"key":"Fire Potion"},{"floor":26.0,"key":"hexamod:EctoCoolerPotion"},{"floor":28.0,"key":"bronze:BurnAndBuffPotion"},{"floor":29.0,"key":"SpeedPotion"},{"floor":31.0,"key":"Slimebound:ThreeZeroPotion"},{"floor":31.0,"key":"DuplicationPotion"},{"floor":32.0,"key":"EssenceOfSteel"},{"floor":36.0,"key":"Block Potion"},{"floor":38.0,"key":"PowerPotion"},{"floor":38.0,"key":"Ancient Potion"},{"floor":48,"key":"SkillPotion"}],"is_trial":false,"path_per_floor":["R","M","M","M","?","T","T","M","R","$","M","M","R","E","M","B",null,"R","M","?","M","?","M","T","R","M","R","E","?","?","M","M","B",null,"R","M","M","M","$","M","T","?","R","M","R","E","?","E","R","B",null,"E","$","R","B","B",null],"character_chosen":"THE_SPIRIT","items_purchased":["expansioncontent:Chronoboost","hexamod:StepThrough","hexamod:InspiringFlames","Boot","Orrery","LiquidMemories"],"campfire_rested":0,"item_purchase_floors":[39,39,53,53,53,53],"current_hp_per_floor":[49,49,49,49,49,49,49,46,46,46,46,46,46,37,34,45,70,70,70,60,60,60,60,60,60,60,60,60,52,52,57,70,70,70,70,70,70,90,90,86,86,86,96,82,82,82,82,110,110,65,110,107,107,107,107,107],"gold":9,"neow_bonus":"REMOVE_TWO","is_daily":false,"chose_seed":false,"campfire_upgraded":10,"win_rate":0.0,"timestamp":1610900019,"path_taken":["R","M","M","M","?","?","T","M","R","?","M","?","R","E","M","BOSS","R","M","?","M","?","M","T","R","?","R","E","?","?","M","M","BOSS","R","M","M","M","$","M","T","?","R","M","R","E","?","E","R","BOSS","E","$","R","BOSS","BOSS"],"items_purchased_type":["Card","Card","Card","Relic","Relic","Potion"],"build_version":"2020-12-22","purchased_purges":3,"victory":true,"max_hp_per_floor":[70,70,70,70,70,70,70,70,70,70,70,70,70,70,70,70,70,70,70,70,70,70,70,70,70,70,70,70,70,70,70,70,70,70,70,70,80,90,90,90,90,90,100,100,100,100,100,110,110,110,110,110,110,110,110,110],"relic_stats":{"Regal Pillow":0,"Centennial Puzzle":[0],"counters":[31,151],"Pen Nib":[13],"Question Card":88,"Boot":[2],"obtain_stats":[{"champ:DuelingGlove":6,"Regal Pillow":14,"downfall:HeartBlessingRed":43,"sneckomod:BlankCard":46,"hexamod:TheBrokenSeal":37,"downfall:HeartBlessingGreen":49,"Pen Nib":28,"Guardian:PocketSentry":24,"expansioncontent:StudyCardRelic":34,"Question Card":7,"Boot":53,"Centennial Puzzle":52,"downfall:HeartBlessingBlue":43,"Orrery":53,"Molten Egg 2":48,"Coffee Dripper":17,"hexamod:SpiritBrand":0},{"champ:DuelingGlove":3,"Regal Pillow":8,"downfall:HeartBlessingRed":24,"sneckomod:BlankCard":26,"hexamod:TheBrokenSeal":21,"downfall:HeartBlessingGreen":27,"Pen Nib":15,"Guardian:PocketSentry":13,"expansioncontent:StudyCardRelic":19,"Question Card":3,"Boot":29,"Centennial Puzzle":29,"downfall:HeartBlessingBlue":24,"Orrery":29,"Molten Egg 2":27,"Coffee Dripper":10,"hexamod:SpiritBrand":0},{"champ:DuelingGlove":8,"Regal Pillow":22,"downfall:HeartBlessingRed":108,"sneckomod:BlankCard":118,"hexamod:TheBrokenSeal":90,"downfall:HeartBlessingGreen":124,"Pen Nib":55,"Guardian:PocketSentry":46,"expansioncontent:StudyCardRelic":80,"Question Card":8,"Boot":135,"Centennial Puzzle":135,"downfall:HeartBlessingBlue":108,"Orrery":135,"Molten Egg 2":124,"Coffee Dripper":32,"hexamod:SpiritBrand":0}]},"card_choices":[{"not_picked":["hexamod:GhostflameBarrier","hexamod:FlamesFromBeyond"],"picked":"hexamod:HauntingEcho","floor":2.0},{"not_picked":["hexamod:AdvancingGuard","hexamod:Again"],"picked":"hexamod:ThirdSeal","floor":3.0},{"not_picked":["hexamod:BurningTouch","hexamod:UnleashSpirits"],"picked":"hexamod:GhostOfSpirePast","floor":4.0},{"not_picked":["hexamod:FlamesFromBeyond","hexamod:Hexaguard"],"picked":"hexamod:SpectersWail","floor":4.0},{"not_picked":["hexamod:Hexaguard","hexamod:DynamicBlow","hexamod:EtherealExpedition"],"picked":"hexamod:CatchUp","floor":8.0},{"not_picked":["hexamod:AdvancingGuard","hexamod:HauntingEcho","hexamod:SpectralSpark","hexamod:BacktrackSmack"],"picked":"SKIP","floor":8.0},{"not_picked":["hexamod:SpectralAdrenaline","hexamod:FastForward","hexamod:BacktrackSmack"],"picked":"hexamod:StepThrough","floor":10.0},{"not_picked":["hexamod:FlamesFromBeyond","hexamod:HauntingEcho","hexamod:GhostShield"],"picked":"hexamod:InspiringFlames","floor":10.0},{"not_picked":["hexamod:GhostLash","hexamod:GhostShield","hexamod:NightmareGuise","hexamod:BurningTouch"],"picked":"SKIP","floor":11.0},{"not_picked":["hexamod:Firestarter","hexamod:Hexaguard","hexamod:SpectralAdrenaline","hexamod:GhostLash"],"picked":"SKIP","floor":11.0},{"not_picked":["hexamod:BurningTouch","hexamod:InspiringFlames","hexamod:Hexaguard","hexamod:HeatCrush"],"picked":"SKIP","floor":12.0},{"not_picked":["hexamod:HeatShield","hexamod:BacktrackSmack","hexamod:ThermalTransfer","hexamod:Hexaguard"],"picked":"SKIP","floor":12.0},{"not_picked":["hexamod:BurningTouch","hexamod:InspiringFlames","hexamod:Hexaguard","hexamod:HeatCrush"],"picked":"SKIP","floor":12.0},{"not_picked":["hexamod:HeatShield","hexamod:BacktrackSmack","hexamod:ThermalTransfer","hexamod:Hexaguard"],"picked":"SKIP","floor":12.0},{"not_picked":["hexamod:Haunt","hexamod:FlamesFromBeyond","hexamod:BacktrackSmack"],"picked":"hexamod:TimeOfNeed","floor":14.0},{"not_picked":["hexamod:GhostLash","hexamod:SecondSeal","hexamod:SuperheatedStrike","hexamod:HeatMetal"],"picked":"SKIP","floor":14.0},{"not_picked":["hexamod:FastForward","hexamod:AdvancingGuard","hexamod:ExtraCrispy"],"picked":"hexamod:GhostOfSpirePast","floor":15.0},{"not_picked":["hexamod:Again","hexamod:RetreatToShadows","hexamod:NightmareStrike"],"picked":"hexamod:PhantomCloak","floor":15.0},{"not_picked":["hexamod:TimeOfNeed","hexamod:FifthSeal","hexamod:SixthSeal"],"picked":"hexamod:FlameSwitch","floor":16.0},{"not_picked":["hexamod:VolcanoVisage","hexamod:TimeOfNeed","hexamod:FlameSwitch"],"picked":"hexamod:GiftsFromTheDead","floor":16.0},{"not_picked":["hexamod:ThirdSeal","hexamod:SpectralSpark","hexamod:NightmareGuise"],"picked":"hexamod:StepThrough","floor":19.0},{"not_picked":["hexamod:HeatMetal","hexamod:HauntingEcho+1","hexamod:SpectersWail+1","hexamod:GhostLash"],"picked":"SKIP","floor":19.0},{"not_picked":["hexamod:PhantomCloak+1","hexamod:NightmareGuise","hexamod:TimeOfNeed"],"picked":"hexamod:ShieldOfDarkness+1","floor":21.0},{"not_picked":["hexamod:ThermalTransfer","hexamod:ChargedBarrage","hexamod:BurningTouch"],"picked":"hexamod:BacktrackSmack","floor":21.0},{"not_picked":["hexamod:FlamesFromBeyond+1","hexamod:NightmareStrike","hexamod:GhostLash","hexamod:NightmareGuise"],"picked":"SKIP","floor":23.0},{"not_picked":["hexamod:BurningTouch","hexamod:ShieldOfDarkness","hexamod:FlamesFromBeyond","hexamod:CatchUp"],"picked":"SKIP","floor":23.0},{"not_picked":["hexamod:BacktrackSmack","hexamod:Firestarter+1","hexamod:FourthSeal"],"picked":"hexamod:Rewind+1","floor":26.0},{"not_picked":["hexamod:HauntingEcho","hexamod:HeatMetal","hexamod:InspiringFlames+1"],"picked":"hexamod:HexaLevel","floor":26.0},{"not_picked":["hexamod:ExtraCrispy+1","hexamod:BacktrackSmack","hexamod:Haunt"],"picked":"hexamod:FifthSeal","floor":28.0},{"not_picked":["hexamod:SkipABeat+1","hexamod:NightmareStrike","hexamod:ThermalTransfer"],"picked":"hexamod:FastForward+1","floor":28.0},{"not_picked":["hexamod:SecondSeal","hexamod:ThirdSeal","hexamod:FourthSeal"],"picked":"hexamod:FirstSeal","floor":29.0},{"not_picked":["hexamod:SecondSeal","hexamod:ThirdSeal","hexamod:FourthSeal"],"picked":"hexamod:FirstSeal","floor":31.0},{"not_picked":["hexamod:GhostShield","hexamod:SuperheatedStrike+1","hexamod:ShieldOfDarkness"],"picked":"hexamod:NecessarySacrifice","floor":31.0},{"not_picked":["hexamod:GhostLash","hexamod:SwordOfDarkness","hexamod:NightmareStrike","hexamod:FlamesFromBeyond+1"],"picked":"SKIP","floor":31.0},{"not_picked":["hexamod:RainOfEmbers","hexamod:Firestarter","hexamod:BacktrackSmack"],"picked":"hexamod:Rewind+1","floor":32.0},{"not_picked":["hexamod:FourthSeal","hexamod:FirstSeal","hexamod:SecondSeal"],"picked":"hexamod:ThirdSeal","floor":32.0},{"not_picked":["hexamod:FirstSeal","hexamod:EmpoweredFlame","hexamod:BurningTouch+1","hexamod:GhostLash"],"picked":"SKIP","floor":32.0},{"not_picked":["hexamod:ThirdSeal","hexamod:FourthSeal","hexamod:FirstSeal"],"picked":"hexamod:SixthSeal","floor":33.0},{"not_picked":["hexamod:ApocalypticArmor","hexamod:HexaLevel","hexamod:VolcanoVisage"],"picked":"hexamod:FifthSeal","floor":33.0},{"not_picked":["hexamod:ApocalypseNow","hexamod:ApocalypticArmor","hexamod:FlameSwitch"],"picked":"hexamod:SixthSeal","floor":33.0},{"not_picked":["hexamod:WildfireWeapon","hexamod:UnleashSpirits","hexamod:TimeOfNeed"],"picked":"hexamod:GhostflameInferno","floor":33.0},{"not_picked":["hexamod:FirstSeal","hexamod:ThirdSeal","hexamod:FourthSeal"],"picked":"hexamod:SecondSeal","floor":36.0},{"not_picked":["hexamod:FourthSeal","hexamod:SixthSeal","hexamod:ThirdSeal"],"picked":"hexamod:SecondSeal","floor":36.0},{"not_picked":["hexamod:GhostShield","hexamod:RetreatToShadows+1","hexamod:InspiringFlames"],"picked":"hexamod:PowerFromBeyond+1","floor":36.0},{"not_picked":["hexamod:ShieldOfDarkness","hexamod:GhostShield","hexamod:Firestarter+1"],"picked":"hexamod:ThirdSeal","floor":36.0},{"not_picked":["hexamod:BacktrackSmack+1","hexamod:GhostShield+1","hexamod:HauntingEcho"],"picked":"hexamod:ThirdSeal","floor":36.0},{"not_picked":["hexamod:ThirdSeal","hexamod:SecondSeal","hexamod:SixthSeal"],"picked":"hexamod:FourthSeal","floor":37.0},{"not_picked":["hexamod:FourthSeal","hexamod:ThirdSeal","hexamod:FirstSeal"],"picked":"hexamod:SixthSeal","floor":37.0},{"not_picked":["hexamod:SpectersWail","hexamod:BacktrackSmack+1","hexamod:SuperheatedStrike+1","hexamod:SoulSteal"],"picked":"SKIP","floor":37.0},{"not_picked":["hexamod:ShieldOfDarkness","hexamod:HeatShield+1","hexamod:EtherealExpedition","hexamod:HeatMetal+1"],"picked":"SKIP","floor":37.0},{"not_picked":["hexamod:InspiringFlames+1","hexamod:ShieldOfDarkness+1","hexamod:SuperheatedStrike","hexamod:Hexaguard"],"picked":"SKIP","floor":37.0},{"not_picked":["hexamod:SearingWound","hexamod:ThermalTransfer","hexamod:PhantomCloak","hexamod:Hexaguard"],"picked":"SKIP","floor":38.0},{"not_picked":["hexamod:NightmareStrike","hexamod:FastForward+1","hexamod:BurningTouch","hexamod:SecondSeal"],"picked":"SKIP","floor":38.0},{"not_picked":["hexamod:PhantomFireball+1","hexamod:FastForward+1","hexamod:FlamesFromBeyond+1","hexamod:ShieldOfDarkness"],"picked":"SKIP","floor":38.0},{"not_picked":["hexamod:ShieldOfDarkness","hexamod:SearingWound","hexamod:NightmareGuise"],"picked":"hexamod:FifthSeal","floor":39},{"not_picked":["hexamod:Hexaguard","hexamod:GhostOfSpirePast+1","hexamod:HauntingEcho+1"],"picked":"hexamod:RecurringNightmare+1","floor":39},{"not_picked":["hexamod:Firestarter+1","hexamod:NightmareStrike","hexamod:GhostShield"],"picked":"hexamod:NecessarySacrifice+1","floor":39},{"not_picked":["hexamod:GhostflameBarrier+1","hexamod:SpectersWail+1","hexamod:NightmareStrike"],"picked":"hexamod:StepThrough+1","floor":40},{"not_picked":["hexamod:GhostLash","hexamod:AdvancingGuard+1","hexamod:HauntingEcho+1"],"picked":"hexamod:Rewind+1","floor":40},{"not_picked":["hexamod:SecondSeal","hexamod:SixthSeal","hexamod:ThirdSeal"],"picked":"hexamod:FourthSeal","floor":40},{"not_picked":["hexamod:FourthSeal","hexamod:SecondSeal","hexamod:SixthSeal"],"picked":"hexamod:FirstSeal","floor":44},{"not_picked":["hexamod:Firestarter","hexamod:FastForward","hexamod:GhostShield+1","hexamod:HeatMetal"],"picked":"SKIP","floor":44},{"not_picked":["hexamod:BacktrackSmack+1","hexamod:BurningTouch+1","hexamod:GhostOfSpireFuture+1","hexamod:FourthSeal"],"picked":"SKIP","floor":44},{"not_picked":["hexamod:RadiantFlame","hexamod:SpectersWail+1","hexamod:Firestarter+1","hexamod:NightmareGuise"],"picked":"SKIP","floor":44},{"not_picked":["hexamod:FirstSeal","hexamod:ThirdSeal","hexamod:SixthSeal"],"picked":"hexamod:SecondSeal","floor":46},{"not_picked":["hexamod:RetreatToShadows","hexamod:NightmareStrike+1","hexamod:NightmareGuise+1","hexamod:AdvancingGuard"],"picked":"SKIP","floor":46},{"not_picked":["hexamod:InspiringFlames+1","hexamod:ShieldOfDarkness+1","hexamod:AdvancingGuard","hexamod:RetreatToShadows"],"picked":"SKIP","floor":46},{"not_picked":["hexamod:InspiringFlames","hexamod:StepThrough","hexamod:ExtraCrispy","hexamod:BacktrackSmack"],"picked":"SKIP","floor":46},{"not_picked":["hexamod:BacktrackSmack+1","hexamod:Firestarter+1","hexamod:GhostShield"],"picked":"hexamod:Hexaguard+1","floor":48},{"not_picked":["hexamod:GhostflameInferno","hexamod:SpectersWail+1","hexamod:VolcanoVisage","hexamod:CatchUp+1"],"picked":"SKIP","floor":48},{"not_picked":["hexamod:WildfireWeapon","hexamod:FirstSeal","hexamod:SpectersWail+1"],"picked":"hexamod:ThermalTransfer+1","floor":52},{"not_picked":["hexamod:PhantomFireball+1","hexamod:Haunt+1","hexamod:VolcanoVisage","hexamod:SearingWound"],"picked":"SKIP","floor":52},{"not_picked":["hexamod:NightmareGuise","hexamod:FlamesFromBeyond","hexamod:DynamicBlow+1"],"picked":"hexamod:ForkedFlame+1","floor":53},{"not_picked":["hexamod:HauntingEcho+1","hexamod:HeatShield+1","hexamod:NightmareGuise+1"],"picked":"hexamod:RainOfEmbers+1","floor":53}],"player_experience":3294075,"relics_obtained":[{"floor":6.0,"key":"champ:DuelingGlove"},{"floor":7.0,"key":"Question Card"},{"floor":14.0,"key":"Regal Pillow"},{"floor":24.0,"key":"Guardian:PocketSentry"},{"floor":28.0,"key":"Pen Nib"},{"floor":46,"key":"sneckomod:BlankCard"},{"floor":48,"key":"Molten Egg 2"},{"floor":52,"key":"Centennial Puzzle"}],"event_choices":[{"damage_healed":0.0,"max_hp_gain":0.0,"max_hp_loss":0.0,"gold_gain":0.0,"event_name":"betterNote:BetterNote","player_choice":"Ignored","floor":22.0,"gold_loss":0.0,"damage_taken":0.0,"cards_obtained":["Night Terror"]}],"is_beta":false,"boss_relics":[{"not_picked":["bronze:MakeshiftBattery","hexamod:IceCube"],"picked":"Coffee Dripper"},{"not_picked":["Busted Crown","Cursed Key"],"picked":"expansioncontent:StudyCardRelic"}],"items_purged_floors":[10,39,53],"is_endless":false,"potions_floor_spawned":[2,8,11,12,14,26,31,32,36,38,40,44,46],"ascension_level":1}}