{"host":"e6sgj53qqwx3piqv","time":1610916025,"event":{"mods":["AchievementEnabler","Aspiration","BaseMod","BetterRewards","Colored Powertips","Downfall","Hermit","Hubris","Infinite Spire","Minty Spire (QoL Compilation)","Quick Restart","Rare Cards Sparkle","Shop Mod","StSLib","The Cursed","The Disciple","The Jungle","The Runesmith"],"gold_per_floor":[99,116,116,133,149,35,59,78,92,92,112,112,112,127,142,244,244,244,244,262,280,290,308,354,385,398,398,398,411,411,431,448,552,552,552,572,572,622,622,622,645,678,31,31,47,47,47,62,76,76,76,76],"floor_reached":50,"language":"ENG","playtime":4550,"items_purged":[],"score":565,"play_id":"89ba0d53-7faf-474e-a390-3a0d6d030211","local_time":"20210117154025","is_ascension_mode":false,"campfire_choices":[{"data":"Slimebound:Split","floor":1,"key":"SMITH"},{"data":"Slimebound:RainOfGoop","floor":13,"key":"SMITH"},{"data":"Slimebound:SelfFormingGoo","floor":18,"key":"SMITH"},{"data":"White Noise","floor":28,"key":"SMITH"},{"floor":30,"key":"REST"},{"data":"Slimebound:SplitLeeching","floor":35,"key":"SMITH"},{"data":"Electrodynamics","floor":40,"key":"SMITH"},{"data":"Slimebound:OozeBath","floor":44,"key":"SMITH"}],"circlet_count":0,"master_deck":["Slimebound:Strike_Slimebound","Slimebound:Strike_Slimebound","Slimebound:Strike_Slimebound","Slimebound:Tackle","Slimebound:Defend_Slimebound","Slimebound:Defend_Slimebound","Slimebound:Defend_Slimebound","Slimebound:Defend_Slimebound","Slimebound:Split+1","Slimebound:CorrosiveSpit","Slimebound:Prepare","Pain","Slimebound:SlimeTap","Slimebound:SplitBruiser","Slimebound:SplitLeeching+1","Slimebound:RainOfGoop+1","Slimebound:GoopTackle","Slimebound:Teamwork","Slimebound:Schlurp","Slimebound:ComboTackle","Slimebound:Nibble","Slimebound:GoopSpray","Slimebound:SelfFormingGoo+1","Slimebound:SlimeSpikes","Slimebound:RejuvenatingLick+1","Slimebound:RollThrough+1","BootSequence","White Noise+1","Heatsinks","Slimebound:OozeBath+1","Slimebound:SplitLeeching","Slimebound:SplitMire","Electrodynamics+1","Slimebound:RainOfGoop","infinitespire:Menacing","Slimebound:WasteNot","Slimebound:LevelUp+1","Slimebound:FlameTackle","Creative AI","expansioncontent:StudyTheSpire","Dramatic Entrance","Redo","Ball Lightning","Streamline","Slimebound:SlimeSpikes","hubris:PowerSurge+1","Capacitor+1","Slimebound:SplitLeeching+1"],"relics":["Slimebound:AbsorbEndCombat","WarpedTongs","infinitespire:Beetle Shell","aspiration:HatOfInfinitePower","aspiration:DefectSkillbook","PreservedInsect","Nunchaku","hubris:Towel","SlaversCollar","Peace Pipe","Unceasing Top","hubris:Icosahedron","Bag of Marbles","infinitespire:PuzzleCube","Vajra","Strawberry"],"acts_visited":["Exordium","TheCity","TheBeyond"],"potions_floor_usage":[23,33,33,33,50,50,50],"damage_taken":[{"damage":0,"enemies":"2 Louse","floor":2,"turns":2},{"damage":7,"enemies":"Cultist","floor":4,"turns":4},{"damage":4,"enemies":"Jaw Worm","floor":5,"turns":2},{"damage":13,"enemies":"downfall:FleeingMerchant","floor":6,"turns":4},{"damage":7,"enemies":"Blue Slaver","floor":8,"turns":3},{"damage":4,"enemies":"2 Fungi Beasts","floor":9,"turns":3},{"damage":11,"enemies":"Lots of Slimes","floor":11,"turns":3},{"damage":4,"enemies":"Blue Slaver","floor":14,"turns":2},{"damage":5,"enemies":"2 Fungi Beasts","floor":15,"turns":3},{"damage":23,"enemies":"IC_STATUS_ARCHETYPE","floor":16,"turns":5},{"damage":8,"enemies":"Spheric Guardian","floor":20,"turns":3},{"damage":16,"enemies":"Chosen","floor":21,"turns":3},{"damage":8,"enemies":"Sentry and Sphere","floor":22,"turns":4},{"damage":7,"enemies":"Centurion and Healer","floor":23,"turns":4},{"damage":17,"enemies":"Book of Stabbing","floor":25,"turns":4},{"damage":7,"enemies":"Snake Plant","floor":26,"turns":3},{"damage":8,"enemies":"Cultist and Chosen","floor":29,"turns":6},{"damage":19,"enemies":"Chosen and Byrds","floor":31,"turns":3},{"damage":3,"enemies":"Snake Plant","floor":32,"turns":3},{"damage":34,"enemies":"DF_ARCHETYPE_CLAW","floor":33,"turns":8},{"damage":8,"enemies":"Orb Walker","floor":36,"turns":3},{"damage":2,"enemies":"Orb Walker","floor":38,"turns":5},{"damage":37,"enemies":"Nemesis","floor":42,"turns":6},{"damage":8,"enemies":"downfall:FleeingMerchant","floor":43,"turns":5},{"damage":15,"enemies":"3 Shapes","floor":45,"turns":4},{"damage":36,"enemies":"Spire Growth","floor":48,"turns":4},{"damage":4,"enemies":"4 Shapes","floor":49,"turns":4},{"damage":16,"enemies":"WA_ARCHETYPE_DIVINITY","floor":50,"turns":7}],"seed_played":"4972853931944435807","potions_obtained":[{"floor":8,"key":"SpeedPotion"},{"floor":9,"key":"Guardian:BlockOnCardUsePotion"},{"floor":14,"key":"DuplicationPotion"},{"floor":16,"key":"ColorlessPotion"},{"floor":22,"key":"LiquidBronze"},{"floor":25,"key":"PowerPotion"},{"floor":29,"key":"ColorlessPotion"},{"floor":31,"key":"Energy Potion"},{"floor":45,"key":"Weak Potion"},{"floor":49,"key":"LiquidMemories"}],"is_trial":false,"path_per_floor":["R","M","?","M","M","$","T","M","M","?","M","T","R","M","M","B",null,"R","?","M","M","M","M","T","E","M","?","R","M","R","M","M","B",null,"R","M","AVR","?","?","R","T","E","$","R","M","?","?","M","M","B"],"character_chosen":"SLIMEBOUND","items_purchased":["Slimebound:RainOfGoop","Slimebound:GoopTackle","Vajra","Creative AI","expansioncontent:StudyTheSpire","Dramatic Entrance","Redo","Ball Lightning","Streamline","Slimebound:SlimeSpikes","Strawberry","EssenceOfSteel"],"campfire_rested":1,"item_purchase_floors":[6,6,43,43,43,43,43,43,43,43,43,43],"current_hp_per_floor":[71,71,71,66,63,52,52,47,43,48,37,37,37,34,29,10,76,76,76,70,55,51,49,49,35,29,29,29,25,47,46,44,18,76,76,69,69,71,71,71,71,37,40,40,29,37,37,3,5,0,0,0],"gold":76,"neow_bonus":"TEN_PERCENT_HP_BONUS","is_daily":false,"chose_seed":false,"campfire_upgraded":7,"win_rate":0.0,"timestamp":1610916025,"path_taken":["R","M","?","M","M","?","T","M","M","?","M","?","R","?","M","BOSS","R","?","?","M","M","M","T","E","M","?","R","M","R","M","M","BOSS","R","M","AVR","?","?","R","T","E","$","R","M","?","?","?","M","BOSS"],"items_purchased_type":["Card","Card","Relic","Card","Card","Card","Card","Card","Card","Card","Relic","Potion"],"build_version":"2020-12-22","purchased_purges":0,"victory":false,"max_hp_per_floor":[71,71,71,71,71,71,71,71,71,76,76,76,76,76,76,76,76,76,76,76,76,76,76,76,76,76,76,76,76,76,76,76,76,76,76,76,76,76,76,76,76,76,83,83,83,83,83,83,83,83,83,83],"card_choices":[{"not_picked":["Slimebound:FormOfPuddle","Slimebound:RollThrough"],"picked":"Slimebound:Prepare","floor":2},{"not_picked":["Slimebound:ItLooksTasty","Slimebound:Chomp"],"picked":"Slimebound:SlimeTap","floor":4},{"not_picked":["Slimebound:GrowthPunch","Slimebound:LivingWall"],"picked":"Slimebound:SplitBruiser","floor":5},{"not_picked":["Slimebound:FlameTackle","Slimebound:GrowthPunch"],"picked":"Slimebound:SplitLeeching","floor":6},{"not_picked":["Slimebound:SamplingLick","Slimebound:SlimeBarrage"],"picked":"Slimebound:Teamwork","floor":8},{"not_picked":["Slimebound:RollThrough","Slimebound:FinishingTackle"],"picked":"Slimebound:Schlurp","floor":9},{"not_picked":["Slimebound:LeadByExample","Slimebound:PressTheAttack"],"picked":"Slimebound:ComboTackle","floor":11},{"not_picked":["Slimebound:Replication","Slimebound:SlimeTap"],"picked":"Slimebound:Nibble","floor":14},{"not_picked":["Slimebound:GrowthPunch","Slimebound:LeechEnergy"],"picked":"Slimebound:GoopSpray","floor":15},{"not_picked":["Slimebound:Overexert","Slimebound:SlimeSlap"],"picked":"Slimebound:SelfFormingGoo","floor":16},{"not_picked":["Steam","Skim+1","Hologram"],"picked":"Slimebound:SlimeSpikes","floor":20},{"not_picked":["Genetic Algorithm","Storm+1","Sweeping Beam"],"picked":"Slimebound:RejuvenatingLick+1","floor":21},{"not_picked":["FTL","Hologram","Slimebound:SplitBruiser+1"],"picked":"Slimebound:RollThrough+1","floor":22},{"not_picked":["Slimebound:LeechEnergy","Slimebound:GoopSpray+1","Steam"],"picked":"BootSequence","floor":23},{"not_picked":["Turbo+1","Slimebound:Chomp","Coolheaded"],"picked":"White Noise","floor":25},{"not_picked":["Chill","Stack+1","Slimebound:SlimeSpikes"],"picked":"Heatsinks","floor":26},{"not_picked":["Slimebound:SplitMire+1","Fusion","Hologram"],"picked":"Slimebound:OozeBath","floor":29},{"not_picked":["Leap","Slimebound:Schlurp","Slimebound:FlameTackle"],"picked":"Slimebound:SplitLeeching","floor":31},{"not_picked":["Hologram+1","Ball Lightning","Slimebound:ViciousTackle"],"picked":"Slimebound:SplitMire","floor":32},{"not_picked":["Slimebound:MassFeed","Slimebound:LeechLife","All For One"],"picked":"Electrodynamics","floor":33},{"not_picked":["Sweeping Beam+1","Beam Cell","Streamline+1"],"picked":"Slimebound:RainOfGoop","floor":36},{"not_picked":["Genetic Algorithm+1","Slimebound:ForwardTackle+1","Slimebound:LeadByExample+1"],"picked":"Slimebound:WasteNot","floor":38},{"not_picked":["Slimebound:SlimeSpikes","Slimebound:Grow+1","Undo"],"picked":"Slimebound:LevelUp+1","floor":42},{"not_picked":["Slimebound:GrowthPunch+1","Leap","Slimebound:Chomp"],"picked":"Slimebound:FlameTackle","floor":43},{"not_picked":["Slimebound:GoopTackle","Hologram+1","Sunder+1"],"picked":"hubris:PowerSurge+1","floor":45},{"not_picked":["Slimebound:Nibble+1","Undo+1","hubris:SpecializedCircuitry"],"picked":"Capacitor+1","floor":48},{"not_picked":["Slimebound:GoopSpray+1","Slimebound:PressTheAttack+1","Slimebound:FinishingTackle"],"picked":"Slimebound:SplitLeeching+1","floor":49}],"player_experience":141812,"relics_obtained":[{"floor":7,"key":"infinitespire:Beetle Shell"},{"floor":12,"key":"aspiration:HatOfInfinitePower"},{"floor":24,"key":"PreservedInsect"},{"floor":25,"key":"Nunchaku"},{"floor":38,"key":"Unceasing Top"},{"floor":41,"key":"Bag of Marbles"},{"floor":42,"key":"infinitespire:PuzzleCube"}],"event_choices":[{"damage_healed":0,"gold_gain":0,"player_choice":"Rummage","damage_taken":0,"relics_obtained":["WarpedTongs"],"max_hp_gain":0,"max_hp_loss":0,"event_name":"Accursed Blacksmith","floor":3,"gold_loss":0,"cards_obtained":["Pain"]},{"damage_healed":0,"gold_gain":0,"player_choice":"Donut","damage_taken":0,"max_hp_gain":5,"max_hp_loss":0,"event_name":"Big Fish","floor":10,"gold_loss":0},{"damage_healed":0,"gold_gain":0,"player_choice":"Ignored","damage_taken":0,"max_hp_gain":0,"max_hp_loss":0,"event_name":"NoteForYourself","floor":47,"gold_loss":0}],"is_beta":false,"boss_relics":[{"not_picked":["Slimebound:TarBlob","Snecko Eye"],"picked":"aspiration:DefectSkillbook"},{"not_picked":["aspiration:PoetsPen_weak","Empty Cage"],"picked":"SlaversCollar"}],"items_purged_floors":[],"is_endless":false,"potions_floor_spawned":[8,9,14,15,16,22,25,26,29,31,45,49],"killed_by":"WA_ARCHETYPE_DIVINITY","ascension_level":0}}