{"host":"6ayekdpky30mcb5q","time":1610850267,"event":{"mods":["Act Like it!","Bard","BaseMod","Colored Map","GifTheSpireLib","Gremlin Mod","Hallownest","Highlight Path","Jorbs\u0027s Wanderer Trilogy","Minty Spire (QoL Compilation)","StSLib","The Bug Knight","WoW Paladin Mod"],"gold_per_floor":[18,32,32,46,58,58,129,49,124,150,165,200,200,200,200,305,305,318,50,70,70,80,80,80,80,125,125,138,138,152,203,203,308,308,321,336,35,35,35,35,52,62,89,89,89,14,14,32,32,32,32],"floor_reached":50,"language":"ENG","playtime":3589,"items_purged":["Defend_B"],"score":562,"play_id":"2fe09653-a6c4-47fb-ae16-99666cd8cabe","local_time":"20210116202427","is_ascension_mode":false,"campfire_choices":[{"data":"Zap","floor":6,"key":"SMITH"},{"data":"Defragment","floor":13,"key":"SMITH"},{"data":"Dualcast","floor":15,"key":"SMITH"},{"data":"Machine Learning","floor":24,"key":"SMITH"},{"data":"Coolheaded","floor":27,"key":"SMITH"},{"data":"Doom and Gloom","floor":29,"key":"SMITH"},{"data":"Loop","floor":32,"key":"SMITH"},{"floor":40,"key":"RECALL"},{"data":"Go for the Eyes","floor":45,"key":"SMITH"},{"data":"Defend_B","floor":49,"key":"SMITH"}],"circlet_count":0,"master_deck":["Strike_B","Strike_B","Strike_B","Defend_B+1","Defend_B","Defend_B","Zap+1","Dualcast+1","Secret Weapon","Leap","Go for the Eyes+1","Doom and Gloom+1","Auto Shields","Cold Snap","Defragment+1","Biased Cognition","Sweeping Beam","Machine Learning+1","Hologram","Coolheaded+1","Recycle","Barrage+1","Redo+1","Loop+1","Amplify","Stack+1"],"relics":["Cracked Core","CaptainsWheel","HornCleat","Happy Flower","Ginger","Hallownest:DreamNailRelic","Coffee Dripper","Strawberry","Hallownest:WatcherSealRelic","Busted Crown","DataDisk","Sling","Akabeko"],"acts_visited":["Exordium","Hallownest:Greenpath","Hallownest:CityofTears"],"potions_floor_usage":[7,7,7,33,41,41,41,41,50],"damage_taken":[{"damage":1.0,"enemies":"Hallownest:2_Baldur","floor":1.0,"turns":4.0},{"damage":0.0,"enemies":"Hallownest:monsterHuskWarrior","floor":2.0,"turns":4.0},{"damage":2.0,"enemies":"2_ Uuma","floor":4.0,"turns":6.0},{"damage":6,"enemies":"Hallownest:Wandering_and_Horned","floor":5,"turns":5},{"damage":0,"enemies":"Hallownest:eliteVengeflyKing","floor":7,"turns":5},{"damage":0,"enemies":"Hallownest:eliteMossKnight","floor":10,"turns":5},{"damage":6,"enemies":"Hallownest:monsterMossCharger","floor":11,"turns":4},{"damage":0,"enemies":"Hallownest:eliteVengeflyKing","floor":12,"turns":5},{"damage":36,"enemies":"Hallownest:BossHornet","floor":16,"turns":10},{"damage":10,"enemies":"Hallownest:3_Youths","floor":18,"turns":5},{"damage":0,"enemies":"Hallownest:2_Mistakes","floor":20,"turns":7},{"damage":0,"enemies":"Hallownest:monsterMisterMushroom","floor":22,"turns":7},{"damage":3,"enemies":"Hallownest:monsterShrumalOgre","floor":28,"turns":3},{"damage":2,"enemies":"Hallownest:Warrior_and_Youth","floor":30,"turns":4},{"damage":15,"enemies":"Hallownest:Glutton_and_Coward","floor":31,"turns":4},{"damage":11,"enemies":"Hallownest:BossSoulMaster","floor":33,"turns":7},{"damage":17,"enemies":"Hallownest:2_Littles","floor":35,"turns":4},{"damage":0,"enemies":"Hallownest:Shield_Heavy","floor":36,"turns":5},{"damage":22,"enemies":"Hallownest:Slobbering_and_Violent","floor":41,"turns":5},{"damage":5,"enemies":"Hallownest:2_Great","floor":42,"turns":5},{"damage":3,"enemies":"Hallownest:Shield_Sturdy","floor":48,"turns":4},{"damage":46,"enemies":"Hallownest:BossGreyPrinceZote","floor":50,"turns":12}],"seed_played":"-7897069659269406739","potions_obtained":[{"floor":1.0,"key":"ColorlessPotion"},{"floor":2.0,"key":"EntropicBrew"},{"floor":10,"key":"Explosive Potion"},{"floor":33,"key":"SkillPotion"},{"floor":35,"key":"Fire Potion"},{"floor":48,"key":"SkillPotion"}],"is_trial":false,"path_per_floor":["M","M","?","M","M","R","E","$","T","E","M","?","R","?","R","B",null,"M","$","M","?","M","?","R","?","T","R","M","R","M","M","R","B",null,"M","M","$","?","$","R","M","M","T","?","R","$","?","M","R","B"],"character_chosen":"DEFECT","items_purchased":["Defragment","Coolheaded","Strawberry","Recycle","DataDisk","Sling"],"campfire_rested":0,"item_purchase_floors":[8,19,19,19,37,37],"current_hp_per_floor":[74,74,74,72,66,66,66,66,66,66,60,60,60,60,60,24,75,65,72,72,68,68,68,68,68,68,68,65,65,63,48,48,37,82,65,65,65,65,65,65,43,38,38,38,38,38,38,35,35,0,0],"gold":32,"neow_bonus":"RANDOM_COLORLESS_2","is_daily":false,"chose_seed":false,"campfire_upgraded":9,"win_rate":0.0,"timestamp":1610850267,"path_taken":["M","M","?","M","M","R","E","$","T","E","M","?","R","?","R","BOSS","M","$","M","?","M","?","R","?","T","R","M","R","M","M","R","BOSS","M","M","$","?","$","R","M","M","T","?","R","$","?","M","R","BOSS"],"items_purchased_type":["Card","Card","Relic","Card","Relic","Relic"],"build_version":"2020-12-22","purchased_purges":1,"victory":false,"max_hp_per_floor":[75,75,75,75,75,75,75,75,75,75,75,75,75,75,75,75,75,75,82,82,82,82,82,82,82,82,82,82,82,82,82,82,82,82,82,82,82,82,82,82,82,82,82,82,82,82,82,82,82,82,82],"card_choices":[{"not_picked":["Violence","Magnetism"],"picked":"Secret Weapon","floor":0.0},{"not_picked":["Steam Power","Beam Cell"],"picked":"Leap","floor":1.0},{"not_picked":["Steam","Redo"],"picked":"Go for the Eyes","floor":2.0},{"not_picked":["Reboot","Coolheaded"],"picked":"Doom and Gloom","floor":4.0},{"not_picked":["BootSequence","Compile Driver"],"picked":"Auto Shields","floor":5},{"not_picked":["Heatsinks","Blizzard"],"picked":"Cold Snap","floor":7},{"not_picked":["Aggregate","Conserve Battery"],"picked":"Biased Cognition","floor":10},{"not_picked":["Aggregate","Stack"],"picked":"Sweeping Beam","floor":11},{"not_picked":["Streamline","Static Discharge","Stack"],"picked":"SKIP","floor":12},{"not_picked":["Seek","Meteor Strike"],"picked":"Machine Learning","floor":16},{"not_picked":["Conserve Battery","White Noise"],"picked":"Hologram","floor":18},{"not_picked":["Recycle","Rebound","Consume"],"picked":"SKIP","floor":20},{"not_picked":["Go for the Eyes","Redo","Turbo"],"picked":"SKIP","floor":22},{"not_picked":["Ball Lightning","Storm"],"picked":"Barrage+1","floor":25},{"not_picked":["Ball Lightning","Gash+1","Hello World"],"picked":"SKIP","floor":28},{"not_picked":["Recycle","Stack"],"picked":"Redo+1","floor":30},{"not_picked":["Force Field","Barrage"],"picked":"Loop","floor":31},{"not_picked":["Thunder Strike","Biased Cognition"],"picked":"Amplify","floor":33},{"not_picked":["Blizzard"],"picked":"SKIP","floor":35},{"not_picked":["Blizzard"],"picked":"SKIP","floor":35},{"not_picked":[],"picked":"Stack+1","floor":36},{"not_picked":["Reprogram"],"picked":"SKIP","floor":41},{"not_picked":["Scrape"],"picked":"SKIP","floor":42},{"not_picked":["Turbo+1"],"picked":"SKIP","floor":48}],"player_experience":556001,"relics_obtained":[{"floor":7,"key":"CaptainsWheel"},{"floor":9,"key":"HornCleat"},{"floor":10,"key":"Happy Flower"},{"floor":12,"key":"Ginger"},{"floor":43,"key":"Akabeko"}],"event_choices":[],"is_beta":false,"boss_relics":[{"not_picked":["SacredBark","Astrolabe"],"picked":"Coffee Dripper"},{"not_picked":["Runic Dome","Runic Pyramid"],"picked":"Busted Crown"}],"items_purged_floors":[46],"is_endless":false,"potions_floor_spawned":[1,2,10,16,30,31,33,35,36,48],"killed_by":"Hallownest:BossGreyPrinceZote","ascension_level":0}}