{"host":"1ekl8hlbnopmdapi","time":1610919779,"event":{"mods":["AchievementEnabler","BaseMod","Colored Map","Colored Powertips","DeckTracker","Googly Eyes","Highlight Path","Minty Spire (QoL Compilation)","Relic Sorter","StSLib","Synergy Search"],"gold_per_floor":[13,23,23,36,36,61,61,92,92,108,108,133,133,144,144,144,144],"floor_reached":16,"language":"ENG","playtime":330,"items_purged":[],"score":165,"play_id":"16158b10-3e12-44fe-b011-9c56be316e80","local_time":"20210117164259","is_ascension_mode":true,"campfire_choices":[{"floor":7,"key":"REST"},{"floor":13,"key":"REST"},{"floor":15,"key":"RECALL"}],"circlet_count":0,"master_deck":["AscendersBane","Strike_B","Strike_B","Strike_B+1","Defend_B","Defend_B","Defend_B","Defend_B","Zap","Dualcast","Rebound+1","Streamline","Steam","Gash","Melter","FTL","Auto Shields"],"relics":["Cracked Core","Eternal Feather","Potion Belt","Whetstone"],"acts_visited":["Exordium"],"potions_floor_usage":[6,8],"damage_taken":[{"damage":0,"enemies":"Small Slimes","floor":1,"turns":3},{"damage":1,"enemies":"Cultist","floor":2,"turns":3},{"damage":0,"enemies":"Jaw Worm","floor":4,"turns":3},{"damage":30,"enemies":"3 Sentries","floor":6,"turns":8},{"damage":33,"enemies":"Lagavulin","floor":8,"turns":6},{"damage":10,"enemies":"Blue Slaver","floor":10,"turns":3},{"damage":8,"enemies":"Large Slime","floor":14,"turns":5},{"damage":76,"enemies":"Hexaghost","floor":16,"turns":9}],"seed_played":"-3513552725915199014","potions_obtained":[{"floor":4,"key":"Explosive Potion"},{"floor":6,"key":"Block Potion"},{"floor":10,"key":"SpeedPotion"}],"is_trial":false,"path_per_floor":["M","M","?","M","$","E","R","E","T","M","?","T","R","M","R","B"],"character_chosen":"DEFECT","items_purchased":[],"campfire_rested":2,"item_purchase_floors":[],"current_hp_per_floor":[82,81,81,81,81,51,83,50,50,40,40,40,75,67,76,0,0],"gold":144,"neow_bonus":"TWENTY_PERCENT_HP_BONUS","is_daily":false,"chose_seed":false,"campfire_upgraded":0,"win_rate":0.0,"timestamp":1610919779,"path_taken":["M","M","?","?","$","E","R","E","T","M","?","?","R","M","R","BOSS"],"items_purchased_type":[],"build_version":"2020-12-22","purchased_purges":0,"victory":false,"max_hp_per_floor":[89,89,89,89,89,89,89,89,89,89,89,89,89,89,89,89,89],"card_choices":[{"not_picked":["Scrape","Stack"],"picked":"Rebound","floor":1},{"not_picked":["Turbo","Blizzard"],"picked":"Streamline","floor":2},{"not_picked":["Streamline","Reboot"],"picked":"Steam","floor":4},{"not_picked":["Hologram","Coolheaded"],"picked":"Gash","floor":6},{"not_picked":["Creative AI","Cold Snap"],"picked":"Melter","floor":8},{"not_picked":["Static Discharge","Doom and Gloom"],"picked":"FTL","floor":10},{"not_picked":["Lockon","Go for the Eyes"],"picked":"Auto Shields","floor":14}],"player_experience":459326,"relics_obtained":[{"floor":6,"key":"Eternal Feather"},{"floor":8,"key":"Potion Belt"},{"floor":12,"key":"Whetstone"}],"event_choices":[{"cards_removed":["Strike_B"],"damage_healed":0,"gold_gain":0,"player_choice":"Purged","damage_taken":0,"max_hp_gain":0,"max_hp_loss":0,"event_name":"Purifier","floor":3,"gold_loss":0},{"damage_healed":0,"gold_gain":0,"player_choice":"Ignored","damage_taken":0,"max_hp_gain":0,"max_hp_loss":0,"event_name":"Liars Game","floor":11,"gold_loss":0}],"is_beta":false,"boss_relics":[],"items_purged_floors":[],"is_endless":false,"potions_floor_spawned":[4,6,10],"killed_by":"Hexaghost","ascension_level":10}}