{"host":"9jj9tzo2iym4bpat","time":1610850321,"event":{"mods":["Act Like it!","BaseMod","CapriCore","Colored Map","Dark Map","Luminous","Marisa????????","Minty Spire (QoL Compilation)","Permanent Neow","StSLib","Td1madao Mod","The Animator","The Immortal","The Marked","The Servant 0.9.4","Yakumo Yukari mod"],"gold_per_floor":[109,109,122,92,111,111,111,128,128,162,162,195,64,88,88,218,218,241,241,65,83,101,136,136,180,180,180,180,195,195,216,216,347,347,366,366,366,380,380,380,394,66,93,105,136,148,160,195,207,219],"floor_reached":51,"language":"ENG","playtime":1886,"items_purged":["Writhe","Injury"],"score":835,"play_id":"2eab0f7d-2bb7-4d19-9149-f117edc9fe1b","local_time":"20210116202521","is_ascension_mode":true,"campfire_choices":[{"floor":6,"key":"REST"},{"data":"Accuracy","floor":15,"key":"SMITH"},{"floor":24,"key":"REST"},{"floor":27,"key":"REST"},{"floor":32,"key":"REST"},{"data":"Burst","floor":40,"key":"SMITH"},{"data":"Bullet Time","floor":44,"key":"SMITH"},{"floor":49,"key":"REST"}],"circlet_count":0,"master_deck":["Strike_G","Strike_G","Strike_G","Strike_G","Strike_G","Defend_G","Defend_G","Defend_G","Defend_G","Survivor","Neutralize","Blade Dance","Poisoned Stab","Backstab","Cloak And Dagger","Infinite Blades","Accuracy+1","Cloak And Dagger","Infinite Blades","A Thousand Cuts","Footwork","Slice","Tactician","Burst+1","Deflect","Die Die Die","Caltrops","Panacea","Parasite","Cloak And Dagger","Accuracy","Bullet Time+1","Blade Dance","Cloak And Dagger+1","Blade Dance"],"relics":["Ring of the Snake","Thread and Needle","HornCleat","Pantograph","Golden Idol","Sundial","Black Star","Centennial Puzzle","InkBottle","Juzu Bracelet","Bag of Preparation","Question Card","Tiny Chest","NlothsMask","Sozu","Orrery","MawBank","FossilizedHelix"],"acts_visited":["Exordium","TheCity","TheBeyond"],"potions_floor_usage":[21,33,35,50],"damage_taken":[{"damage":2,"enemies":"2 Louse","floor":1,"turns":3},{"damage":0,"enemies":"Cultist","floor":3,"turns":3},{"damage":4,"enemies":"Small Slimes","floor":5,"turns":3},{"damage":3,"enemies":"3 Louse","floor":8,"turns":2},{"damage":12,"enemies":"3 Sentries","floor":10,"turns":9},{"damage":21,"enemies":"Lagavulin","floor":12,"turns":8},{"damage":0,"enemies":"Large Slime","floor":14,"turns":5},{"damage":21,"enemies":"Slime Boss","floor":16,"turns":6},{"damage":22,"enemies":"Shell Parasite","floor":18,"turns":5},{"damage":11,"enemies":"2 Thieves","floor":21,"turns":4},{"damage":8,"enemies":"3 Cultists","floor":22,"turns":5},{"damage":12,"enemies":"Book of Stabbing","floor":23,"turns":5},{"damage":40,"enemies":"Gremlin Leader","floor":25,"turns":7},{"damage":12,"enemies":"Chosen and Byrds","floor":29,"turns":4},{"damage":14,"enemies":"Snecko","floor":31,"turns":4},{"damage":12,"enemies":"Champ","floor":33,"turns":10},{"damage":8,"enemies":"3 Darklings","floor":35,"turns":3},{"damage":22,"enemies":"3 Shapes","floor":38,"turns":4},{"damage":9,"enemies":"Writhing Mass","floor":41,"turns":8},{"damage":18,"enemies":"Sphere and 2 Shapes","floor":45,"turns":4},{"damage":5,"enemies":"Maw","floor":48,"turns":6},{"damage":30,"enemies":"Donu and Deca","floor":50,"turns":6}],"seed_played":"-5911463763629964427","potions_obtained":[{"floor":4,"key":"Swift Potion"},{"floor":4,"key":"SneckoOil"},{"floor":5,"key":"CultistPotion"},{"floor":16,"key":"CunningPotion"},{"floor":22,"key":"Energy Potion"}],"is_trial":false,"path_per_floor":["M","?","M","?","M","R","?","M","T","E","?","E","$","M","R","B",null,"M","?","$","M","M","E","R","E","T","R","?","M","?","M","R","B",null,"M","?","T","M","?","R","M","$","T","R","M","?","T","M","R","B",null],"character_chosen":"THE_SILENT","items_purchased":["Accuracy","Cloak And Dagger","Footwork","Slice","Accuracy","Orrery"],"campfire_rested":5,"item_purchase_floors":[13,13,20,20,42,42],"current_hp_per_floor":[61,66,66,66,62,88,85,82,82,70,70,49,49,49,49,53,89,67,67,67,56,48,36,62,22,22,48,48,36,36,22,48,61,89,81,81,81,59,59,59,50,50,50,50,32,32,32,27,53,48],"gold":231,"neow_bonus":"TWENTY_PERCENT_HP_BONUS","is_daily":false,"chose_seed":false,"campfire_upgraded":3,"win_rate":0.0,"timestamp":1610850321,"path_taken":["M","?","M","?","?","R","?","M","T","E","?","E","$","M","R","BOSS","M","?","$","M","M","E","R","E","T","R","?","M","?","M","R","BOSS","M","?","?","M","?","R","M","?","T","R","M","?","?","M","R","BOSS"],"items_purchased_type":["Card","Card","Card","Card","Card","Relic"],"build_version":"2020-12-22","purchased_purges":2,"victory":true,"max_hp_per_floor":[84,89,89,89,89,89,89,89,89,89,89,89,89,89,89,89,89,89,89,89,89,89,89,89,89,89,89,89,89,89,89,89,89,89,89,89,89,89,89,89,89,89,89,89,89,89,89,89,89,89],"card_choices":[{"not_picked":["Quick Slash","Poisoned Stab"],"picked":"Blade Dance","floor":1},{"not_picked":["Escape Plan","Bane"],"picked":"Poisoned Stab","floor":3},{"not_picked":["Predator","Grand Finale"],"picked":"Backstab","floor":5},{"not_picked":["Underhanded Strike","Acrobatics"],"picked":"Cloak And Dagger","floor":8},{"not_picked":["Skewer","Outmaneuver"],"picked":"Infinite Blades","floor":10},{"not_picked":["Malaise","Reflex","Underhanded Strike"],"picked":"SKIP","floor":12},{"not_picked":["Outmaneuver","Bouncing Flask"],"picked":"Infinite Blades","floor":14},{"not_picked":["Unload","After Image"],"picked":"A Thousand Cuts","floor":16},{"not_picked":["Dagger Throw+1","Bane","PiercingWail"],"picked":"SKIP","floor":18},{"not_picked":["Prepared+1","Reflex","Flying Knee"],"picked":"SKIP","floor":21},{"not_picked":["Sucker Punch","Skewer","Deadly Poison"],"picked":"SKIP","floor":22},{"not_picked":["Eviscerate","Dagger Throw"],"picked":"Tactician","floor":23},{"not_picked":["Eviscerate","Quick Slash"],"picked":"Burst","floor":25},{"not_picked":["Calculated Gamble","Deadly Poison","Flying Knee","Well Laid Plans"],"picked":"SKIP","floor":29},{"not_picked":["Backflip+1","Skewer+1","All Out Attack+1"],"picked":"Deflect","floor":31},{"not_picked":["Corpse Explosion","Storm of Steel","Night Terror"],"picked":"Die Die Die","floor":33},{"not_picked":["Heel Hook+1","Dagger Spray+1","Dagger Throw"],"picked":"Caltrops","floor":35},{"not_picked":["Deadly Poison+1","Backflip+1","Dash","Well Laid Plans+1"],"picked":"SKIP","floor":38},{"not_picked":["Bandage Up","Forethought","PanicButton"],"picked":"Panacea","floor":39},{"not_picked":["Dagger Throw+1","Sucker Punch","Dagger Spray"],"picked":"Cloak And Dagger","floor":41},{"not_picked":["Dagger Spray+1","Slice","PiercingWail"],"picked":"Bullet Time","floor":42},{"not_picked":["Predator+1","Flechettes","Envenom"],"picked":"Blade Dance","floor":42},{"not_picked":["Setup+1","Riddle With Holes+1","Prepared+1"],"picked":"Cloak And Dagger+1","floor":42},{"not_picked":["Setup","Deadly Poison+1","Acrobatics+1"],"picked":"Blade Dance","floor":45},{"not_picked":["Endless Agony","Skewer","Sucker Punch+1","Slice"],"picked":"SKIP","floor":48}],"player_experience":264258,"relics_obtained":[{"floor":9,"key":"HornCleat"},{"floor":10,"key":"Pantograph"},{"floor":12,"key":"Sundial"},{"floor":23,"key":"InkBottle"},{"floor":23,"key":"Juzu Bracelet"},{"floor":25,"key":"Bag of Preparation"},{"floor":25,"key":"Question Card"},{"floor":26,"key":"Tiny Chest"},{"floor":43,"key":"MawBank"},{"floor":47,"key":"FossilizedHelix"}],"event_choices":[{"damage_healed":0,"gold_gain":0,"player_choice":"Donut","damage_taken":0,"max_hp_gain":5,"max_hp_loss":0,"event_name":"Big Fish","floor":2,"gold_loss":0},{"damage_healed":0,"gold_gain":0,"player_choice":"Bought 2 Potions","damage_taken":0,"max_hp_gain":0,"max_hp_loss":0,"event_name":"The Woman in Blue","floor":4,"gold_loss":0},{"damage_healed":0,"gold_gain":0,"player_choice":"Success","damage_taken":3,"relics_obtained":["Thread and Needle"],"max_hp_gain":0,"max_hp_loss":0,"event_name":"Scrap Ooze","floor":7,"gold_loss":0},{"damage_healed":0,"gold_gain":0,"player_choice":"Take Wound","damage_taken":0,"relics_obtained":["Golden Idol"],"max_hp_gain":0,"max_hp_loss":0,"event_name":"Golden Idol","floor":11,"gold_loss":0,"cards_obtained":["Injury"]},{"damage_healed":0,"gold_gain":0,"player_choice":"Opened","damage_taken":0,"relics_obtained":["Centennial Puzzle"],"max_hp_gain":0,"max_hp_loss":0,"event_name":"The Mausoleum","floor":19,"gold_loss":0,"cards_obtained":["Writhe"]},{"damage_healed":0,"gold_gain":0,"player_choice":"Ignored","damage_taken":0,"max_hp_gain":0,"max_hp_loss":0,"event_name":"Vampires","floor":28,"gold_loss":0},{"damage_healed":0,"gold_gain":0,"player_choice":"Trade","damage_taken":0,"relics_obtained":["NlothsMask"],"max_hp_gain":0,"max_hp_loss":0,"event_name":"FaceTrader","floor":30,"gold_loss":0},{"damage_healed":0,"gold_gain":0,"player_choice":"Memory 1","damage_taken":0,"max_hp_gain":0,"max_hp_loss":0,"event_name":"SensoryStone","floor":39,"gold_loss":0},{"cards_removed":["Defend_G"],"damage_healed":0,"gold_gain":0,"player_choice":"Removed Skill","damage_taken":0,"max_hp_gain":0,"max_hp_loss":0,"event_name":"Falling","floor":46,"gold_loss":0}],"is_beta":false,"boss_relics":[{"not_picked":["Fusion Hammer","Runic Dome"],"picked":"Black Star"},{"not_picked":["Cursed Key","Busted Crown"],"picked":"Sozu"}],"items_purged_floors":[20,42],"is_endless":false,"potions_floor_spawned":[5,14,16,22,25,29,35,41],"ascension_level":2}}