{"host":"caz9phlr9zt22rnt","time":1610925722,"event":{"mods":["AchievementEnabler","BaseMod","Colored Map","Custom Start","Downfall","Minty Spire (QoL Compilation)","Rare Cards Sparkle","Relic Stats","StSLib","The Cursed"],"gold_per_floor":[199,210,24,41,56,75,75,75,88,102,102,121,137,137,156,257,257,257,267,95,114,50,65,65,65,65],"floor_reached":25,"language":"ENG","playtime":2371,"items_purged":[],"score":209,"play_id":"43f01af3-fed4-4b4b-9d73-e7b158c3c7e8","local_time":"20210117172202","is_ascension_mode":true,"campfire_choices":[{"data":"TheCursedMod:CursedWand","floor":1,"key":"SMITH"},{"floor":8,"key":"REST"},{"data":"TheCursedMod:Wield","floor":11,"key":"SMITH"},{"data":"TheCursedMod:ReleasedKnowledge","floor":18,"key":"SMITH"}],"circlet_count":0,"master_deck":["TheCursedMod:Strike_TheCursed","TheCursedMod:Strike_TheCursed","TheCursedMod:Strike_TheCursed","TheCursedMod:Strike_TheCursed","TheCursedMod:Defend_TheCursed","TheCursedMod:Defend_TheCursed","TheCursedMod:Defend_TheCursed","TheCursedMod:Defend_TheCursed","TheCursedMod:CursedWand+1","TheCursedMod:CleanUpWorkshop","TheCursedMod:Dregs","TheCursedMod:Obscuration","TheCursedMod:LuckyCharm","TheCursedMod:CursedBlade","TheCursedMod:CursedShiv","TheCursedMod:CircleOfCorruption","TheCursedMod:Wield+1","TheCursedMod:ReleasedStrength","TheCursedMod:ReleasedKnowledge+1","TheCursedMod:ForbiddenAlchemy","TheCursedMod:CircleOfAbyss","TheCursedMod:CursedShiv+1","TheCursedMod:NeowsMight","TheCursedMod:DemonicPact","TheCursedMod:HellfireBreathing","TheCursedMod:WearCloak"],"relics":["TheCursedMod:BlackMagicAdvanced","Strawberry","HornCleat","Vajra"],"acts_visited":["Exordium","TheCity"],"potions_floor_usage":[9,13,16,16,22,22,22,22,22,22,23,23,23,23],"damage_taken":[{"damage":2,"enemies":"Small Slimes","floor":2,"turns":4},{"damage":0,"enemies":"downfall:FleeingMerchant","floor":3,"turns":4},{"damage":4,"enemies":"Cultist","floor":4,"turns":5},{"damage":0,"enemies":"2 Louse","floor":5,"turns":2},{"damage":11,"enemies":"Exordium Wildlife","floor":6,"turns":4},{"damage":0,"enemies":"2 Fungi Beasts","floor":9,"turns":3},{"damage":0,"enemies":"Blue Slaver","floor":10,"turns":3},{"damage":1,"enemies":"Gremlin Gang","floor":12,"turns":5},{"damage":8,"enemies":"Exordium Wildlife","floor":13,"turns":2},{"damage":9,"enemies":"3 Louse","floor":15,"turns":2},{"damage":33,"enemies":"SI_SHIV_ARCHETYPE","floor":16,"turns":8},{"damage":15,"enemies":"Shell Parasite","floor":19,"turns":6},{"damage":0,"enemies":"downfall:FleeingMerchant","floor":20,"turns":4},{"damage":9,"enemies":"Spheric Guardian","floor":21,"turns":4},{"damage":0,"enemies":"downfall:FleeingMerchant","floor":22,"turns":5},{"damage":17,"enemies":"Snake Plant","floor":23,"turns":5},{"damage":19,"enemies":"Cultist and Chosen","floor":25,"turns":5}],"seed_played":"1941442279919609484","potions_obtained":[{"floor":2,"key":"SpeedPotion"},{"floor":9,"key":"PowerPotion"},{"floor":12,"key":"FearPotion"},{"floor":15,"key":"ColorlessPotion"},{"floor":23,"key":"GamblersBrew"}],"is_trial":false,"path_per_floor":["R","M","$","M","M","M","T","R","M","M","R","M","M","?","M","B",null,"R","M","$","M","$","M","T","M"],"character_chosen":"THE_CURSED","items_purchased":["TheCursedMod:CursedBlade","Strawberry","TheCursedMod:DemonicPact","TheCursedMod:WearCloak"],"campfire_rested":1,"item_purchase_floors":[3,3,20,22],"current_hp_per_floor":[75,73,80,76,76,65,65,82,82,82,82,81,73,73,64,31,82,82,67,67,58,58,41,41,22,22],"gold":65,"neow_bonus":"HUNDRED_GOLD","is_daily":false,"chose_seed":false,"campfire_upgraded":3,"win_rate":0.0,"timestamp":1610925722,"path_taken":["R","M","$","M","M","M","T","R","M","M","R","M","M","?","M","BOSS","R","M","$","?","?","M","T","M"],"items_purchased_type":["Card","Relic","Card","Card"],"build_version":"2020-12-22","purchased_purges":0,"victory":false,"max_hp_per_floor":[75,75,82,82,82,82,82,82,82,82,82,82,82,82,82,82,82,82,82,82,82,82,82,82,82,82],"relic_stats":{"counters":[17,71],"obtain_stats":[{"TheCursedMod:BlackMagic101":0,"HornCleat":7,"TheCursedMod:BlackMagicAdvanced":17,"Strawberry":3,"Vajra":24},{"TheCursedMod:BlackMagic101":0,"HornCleat":5,"TheCursedMod:BlackMagicAdvanced":11,"Strawberry":2,"Vajra":16},{"TheCursedMod:BlackMagic101":0,"HornCleat":19,"TheCursedMod:BlackMagicAdvanced":42,"Strawberry":8,"Vajra":66}]},"card_choices":[{"not_picked":["TheCursedMod:SoulCrush","TheCursedMod:Grudge"],"picked":"TheCursedMod:Obscuration","floor":2},{"not_picked":["TheCursedMod:CursedRelics","TheCursedMod:Hemoplague"],"picked":"TheCursedMod:LuckyCharm","floor":3},{"not_picked":["TheCursedMod:Mangle","TheCursedMod:CircleOfFocus"],"picked":"TheCursedMod:CursedShiv","floor":4},{"not_picked":["TheCursedMod:Grudge","TheCursedMod:RavingStaff","TheCursedMod:CursedShiv"],"picked":"SKIP","floor":5},{"not_picked":["TheCursedMod:VitalStrike","TheCursedMod:Obscuration"],"picked":"TheCursedMod:CircleOfCorruption","floor":6},{"not_picked":["TheCursedMod:CircleOfCorruption","TheCursedMod:LuckyCharm","TheCursedMod:Obscuration"],"picked":"SKIP","floor":9},{"not_picked":["TheCursedMod:CircleOfCorruption","TheCursedMod:CursedAmulet"],"picked":"TheCursedMod:Wield","floor":10},{"not_picked":["TheCursedMod:StingEye","TheCursedMod:TacticalStrike"],"picked":"TheCursedMod:ReleasedStrength","floor":12},{"not_picked":["TheCursedMod:CursedArmor","TheCursedMod:CircleOfFocus"],"picked":"TheCursedMod:ReleasedKnowledge","floor":13},{"not_picked":["TheCursedMod:Wield","TheCursedMod:FleshFromBone"],"picked":"TheCursedMod:ForbiddenAlchemy","floor":15},{"not_picked":["TheCursedMod:ManaCirculation","TheCursedMod:VoidForm"],"picked":"TheCursedMod:CircleOfAbyss","floor":16},{"not_picked":["TheCursedMod:RapidMovement","TheCursedMod:Mangle+1"],"picked":"TheCursedMod:CursedShiv+1","floor":19},{"not_picked":["TheCursedMod:WearCloak","TheCursedMod:RapidMovement"],"picked":"TheCursedMod:NeowsMight","floor":20},{"not_picked":["TheCursedMod:CursedShiv+1","TheCursedMod:SpitefulStrike"],"picked":"TheCursedMod:HellfireBreathing","floor":21},{"not_picked":["TheCursedMod:Torture","TheCursedMod:VitalStrike+1","TheCursedMod:CircleOfCorruption+1"],"picked":"SKIP","floor":22},{"not_picked":["TheCursedMod:SpreadPlague","TheCursedMod:ReleasedStrength","TheCursedMod:Mangle"],"picked":"SKIP","floor":23}],"player_experience":522452,"relics_obtained":[{"floor":7,"key":"HornCleat"},{"floor":24,"key":"Vajra"}],"event_choices":[{"damage_healed":0,"gold_gain":0,"player_choice":"Leave","damage_taken":0,"max_hp_gain":0,"max_hp_loss":0,"event_name":"FaceTrader","floor":14,"gold_loss":0}],"is_beta":false,"boss_relics":[{"not_picked":["Astrolabe","SacredBark"],"picked":"TheCursedMod:BlackMagicAdvanced"}],"items_purged_floors":[],"is_endless":false,"potions_floor_spawned":[2,4,9,12,15,19,23],"killed_by":"Cultist and Chosen","ascension_level":1}}