{"host":"ebj6lkgm8suah319","time":1610899724,"event":{"mods":["2.2 Compatiblity","AchievementEnabler","BaseMod","Block Reminder","Colored Map","Colored Powertips","Minty Spire (QoL Compilation)","Quick Restart","Rare Cards Sparkle","Relic Stats","SuperFastMode"],"gold_per_floor":[361,34,52,63,63,63,78,78,78,97,126,126,153,166,166,267,267,286,286,301,301,301,326,326,340,367,367,367,394,394,422,422,520,520,533,633,647,647,658,687,687,722,749,765,777,364,374,386,386,386],"floor_reached":51,"language":"ENG","playtime":2360,"items_purged":["Writhe","Pain"],"score":1055,"play_id":"680983c8-1727-4caa-93d6-29c3af5b70d1","local_time":"20210117110844","is_ascension_mode":true,"campfire_choices":[{"data":"Bash","floor":6.0,"key":"SMITH"},{"data":"Disarm","floor":8.0,"key":"SMITH"},{"data":"Pommel Strike","floor":12.0,"key":"SMITH"},{"data":"Metallicize","floor":15.0,"key":"SMITH"},{"data":"Shockwave","floor":24.0,"key":"SMITH"},{"data":"Dual Wield","floor":27.0,"key":"SMITH"},{"floor":30.0,"key":"REST"},{"floor":32.0,"key":"REST"},{"floor":41.0,"key":"REST"},{"floor":49.0,"key":"REST"}],"circlet_count":0,"master_deck":["Strike_R+1","Strike_R+1","Strike_R+1","Defend_R+1","Defend_R+1","Defend_R+1","Bash+1","Metallicize+1","Pommel Strike+1","Disarm+1","Shockwave+1","Barricade+1","Metallicize+1","Evolve+1","Juggernaut+1","Body Slam+1","Dual Wield+1","Writhe","Corruption+1","Clash+1","Demon Form+1","True Grit+1","Rupture+1","Intimidate+1","Fire Breathing+1","Mayhem+1","Disarm+1","Dual Wield+1"],"relics":["Burning Blood","Mummified Hand","Juzu Bracelet","Frozen Egg 2","Ginger","Cursed Key","Nilry\u0027s Codex","FossilizedHelix","Red Skull","Incense Burner","CaptainsWheel","Snecko Eye","Pantograph","Paper Frog","Happy Flower","Ancient Tea Set"],"acts_visited":["Exordium","TheCity","TheBeyond"],"potions_floor_usage":[50,50],"damage_taken":[{"damage":6.0,"enemies":"Cultist","floor":1.0,"turns":4.0},{"damage":2.0,"enemies":"Small Slimes","floor":3.0,"turns":4.0},{"damage":5.0,"enemies":"Jaw Worm","floor":4.0,"turns":4.0},{"damage":3.0,"enemies":"Lots of Slimes","floor":7.0,"turns":5.0},{"damage":2.0,"enemies":"Blue Slaver","floor":10.0,"turns":5.0},{"damage":25.0,"enemies":"Lagavulin","floor":11.0,"turns":8.0},{"damage":18.0,"enemies":"3 Sentries","floor":13.0,"turns":8.0},{"damage":14.0,"enemies":"Exordium Thugs","floor":14.0,"turns":7.0},{"damage":18.0,"enemies":"The Guardian","floor":16.0,"turns":17.0},{"damage":9.0,"enemies":"2 Thieves","floor":18.0,"turns":5.0},{"damage":5.0,"enemies":"Spheric Guardian","floor":20.0,"turns":4.0},{"damage":3.0,"enemies":"Gremlin Leader","floor":23.0,"turns":5.0},{"damage":0.0,"enemies":"Chosen and Byrds","floor":25.0,"turns":4.0},{"damage":21.0,"enemies":"Slavers","floor":29.0,"turns":5.0},{"damage":0.0,"enemies":"Book of Stabbing","floor":31.0,"turns":5.0},{"damage":27.0,"enemies":"Automaton","floor":33.0,"turns":9.0},{"damage":8.0,"enemies":"3 Darklings","floor":35.0,"turns":9.0},{"damage":1.0,"enemies":"3 Shapes","floor":37.0,"turns":5.0},{"damage":0.0,"enemies":"Sphere and 2 Shapes","floor":39.0,"turns":4.0},{"damage":10.0,"enemies":"Reptomancer","floor":40.0,"turns":6.0},{"damage":0.0,"enemies":"Giant Head","floor":42.0,"turns":6.0},{"damage":10.0,"enemies":"Writhing Mass","floor":44.0,"turns":4.0},{"damage":3.0,"enemies":"Maw","floor":45.0,"turns":7.0},{"damage":0.0,"enemies":"Sphere and 2 Shapes","floor":47.0,"turns":5.0},{"damage":0.0,"enemies":"Jaw Worm Horde","floor":48.0,"turns":4.0},{"damage":0,"enemies":"Time Eater","floor":50,"turns":5}],"seed_played":"-1956315520493708520","potions_obtained":[{"floor":1.0,"key":"AttackPotion"},{"floor":4.0,"key":"AttackPotion"},{"floor":14.0,"key":"Explosive Potion"},{"floor":16.0,"key":"SkillPotion"},{"floor":18.0,"key":"BlessingOfTheForge"},{"floor":29.0,"key":"Weak Potion"},{"floor":39.0,"key":"Block Potion"},{"floor":42.0,"key":"BloodPotion"},{"floor":44.0,"key":"LiquidMemories"},{"floor":45.0,"key":"PowerPotion"}],"is_trial":false,"path_per_floor":["M","$","M","M","?","R","M","R","T","M","E","R","E","M","R","B",null,"M","?","M","?","?","E","R","M","T","R","?","E","R","E","R","B",null,"M","?","M","?","M","E","R","E","T","M","M","$","M","M","R","B",null],"character_chosen":"IRONCLAD","items_purchased":["Mummified Hand","Mayhem+1","Ancient Tea Set"],"campfire_rested":4,"item_purchase_floors":[2,46,46],"current_hp_per_floor":[80,80,80,80,73,73,76,76,76,80,61,61,49,41,41,29,80,77,61,62,62,62,65,65,71,71,71,71,56,80,80,80,59,80,78,78,80,80,80,76,80,80,80,76,79,79,80,80,80,80],"gold":386,"neow_bonus":"TWO_FIFTY_GOLD","is_daily":false,"chose_seed":false,"campfire_upgraded":6,"win_rate":0.0,"timestamp":1610899724,"path_taken":["M","$","M","M","?","R","M","R","T","M","E","R","E","M","R","BOSS","M","?","M","?","?","E","R","M","T","R","?","E","R","E","R","BOSS","M","?","M","?","M","E","R","E","T","M","M","$","M","M","R","BOSS"],"items_purchased_type":["Relic","Card","Relic"],"build_version":"2020-12-22","purchased_purges":2,"victory":true,"max_hp_per_floor":[80,80,80,80,80,80,80,80,80,80,80,80,80,80,80,80,80,80,80,80,80,80,80,80,80,80,80,80,80,80,80,80,80,80,80,80,80,80,80,80,80,80,80,80,80,80,80,80,80,80],"relic_stats":{"Happy Flower":[8],"counters":[26,154],"Mummified Hand":[248],"Pantograph":0,"Snecko Eye":[115,102,81,112],"Juzu Bracelet":2,"Ginger":[13],"Cursed Key":2,"obtain_stats":[{"Happy Flower":43,"Nilry\u0027s Codex":19,"Juzu Bracelet":9,"Incense Burner":29,"Ginger":13,"Frozen Egg 2":11,"Cursed Key":17,"Ancient Tea Set":46,"Burning Blood":0,"CaptainsWheel":31,"Mummified Hand":2,"Pantograph":40,"Snecko Eye":34,"FossilizedHelix":23,"Red Skull":26,"Paper Frog":42},{"Happy Flower":21,"Nilry\u0027s Codex":10,"Juzu Bracelet":4,"Incense Burner":14,"Ginger":7,"Frozen Egg 2":6,"Cursed Key":9,"Ancient Tea Set":23,"Burning Blood":0,"CaptainsWheel":15,"Mummified Hand":1,"Pantograph":20,"Snecko Eye":16,"FossilizedHelix":12,"Red Skull":13,"Paper Frog":21},{"Happy Flower":129,"Nilry\u0027s Codex":67,"Juzu Bracelet":17,"Incense Burner":85,"Ginger":38,"Frozen Egg 2":30,"Cursed Key":62,"Ancient Tea Set":140,"Burning Blood":0,"CaptainsWheel":90,"Mummified Hand":4,"Pantograph":123,"Snecko Eye":99,"FossilizedHelix":76,"Red Skull":80,"Paper Frog":129}],"Burning Blood":113},"card_choices":[{"not_picked":["Perfected Strike","Sword Boomerang"],"picked":"Metallicize","floor":1.0},{"not_picked":["Metallicize","Sever Soul"],"picked":"Pommel Strike","floor":3.0},{"not_picked":["Wild Strike","True Grit"],"picked":"Disarm","floor":4.0},{"not_picked":["True Grit","Entrench"],"picked":"Shockwave","floor":7.0},{"not_picked":["Searing Blow","Body Slam","Perfected Strike"],"picked":"SKIP","floor":10.0},{"not_picked":["Clash","Pommel Strike"],"picked":"Barricade+1","floor":11.0},{"not_picked":["Pommel Strike","Uppercut"],"picked":"Metallicize+1","floor":13.0},{"not_picked":["Wild Strike","Twin Strike"],"picked":"Evolve+1","floor":14.0},{"not_picked":["Impervious","Double Tap"],"picked":"Juggernaut+1","floor":16.0},{"not_picked":["True Grit","Metallicize+1"],"picked":"Body Slam+1","floor":18.0},{"not_picked":["Cleave","Thunderclap","Carnage+1"],"picked":"SKIP","floor":20.0},{"not_picked":["Wild Strike+1","Cleave","Thunderclap+1"],"picked":"SKIP","floor":23.0},{"not_picked":["Armaments","Sword Boomerang"],"picked":"Dual Wield","floor":25.0},{"not_picked":["Sever Soul+1","Uppercut+1"],"picked":"Corruption+1","floor":29.0},{"not_picked":["Whirlwind","Sever Soul+1"],"picked":"Clash+1","floor":31.0},{"not_picked":["Impervious","Corruption+1"],"picked":"Demon Form+1","floor":33.0},{"not_picked":["Anger","Ghostly Armor"],"picked":"True Grit+1","floor":35.0},{"not_picked":["Thunderclap","Body Slam"],"picked":"Rupture+1","floor":37.0},{"not_picked":["Clothesline","Hemokinesis","Second Wind+1"],"picked":"SKIP","floor":39.0},{"not_picked":["Rage+1","Anger"],"picked":"Intimidate+1","floor":40.0},{"not_picked":["Sword Boomerang","Intimidate"],"picked":"Fire Breathing+1","floor":42.0},{"not_picked":["Intimidate","Havoc","Warcry"],"picked":"SKIP","floor":44.0},{"not_picked":["Corruption+1","Perfected Strike+1","Iron Wave"],"picked":"SKIP","floor":45.0},{"not_picked":["Seeing Red+1","Spot Weakness+1"],"picked":"Disarm+1","floor":47.0},{"not_picked":["Intimidate","Shrug It Off"],"picked":"Dual Wield+1","floor":48.0}],"player_experience":8605,"relics_obtained":[{"floor":9.0,"key":"Juzu Bracelet"},{"floor":11.0,"key":"Frozen Egg 2"},{"floor":13.0,"key":"Ginger"},{"floor":19.0,"key":"Nilry\u0027s Codex"},{"floor":23.0,"key":"FossilizedHelix"},{"floor":26.0,"key":"Red Skull"},{"floor":29.0,"key":"Incense Burner"},{"floor":31.0,"key":"CaptainsWheel"},{"floor":40.0,"key":"Pantograph"},{"floor":42.0,"key":"Paper Frog"},{"floor":43.0,"key":"Happy Flower"}],"event_choices":[{"cards_removed":["Strike_R"],"damage_healed":0.0,"max_hp_gain":0.0,"max_hp_loss":0.0,"gold_gain":0.0,"event_name":"Golden Wing","player_choice":"Card Removal","floor":5.0,"gold_loss":0.0,"damage_taken":7.0},{"damage_healed":0.0,"max_hp_gain":0.0,"max_hp_loss":0.0,"gold_gain":0.0,"event_name":"Cursed Tome","player_choice":"Obtained Book","floor":19.0,"gold_loss":0.0,"damage_taken":16.0},{"cards_removed":["Strike_R"],"damage_healed":0.0,"max_hp_gain":0.0,"max_hp_loss":0.0,"gold_gain":0.0,"event_name":"Wheel of Change","player_choice":"Card Removal","floor":21.0,"gold_loss":0.0,"damage_taken":0.0},{"damage_healed":0.0,"max_hp_gain":0.0,"max_hp_loss":0.0,"gold_gain":0.0,"event_name":"Back to Basics","player_choice":"Simplicity","floor":22.0,"gold_loss":0.0,"damage_taken":0.0,"cards_upgraded":["Strike_R","Strike_R","Strike_R","Defend_R","Defend_R","Defend_R","Defend_R"]},{"damage_healed":0.0,"max_hp_gain":0.0,"max_hp_loss":0.0,"gold_gain":0.0,"event_name":"The Mausoleum","player_choice":"Ignored","floor":28.0,"gold_loss":0.0,"damage_taken":0.0},{"damage_healed":0.0,"max_hp_gain":0.0,"max_hp_loss":0.0,"gold_gain":100.0,"event_name":"Golden Shrine","player_choice":"Pray","floor":36.0,"gold_loss":0.0,"damage_taken":0.0},{"cards_removed":["Defend_R"],"damage_healed":0.0,"max_hp_gain":0.0,"max_hp_loss":0.0,"gold_gain":0.0,"event_name":"Falling","player_choice":"Removed Skill","floor":38.0,"gold_loss":0.0,"damage_taken":0.0}],"is_beta":false,"boss_relics":[{"not_picked":["Busted Crown","Runic Cube"],"picked":"Cursed Key"},{"not_picked":["SacredBark","Velvet Choker"],"picked":"Snecko Eye"}],"items_purged_floors":[2,46],"is_endless":false,"potions_floor_spawned":[1,4,14,16,18,29,31,39,42,44,45,47],"ascension_level":3}}