{"host":"7qoz5gmva6til3yp","time":1610869800,"event":{"mods":["AchievementEnabler","BaseMod","Minty Spire (QoL Compilation)","Replay The Spire","StSLib","SuperFastMode"],"gold_per_floor":[117,117,117,132,76,104,114,85,139,151,151,182,241,275,275,353,353,373,405,381,381,30,59,59,85,85,85,85,98,98,98,98],"floor_reached":31,"language":"KOR","playtime":922,"items_purged":["Clothesline","Defend_R"],"score":597,"play_id":"67337107-5fcb-493d-bc77-dda59d23da55","local_time":"20210117165000","is_ascension_mode":true,"campfire_choices":[{"data":"Seeing Red","floor":11.0,"key":"SMITH"},{"data":"Heavy Blade","floor":15.0,"key":"SMITH"},{"data":"Seeing Red","floor":24.0,"key":"SMITH"}],"circlet_count":0,"master_deck":["AscendersBane","Strike_R","Strike_R+1","Defend_R","Defend_R","Bash","Replay:Undeath\u0027s Touch","Demon Form+1","Seeing Red+1","Heavy Blade+1","Sword Boomerang","Pommel Strike+1","Reaper","Power Through","Seeing Red+1","Rage","Twin Strike"],"relics":["Burning Blood","NeowsBlessing","Blue Doll","Omamori","Tiny Chest","Mango","Bag of Marbles","Empty Cage","Red Mask","Lantern","Pet Ghost","Chameleon Ring","Whetstone","Peace Pipe"],"acts_visited":["Exordium","TheCity"],"potions_floor_usage":[],"damage_taken":[{"damage":0.0,"enemies":"2 Louse","floor":1.0,"turns":1.0},{"damage":0.0,"enemies":"Jaw Worm","floor":4.0,"turns":1.0},{"damage":0.0,"enemies":"Lagavulin","floor":6.0,"turns":1.0},{"damage":9.0,"enemies":"Small Slimes","floor":7.0,"turns":4.0},{"damage":12.0,"enemies":"Looter","floor":10.0,"turns":3.0},{"damage":25.0,"enemies":"3 Sentries","floor":12.0,"turns":5.0},{"damage":50.0,"enemies":"3 Sentries","floor":13.0,"turns":7.0},{"damage":25.0,"enemies":"Lagavulin","floor":14.0,"turns":6.0},{"damage":31.0,"enemies":"Hexaghost","floor":16.0,"turns":5.0},{"damage":28.0,"enemies":"Spheric Guardian","floor":18.0,"turns":5.0},{"damage":65.0,"enemies":"Masked Bandits","floor":19.0,"turns":6.0},{"damage":23.0,"enemies":"2 Thieves","floor":20.0,"turns":4.0},{"damage":155.0,"enemies":"Gremlin Leader","floor":23.0,"turns":8.0},{"damage":39.0,"enemies":"Book of Stabbing","floor":25.0,"turns":4.0},{"damage":45,"enemies":"Snake Plant","floor":29,"turns":5},{"damage":102,"enemies":"Gremlin Leader","floor":31,"turns":6}],"seed_played":"6610273575314836783","potions_obtained":[{"floor":4.0,"key":"Explosive Potion"},{"floor":13.0,"key":"Dexterity Potion"},{"floor":14.0,"key":"AttackPotion"},{"floor":25.0,"key":"Block Potion"}],"is_trial":false,"path_per_floor":["M","?","?","M","$","E","M","$","T","M","R","E","?","E","R","B",null,"M","?","M","?","$","E","R","E","T","T","?","M","?","E"],"character_chosen":"IRONCLAD","items_purchased":["Clothesline","Sword Boomerang","Rage","Lantern"],"campfire_rested":0,"item_purchase_floors":[5,8,22,22],"current_hp_per_floor":[74,74,74,75,75,75,72,72,72,66,66,47,17,48,48,23,73,51,42,33,33,33,47,47,14,14,14,14,25,25,0,0],"gold":98,"neow_bonus":"THREE_ENEMY_KILL","is_daily":false,"chose_seed":false,"campfire_upgraded":3,"win_rate":0.0,"timestamp":1610869800,"path_taken":["M","?","?","M","$","E","M","$","T","M","R","E","?","E","R","BOSS","M","?","M","?","$","E","R","E","T","?","?","?","?","E"],"items_purchased_type":["Card","Card","Card","Relic"],"build_version":"2020-12-22","purchased_purges":2,"victory":false,"max_hp_per_floor":[75,75,75,75,75,75,75,75,75,75,75,75,89,89,89,89,89,89,89,89,89,89,89,89,89,89,89,89,89,89,89,89],"card_choices":[{"not_picked":["Sentinel","Sword Boomerang"],"picked":"Replay:Undeath\u0027s Touch","floor":1.0},{"not_picked":["ReplayTheSpireMod:Stacked","Shrug It Off"],"picked":"Seeing Red","floor":4.0},{"not_picked":["Spot Weakness","Massacre"],"picked":"Heavy Blade","floor":6.0},{"not_picked":["Entrench","Replay:Undeath\u0027s Touch"],"picked":"Cleave","floor":7.0},{"not_picked":["True Grit","ReplayTheSpireMod:Strike From Hell","Life Link"],"picked":"SKIP","floor":10.0},{"not_picked":["Run Through","Dark Embrace"],"picked":"Pommel Strike","floor":12.0},{"not_picked":["Demon Form","Flex","Clothesline"],"picked":"SKIP","floor":14.0},{"not_picked":["Barricade","Eclipse"],"picked":"Reaper","floor":16.0},{"not_picked":["Pommel Strike+1","Warcry"],"picked":"Power Through","floor":18.0},{"not_picked":["Whirlwind","Life Link+1"],"picked":"Seeing Red","floor":19.0},{"not_picked":["Body Slam+1","Clash","ReplayTheSpireMod:Corrosion Curse"],"picked":"SKIP","floor":20.0},{"not_picked":["Dark Embrace","Warcry","Uppercut"],"picked":"SKIP","floor":23.0},{"not_picked":["ReplayTheSpireMod:Stacked","Body Slam","Carnage"],"picked":"SKIP","floor":25.0},{"not_picked":["Replay:Undeath\u0027s Touch","Wild Strike"],"picked":"Twin Strike","floor":29}],"player_experience":370295,"relics_obtained":[{"floor":6.0,"key":"Blue Doll"},{"floor":9.0,"key":"Omamori"},{"floor":12.0,"key":"Tiny Chest"},{"floor":14.0,"key":"Bag of Marbles"},{"floor":19.0,"key":"Red Mask"},{"floor":23.0,"key":"Pet Ghost"},{"floor":25.0,"key":"Chameleon Ring"},{"floor":26.0,"key":"Whetstone"},{"floor":27.0,"key":"Peace Pipe"}],"event_choices":[{"damage_healed":0.0,"max_hp_gain":0.0,"max_hp_loss":0.0,"gold_gain":0.0,"cards_transformed":["Defend_R"],"event_name":"Living Wall","player_choice":"Change","floor":3.0,"gold_loss":0.0,"damage_taken":0.0,"cards_obtained":["Abandon"]},{"damage_healed":0.0,"max_hp_gain":0.0,"max_hp_loss":0.0,"gold_gain":0.0,"event_name":"Dead Adventurer","player_choice":"Searched \u00272\u0027 times","floor":13.0,"gold_loss":0.0,"damage_taken":0.0,"relics_obtained":["Mango"]},{"damage_healed":0.0,"max_hp_gain":0.0,"max_hp_loss":0.0,"gold_gain":0.0,"event_name":"Masked Bandits","player_choice":"Fought Bandits","floor":19.0,"gold_loss":0.0,"damage_taken":0.0},{"cards_removed":["Strike_R"],"damage_healed":0.0,"max_hp_gain":0.0,"max_hp_loss":0.0,"gold_gain":0.0,"event_name":"Purifier","player_choice":"Purged","floor":21.0,"gold_loss":0.0,"damage_taken":0.0},{"cards_removed":["Strike_R"],"damage_healed":0,"gold_gain":0,"player_choice":"Purged","damage_taken":0,"max_hp_gain":0,"max_hp_loss":0,"event_name":"Purifier","floor":28,"gold_loss":0}],"is_beta":false,"boss_relics":[{"not_picked":["Replay:Drink Me","Snecko Eye"],"picked":"Empty Cage"}],"items_purged_floors":[8,22],"is_endless":false,"potions_floor_spawned":[4,13,14,25],"killed_by":"Gremlin Leader","ascension_level":18}}