{"host":"mydft8i2zzydgggw","time":1610845446,"event":{"mods":["AchievementEnabler","BaseMod","BetterRewards","Colored Map","Colored Powertips","DeckTracker","Keyboard Shortcuts","Minty Spire (QoL Compilation)","Rare Cards Sparkle","StSLib","SuperFastMode","everything is the same but u backflip on backflip"],"gold_per_floor":[112,112,122,122,82,82,101,118,143,143,68,18,18,18,18,18,18],"floor_reached":16,"language":"KOR","playtime":200,"items_purged":["Strike_B"],"score":132,"play_id":"26680432-05e0-4aaf-9a4a-0895fe6e8a25","local_time":"20210117100406","is_ascension_mode":true,"campfire_choices":[{"data":"Zap","floor":6,"key":"SMITH"},{"data":"Glacier","floor":10,"key":"SMITH"},{"data":"Coolheaded","floor":13,"key":"SMITH"},{"data":"Dualcast","floor":15,"key":"SMITH"}],"circlet_count":0,"master_deck":["AscendersBane","Strike_B","Defend_B","Defend_B","Defend_B","Defend_B","Zap+1","Dualcast+1","Coolheaded+1","Glacier+1"],"relics":["Cracked Core","Juzu Bracelet","Gremlin Horn"],"acts_visited":["Exordium"],"potions_floor_usage":[8],"damage_taken":[{"damage":1,"enemies":"2 Louse","floor":1,"turns":2},{"damage":2,"enemies":"Jaw Worm","floor":3,"turns":4},{"damage":1,"enemies":"Cultist","floor":7,"turns":3},{"damage":20,"enemies":"Exordium Thugs","floor":8,"turns":7},{"damage":15,"enemies":"Hexaghost","floor":16,"turns":9}],"seed_played":"4726691424032604575","potions_obtained":[{"floor":1,"key":"Ancient Potion"},{"floor":5,"key":"Explosive Potion"},{"floor":5,"key":"PotionOfCapacity"},{"floor":5,"key":"FairyPotion"}],"is_trial":false,"path_per_floor":["M","?","M","?","?","R","M","M","T","R","$","?","R","T","R","B"],"character_chosen":"DEFECT","items_purchased":[],"campfire_rested":0,"item_purchase_floors":[],"current_hp_per_floor":[67,60,58,63,63,63,62,42,42,42,42,42,42,42,42,27,27],"gold":18,"neow_bonus":"THREE_CARDS","is_daily":false,"chose_seed":false,"campfire_upgraded":4,"win_rate":0.0,"timestamp":1610845446,"path_taken":["M","?","M","?","?","R","?","M","T","R","?","?","R","?","R","BOSS"],"items_purchased_type":[],"build_version":"2020-12-22","purchased_purges":1,"victory":false,"max_hp_per_floor":[75,75,75,80,80,80,80,80,80,80,80,80,80,80,80,80,80],"card_choices":[{"not_picked":["Steam","Fusion"],"picked":"Coolheaded","floor":0},{"not_picked":["Fusion","Self Repair","Auto Shields"],"picked":"SKIP","floor":1},{"not_picked":["Steam","Streamline"],"picked":"Glacier","floor":3},{"not_picked":["Reprogram","Streamline","Compile Driver"],"picked":"SKIP","floor":7},{"not_picked":["Chaos","Compile Driver","Stack"],"picked":"SKIP","floor":8}],"player_experience":181351,"relics_obtained":[{"floor":9,"key":"Juzu Bracelet"},{"floor":14,"key":"Gremlin Horn"}],"event_choices":[{"cards_removed":["Strike_B"],"damage_healed":0,"gold_gain":0,"player_choice":"Card Removal","damage_taken":7,"max_hp_gain":0,"max_hp_loss":0,"event_name":"Golden Wing","floor":2,"gold_loss":0},{"damage_healed":0,"gold_gain":0,"player_choice":"Donut","damage_taken":0,"max_hp_gain":5,"max_hp_loss":0,"event_name":"Big Fish","floor":4,"gold_loss":0},{"damage_healed":0,"gold_gain":0,"player_choice":"Bought 3 Potions","damage_taken":0,"max_hp_gain":0,"max_hp_loss":0,"event_name":"The Woman in Blue","floor":5,"gold_loss":0},{"cards_removed":["Strike_B"],"damage_healed":0,"gold_gain":0,"player_choice":"Card Removal","damage_taken":0,"max_hp_gain":0,"max_hp_loss":0,"event_name":"The Cleric","floor":12,"gold_loss":50}],"is_beta":false,"boss_relics":[],"items_purged_floors":[11],"is_endless":false,"potions_floor_spawned":[1],"killed_by":"Hexaghost","ascension_level":10}}