{"host":"f5mjulaw5aqlqmd7","time":1610917818,"event":{"mods":["Act Like it!","BaseMod","Colored Map","GifTheSpireLib","Hallownest","Minty Spire (QoL Compilation)","StSLib"],"gold_per_floor":[109,120,138,138,46,46,46,115,140,158,182,2,22,22,22,147,210,231,141,141],"floor_reached":19,"language":"ENG","playtime":1319,"items_purged":[],"score":159,"play_id":"41eae16a-86b7-4483-aeb5-a1dad22fc38b","local_time":"20210117161018","is_ascension_mode":false,"campfire_choices":[{"data":"Backstab","floor":6,"key":"SMITH"},{"data":"Deadly Poison","floor":15,"key":"SMITH"}],"circlet_count":0,"master_deck":["Strike_G","Strike_G","Strike_G","Strike_G","Strike_G","Defend_G+1","Defend_G","Defend_G","Defend_G","Defend_G","Survivor","Neutralize","Backstab+1","Deadly Poison+1","Escape Plan","Slice","Tactician","Acrobatics","Dash","Blade Dance","Slice","Quick Slash","Terror","Slice","Envenom","All Out Attack","Deflect"],"relics":["Ring of the Snake","NeowsBlessing","Golden Idol","Toy Ornithopter","Tiny House"],"acts_visited":["Exordium","TheCity"],"potions_floor_usage":[10],"damage_taken":[{"damage":0,"enemies":"Small Slimes","floor":1,"turns":1},{"damage":0,"enemies":"2 Louse","floor":2,"turns":1},{"damage":0,"enemies":"Cultist","floor":3,"turns":1},{"damage":5,"enemies":"Looter","floor":10,"turns":3},{"damage":1,"enemies":"Red Slaver","floor":11,"turns":4},{"damage":5,"enemies":"Large Slime","floor":13,"turns":6},{"damage":45,"enemies":"Hexaghost","floor":16,"turns":10},{"damage":47,"enemies":"3 Byrds","floor":18,"turns":7},{"damage":33,"enemies":"2 Thieves","floor":19,"turns":3}],"seed_played":"-3704726218850412389","potions_obtained":[{"floor":1,"key":"Strength Potion"},{"floor":2,"key":"ColorlessPotion"},{"floor":11,"key":"Fire Potion"},{"floor":13,"key":"AttackPotion"}],"is_trial":false,"path_per_floor":["M","M","M","?","$","R","?","?","T","M","M","$","M","?","R","B",null,"M","M"],"character_chosen":"THE_SILENT","items_purchased":["Slice","Tactician","Blade Dance","Slice","Quick Slash","Terror"],"campfire_rested":0,"item_purchase_floors":[5,5,12,12,12,12],"current_hp_per_floor":[70,70,70,65,65,65,65,65,65,65,64,64,59,64,64,19,75,28,0,0],"gold":141,"neow_bonus":"THREE_ENEMY_KILL","is_daily":false,"chose_seed":false,"campfire_upgraded":2,"win_rate":0.0,"timestamp":1610917818,"path_taken":["M","M","M","?","$","R","?","?","T","M","M","$","M","?","R","BOSS","M","M"],"items_purchased_type":["Card","Card","Card","Card","Card","Card"],"build_version":"2020-12-22","purchased_purges":0,"victory":false,"max_hp_per_floor":[70,70,70,65,65,65,65,65,65,65,65,65,65,70,70,70,75,75,75,75],"card_choices":[{"not_picked":["PiercingWail","Dodge and Roll"],"picked":"Backstab","floor":1},{"not_picked":["Choke","PiercingWail"],"picked":"Deadly Poison","floor":2},{"not_picked":["Backflip","Quick Slash"],"picked":"Escape Plan","floor":3},{"not_picked":["Calculated Gamble","Caltrops"],"picked":"Acrobatics","floor":10},{"not_picked":["Eviscerate","PiercingWail"],"picked":"Dash","floor":11},{"not_picked":["Backflip","Flying Knee"],"picked":"Slice","floor":13},{"not_picked":["Doppelganger","Die Die Die"],"picked":"Envenom","floor":16},{"not_picked":["Dagger Throw","Caltrops"],"picked":"All Out Attack","floor":17},{"not_picked":["Dash","Acrobatics+1"],"picked":"Deflect","floor":18}],"player_experience":3276,"relics_obtained":[{"floor":9,"key":"Toy Ornithopter"}],"event_choices":[{"damage_healed":0,"gold_gain":0,"player_choice":"Lose Max HP","damage_taken":0,"relics_obtained":["Golden Idol"],"max_hp_gain":0,"max_hp_loss":5,"event_name":"Golden Idol","floor":4,"gold_loss":0},{"damage_healed":0,"gold_gain":0,"player_choice":"Ignored","damage_taken":0,"max_hp_gain":0,"max_hp_loss":0,"event_name":"Liars Game","floor":7,"gold_loss":0},{"damage_healed":0,"gold_gain":69,"player_choice":"Gained Gold","damage_taken":0,"max_hp_gain":0,"max_hp_loss":0,"event_name":"Golden Wing","floor":8,"gold_loss":0},{"damage_healed":0,"gold_gain":0,"player_choice":"Donut","damage_taken":0,"max_hp_gain":5,"max_hp_loss":0,"event_name":"Big Fish","floor":14,"gold_loss":0}],"is_beta":false,"boss_relics":[{"not_picked":["Runic Pyramid","Busted Crown"],"picked":"Tiny House"}],"items_purged_floors":[],"is_endless":false,"potions_floor_spawned":[1,2,11,13,16],"killed_by":"2 Thieves","ascension_level":0}}