{"host":"lck2g1j0kcwr02ez","time":1610860016,"event":{"mods":["BaseMod","CapriCore","Hermit","Jorbs\u0027s Wanderer Trilogy","Marisa£®ÏF”Í°°ƒß¿Ì…≥£©","Minty Spire (QoL Compilation)","Rare Cards Sparkle","StSLib","The Alterego","The Hierophant"],"gold_per_floor":[110,110,110,134,147,147,170,9105,9105,9105,9130,9130,7760,7776,7776,7895,7895,7913,6768,6787,6787,6702,6702,6721,6721,6721,6761,6039,6039,6080,6096,6096,6227,6227,6245,6266,5456,4381,4381,4420,3515,6666,6742,6786,6786,6786,6852,6852,6852,6852,6852,6852,5883,5917,5917],"floor_reached":56,"language":"ZHS","playtime":3179,"items_purged":["Strike_MRS","Strike_MRS","Defend_MRS","Strike_MRS","Defend_MRS","Defend_MRS","MasterSpark","DarkSpark"],"score":1698,"play_id":"76ef7dcf-4021-4d6d-b340-fdaa837e815f","local_time":"20210117130656","is_ascension_mode":true,"campfire_choices":[{"floor":6.0,"key":"RECALL"},{"data":"Apotheosis","floor":15.0,"key":"SMITH"},{"data":"EscapeVelocity","floor":23.0,"key":"SMITH"},{"data":"Master of Strategy","floor":32.0,"key":"SMITH"},{"data":"J.A.X.","floor":45,"key":"SMITH"},{"data":"Singularity","floor":49,"key":"SMITH"},{"data":"TreasureHunter","floor":52,"key":"PURGE"}],"circlet_count":0,"master_deck":["UpSweep","ManaConvection","WitchLeyline","SporeBomb","Master of Strategy+1","OortCloud","WitchLeyline","EscapeVelocity+1","WitchLeyline","Apotheosis+1","CollectingQuirk","Blind","StarlightTyphoon","Singularity+1","DarkMatter","Master of Strategy","StarlightTyphoon","MagicAbsorber","WitchLeyline","J.A.X.+1","WitchLeyline","SuperNova+1","ShootingEcho","Madness","ShootingEcho","JA","Orbital+1","MilkyWay","MilkyWay","Impatience","PowerUp","PowerUp","EventHorizon","WitchLeyline","SuperNova+1","Finesse","Singularity","GravityBeat+1","EscapeVelocity","MilkyWay","GasGiant+1"],"relics":["MiniHakkero","NeowsBlessing","Golden Idol","OrangePellets","Omamori","Ornamental Fan","Shuriken","ClockworkSouvenir","Juzu Bracelet","Bottled Flame","Philosopher\u0027s Stone","Bag of Marbles","Akabeko","Frozen Eye","Mummified Hand","Nunchaku","Bag of Preparation","WingedGreaves","ShroomBag","FossilizedHelix","Matryoshka","Mercury Hourglass","Sozu","Boot","Toy Ornithopter","SimpleLauncher","Medical Kit","MagicBroom","Peace Pipe","Dream Catcher","Eternal Feather","Orichalcum","Singing Bowl","HandDrill","Red Mask","Strawberry","Smiling Mask","Unceasing Top","StrikeDummy","Pocketwatch","Orrery","InkBottle"],"acts_visited":["Exordium","TheCity","TheBeyond","TheEnding"],"potions_floor_usage":[],"damage_taken":[{"damage":0.0,"enemies":"Jaw Worm","floor":1.0,"turns":1.0},{"damage":0.0,"enemies":"2 Louse","floor":4.0,"turns":1.0},{"damage":0.0,"enemies":"Small Slimes","floor":5.0,"turns":1.0},{"damage":12.0,"enemies":"Looter","floor":7.0,"turns":3.0},{"damage":11.0,"enemies":"3 Louse","floor":11.0,"turns":3.0},{"damage":0.0,"enemies":"Gremlin Gang","floor":14.0,"turns":2.0},{"damage":22.0,"enemies":"Hexaghost","floor":16.0,"turns":4.0},{"damage":10.0,"enemies":"Chosen","floor":18.0,"turns":3.0},{"damage":20.0,"enemies":"3 Byrds","floor":20.0,"turns":4.0},{"damage":0.0,"enemies":"3 Cultists","floor":24.0,"turns":2.0},{"damage":24.0,"enemies":"Book of Stabbing","floor":27.0,"turns":3.0},{"damage":3.0,"enemies":"Gremlin Leader","floor":30.0,"turns":3.0},{"damage":0.0,"enemies":"Centurion and Healer","floor":31.0,"turns":1.0},{"damage":3.0,"enemies":"Champ","floor":33.0,"turns":3.0},{"damage":14,"enemies":"3 Darklings","floor":35,"turns":2},{"damage":0,"enemies":"3 Shapes","floor":36,"turns":1},{"damage":31,"enemies":"Nemesis","floor":40,"turns":5},{"damage":0,"enemies":"Giant Head","floor":44,"turns":2},{"damage":15,"enemies":"2 Orb Walkers","floor":47,"turns":2},{"damage":3,"enemies":"Awakened One","floor":50,"turns":4},{"damage":0,"enemies":"Shield and Spear","floor":54,"turns":1},{"damage":35,"enemies":"The Heart","floor":55,"turns":4}],"seed_played":"8938329075195282233","potions_obtained":[{"floor":1.0,"key":"FearPotion"},{"floor":7.0,"key":"Regen Potion"},{"floor":18.0,"key":"GamblersBrew"},{"floor":24.0,"key":"SneckoOil"},{"floor":27.0,"key":"Strength Potion"},{"floor":31.0,"key":"Strength Potion"}],"is_trial":false,"path_per_floor":["M","?","?","M","M","R","M","$","T","?","M","?","$","M","R","B",null,"M","$","M","?","?","R","M","?","T","E","$","?","E","M","R","B",null,"M","M","$","$","?","E","$","?","T","E","R","?","?","?","R","B",null,"R","$","E","B",null],"character_chosen":"MARISA","items_purchased":["ColorlessPotion","OrangePellets","Omamori","Ornamental Fan","Master of Strategy","OortCloud","EscapeVelocity","WitchLeyline","ClockworkSouvenir","Juzu Bracelet","Apotheosis","CollectingQuirk","Bottled Flame","StarNLove","Blind","StarlightTyphoon","Bag of Marbles","Akabeko","Frozen Eye","Master of Strategy","StarlightTyphoon","ShroomBrew","Fruit Juice","SteroidPotion","MagicAbsorber","ShroomBag","FossilizedHelix","ShootingEcho","Madness","Boot","Toy Ornithopter","SimpleLauncher","MilkyWay","Medical Kit","MagicBroom","Peace Pipe","MilkyWay","Impatience","Orichalcum","Singing Bowl","HandDrill","PowerUp","EventHorizon","StrikeDummy","Pocketwatch","Finesse","Singularity","Orrery","MilkyWay"],"campfire_rested":0,"item_purchase_floors":[8,8,8,8,8,8,13,13,13,13,13,13,13,13,13,13,19,19,19,19,19,19,19,19,19,28,28,28,28,37,37,37,37,38,38,38,38,38,41,41,41,41,41,53,53,53,53,53,53],"current_hp_per_floor":[75,80,60,60,60,60,48,48,48,48,37,37,37,37,37,15,80,70,75,55,55,55,55,55,55,55,31,31,31,28,28,28,25,85,71,71,71,71,71,40,40,40,47,49,70,70,55,55,76,73,94,94,100,100,65],"gold":5917,"neow_bonus":"THREE_ENEMY_KILL","is_daily":false,"chose_seed":false,"campfire_upgraded":5,"win_rate":0.0,"timestamp":1610860016,"path_taken":["M","?","?","M","M","R","M","$","T","?","M","?","$","M","R","BOSS","M","$","M","?","?","R","M","?","T","E","$","?","E","M","R","BOSS","M","M","$","$","?","E","$","?","T","E","R","?","?","?","R","BOSS","R","$","E","BOSS"],"items_purchased_type":["Potion","Relic","Relic","Relic","Card","Card","Card","Card","Relic","Relic","Card","Card","Relic","Potion","Card","Card","Relic","Relic","Relic","Card","Card","Potion","Potion","Potion","Card","Relic","Relic","Card","Card","Relic","Relic","Relic","Card","Relic","Relic","Relic","Card","Card","Relic","Relic","Relic","Card","Card","Relic","Relic","Card","Card","Relic","Card"],"build_version":"2020-12-22","purchased_purges":8,"victory":true,"max_hp_per_floor":[75,80,80,80,80,80,80,80,80,80,80,80,80,80,80,80,80,80,85,85,85,85,85,85,85,85,85,85,85,85,85,85,85,85,85,85,85,85,85,85,85,85,92,94,94,94,94,94,94,94,94,94,100,100,100],"card_choices":[{"not_picked":["OpenUniverse","ShootingEcho"],"picked":"ManaConvection","floor":1.0},{"not_picked":["NonDirectionalLaser","PowerUp"],"picked":"WitchLeyline","floor":4.0},{"not_picked":["SuperPerseids","WitchOfGreed"],"picked":"SporeBomb","floor":5.0},{"not_picked":["SporeBomb","MachineGunSpark","RefractionSpark"],"picked":"SKIP","floor":7.0},{"not_picked":["6A","GrandCross"],"picked":"WitchLeyline","floor":11.0},{"not_picked":["DeepEcoloBomb","DragonMeteor"],"picked":"Singularity","floor":14.0},{"not_picked":["CasketOfStar","CollectingQuirk"],"picked":"TreasureHunter","floor":16.0},{"not_picked":["Acceleration","MilkyWay"],"picked":"DarkMatter","floor":18.0},{"not_picked":["OneTimeOff","OrrerysSun"],"picked":"WitchLeyline","floor":20.0},{"not_picked":["DoubleSpark","UnstableBomb"],"picked":"WitchLeyline","floor":24.0},{"not_picked":["WitchLeyline","FairyDestructionRay"],"picked":"SuperNova","floor":27.0},{"not_picked":["PowerUp","DC"],"picked":"ShootingEcho","floor":30.0},{"not_picked":["UnstableBomb+1","DoubleSpark","6A"],"picked":"SKIP","floor":31.0},{"not_picked":["AbsoluteMagnitude","BinaryStars"],"picked":"JA","floor":33.0},{"not_picked":["ChargeUpSpray","MysteriousBeam"],"picked":"Orbital+1","floor":35},{"not_picked":["OneTimeOff","Acceleration","Robbery"],"picked":"SKIP","floor":36},{"not_picked":["GravityBeat","Robbery+1"],"picked":"PowerUp","floor":40},{"not_picked":["MysteriousBeam","6A+1","UnstableBomb+1"],"picked":"Singing Bowl","floor":44},{"not_picked":["ShootTheMoon","6A"],"picked":"WitchLeyline","floor":47},{"not_picked":["CasketOfStar","GalacticHalo+1","DeepEcoloBomb"],"picked":"Singing Bowl","floor":53},{"not_picked":["DoubleSpark","GalacticHalo"],"picked":"GravityBeat+1","floor":53},{"not_picked":["ManaConvection","EnergyFlow+1"],"picked":"EscapeVelocity","floor":53},{"not_picked":["SporeBomb","UnstableBomb+1","OpenUniverse"],"picked":"Singing Bowl","floor":53},{"not_picked":["DoubleSpark+1","IllusionStar+1","Acceleration"],"picked":"Singing Bowl","floor":53},{"not_picked":["WitchOfGreed","ManaConvection+1"],"picked":"GasGiant+1","floor":54}],"player_experience":290474,"relics_obtained":[{"floor":9.0,"key":"Shuriken"},{"floor":26.0,"key":"Nunchaku"},{"floor":27.0,"key":"Bag of Preparation"},{"floor":27.0,"key":"WingedGreaves"},{"floor":30.0,"key":"Matryoshka"},{"floor":30.0,"key":"Mercury Hourglass"},{"floor":40,"key":"Dream Catcher"},{"floor":40,"key":"Eternal Feather"},{"floor":43,"key":"Strawberry"},{"floor":44,"key":"Smiling Mask"},{"floor":47,"key":"Unceasing Top"},{"floor":54,"key":"InkBottle"}],"event_choices":[{"damage_healed":0.0,"max_hp_gain":5.0,"max_hp_loss":0.0,"gold_gain":0.0,"event_name":"Big Fish","player_choice":"Donut","floor":2.0,"gold_loss":0.0,"damage_taken":0.0},{"damage_healed":0.0,"max_hp_gain":0.0,"max_hp_loss":0.0,"gold_gain":0.0,"event_name":"Golden Idol","player_choice":"Take Damage","floor":3.0,"gold_loss":0.0,"damage_taken":20.0,"relics_obtained":["Golden Idol"]},{"damage_healed":0.0,"max_hp_gain":0.0,"max_hp_loss":0.0,"gold_gain":0.0,"cards_transformed":["Defend_MRS"],"event_name":"Living Wall","player_choice":"Change","floor":10.0,"gold_loss":0.0,"damage_taken":0.0,"cards_obtained":["DarkSpark"]},{"damage_healed":0.0,"max_hp_gain":0.0,"max_hp_loss":0.0,"gold_gain":0.0,"event_name":"Liars Game","player_choice":"Ignored","floor":12.0,"gold_loss":0.0,"damage_taken":0.0},{"damage_healed":0.0,"max_hp_gain":0.0,"max_hp_loss":0.0,"gold_gain":0.0,"event_name":"Drug Dealer","player_choice":"Obtain J.A.X.","floor":21.0,"gold_loss":0.0,"damage_taken":0.0,"cards_obtained":["J.A.X."]},{"damage_healed":0.0,"max_hp_gain":0.0,"max_hp_loss":0.0,"gold_gain":0.0,"event_name":"Addict","player_choice":"Obtained Relic","floor":22.0,"gold_loss":85.0,"damage_taken":0.0,"relics_obtained":["Mummified Hand"]},{"damage_healed":0.0,"max_hp_gain":0.0,"max_hp_loss":0.0,"gold_gain":0.0,"event_name":"Ghosts","player_choice":"Ignored","floor":25.0,"gold_loss":0.0,"damage_taken":0.0},{"damage_healed":0.0,"max_hp_gain":0.0,"max_hp_loss":0.0,"gold_gain":0.0,"event_name":"Accursed Blacksmith","player_choice":"Forge","floor":29.0,"gold_loss":0.0,"damage_taken":0.0,"cards_upgraded":["SuperNova"]},{"cards_removed":["Strike_MRS"],"damage_healed":0,"gold_gain":0,"player_choice":"Removed Attack","damage_taken":0,"max_hp_gain":0,"max_hp_loss":0,"event_name":"Falling","floor":39,"gold_loss":0},{"damage_healed":0,"gold_gain":0,"player_choice":"Paid","damage_taken":0,"relics_obtained":["Red Mask"],"max_hp_gain":0,"max_hp_loss":0,"event_name":"Tomb of Lord Red Mask","floor":42,"gold_loss":3515},{"damage_healed":0,"gold_gain":0,"player_choice":"Ignored","damage_taken":0,"max_hp_gain":0,"max_hp_loss":0,"event_name":"The Moai Head","floor":46,"gold_loss":0},{"damage_healed":0,"gold_gain":0,"player_choice":"Fight","damage_taken":0,"max_hp_gain":0,"max_hp_loss":0,"event_name":"Mysterious Sphere","floor":47,"gold_loss":0},{"damage_healed":0,"gold_gain":0,"player_choice":"Copied","damage_taken":0,"max_hp_gain":0,"max_hp_loss":0,"event_name":"Duplicator","floor":48,"gold_loss":0,"cards_obtained":["SuperNova"]}],"is_beta":false,"boss_relics":[{"not_picked":["Pandora\u0027s Box","ExperimentalFamiliar"],"picked":"Philosopher\u0027s Stone"},{"not_picked":["Snecko Eye","Empty Cage"],"picked":"Sozu"}],"items_purged_floors":[8,13,19,28,37,38,41,53],"is_endless":false,"potions_floor_spawned":[1,7,16,18,24,27,31,33,35,36,54],"ascension_level":3}}