{"host":"51f0ad793vly1w6u","time":1610858093,"event":{"mods":["BaseMod","Colored Map","DeckTracker","Minty Spire (QoL Compilation)","Replay The Spire","StSLib","SuperFastMode"],"gold_per_floor":[114,190,540,451,466,466,416,431,485,497,497,497,497,51,87,110,110,212,212,212,212,226,264,285,338,362,374,374],"floor_reached":27,"language":"KOR","playtime":885,"items_purged":[],"score":262,"play_id":"8e8363fe-5b0b-4862-b252-307849b67e35","local_time":"20210117133453","is_ascension_mode":false,"campfire_choices":[{"data":"ReplayTheSpireMod:Corrosion Curse","floor":6,"key":"SMITH"}],"circlet_count":0,"master_deck":["Strike_R","Strike_R","Strike_R","Strike_R","Strike_R","Defend_R","Defend_R","Defend_R","Defend_R","Bash","Blood for Blood","ReplayTheSpireMod:Corrosion Curse+1","Shrug It Off","Flame Barrier","Twin Strike","ReplayTheSpireMod:Stacked","Inflame+1","ReplayTheSpireMod:Doomed","Limit Break+1","Writhe","Exhume","Whirlwind","Shrug It Off","Flex+1","Parasite","Hemogenesis","Armaments+1"],"relics":["Burning Blood","MealTicket","Ring of Hypnosis","Ring of Greed","Old Coin","Blue Doll","Art of War","Ancient Tea Set","Replay:Bandana","Garlic","Replay:Arrowhead","Painkiller Herb","ReplayTheSpireMod:Spearhead"],"acts_visited":["Exordium","TheCity"],"potions_floor_usage":[15,15,18,18,18,23,25],"damage_taken":[{"damage":16,"enemies":"2 Louse","floor":1,"turns":3},{"damage":17,"enemies":"Small Slimes","floor":4,"turns":4},{"damage":14,"enemies":"Jaw Worm","floor":5,"turns":4},{"damage":14,"enemies":"Large Slime","floor":8,"turns":10},{"damage":0,"enemies":"Blue Slaver","floor":10,"turns":3},{"damage":0,"enemies":"Lagavulin","floor":15,"turns":4},{"damage":0,"enemies":"2 Fungi Beasts","floor":16,"turns":3},{"damage":28,"enemies":"Fading Forest","floor":18,"turns":11},{"damage":8,"enemies":"2 Thieves","floor":20,"turns":4},{"damage":16,"enemies":"Spheric Guardian","floor":22,"turns":5},{"damage":4,"enemies":"Shelled Parasite and Fungi","floor":23,"turns":7},{"damage":22,"enemies":"Snecko","floor":24,"turns":6},{"damage":48,"enemies":"Slavers","floor":25,"turns":4},{"damage":8,"enemies":"3 Cultists","floor":26,"turns":5},{"damage":20,"enemies":"Sentry and Sphere","floor":27,"turns":3}],"seed_played":"5252321330985195538","potions_obtained":[{"floor":4,"key":"Energy Potion"},{"floor":5,"key":"DuplicationPotion"},{"floor":16,"key":"Block Potion"},{"floor":17,"key":"SpeedPotion"},{"floor":17,"key":"Ancient Potion"},{"floor":18,"key":"Dexterity Potion"},{"floor":22,"key":"Venom Potion"},{"floor":23,"key":"SpeedPotion"},{"floor":24,"key":"LiquidBronze"}],"is_trial":false,"path_per_floor":["M","?","?","M","M","R","?","M","T","M","PTL","PTL","?","$","E","M","R_BF","B",null,"?","?","?","?","?","E","?","?"],"character_chosen":"IRONCLAD","items_purchased":["Inflame+1","Replay:Bandana","Garlic"],"campfire_rested":0,"item_purchase_floors":[14,14,14],"current_hp_per_floor":[75,54,54,43,35,35,35,27,27,33,33,33,15,30,36,42,42,40,85,83,83,73,75,59,17,20,0,0],"gold":374,"neow_bonus":"RANDOM_EVENT","is_daily":false,"chose_seed":false,"campfire_upgraded":1,"win_rate":0.0,"timestamp":1610858093,"path_taken":["M","?","?","M","M","R","?","M","T","M","PTL","PTL","?","$","E","?","R_BF","BOSS","?","?","?","?","?","E","?","?"],"items_purchased_type":["Card","Relic","Relic"],"build_version":"2020-12-22","purchased_purges":0,"victory":false,"max_hp_per_floor":[85,85,85,85,85,85,85,85,85,85,85,85,85,85,85,85,85,85,85,85,85,85,85,85,85,85,85,85],"card_choices":[{"not_picked":["Cleave","Havoc"],"picked":"Blood for Blood","floor":1},{"not_picked":["Inflame","Seeing Red"],"picked":"ReplayTheSpireMod:Corrosion Curse","floor":2},{"not_picked":["Whirlwind","ReplayTheSpireMod:Strike From Hell"],"picked":"Shrug It Off","floor":4},{"not_picked":["Thunderclap","Evolve"],"picked":"Flame Barrier","floor":5},{"not_picked":["Wild Strike","Entrench"],"picked":"Twin Strike","floor":8},{"not_picked":["Flex","Intimidate"],"picked":"ReplayTheSpireMod:Stacked","floor":10},{"not_picked":["Headbutt","Rupture","Ghostly Armor"],"picked":"SKIP","floor":15},{"not_picked":["Flex","Entrench"],"picked":"Limit Break","floor":16},{"not_picked":["Replay:Many Hands","Juggernaut"],"picked":"Exhume","floor":18},{"not_picked":["Body Slam","Flex"],"picked":"Whirlwind","floor":20},{"not_picked":["Anger+1","Headbutt+1"],"picked":"Shrug It Off","floor":22},{"not_picked":["Power Through","ReplayTheSpireMod:Muscle Training"],"picked":"Flex+1","floor":23},{"not_picked":["Headbutt","Feel No Pain","Dual Wield"],"picked":"SKIP","floor":24},{"not_picked":["Second Wind","Warcry"],"picked":"Hemogenesis","floor":25},{"not_picked":["Clash","Shrug It Off"],"picked":"Armaments+1","floor":26}],"player_experience":1394665,"relics_obtained":[{"floor":2,"key":"MealTicket"},{"floor":3,"key":"Ring of Hypnosis"},{"floor":3,"key":"Ring of Greed"},{"floor":3,"key":"Old Coin"},{"floor":3,"key":"Blue Doll"},{"floor":9,"key":"Art of War"},{"floor":15,"key":"Replay:Arrowhead"},{"floor":25,"key":"ReplayTheSpireMod:Spearhead"}],"event_choices":[{"damage_healed":0,"gold_gain":0,"player_choice":"Donut","damage_taken":0,"max_hp_gain":5,"max_hp_loss":0,"event_name":"Big Fish","floor":0,"gold_loss":0},{"cards_removed":["Hallucinations"],"damage_healed":0,"gold_gain":0,"player_choice":"Card Removal","damage_taken":0,"max_hp_gain":0,"max_hp_loss":0,"event_name":"The Cleric","floor":7,"gold_loss":50},{"damage_healed":0,"gold_gain":0,"player_choice":"Success","damage_taken":18,"relics_obtained":["Ancient Tea Set"],"max_hp_gain":0,"max_hp_loss":0,"event_name":"Scrap Ooze","floor":13,"gold_loss":0},{"damage_healed":0,"gold_gain":0,"player_choice":"Forge","damage_taken":0,"max_hp_gain":0,"max_hp_loss":0,"event_name":"Accursed Blacksmith","floor":21,"gold_loss":0,"cards_upgraded":["Limit Break"]}],"is_beta":false,"boss_relics":[{"not_picked":["Ooze Armor","Calling Bell"],"picked":"Painkiller Herb"}],"items_purged_floors":[],"is_endless":false,"potions_floor_spawned":[4,5,16,18,22,23,24],"killed_by":"Sentry and Sphere","ascension_level":0}}