{"host":"c5slkkw8hp42e20v","time":1610872361,"event":{"mods":["AchievementEnabler","BaseMod","Better Note","BetterRewards","Colored Powertips","DeckTracker","Friendly Minions","GifTheSpireLib","Hermit","Highlight Path","Minty Spire (QoL Compilation)","Quick Restart","Rare Cards Sparkle","Replay The Spire","Spicy Shops","StSLib","The Animator","The Hierophant","The Poker Player","????"],"gold_per_floor":[112,123,141,151,166,185,185,185],"floor_reached":7,"language":"ENG","playtime":613,"items_purged":["Shame"],"score":47,"play_id":"31fb1458-ed70-4d40-b527-582a41bba309","local_time":"20210117023241","is_ascension_mode":false,"campfire_choices":[],"circlet_count":0,"master_deck":["Strike_G","Strike_G","Strike_G","Strike_G","Defend_G","Defend_G","Defend_G","Defend_G","Defend_G","Survivor","Neutralize","Magnetism","Mind Blast","Quick Slash","PiercingWail","Cloak And Dagger","ReplayTheSpireMod:Scrap Shanks","Unload","Storm of Steel","Noxious Fumes","Blade Dance","Dagger Throw","Prepared","Outmaneuver","Dagger Spray","Sucker Punch","Heel Hook"],"relics":["Ring of the Snake","BargainBundle","Gremlin Food"],"acts_visited":["Exordium"],"potions_floor_usage":[4],"damage_taken":[{"damage":23,"enemies":"Jaw Worm","floor":1,"turns":5},{"damage":0,"enemies":"2 Louse","floor":2,"turns":1},{"damage":0,"enemies":"Small Slimes","floor":3,"turns":2},{"damage":17,"enemies":"3 Louse","floor":4,"turns":8},{"damage":12,"enemies":"Large Slime","floor":5,"turns":6},{"damage":11,"enemies":"Looter","floor":6,"turns":3},{"damage":12,"enemies":"Lagavulin","floor":7,"turns":6}],"seed_played":"-5087537518060291537","potions_obtained":[{"floor":1,"key":"CunningPotion"}],"is_trial":false,"path_per_floor":["M","M","M","M","M","M","E"],"character_chosen":"THE_SILENT","items_purchased":["BargainBundle","Gremlin Food","Magnetism","Mind Blast","Quick Slash","PiercingWail","Cloak And Dagger","ReplayTheSpireMod:Scrap Shanks","Unload","Noxious Fumes","Blade Dance"],"campfire_rested":0,"item_purchase_floors":[0,0,0,0,0,0,0,0,0,0,0],"current_hp_per_floor":[47,47,47,30,18,7,0,0],"gold":185,"neow_bonus":"","is_daily":false,"chose_seed":false,"campfire_upgraded":0,"win_rate":0.0,"timestamp":1610872361,"path_taken":["M","M","M","M","M","M","E"],"items_purchased_type":["Relic","Relic","Card","Card","Card","Card","Card","Card","Card","Card","Card"],"build_version":"2020-12-22","purchased_purges":1,"victory":false,"max_hp_per_floor":[70,70,70,70,70,70,70,70],"card_choices":[{"not_picked":["Underhanded Strike","ReplayTheSpireMod:The Works"],"picked":"Dagger Throw","floor":1},{"not_picked":["All Out Attack","Acrobatics"],"picked":"Prepared","floor":2},{"not_picked":["Glass Knife","Fluid Movement"],"picked":"Outmaneuver","floor":3},{"not_picked":["Deflect","Finisher"],"picked":"Dagger Spray","floor":4},{"not_picked":["Bane","Cloak And Dagger"],"picked":"Sucker Punch","floor":5},{"not_picked":["Acrobatics","Sucker Punch"],"picked":"Heel Hook","floor":6}],"player_experience":55326,"relics_obtained":[],"event_choices":[],"is_beta":false,"boss_relics":[],"items_purged_floors":[0],"is_endless":false,"potions_floor_spawned":[1],"killed_by":"Lagavulin","ascension_level":0}}