{"host":"5dow3bd5jfgo9g35","time":1610919686,"event":{"mods":["AchievementEnabler","BaseMod","Colored Powertips","Minty Spire (QoL Compilation)","Quick Restart"],"gold_per_floor":[118,118,118,128,128,128,161,161,161,161,126,166,190,64,64,190,190,209,240,259,12,28,28,28,28,28],"floor_reached":25,"language":"ENG","playtime":2359,"items_purged":["Strike_G"],"score":238,"play_id":"a318ab54-b0af-4111-bd7a-f303096900ca","local_time":"20210117164126","is_ascension_mode":true,"campfire_choices":[{"data":"Neutralize","floor":6,"key":"SMITH"},{"data":"Finisher","floor":8,"key":"SMITH"},{"data":"Dagger Throw","floor":10,"key":"SMITH"},{"data":"Backflip","floor":15,"key":"SMITH"},{"data":"Footwork","floor":23,"key":"SMITH"}],"circlet_count":0,"master_deck":["Strike_G","Strike_G","Strike_G","Strike_G","Defend_G","Defend_G+1","Defend_G+1","Defend_G","Defend_G","Survivor","Neutralize+1","Quick Slash+1","Dagger Throw+1","Finisher+1","Adrenaline","Footwork+1","Backflip+1","CurseOfTheBell","Backflip","Distraction","Well Laid Plans+1","Sadistic Nature+1","Deflect","Shame"],"relics":["Velvet Choker","Golden Idol","Singing Bowl","PreservedInsect","Pen Nib","Calling Bell","Regal Pillow","Frozen Egg 2","Torii","Red Mask","Membership Card","Nunchaku"],"acts_visited":["Exordium","TheCity"],"potions_floor_usage":[7,19,19,22],"damage_taken":[{"damage":1,"enemies":"2 Louse","floor":1,"turns":4},{"damage":0,"enemies":"Small Slimes","floor":4,"turns":3},{"damage":27,"enemies":"Gremlin Nob","floor":7,"turns":4},{"damage":2,"enemies":"Lagavulin","floor":12,"turns":4},{"damage":0,"enemies":"Jaw Worm","floor":13,"turns":2},{"damage":17,"enemies":"Hexaghost","floor":16,"turns":12},{"damage":2,"enemies":"Spheric Guardian","floor":18,"turns":4},{"damage":7,"enemies":"Masked Bandits","floor":19,"turns":4},{"damage":2,"enemies":"Shell Parasite","floor":20,"turns":5},{"damage":13,"enemies":"Centurion and Healer","floor":22,"turns":6},{"damage":58,"enemies":"Gremlin Leader","floor":25,"turns":6}],"seed_played":"-7854681420423230494","potions_obtained":[{"floor":4,"key":"Explosive Potion"},{"floor":12,"key":"Energy Potion"},{"floor":16,"key":"FearPotion"},{"floor":18,"key":"Block Potion"},{"floor":20,"key":"Fruit Juice"}],"is_trial":false,"path_per_floor":["M","?","?","M","?","R","E","R","T","R","?","E","M","$","R","B",null,"M","?","M","$","M","R","?","E"],"character_chosen":"THE_SILENT","items_purchased":["Backflip","Membership Card","Sadistic Nature+1"],"campfire_rested":0,"item_purchase_floors":[14,21,21],"current_hp_per_floor":[69,69,55,55,38,38,11,11,11,11,28,26,26,26,26,11,72,70,63,61,61,53,53,53,0,0],"gold":28,"neow_bonus":"BOSS_RELIC","is_daily":false,"chose_seed":false,"campfire_upgraded":5,"win_rate":0.0,"timestamp":1610919686,"path_taken":["M","?","?","M","?","R","E","R","T","R","?","E","M","?","R","BOSS","M","?","M","$","M","R","?","E"],"items_purchased_type":["Card","Relic","Card"],"build_version":"2020-12-22","purchased_purges":1,"victory":false,"max_hp_per_floor":[70,70,70,70,70,70,70,70,70,70,70,70,70,70,70,72,72,72,72,72,72,77,77,77,77,77],"card_choices":[{"not_picked":["Dagger Spray","Underhanded Strike"],"picked":"Quick Slash","floor":1},{"not_picked":["Quick Slash","Deadly Poison"],"picked":"Dagger Throw","floor":4},{"not_picked":["Grand Finale","Well Laid Plans"],"picked":"Finisher","floor":7},{"not_picked":["Tools of the Trade","Deadly Poison"],"picked":"Adrenaline","floor":12},{"not_picked":["Flechettes","Noxious Fumes"],"picked":"Footwork","floor":13},{"not_picked":["Doppelganger","Grand Finale","Burst"],"picked":"Singing Bowl","floor":16},{"not_picked":["Bane+1","Dagger Throw"],"picked":"Backflip","floor":18},{"not_picked":["Dagger Spray","Eviscerate"],"picked":"Distraction","floor":19},{"not_picked":["Crippling Poison","Bouncing Flask"],"picked":"Well Laid Plans+1","floor":20},{"not_picked":["Poisoned Stab","Bane+1"],"picked":"Deflect","floor":22}],"player_experience":1017125,"relics_obtained":[{"floor":7,"key":"Singing Bowl"},{"floor":9,"key":"PreservedInsect"},{"floor":12,"key":"Pen Nib"},{"floor":17,"key":"Regal Pillow"},{"floor":17,"key":"Frozen Egg 2"},{"floor":17,"key":"Torii"},{"floor":19,"key":"Red Mask"}],"event_choices":[{"damage_healed":0,"gold_gain":0,"player_choice":"Grow","damage_taken":0,"max_hp_gain":0,"max_hp_loss":0,"event_name":"Living Wall","floor":2,"gold_loss":0,"cards_upgraded":["Quick Slash"]},{"damage_healed":0,"gold_gain":0,"player_choice":"Entered Light","damage_taken":14,"max_hp_gain":0,"max_hp_loss":0,"event_name":"Shining Light","floor":3,"gold_loss":0,"cards_upgraded":["Defend_G","Defend_G"]},{"damage_healed":0,"gold_gain":0,"player_choice":"Take Damage","damage_taken":17,"relics_obtained":["Golden Idol"],"max_hp_gain":0,"max_hp_loss":0,"event_name":"Golden Idol","floor":5,"gold_loss":0},{"damage_healed":17,"gold_gain":0,"player_choice":"Healed","damage_taken":0,"max_hp_gain":0,"max_hp_loss":0,"event_name":"The Cleric","floor":11,"gold_loss":35},{"damage_healed":0,"gold_gain":0,"player_choice":"Fought Bandits","damage_taken":0,"max_hp_gain":0,"max_hp_loss":0,"event_name":"Masked Bandits","floor":19,"gold_loss":0},{"damage_healed":0,"gold_gain":0,"player_choice":"Stole Relic","damage_taken":0,"relics_obtained":["Nunchaku"],"max_hp_gain":0,"max_hp_loss":0,"event_name":"Addict","floor":24,"gold_loss":0,"cards_obtained":["Shame"]}],"is_beta":false,"boss_relics":[{"not_picked":["Black Star","Empty Cage"],"picked":"Calling Bell"}],"items_purged_floors":[14],"is_endless":false,"potions_floor_spawned":[4,12,16,18,20],"killed_by":"Gremlin Leader","ascension_level":3}}