{"host":"xp5rvh2jwe2ejyfm","time":1610856692,"event":{"mods":["BaseMod","Hermit","Minty Spire (QoL Compilation)","Replay The Spire","StSLib","The Construct","The Disciple","The Necromancer","The Runesmith"],"gold_per_floor":[113,128,139,153,166,166,166],"floor_reached":6,"language":"ENG","playtime":369,"items_purged":[],"score":40,"play_id":"705b5d3c-7edb-4a05-a2ad-26a5314fe7ff","local_time":"20210116231132","is_ascension_mode":false,"campfire_choices":[],"circlet_count":0,"master_deck":["hermit:Strike_Hermit","hermit:Strike_Hermit","hermit:Strike_Hermit","hermit:Strike_Hermit","hermit:Defend_Hermit","hermit:Defend_Hermit","hermit:Defend_Hermit","hermit:Defend_Hermit","hermit:Snapshot","hermit:Covet","Looming Evil","hermit:EternalForm","hermit:Misfire","hermit:FlashPowder","hermit:Malice","hermit:Malice","hermit:Snipe"],"relics":["hermit:Momento"],"acts_visited":["Exordium"],"potions_floor_usage":[5,6],"damage_taken":[{"damage":6,"enemies":"Jaw Worm","floor":1,"turns":4},{"damage":5,"enemies":"2 Louse","floor":2,"turns":3},{"damage":8,"enemies":"Cultist","floor":3,"turns":4},{"damage":17,"enemies":"Gremlin Gang","floor":4,"turns":4},{"damage":30,"enemies":"Large Slime","floor":5,"turns":6},{"damage":9,"enemies":"3 Sentries","floor":6,"turns":2}],"seed_played":"9079525613616532922","potions_obtained":[{"floor":3,"key":"Ancient Potion"},{"floor":4,"key":"Adrenaline Potion"},{"floor":5,"key":"DuplicationPotion"}],"is_trial":false,"path_per_floor":["M","M","M","M","M","E"],"character_chosen":"HERMIT","items_purchased":[],"campfire_rested":0,"item_purchase_floors":[],"current_hp_per_floor":[69,64,56,39,9,0,0],"gold":166,"neow_bonus":"THREE_RARE_CARDS","is_daily":false,"chose_seed":false,"campfire_upgraded":0,"win_rate":0.0,"timestamp":1610856692,"path_taken":["M","M","M","M","M","E"],"items_purchased_type":[],"build_version":"2020-12-22","purchased_purges":0,"victory":false,"max_hp_per_floor":[75,75,75,75,75,75,75],"card_choices":[{"not_picked":["hermit:Purgatory","hermit:Adapt"],"picked":"hermit:EternalForm","floor":0},{"not_picked":["hermit:HoleUp","hermit:CalledShot"],"picked":"hermit:Misfire","floor":1},{"not_picked":["hermit:BodyArmor","hermit:Grudge"],"picked":"hermit:FlashPowder","floor":2},{"not_picked":["hermit:Roulette","hermit:Headshot"],"picked":"hermit:Malice","floor":3},{"not_picked":["hermit:Coalescence","hermit:Glare"],"picked":"hermit:Malice","floor":4},{"not_picked":["hermit:WideOpen","hermit:NoHoldsBarred"],"picked":"hermit:Snipe","floor":5}],"player_experience":202429,"relics_obtained":[],"event_choices":[],"is_beta":false,"boss_relics":[],"items_purged_floors":[],"is_endless":false,"potions_floor_spawned":[3,4,5],"killed_by":"3 Sentries","ascension_level":0}}