{"host":"rl5ku05escnl5kxo","time":1610914307,"event":{"mods":["Act Like it!","BaseMod","Hallownest","Minty Spire (QoL Compilation)","StSLib","The Bug Knight"],"gold_per_floor":[118,118,136,153,8,8,20,20,20,30,30,30,30,45,45,45,45],"floor_reached":16,"language":"ENG","playtime":1068,"items_purged":[],"score":92,"play_id":"98b07490-511b-442e-a71b-b8105964ebbf","local_time":"20210117121147","is_ascension_mode":false,"campfire_choices":[{"data":"HollowMod:HornetsHelp","floor":6,"key":"SMITH"},{"data":"HollowMod:AbyssShriek","floor":8,"key":"SMITH"},{"floor":11,"key":"REST"},{"data":"HollowMod:HowlingWraiths","floor":13,"key":"SMITH"},{"floor":15,"key":"REST"}],"circlet_count":0,"master_deck":["HollowMod:NailStrikeStart","HollowMod:NailStrikeStart","HollowMod:NailStrikeStart","HollowMod:NailStrikeStart","HollowMod:QuickDashStart","HollowMod:QuickDashStart","HollowMod:QuickDashStart","HollowMod:QuickDashStart","HollowMod:FocusHealStart","HollowMod:PogoStrike","HollowMod:HowlingWraiths+1","Hallownest:curseDreamersLament","HollowMod:DashSlash","HollowMod:VengefulVoid","HollowMod:HornetsHelp+1","HollowMod:Grubsong","HollowMod:AbyssShriek+1","HollowMod:BrokenVessel","HollowMod:GoodIntentions"],"relics":["HollowMod:VesselMask","NeowsBlessing","Letter Opener"],"acts_visited":["Exordium"],"potions_floor_usage":[],"damage_taken":[{"damage":3,"enemies":"Hallownest:2_Tiktiks_and_1_Crawlid","floor":1,"turns":1},{"damage":0,"enemies":"Hallownest:monsterHuskWarrior","floor":3,"turns":1},{"damage":0,"enemies":"Hallownest:monsterHuskGuard","floor":4,"turns":1},{"damage":28,"enemies":"Hallownest:Guard_and_Warrior","floor":7,"turns":7},{"damage":1,"enemies":"Hallownest:monsterAspidMother","floor":10,"turns":4},{"damage":5,"enemies":"Hallownest:2_Tiktiks_1_Baldur_1_Crawlid","floor":14,"turns":1},{"damage":79,"enemies":"Hallownest:BossFalseKnight","floor":16,"turns":11}],"seed_played":"2063025773859017214","potions_obtained":[{"floor":3,"key":"SkillPotion"},{"floor":10,"key":"Energy Potion"}],"is_trial":false,"path_per_floor":["M","?","M","M","$","R","M","R","T","M","R","?","R","M","R","B"],"character_chosen":"THE_BUGKNIGHT","items_purchased":["HollowMod:HornetsHelp","HollowMod:Grubsong"],"campfire_rested":2,"item_purchase_floors":[5,5],"current_hp_per_floor":[72,62,62,62,62,62,34,34,34,33,55,55,55,50,72,0,0],"gold":45,"neow_bonus":"THREE_ENEMY_KILL","is_daily":false,"chose_seed":false,"campfire_upgraded":3,"win_rate":0.0,"timestamp":1610914307,"path_taken":["M","?","?","M","?","R","M","R","T","M","R","?","R","M","R","BOSS"],"items_purchased_type":["Card","Card"],"build_version":"2020-12-22","purchased_purges":0,"victory":false,"max_hp_per_floor":[75,75,75,75,75,75,75,75,75,75,75,75,75,75,75,75,75],"card_choices":[{"not_picked":["HollowMod:NewJinnsSoul","HollowMod:GoodIntentions"],"picked":"HollowMod:HowlingWraiths","floor":1},{"not_picked":["HollowMod:MonarchWings","HollowMod:NewLittleFool"],"picked":"HollowMod:DashSlash","floor":3},{"not_picked":["HollowMod:LuriensSpire","HollowMod:InfectedAttack"],"picked":"HollowMod:VengefulVoid","floor":4},{"not_picked":["HollowMod:MawleksShell","HollowMod:CycloneSlash"],"picked":"HollowMod:AbyssShriek","floor":7},{"not_picked":["HollowMod:HuntersJournal","HollowMod:InfectedAttack"],"picked":"HollowMod:BrokenVessel","floor":10},{"not_picked":["HollowMod:NewJinnsSoul","HollowMod:ChannelNail"],"picked":"HollowMod:GoodIntentions","floor":14}],"player_experience":435955,"relics_obtained":[{"floor":9,"key":"Letter Opener"}],"event_choices":[],"is_beta":false,"boss_relics":[],"items_purged_floors":[],"is_endless":false,"potions_floor_spawned":[3,10],"killed_by":"Hallownest:BossFalseKnight","ascension_level":0}}