{"host":"q1tlngmkbyqa4avn","time":1610926532,"event":{"mods":["BaseMod","Curses Come First","Hermit","Minty Spire (QoL Compilation)","Rare Cards Sparkle","StSLib"],"gold_per_floor":[109,123,146,163,177,209,224,224,248,273,285,285,25,39,39,118,118,130,146,146,166,179,205,205,69,96,96,96],"floor_reached":27,"language":"ENG","playtime":9752,"items_purged":["Strike_G"],"score":494,"play_id":"4ea896ed-811f-425b-b7b2-a3ee4e5d3e45","local_time":"20210117183532","is_ascension_mode":true,"campfire_choices":[{"floor":8,"key":"REST"},{"data":"Cloak And Dagger","floor":12,"key":"SMITH"},{"data":"Malaise","floor":15,"key":"SMITH"},{"floor":24,"key":"REST"}],"circlet_count":0,"master_deck":["AscendersBane","Strike_G","Strike_G","Strike_G","Strike_G","Defend_G","Defend_G","Defend_G","Defend_G","Defend_G","Survivor","Neutralize","CurseOfTheBell","Cloak And Dagger","Corpse Explosion","Blur","Dash","Cloak And Dagger+1","Skewer","Blade Dance","Well Laid Plans","PiercingWail","Malaise+1","Storm of Steel","Infinite Blades","Blur","Flying Knee","Outmaneuver","Cloak And Dagger","Normality"],"relics":["Calling Bell","Boot","Shuriken","Ice Cream","Akabeko","Oddly Smooth Stone","Dream Catcher","Pear","Vajra","Cursed Key","Molten Egg 2","Strawberry"],"acts_visited":["Exordium","TheCity"],"potions_floor_usage":[5,7,16,16,22,23,27,27,27,27],"damage_taken":[{"damage":7,"enemies":"Cultist","floor":1,"turns":5},{"damage":3,"enemies":"Jaw Worm","floor":2,"turns":4},{"damage":1,"enemies":"2 Louse","floor":4,"turns":3},{"damage":0,"enemies":"Large Slime","floor":5,"turns":6},{"damage":4,"enemies":"3 Sentries","floor":6,"turns":4},{"damage":13,"enemies":"Exordium Thugs","floor":7,"turns":5},{"damage":5,"enemies":"Lagavulin","floor":10,"turns":5},{"damage":6,"enemies":"Exordium Wildlife","floor":11,"turns":2},{"damage":1,"enemies":"Looter","floor":14,"turns":3},{"damage":18,"enemies":"The Guardian","floor":16,"turns":12},{"damage":8,"enemies":"Shell Parasite","floor":18,"turns":5},{"damage":0,"enemies":"Spheric Guardian","floor":19,"turns":3},{"damage":9,"enemies":"Snecko","floor":21,"turns":5},{"damage":24,"enemies":"Snake Plant","floor":22,"turns":3},{"damage":22,"enemies":"Slavers","floor":23,"turns":4},{"damage":40,"enemies":"Gremlin Leader","floor":27,"turns":2}],"seed_played":"2327864199733876870","potions_obtained":[{"floor":2,"key":"BlessingOfTheForge"},{"floor":5,"key":"EssenceOfSteel"},{"floor":6,"key":"SkillPotion"},{"floor":14,"key":"ColorlessPotion"},{"floor":16,"key":"LiquidMemories"},{"floor":19,"key":"Explosive Potion"},{"floor":23,"key":"Regen Potion"}],"is_trial":false,"path_per_floor":["M","M","T","M","M","E","M","R","T","E","M","R","$","M","R","B",null,"M","M","?","M","M","E","R","$","T","E"],"character_chosen":"THE_SILENT","items_purchased":["Vajra","PiercingWail","EntropicBrew","Cloak And Dagger"],"campfire_rested":2,"item_purchase_floors":[13,13,25,25],"current_hp_per_floor":[52,49,49,48,48,44,31,50,50,55,49,49,49,48,48,30,65,57,57,57,48,24,2,24,24,31,0,0],"gold":96,"neow_bonus":"BOSS_RELIC","is_daily":false,"chose_seed":false,"campfire_upgraded":2,"win_rate":0.0,"timestamp":1610926532,"path_taken":["M","M","?","?","M","E","M","R","T","E","M","R","$","M","R","BOSS","M","?","?","?","M","E","R","$","T","E"],"items_purchased_type":["Relic","Card","Potion","Card"],"build_version":"2020-12-22","purchased_purges":1,"victory":false,"max_hp_per_floor":[66,66,66,66,66,66,66,66,66,76,76,76,76,76,76,76,76,76,76,76,76,76,76,76,76,83,83,83],"card_choices":[{"not_picked":["Calculated Gamble","Crippling Poison"],"picked":"Cloak And Dagger","floor":1},{"not_picked":["Underhanded Strike","Prepared"],"picked":"Corpse Explosion","floor":2},{"not_picked":["Concentrate","Escape Plan"],"picked":"Blur","floor":4},{"not_picked":["Quick Slash","Endless Agony"],"picked":"Dash","floor":5},{"not_picked":["Deflect","Noxious Fumes"],"picked":"Cloak And Dagger","floor":6},{"not_picked":["Tactician","Crippling Poison"],"picked":"Skewer","floor":7},{"not_picked":["Slice","Outmaneuver"],"picked":"Blade Dance","floor":10},{"not_picked":["Dagger Spray","Bane"],"picked":"Well Laid Plans","floor":11},{"not_picked":["Masterful Stab","Dash"],"picked":"Malaise","floor":14},{"not_picked":["Glass Knife","Malaise"],"picked":"Storm of Steel","floor":16},{"not_picked":["Setup","Acrobatics"],"picked":"Infinite Blades","floor":18},{"not_picked":["Reflex","PiercingWail","Dagger Spray"],"picked":"SKIP","floor":19},{"not_picked":["Acrobatics","Dagger Throw"],"picked":"Blur","floor":21},{"not_picked":["Eviscerate","Finisher","Flying Knee"],"picked":"SKIP","floor":22},{"not_picked":["Eviscerate","Finisher"],"picked":"Flying Knee","floor":22},{"not_picked":["Dagger Throw+1","Backstab+1"],"picked":"Outmaneuver","floor":23}],"player_experience":997927,"relics_obtained":[{"floor":0,"key":"Boot"},{"floor":0,"key":"Shuriken"},{"floor":0,"key":"Ice Cream"},{"floor":3,"key":"Akabeko"},{"floor":6,"key":"Oddly Smooth Stone"},{"floor":9,"key":"Dream Catcher"},{"floor":10,"key":"Pear"},{"floor":23,"key":"Molten Egg 2"},{"floor":26,"key":"Strawberry"}],"event_choices":[{"damage_healed":0,"gold_gain":0,"player_choice":"Ignored","damage_taken":0,"max_hp_gain":0,"max_hp_loss":0,"event_name":"N\u0027loth","floor":20,"gold_loss":0}],"is_beta":false,"boss_relics":[{"not_picked":["Runic Pyramid","Velvet Choker"],"picked":"Cursed Key"}],"items_purged_floors":[13],"is_endless":false,"potions_floor_spawned":[2,5,6,14,16,19,23],"killed_by":"Gremlin Leader","ascension_level":20}}