{"host":"daa8jqyg4gqfaysm","time":1610911957,"event":{"mods":["BaseMod","Colored Powertips","Minty Spire (QoL Compilation)","StSLib"],"gold_per_floor":[111,129,204,222,15,46,46,76,76,103,123,123,150,169,169,240,240,260,272,272,118,135,164,214,241,241,270,287,287,287,306,306,392,392,416,112,167,167,187,222,231,260,285,285,301,343,343,356,356,356,356,356,356,20,46,46,46],"floor_reached":56,"language":"ENG","playtime":1894,"items_purged":["Strike_R","Strike_R"],"score":2340,"play_id":"8c94a344-bf43-4d29-b496-80efaee198bb","local_time":"20210118033237","is_ascension_mode":true,"campfire_choices":[{"floor":12,"key":"REST"},{"data":"Shockwave","floor":15,"key":"SMITH"},{"data":"Whirlwind","floor":29,"key":"SMITH"},{"data":"Immolate","floor":32,"key":"SMITH"},{"floor":44,"key":"REST"},{"floor":47,"key":"REST"},{"floor":49,"key":"RECALL"},{"floor":53,"key":"REST"}],"circlet_count":0,"master_deck":["AscendersBane","Strike_R","Strike_R","Defend_R","Defend_R","Defend_R","Defend_R","Bash","Whirlwind+1","Twin Strike","Whirlwind+1","Flame Barrier","Seeing Red","Immolate+1","Shockwave+1","Thunderclap","Spot Weakness","Offering","Headbutt+1","Impervious","Shrug It Off","Demon Form","Armaments+1","Shrug It Off+1","Intimidate+1","Shrug It Off+1","Shockwave+1","True Grit+1","True Grit+1"],"relics":["Velvet Choker","Vajra","Bag of Preparation","Thread and Needle","Ancient Tea Set","Potion Belt","Busted Crown","CeramicFish","Regal Pillow","Question Card","Art of War","Toxic Egg 2","Fusion Hammer","Centennial Puzzle","Dead Branch","Orichalcum","Lantern","Happy Flower","ClockworkSouvenir","Akabeko","Strawberry"],"acts_visited":["Exordium","TheCity","TheBeyond","TheEnding"],"potions_floor_usage":[6,8,10,28,33,45,46,51,51,51,55,56,56,56,56],"damage_taken":[{"damage":14,"enemies":"Jaw Worm","floor":1,"turns":4},{"damage":3,"enemies":"Small Slimes","floor":2,"turns":2},{"damage":0,"enemies":"Cultist","floor":4,"turns":2},{"damage":20,"enemies":"Lagavulin","floor":6,"turns":4},{"damage":0,"enemies":"Gremlin Nob","floor":8,"turns":3},{"damage":16,"enemies":"Lagavulin","floor":10,"turns":3},{"damage":0,"enemies":"Blue Slaver","floor":11,"turns":1},{"damage":1,"enemies":"3 Sentries","floor":13,"turns":2},{"damage":0,"enemies":"Red Slaver","floor":14,"turns":2},{"damage":0,"enemies":"The Guardian","floor":16,"turns":7},{"damage":0,"enemies":"3 Byrds","floor":18,"turns":3},{"damage":2,"enemies":"Spheric Guardian","floor":19,"turns":3},{"damage":4,"enemies":"Centurion and Healer","floor":22,"turns":5},{"damage":0,"enemies":"Slavers","floor":23,"turns":1},{"damage":6,"enemies":"Gremlin Leader","floor":25,"turns":4},{"damage":6,"enemies":"Slavers","floor":27,"turns":1},{"damage":14,"enemies":"Cultist and Chosen","floor":28,"turns":4},{"damage":2,"enemies":"Snake Plant","floor":31,"turns":2},{"damage":20,"enemies":"Automaton","floor":33,"turns":8},{"damage":0,"enemies":"3 Darklings","floor":35,"turns":2},{"damage":6,"enemies":"2 Orb Walkers","floor":37,"turns":2},{"damage":1,"enemies":"Orb Walker","floor":39,"turns":4},{"damage":1,"enemies":"Reptomancer","floor":40,"turns":3},{"damage":9,"enemies":"Maw","floor":42,"turns":7},{"damage":24,"enemies":"4 Shapes","floor":45,"turns":1},{"damage":28,"enemies":"Nemesis","floor":46,"turns":3},{"damage":6,"enemies":"Transient","floor":48,"turns":6},{"damage":14,"enemies":"Donu and Deca","floor":50,"turns":4},{"damage":47,"enemies":"Time Eater","floor":51,"turns":7},{"damage":27,"enemies":"Shield and Spear","floor":55,"turns":5},{"damage":52,"enemies":"The Heart","floor":56,"turns":5}],"seed_played":"462216068301470736","potions_obtained":[{"floor":4,"key":"SteroidPotion"},{"floor":6,"key":"EntropicBrew"},{"floor":10,"key":"SpeedPotion"},{"floor":11,"key":"BloodPotion"},{"floor":14,"key":"BloodPotion"},{"floor":16,"key":"ElixirPotion"},{"floor":18,"key":"Energy Potion"},{"floor":28,"key":"BlessingOfTheForge"},{"floor":33,"key":"Explosive Potion"},{"floor":45,"key":"SkillPotion"},{"floor":46,"key":"ColorlessPotion"},{"floor":48,"key":"EntropicBrew"},{"floor":55,"key":"HeartOfIron"}],"is_trial":false,"path_per_floor":["M","M","?","M","$","E","?","E","T","E","M","R","E","M","R","B",null,"M","M","?","$","M","E","?","E","T","E","M","R","T","M","R","B",null,"M","$","?","?","M","E","?","M","T","R","M","E","R","M","R","B","B",null,"R","$","E","B"],"character_chosen":"IRONCLAD","items_purchased":["Vajra","Whirlwind","Impervious","Shrug It Off+1","Centennial Puzzle","ClockworkSouvenir","Akabeko"],"campfire_rested":4,"item_purchase_floors":[5,5,21,36,36,54,54],"current_hp_per_floor":[54,51,40,40,40,20,20,20,20,4,4,26,25,25,25,25,63,63,61,61,61,57,57,57,51,51,45,46,46,46,44,44,24,62,62,62,56,56,55,54,54,45,45,71,61,33,69,63,63,49,2,54,71,71,51,0,0],"gold":46,"neow_bonus":"BOSS_RELIC","is_daily":false,"chose_seed":false,"campfire_upgraded":3,"win_rate":0.0,"timestamp":1610911957,"path_taken":["M","M","?","M","$","E","?","E","T","E","?","R","E","M","R","BOSS","M","M","?","$","?","E","?","E","T","E","M","R","?","M","R","BOSS","M","$","?","?","M","E","?","M","T","R","M","E","R","?","R","BOSS","BOSS","R","$","E","BOSS"],"items_purchased_type":["Relic","Card","Card","Card","Relic","Relic","Relic"],"build_version":"2020-12-22","purchased_purges":2,"victory":false,"max_hp_per_floor":[75,75,75,75,75,75,75,75,75,75,75,75,75,75,75,75,75,75,75,75,75,75,75,75,75,75,75,75,75,75,75,75,75,75,75,75,75,71,71,71,71,71,71,71,71,71,71,71,71,71,71,71,71,71,78,78,78],"card_choices":[{"not_picked":["Armaments","Perfected Strike"],"picked":"Whirlwind","floor":1},{"not_picked":["Fire Breathing","Rage","Intimidate"],"picked":"SKIP","floor":2},{"not_picked":["Evolve","Burning Pact"],"picked":"Twin Strike","floor":4},{"not_picked":["Hemokinesis","Rampage"],"picked":"Flame Barrier","floor":6},{"not_picked":["Rampage","Wild Strike"],"picked":"Seeing Red","floor":8},{"not_picked":["Perfected Strike","Seeing Red"],"picked":"Immolate","floor":10},{"not_picked":["Sword Boomerang","Shrug It Off"],"picked":"Shockwave","floor":11},{"not_picked":["Metallicize","Rupture"],"picked":"Thunderclap","floor":13},{"not_picked":["Pommel Strike","Thunderclap"],"picked":"Spot Weakness","floor":14},{"not_picked":["Fiend Fire","Bludgeon"],"picked":"Offering","floor":16},{"not_picked":["Anger"],"picked":"SKIP","floor":18},{"not_picked":[],"picked":"Headbutt+1","floor":19},{"not_picked":[],"picked":"Shrug It Off","floor":22},{"not_picked":["Perfected Strike"],"picked":"SKIP","floor":23},{"not_picked":["Wild Strike"],"picked":"SKIP","floor":25},{"not_picked":["Twin Strike","Reckless Charge"],"picked":"SKIP","floor":27},{"not_picked":["Anger","Rage"],"picked":"SKIP","floor":28},{"not_picked":["Uppercut","Cleave"],"picked":"SKIP","floor":31},{"not_picked":["Brutality"],"picked":"Demon Form","floor":33},{"not_picked":["Sword Boomerang"],"picked":"Armaments+1","floor":35},{"not_picked":["Headbutt+1"],"picked":"Intimidate+1","floor":37},{"not_picked":["Flex+1","Dropkick"],"picked":"SKIP","floor":39},{"not_picked":["Headbutt+1"],"picked":"Shrug It Off+1","floor":40},{"not_picked":["Wild Strike"],"picked":"True Grit+1","floor":42},{"not_picked":["Wild Strike+1","Inflame+1"],"picked":"SKIP","floor":45},{"not_picked":["Carnage"],"picked":"True Grit+1","floor":46},{"not_picked":["Dual Wield+1","Cleave"],"picked":"SKIP","floor":48},{"not_picked":["Iron Wave","Armaments+1"],"picked":"SKIP","floor":55}],"player_experience":832945,"relics_obtained":[{"floor":6,"key":"Bag of Preparation"},{"floor":8,"key":"Thread and Needle"},{"floor":10,"key":"Ancient Tea Set"},{"floor":13,"key":"Potion Belt"},{"floor":23,"key":"CeramicFish"},{"floor":25,"key":"Regal Pillow"},{"floor":26,"key":"Question Card"},{"floor":27,"key":"Art of War"},{"floor":30,"key":"Toxic Egg 2"},{"floor":37,"key":"Dead Branch"},{"floor":40,"key":"Orichalcum"},{"floor":43,"key":"Lantern"},{"floor":46,"key":"Happy Flower"},{"floor":55,"key":"Strawberry"}],"event_choices":[{"damage_healed":0,"gold_gain":75,"player_choice":"Gather Gold","damage_taken":11,"max_hp_gain":0,"max_hp_loss":0,"event_name":"World of Goop","floor":3,"gold_loss":0},{"damage_healed":0,"gold_gain":0,"player_choice":"Forge","damage_taken":0,"max_hp_gain":0,"max_hp_loss":0,"event_name":"Accursed Blacksmith","floor":7,"gold_loss":0,"cards_upgraded":["Whirlwind"]},{"cards_removed":["Strike_R"],"damage_healed":0,"gold_gain":0,"player_choice":"Offered Basic","damage_taken":0,"max_hp_gain":0,"max_hp_loss":0,"event_name":"Bonfire Elementals","floor":20,"gold_loss":0},{"damage_healed":0,"gold_gain":50,"player_choice":"Stole From Cult","damage_taken":0,"max_hp_gain":0,"max_hp_loss":0,"event_name":"Nest","floor":24,"gold_loss":0},{"damage_healed":0,"gold_gain":0,"player_choice":"Fight","damage_taken":0,"max_hp_gain":0,"max_hp_loss":0,"event_name":"Mysterious Sphere","floor":37,"gold_loss":0},{"damage_healed":0,"gold_gain":0,"player_choice":"Max HP","damage_taken":0,"max_hp_gain":0,"max_hp_loss":4,"event_name":"Winding Halls","floor":38,"gold_loss":0},{"damage_healed":0,"gold_gain":0,"player_choice":"Copied","damage_taken":0,"max_hp_gain":0,"max_hp_loss":0,"event_name":"Duplicator","floor":41,"gold_loss":0,"cards_obtained":["Shockwave"]}],"is_beta":false,"boss_relics":[{"not_picked":["Runic Dome","SlaversCollar"],"picked":"Busted Crown"},{"not_picked":["Snecko Eye","Sozu"],"picked":"Fusion Hammer"}],"items_purged_floors":[21,36],"is_endless":false,"potions_floor_spawned":[4,6,10,11,14,16,18,28,33,35,37,45,46,48,55],"killed_by":"The Heart","ascension_level":20}}