{"host":"hnrafgucdht3qvsp","time":1610916285,"event":{"mods":["BaseMod","Bestiary","Colored Map","Minty Spire (QoL Compilation)","Relic Stats","StSLib"],"gold_per_floor":[14,33,109,120,139,165,165,195,248,264,264,0,0,0,0,101,101,119,119,119,119],"floor_reached":20,"language":"ENG","playtime":4863,"items_purged":["Strike_R"],"score":237,"play_id":"ea25a35c-e789-4ebc-bc18-bd1f883c5043","local_time":"20210117154445","is_ascension_mode":true,"campfire_choices":[{"floor":7.0,"key":"REST"},{"data":"Hemokinesis","floor":11.0,"key":"SMITH"},{"floor":13.0,"key":"REST"},{"floor":15.0,"key":"REST"}],"circlet_count":0,"master_deck":["Strike_R","Strike_R","Strike_R","Strike_R","Defend_R","Defend_R","Defend_R","Defend_R","Bash","Master of Strategy","Hemokinesis+1","Power Through","Juggernaut","Battle Trance","Rupture","Double Tap","Feed","J.A.X."],"relics":["Burning Blood","Potion Belt","Bag of Preparation","Tiny Chest","Membership Card","Darkstone Periapt","Mark of Pain"],"acts_visited":["Exordium","TheCity"],"potions_floor_usage":[],"damage_taken":[{"damage":6.0,"enemies":"Cultist","floor":1.0,"turns":4.0},{"damage":3.0,"enemies":"2 Louse","floor":2.0,"turns":3.0},{"damage":7.0,"enemies":"Small Slimes","floor":4.0,"turns":3.0},{"damage":5.0,"enemies":"3 Louse","floor":5.0,"turns":5.0},{"damage":58.0,"enemies":"3 Sentries","floor":6.0,"turns":12.0},{"damage":15.0,"enemies":"Gremlin Nob","floor":8.0,"turns":4.0},{"damage":16.0,"enemies":"Looter","floor":10.0,"turns":5.0},{"damage":24.0,"enemies":"Slime Boss","floor":16.0,"turns":10.0},{"damage":15,"enemies":"Shell Parasite","floor":18,"turns":5},{"damage":65,"enemies":"Spheric Guardian","floor":20,"turns":5}],"seed_played":"6587287021117284417","potions_obtained":[{"floor":2.0,"key":"LiquidBronze"},{"floor":5.0,"key":"Energy Potion"},{"floor":8.0,"key":"Explosive Potion"},{"floor":16.0,"key":"Explosive Potion"}],"is_trial":false,"path_per_floor":["M","M","T","M","M","E","R","E","T","M","R","$","R","?","R","B",null,"M","?","M"],"character_chosen":"IRONCLAD","items_purchased":["Membership Card","Double Tap"],"campfire_rested":3,"item_purchase_floors":[12,12],"current_hp_per_floor":[72,75,75,74,75,23,47,38,38,28,28,28,52,34,58,40,70,61,61,0,0],"gold":119,"neow_bonus":"RANDOM_COLORLESS_2","is_daily":false,"chose_seed":false,"campfire_upgraded":1,"win_rate":0.0,"timestamp":1610916285,"path_taken":["M","M","?","M","M","E","R","E","T","M","R","$","R","?","R","BOSS","M","?","M"],"items_purchased_type":["Relic","Card"],"build_version":"2020-12-22","purchased_purges":1,"victory":false,"max_hp_per_floor":[80,80,80,80,80,80,80,80,80,80,80,80,80,80,80,80,80,80,80,80,80],"relic_stats":{"Darkstone Periapt":0,"counters":[10,56],"Tiny Chest":0,"Bag of Preparation":[8],"obtain_stats":[{"Potion Belt":6,"Darkstone Periapt":14,"Tiny Chest":9,"Mark of Pain":17,"Bag of Preparation":8,"Membership Card":12,"Burning Blood":0},{"Potion Belt":5,"Darkstone Periapt":7,"Tiny Chest":6,"Mark of Pain":8,"Bag of Preparation":6,"Membership Card":7,"Burning Blood":0},{"Potion Belt":27,"Darkstone Periapt":36,"Tiny Chest":31,"Mark of Pain":46,"Bag of Preparation":31,"Membership Card":36,"Burning Blood":0}],"Burning Blood":54},"card_choices":[{"not_picked":["Magnetism","Secret Weapon"],"picked":"Master of Strategy","floor":0.0},{"not_picked":["Clothesline","Armaments"],"picked":"Hemokinesis","floor":1.0},{"not_picked":["Heavy Blade","Clash","Body Slam"],"picked":"SKIP","floor":2.0},{"not_picked":["Flex","Iron Wave"],"picked":"Power Through","floor":4.0},{"not_picked":["Iron Wave","Headbutt"],"picked":"Juggernaut","floor":5.0},{"not_picked":["Entrench","Evolve"],"picked":"Battle Trance","floor":6.0},{"not_picked":["Twin Strike","Perfected Strike"],"picked":"Rupture","floor":8.0},{"not_picked":["Power Through","Anger","Ghostly Armor"],"picked":"SKIP","floor":10.0},{"not_picked":["Impervious","Demon Form"],"picked":"Feed","floor":16.0},{"not_picked":["Wild Strike","Perfected Strike","Twin Strike"],"picked":"SKIP","floor":18}],"player_experience":414718,"relics_obtained":[{"floor":6.0,"key":"Potion Belt"},{"floor":8.0,"key":"Bag of Preparation"},{"floor":9.0,"key":"Tiny Chest"}],"event_choices":[{"damage_healed":0.0,"max_hp_gain":0.0,"max_hp_loss":0.0,"gold_gain":0.0,"event_name":"Scrap Ooze","player_choice":"Success","floor":14.0,"gold_loss":0.0,"damage_taken":18.0,"relics_obtained":["Darkstone Periapt"]},{"damage_healed":0,"gold_gain":0,"player_choice":"Obtain J.A.X.","damage_taken":0,"max_hp_gain":0,"max_hp_loss":0,"event_name":"Drug Dealer","floor":19,"gold_loss":0,"cards_obtained":["J.A.X."]}],"is_beta":false,"boss_relics":[{"not_picked":["Philosopher\u0027s Stone","Fusion Hammer"],"picked":"Mark of Pain"}],"items_purged_floors":[12],"is_endless":false,"potions_floor_spawned":[2,5,8,16],"killed_by":"Spheric Guardian","ascension_level":6}}