{"host":"h3c6rtdc4153hgw2","time":1610918197,"event":{"mods":["AchievementEnabler","Aspiration","BaseMod","Beaked The Cultist","Colored Map","Colored Powertips","Hermit","Hubris","Marisa????????","Minty Spire (QoL Compilation)","Permanent Neow","Quick Restart","StSLib","The Construct","The Cursed","The Hierophant","The Necromancer"],"gold_per_floor":[110,60,235,248,258,258,291,308,359,371,371,390,242,262,262,359,359,371,371,381,296,296,296,309,309,333,347,358,7,20,35,35,98,98,117,166,0,0,0,26,26,37,37,37,37],"floor_reached":44,"language":"ENG","playtime":2280,"items_purged":[],"score":542,"play_id":"525072b4-d617-4ffb-9919-0fc1965ceaed","local_time":"20210117211637","is_ascension_mode":false,"campfire_choices":[{"data":"ForeignInfluence","floor":6,"key":"SMITH"},{"data":"Consecrate","floor":15,"key":"SMITH"},{"data":"Eruption","floor":23,"key":"SMITH"},{"data":"PathToVictory","floor":25,"key":"SMITH"}],"circlet_count":0,"master_deck":["Strike_P","Strike_P","Strike_P","Defend_P","Defend_P","Defend_P+1","Defend_P","Eruption+1","Vigilance+1","ForeignInfluence+1","Doubt","Evaluate","FlurryOfBlows","FlurryOfBlows","PathToVictory","Consecrate+1","PathToVictory","SashWhip","MentalFortress","FollowUp","CrushJoints","Prostrate","PathToVictory+1","Ragnarok+1","SandsOfTime","CrushJoints","SashWhip","PathToVictory","FollowUp","DevaForm","beaked:Ceremony","ReachHeaven+1","hubris:NaturalOne","Trip","ReachHeaven","PathToVictory"],"relics":["Coffee Dripper","Anchor","War Paint","hubris:Icosahedron","Orrery","hubris:ScarierMask","aspiration:RitualStick","PreservedInsect","aspiration:ArtOfWarUpgrade","hubris:Metronome","beaked:SacredDeck","hubris:FunFungus","Red Mask","Bottled Tornado","Mummified Hand"],"acts_visited":["Exordium","TheCity","TheBeyond"],"potions_floor_usage":[7,12,16,16,16,33,36,40,42,42,42,42],"damage_taken":[{"damage":0,"enemies":"2 Louse","floor":1,"turns":4},{"damage":5,"enemies":"Small Slimes","floor":4,"turns":5},{"damage":0,"enemies":"Jaw Worm","floor":5,"turns":3},{"damage":36,"enemies":"3 Sentries","floor":7,"turns":7},{"damage":0,"enemies":"Blue Slaver","floor":8,"turns":4},{"damage":10,"enemies":"Looter","floor":10,"turns":3},{"damage":0,"enemies":"Gremlin Gang","floor":12,"turns":2},{"damage":0,"enemies":"Red Slaver","floor":14,"turns":3},{"damage":0,"enemies":"Slime Boss","floor":16,"turns":4},{"damage":0,"enemies":"2 Thieves","floor":18,"turns":2},{"damage":0,"enemies":"Chosen","floor":20,"turns":4},{"damage":8,"enemies":"Centurion and Healer","floor":24,"turns":3},{"damage":5,"enemies":"Chosen and Byrds","floor":27,"turns":4},{"damage":5,"enemies":"3 Cultists","floor":28,"turns":4},{"damage":0,"enemies":"Cultist and Chosen","floor":30,"turns":4},{"damage":6,"enemies":"Shelled Parasite and Fungi","floor":31,"turns":4},{"damage":21,"enemies":"hubris:MusketHawk","floor":33,"turns":6},{"damage":15,"enemies":"3 Shapes","floor":35,"turns":3},{"damage":10,"enemies":"2 Orb Walkers","floor":36,"turns":3},{"damage":81,"enemies":"Giant Head","floor":40,"turns":7},{"damage":18,"enemies":"3 Darklings","floor":42,"turns":5},{"damage":22,"enemies":"Maw","floor":44,"turns":4}],"seed_played":"-4295500119127351880","potions_obtained":[{"floor":1,"key":"CultistPotion"},{"floor":4,"key":"BottledMiracle"},{"floor":8,"key":"BlessingOfTheForge"},{"floor":10,"key":"Weak Potion"},{"floor":14,"key":"Swift Potion"},{"floor":24,"key":"BottledMiracle"},{"floor":27,"key":"Explosive Potion"},{"floor":30,"key":"EntropicBrew"},{"floor":31,"key":"CultistPotion"},{"floor":33,"key":"AttackPotion"},{"floor":36,"key":"Explosive Potion"}],"is_trial":false,"path_per_floor":["M","?","?","M","M","R","E","M","T","M","?","M","$","M","R","B",null,"M","?","M","?","?","R","M","R","T","M","M","$","M","M","R","B",null,"M","?","?","?","$","E","R","M","T","M"],"character_chosen":"WATCHER","items_purchased":["Orrery","hubris:Metronome","FairyPotion"],"campfire_rested":0,"item_purchase_floors":[13,29,29],"current_hp_per_floor":[72,72,72,67,67,67,31,31,31,21,21,21,21,21,21,21,72,72,58,58,58,58,58,50,50,50,45,40,40,40,34,34,13,72,57,47,47,47,47,23,23,5,5,0,0],"gold":37,"neow_bonus":"BOSS_RELIC","is_daily":false,"chose_seed":false,"campfire_upgraded":4,"win_rate":0.0,"timestamp":1610918197,"path_taken":["M","?","?","M","M","R","E","M","T","M","?","M","$","M","R","BOSS","M","?","M","?","?","R","M","R","T","M","M","?","?","M","R","BOSS","M","?","?","?","$","E","R","M","T","?"],"items_purchased_type":["Relic","Relic","Potion"],"build_version":"2020-12-22","purchased_purges":0,"victory":false,"max_hp_per_floor":[72,72,72,72,72,72,72,72,72,72,72,72,72,72,72,72,72,72,72,72,72,72,72,72,72,72,72,72,72,72,72,72,72,72,72,72,72,72,72,72,72,72,72,72,72],"card_choices":[{"not_picked":["MentalFortress","Halt"],"picked":"ForeignInfluence","floor":1},{"not_picked":["InnerPeace","TalkToTheHand"],"picked":"Evaluate","floor":4},{"not_picked":["Prostrate","JustLucky"],"picked":"FlurryOfBlows","floor":5},{"not_picked":["Blasphemy","Wireheading"],"picked":"FlurryOfBlows","floor":7},{"not_picked":["Crescendo","Pray"],"picked":"PathToVictory","floor":8},{"not_picked":["ThirdEye","DeceiveReality"],"picked":"Consecrate","floor":10},{"not_picked":["JustLucky","Prostrate"],"picked":"PathToVictory","floor":12},{"not_picked":["BattleHymn","DeceiveReality"],"picked":"SashWhip","floor":13},{"not_picked":["ReachHeaven","EmptyBody"],"picked":"MentalFortress","floor":13},{"not_picked":["JustLucky","Vengeance"],"picked":"FollowUp","floor":13},{"not_picked":["InnerPeace","Halt"],"picked":"CrushJoints","floor":13},{"not_picked":["Wallop","DeceiveReality"],"picked":"Prostrate","floor":13},{"not_picked":["Weave","CutThroughFate"],"picked":"PathToVictory","floor":14},{"not_picked":["MasterReality","Blasphemy"],"picked":"Ragnarok","floor":16},{"not_picked":["ThirdEye","CarveReality"],"picked":"SandsOfTime","floor":18},{"not_picked":["JustLucky","MentalFortress","CutThroughFate"],"picked":"SKIP","floor":20},{"not_picked":["FollowUp","BattleHymn+1"],"picked":"CrushJoints","floor":24},{"not_picked":["Perseverance","SignatureMove"],"picked":"SashWhip","floor":27},{"not_picked":["BowlingBash","WaveOfTheHand+1"],"picked":"PathToVictory","floor":28},{"not_picked":["Halt+1","BowlingBash"],"picked":"FollowUp","floor":30},{"not_picked":["Ragnarok","Indignation","ThirdEye"],"picked":"SKIP","floor":31},{"not_picked":["Devotion","ConjureBlade"],"picked":"DevaForm","floor":33},{"not_picked":["Halt+1","Wireheading"],"picked":"ReachHeaven+1","floor":35},{"not_picked":["PanicButton","Panacea"],"picked":"Trip","floor":38},{"not_picked":["Wireheading+1","Sanctity+1"],"picked":"ReachHeaven","floor":40},{"not_picked":["FlurryOfBlows","SashWhip+1"],"picked":"PathToVictory","floor":42}],"player_experience":134426,"relics_obtained":[{"floor":7,"key":"Anchor"},{"floor":9,"key":"War Paint"},{"floor":26,"key":"Art of War"},{"floor":36,"key":"hubris:FunFungus"},{"floor":40,"key":"Bottled Tornado"},{"floor":43,"key":"Mummified Hand"}],"event_choices":[{"cards_removed":["Strike_P"],"damage_healed":0,"gold_gain":0,"player_choice":"Card Removal","damage_taken":0,"max_hp_gain":0,"max_hp_loss":0,"event_name":"The Cleric","floor":2,"gold_loss":50},{"damage_healed":0,"gold_gain":175,"player_choice":"AGREE","damage_taken":0,"max_hp_gain":0,"max_hp_loss":0,"event_name":"Liars Game","floor":3,"gold_loss":0,"cards_obtained":["Doubt"]},{"damage_healed":0,"gold_gain":0,"player_choice":"Obtained Relic","damage_taken":0,"relics_obtained":["PreservedInsect"],"max_hp_gain":0,"max_hp_loss":0,"event_name":"Addict","floor":21,"gold_loss":85},{"damage_healed":0,"gold_gain":0,"player_choice":"Fight","damage_taken":0,"max_hp_gain":0,"max_hp_loss":0,"event_name":"Mysterious Sphere","floor":36,"gold_loss":0},{"damage_healed":0,"gold_gain":0,"player_choice":"Paid","damage_taken":0,"relics_obtained":["Red Mask"],"max_hp_gain":0,"max_hp_loss":0,"event_name":"Tomb of Lord Red Mask","floor":37,"gold_loss":166},{"damage_healed":0,"gold_gain":0,"player_choice":"Memory 1","damage_taken":0,"max_hp_gain":0,"max_hp_loss":0,"event_name":"SensoryStone","floor":38,"gold_loss":0}],"is_beta":false,"boss_relics":[{"not_picked":["Ectoplasm","hubris:HollowSoul"],"picked":"hubris:ScarierMask"},{"not_picked":["Cursed Key","Sozu"],"picked":"beaked:SacredDeck"}],"items_purged_floors":[],"is_endless":false,"potions_floor_spawned":[1,4,8,10,14,24,27,30,31,33,35,36],"killed_by":"Maw","ascension_level":0}}