{"host":"soyfmymeou4emntr","time":1610912688,"event":{"mods":["BaseMod","Minty Spire (QoL Compilation)","Relic Sorter","Relic Stats","StSLib"],"gold_per_floor":[115,115,126,144,162,203,203,245,270,289,326,326,108,127,127,127,127],"floor_reached":16,"language":"ENG","playtime":1156,"items_purged":["Strike_B"],"score":244,"play_id":"a45a7ecd-03f3-4276-ad23-b8bcf566a93e","local_time":"20210117124448","is_ascension_mode":true,"campfire_choices":[{"data":"Buffer","floor":7,"key":"SMITH"},{"data":"Recycle","floor":15,"key":"SMITH"}],"circlet_count":0,"master_deck":["AscendersBane","Strike_B","Strike_B","Strike_B","Defend_B","Defend_B","Defend_B","Defend_B","Zap","Dualcast","Cold Snap","Compile Driver","Sweeping Beam","Buffer+1","Biased Cognition","FTL","Recycle+1","Self Repair","Redo"],"relics":["Nuclear Battery","Blood Vial","CeramicFish","Vajra","MealTicket","Singing Bowl"],"acts_visited":["Exordium"],"potions_floor_usage":[6,11,16,16],"damage_taken":[{"damage":7.0,"enemies":"Jaw Worm","floor":1.0,"turns":4.0},{"damage":1.0,"enemies":"Cultist","floor":3.0,"turns":4.0},{"damage":0.0,"enemies":"2 Louse","floor":4.0,"turns":4.0},{"damage":2.0,"enemies":"Red Slaver","floor":5.0,"turns":3.0},{"damage":16,"enemies":"Lagavulin","floor":6,"turns":6},{"damage":26,"enemies":"Gremlin Nob","floor":8,"turns":5},{"damage":0,"enemies":"Large Slime","floor":10,"turns":4},{"damage":10,"enemies":"3 Sentries","floor":11,"turns":6},{"damage":1,"enemies":"Looter","floor":14,"turns":3},{"damage":89,"enemies":"Hexaghost","floor":16,"turns":15}],"seed_played":"-7118957780081995612","potions_obtained":[{"floor":4.0,"key":"Strength Potion"},{"floor":5.0,"key":"SpeedPotion"},{"floor":6,"key":"Regen Potion"},{"floor":11,"key":"Block Potion"},{"floor":14,"key":"Fruit Juice"}],"is_trial":false,"path_per_floor":["M","?","M","M","M","E","R","E","T","M","E","?","$","M","R","B"],"character_chosen":"DEFECT","items_purchased":["Recycle","Self Repair"],"campfire_rested":0,"item_purchase_floors":[13,13],"current_hp_per_floor":[57,57,58,60,60,46,46,22,22,24,30,81,81,81,81,0,0],"gold":127,"neow_bonus":"BOSS_RELIC","is_daily":false,"chose_seed":false,"campfire_upgraded":2,"win_rate":0.0,"timestamp":1610912688,"path_taken":["M","?","M","?","M","E","R","E","T","M","E","?","$","?","R","BOSS"],"items_purchased_type":["Card","Card"],"build_version":"2020-12-22","purchased_purges":1,"victory":false,"max_hp_per_floor":[71,71,71,71,71,71,71,71,71,71,71,81,81,81,81,86,86],"relic_stats":{"Blood Vial":14,"Singing Bowl":0,"counters":[10,54],"CeramicFish":63,"MealTicket":0,"obtain_stats":[{"Blood Vial":2,"Singing Bowl":11,"CeramicFish":6,"Vajra":8,"MealTicket":9,"Cracked Core":0,"Nuclear Battery":0},{"Blood Vial":1,"Singing Bowl":8,"CeramicFish":5,"Vajra":6,"MealTicket":6,"Cracked Core":0,"Nuclear Battery":0},{"Blood Vial":4,"Singing Bowl":36,"CeramicFish":21,"Vajra":26,"MealTicket":26,"Cracked Core":0,"Nuclear Battery":0}]},"card_choices":[{"not_picked":["Turbo","Steam"],"picked":"Auto Shields","floor":1.0},{"not_picked":["Redo","Steam"],"picked":"Cold Snap","floor":3.0},{"not_picked":["Conserve Battery","Blizzard"],"picked":"Compile Driver","floor":4.0},{"not_picked":["Redo","Static Discharge"],"picked":"Sweeping Beam","floor":5.0},{"not_picked":["Melter","Stack"],"picked":"Buffer","floor":6},{"not_picked":["Coolheaded","Redo"],"picked":"Biased Cognition","floor":8},{"not_picked":["Heatsinks","Aggregate"],"picked":"FTL","floor":10},{"not_picked":["Barrage","BootSequence"],"picked":"Hyperbeam","floor":11},{"not_picked":["Steam","Turbo"],"picked":"Redo","floor":14}],"player_experience":2826806,"relics_obtained":[{"floor":6,"key":"CeramicFish"},{"floor":8,"key":"Vajra"},{"floor":9,"key":"MealTicket"},{"floor":11,"key":"Singing Bowl"}],"event_choices":[{"cards_removed":["Auto Shields"],"damage_healed":0.0,"max_hp_gain":0.0,"max_hp_loss":0.0,"gold_gain":0.0,"event_name":"WeMeetAgain","player_choice":"Gave Card","floor":2.0,"gold_loss":0.0,"damage_taken":0.0,"relics_obtained":["Blood Vial"]},{"cards_removed":["Hyperbeam"],"damage_healed":41,"gold_gain":0,"player_choice":"Offered Rare","damage_taken":0,"max_hp_gain":10,"max_hp_loss":0,"event_name":"Bonfire Elementals","floor":12,"gold_loss":0}],"is_beta":false,"boss_relics":[],"items_purged_floors":[13],"is_endless":false,"potions_floor_spawned":[4,5,6,11,14],"killed_by":"Hexaghost","ascension_level":20}}