{"host":"yvlk1m4foro8gl4v","time":1610886485,"event":{"mods":["AchievementEnabler","Act Like it!","BaseMod","Minty Spire (QoL Compilation)","Relic Stats","StSLib","The Servant 0.9.4","Uncapped"],"gold_per_floor":[116,68,86,15,32,67,67,77,77,103,103,113,131,131,131,131,131],"floor_reached":16,"language":"ENG","playtime":1025,"items_purged":[],"score":123,"play_id":"1225301e-a180-4afa-93e9-48454f0ba69b","local_time":"20210117122805","is_ascension_mode":true,"campfire_choices":[{"floor":7,"key":"REST"},{"data":"LikeWater","floor":11,"key":"SMITH"},{"floor":15,"key":"REST"}],"circlet_count":0,"master_deck":["Strike_P","Strike_P","Strike_P","Defend_P","Defend_P","Defend_P","Eruption","Vigilance","Crescendo","PathToVictory+1","LikeWater+1","Wireheading","ClearTheMind","Protect"],"relics":["Empty Cage","Anchor","Matryoshka","Dead Branch"],"acts_visited":["Exordium"],"potions_floor_usage":[16,16],"damage_taken":[{"damage":8,"enemies":"Small Slimes","floor":1,"turns":4},{"damage":9,"enemies":"2 Louse","floor":3,"turns":2},{"damage":0,"enemies":"Jaw Worm","floor":5,"turns":4},{"damage":34,"enemies":"Gremlin Nob","floor":6,"turns":5},{"damage":7,"enemies":"2 Fungi Beasts","floor":8,"turns":4},{"damage":11,"enemies":"Lagavulin","floor":10,"turns":6},{"damage":15,"enemies":"Gremlin Gang","floor":12,"turns":7},{"damage":4,"enemies":"Large Slime","floor":13,"turns":6},{"damage":32,"enemies":"Slime Boss","floor":16,"turns":12}],"seed_played":"6759112864286110044","potions_obtained":[{"floor":3,"key":"SmokeBomb"},{"floor":5,"key":"Weak Potion"},{"floor":12,"key":"Swift Potion"}],"is_trial":false,"path_per_floor":["M","$","M","$","M","E","R","M","T","E","R","M","M","?","R","B"],"character_chosen":"WATCHER","items_purchased":["PathToVictory","LikeWater"],"campfire_rested":2,"item_purchase_floors":[2,4],"current_hp_per_floor":[64,64,55,55,55,21,42,35,35,24,24,9,5,5,26,0,0],"gold":131,"neow_bonus":"BOSS_RELIC","is_daily":false,"chose_seed":false,"campfire_upgraded":1,"win_rate":0.0,"timestamp":1610886485,"path_taken":["M","$","M","$","M","E","R","M","T","E","R","M","M","?","R","BOSS"],"items_purchased_type":["Card","Card"],"build_version":"2020-12-22","purchased_purges":0,"victory":false,"max_hp_per_floor":[72,72,72,72,72,72,72,72,72,72,72,72,72,72,72,72,72],"relic_stats":{"counters":[9,50],"Dead Branch":[12],"obtain_stats":[{"Anchor":6,"Matryoshka":9,"Dead Branch":10,"PureWater":0,"Empty Cage":0},{"Anchor":4,"Matryoshka":5,"Dead Branch":6,"PureWater":0,"Empty Cage":0},{"Anchor":15,"Matryoshka":19,"Dead Branch":25,"PureWater":0,"Empty Cage":0}]},"card_choices":[{"not_picked":["FlyingSleeves","ThirdEye"],"picked":"Crescendo","floor":1},{"not_picked":["CrushJoints","Evaluate","FollowUp"],"picked":"SKIP","floor":3},{"not_picked":["ForeignInfluence","JustLucky","FlurryOfBlows"],"picked":"SKIP","floor":5},{"not_picked":["Judgement","Evaluate"],"picked":"Wireheading","floor":6},{"not_picked":["EmptyBody","BattleHymn"],"picked":"ClearTheMind","floor":8},{"not_picked":["ClearTheMind","Wireheading"],"picked":"Protect","floor":10},{"not_picked":["FollowUp","ClearTheMind","Halt"],"picked":"SKIP","floor":12},{"not_picked":["Adaptation","Wireheading","Crescendo"],"picked":"SKIP","floor":13}],"player_experience":743725,"relics_obtained":[{"floor":6,"key":"Anchor"},{"floor":9,"key":"Matryoshka"},{"floor":10,"key":"Dead Branch"}],"event_choices":[{"damage_healed":0,"gold_gain":0,"player_choice":"Grow","damage_taken":0,"max_hp_gain":0,"max_hp_loss":0,"event_name":"Living Wall","floor":14,"gold_loss":0,"cards_upgraded":["PathToVictory"]}],"is_beta":false,"boss_relics":[],"items_purged_floors":[],"is_endless":false,"potions_floor_spawned":[3,5,12],"killed_by":"Slime Boss","ascension_level":2}}