{"host":"i0avyit1s6jb1siw","time":1610907035,"event":{"mods":["BaseMod","DeckTracker","Dota2Spire","Highlight Path","Minty Spire (QoL Compilation)","Quick Restart","StSLib","SuperFastMode"],"gold_per_floor":[109,109,109,109,122,122,147,190,190,2,25,25,25,102,102,196,196,152,152,152,0,35,35,78,96,96,96,96,146,4,35,35,106,106,125,150,170,45,57,83,135,169,169,203,203,218,249,267,267,267,267,267,267,1,29,29],"floor_reached":57,"language":"ENG","playtime":2800,"items_purged":["Strike_G","Strike_G","Well Laid Plans"],"score":2979,"play_id":"93f7b6db-4ddf-4025-a0ca-29cd9c1761d0","local_time":"20210117191035","is_ascension_mode":true,"campfire_choices":[{"data":"Eviscerate","floor":6.0,"key":"SMITH"},{"floor":13.0,"key":"REST"},{"data":"Apotheosis","floor":15.0,"key":"SMITH"},{"data":"Well Laid Plans","floor":23.0,"key":"SMITH"},{"floor":32.0,"key":"REST"},{"floor":45.0,"key":"RECALL"},{"floor":49.0,"key":"REST"},{"floor":53.0,"key":"REST"}],"circlet_count":0,"master_deck":["AscendersBane","Survivor","Neutralize+1","Eviscerate+1","Well Laid Plans+1","Prepared","Escape Plan","Apotheosis+1","Crippling Poison","After Image","Escape Plan+1","Reflex+1","Venomology+1","Acrobatics+1","Ghostly+1","Ghostly+1","Ghostly+1","Noxious Fumes","Calculated Gamble+1","Malaise+1","Glass Knife","Escape Plan+1","Predator","Wraith Form v2","Sucker Punch","Terror+1","Night Terror+1","PiercingWail+1","Flechettes","A Thousand Cuts","PiercingWail+1","Burst+1"],"relics":["Ring of the Snake","Bloody Idol","HornCleat","Bronze Scales","Juzu Bracelet","Dota2Spire:ShivaGuard","Toxic Egg 2","Empty Cage","Red Mask","Dota2Spire:MagicBottle","Whetstone","Pandora\u0027s Box","Mango","MealTicket","Lizard Tail","Dream Catcher","StrikeDummy","Dota2Spire:BladeMail","Omamori","Mummified Hand","Dota2Spire:BlackKingBar"],"acts_visited":["Exordium","TheCity","TheBeyond","TheEnding"],"potions_floor_usage":[55,55,56],"damage_taken":[{"damage":6.0,"enemies":"2 Louse","floor":1.0,"turns":3.0},{"damage":4.0,"enemies":"Jaw Worm","floor":5.0,"turns":4.0},{"damage":0.0,"enemies":"Cultist","floor":7.0,"turns":4.0},{"damage":24.0,"enemies":"Gremlin Nob","floor":8.0,"turns":4.0},{"damage":2.0,"enemies":"Exordium Thugs","floor":11.0,"turns":6.0},{"damage":13.0,"enemies":"Hexaghost","floor":16.0,"turns":10.0},{"damage":0.0,"enemies":"2 Thieves","floor":18.0,"turns":5.0},{"damage":0.0,"enemies":"Masked Bandits","floor":22.0,"turns":4.0},{"damage":0.0,"enemies":"Slavers","floor":24.0,"turns":6.0},{"damage":0.0,"enemies":"Spheric Guardian","floor":25.0,"turns":4.0},{"damage":12.0,"enemies":"Book of Stabbing","floor":31.0,"turns":6.0},{"damage":12.0,"enemies":"Collector","floor":33.0,"turns":9.0},{"damage":0.0,"enemies":"3 Darklings","floor":35.0,"turns":5.0},{"damage":0.0,"enemies":"Mind Bloom Boss Battle","floor":36.0,"turns":7.0},{"damage":1.0,"enemies":"Orb Walker","floor":37.0,"turns":4.0},{"damage":0.0,"enemies":"Maw","floor":39.0,"turns":6.0},{"damage":0.0,"enemies":"Reptomancer","floor":40.0,"turns":9.0},{"damage":7.0,"enemies":"2 Orb Walkers","floor":41.0,"turns":8.0},{"damage":0.0,"enemies":"Nemesis","floor":42.0,"turns":8.0},{"damage":0.0,"enemies":"Giant Head","floor":44.0,"turns":7.0},{"damage":9.0,"enemies":"Writhing Mass","floor":46.0,"turns":6.0},{"damage":8.0,"enemies":"Nemesis","floor":47.0,"turns":9.0},{"damage":19.0,"enemies":"Sphere and 2 Shapes","floor":48.0,"turns":7.0},{"damage":6.0,"enemies":"Donu and Deca","floor":50.0,"turns":10.0},{"damage":2.0,"enemies":"Awakened One","floor":51.0,"turns":12.0},{"damage":9,"enemies":"Shield and Spear","floor":55,"turns":8},{"damage":10,"enemies":"The Heart","floor":56,"turns":10}],"seed_played":"-8341138456247833678","potions_obtained":[{"floor":7.0,"key":"Fire Potion"},{"floor":11.0,"key":"Regen Potion"},{"floor":16.0,"key":"Fire Potion"},{"floor":22.0,"key":"DuplicationPotion"},{"floor":40.0,"key":"Explosive Potion"},{"floor":41.0,"key":"SneckoOil"},{"floor":46.0,"key":"Swift Potion"},{"floor":47.0,"key":"BlessingOfTheForge"}],"is_trial":false,"path_per_floor":["M","?","?","?","M","R","M","E","T","$","M","?","R","T","R","B",null,"M","?","?","$","?","R","E","M","T","?","?","?","$","E","R","B",null,"M","?","M","$","M","E","?","E","T","E","R","M","E","M","R","B","B",null,"R","$","E","B",null],"character_chosen":"THE_SILENT","items_purchased":["Apotheosis","Venomology+1","Noxious Fumes","Mummified Hand"],"campfire_rested":4,"item_purchase_floors":[10,21,30,54],"current_hp_per_floor":[53,53,42,47,43,43,43,19,19,19,17,17,36,36,36,23,55,55,55,55,55,55,55,55,55,55,55,32,32,32,25,32,32,32,32,46,46,46,46,46,44,46,46,46,46,42,39,25,38,32,30,42,46,46,42,41],"gold":29,"neow_bonus":"UPGRADE_CARD","is_daily":false,"chose_seed":false,"campfire_upgraded":3,"win_rate":0.0,"timestamp":1610907035,"path_taken":["M","?","?","?","M","R","M","E","T","?","M","?","R","?","R","BOSS","M","?","?","$","?","R","E","M","T","?","?","?","$","E","R","BOSS","M","?","M","$","M","E","?","E","T","E","R","M","E","M","R","BOSS","BOSS","R","$","E","BOSS"],"items_purchased_type":["Card","Card","Card","Relic"],"build_version":"2020-12-22","purchased_purges":3,"victory":true,"max_hp_per_floor":[66,60,60,65,65,65,65,65,65,65,65,65,65,65,65,65,65,65,65,65,65,65,65,65,65,65,65,32,32,32,32,32,32,32,32,46,46,46,46,46,46,46,46,46,46,46,46,46,46,46,46,46,46,46,46,46],"card_choices":[{"not_picked":["Backflip","Endless Agony"],"picked":"Eviscerate","floor":1.0},{"not_picked":["Dagger Throw","All Out Attack"],"picked":"Well Laid Plans","floor":5.0},{"not_picked":["Backstab","Terror"],"picked":"Prepared","floor":7.0},{"not_picked":["Distraction","Underhanded Strike"],"picked":"Escape Plan","floor":8.0},{"not_picked":["Flying Knee","Quick Slash"],"picked":"Crippling Poison","floor":11.0},{"not_picked":["Storm of Steel+1","Bullet Time+1"],"picked":"After Image","floor":16.0},{"not_picked":["Quick Slash","Heel Hook"],"picked":"Escape Plan+1","floor":18.0},{"not_picked":["Poisoned Stab+1","Sucker Punch","Dagger Spray"],"picked":"SKIP","floor":24.0},{"not_picked":["PiercingWail+1","Slice"],"picked":"Acrobatics+1","floor":25.0},{"not_picked":["Infinite Blades","Backstab"],"picked":"Calculated Gamble+1","floor":31.0},{"not_picked":["Unload","Venomology+1"],"picked":"Malaise+1","floor":33.0},{"not_picked":["Dagger Spray","Acrobatics+1","Blade Dance+1"],"picked":"SKIP","floor":35.0},{"not_picked":["Bouncing Flask+1","Sucker Punch"],"picked":"Terror+1","floor":36.0},{"not_picked":["Reflex+1","Acrobatics+1"],"picked":"Night Terror+1","floor":37.0},{"not_picked":["Quick Slash+1","Cloak And Dagger+1","Deflect+1"],"picked":"SKIP","floor":39.0},{"not_picked":["Dagger Throw+1","Dagger Spray+1"],"picked":"PiercingWail+1","floor":40.0},{"not_picked":["Caltrops","All Out Attack","Dodge and Roll+1"],"picked":"SKIP","floor":42.0},{"not_picked":["Crippling Poison+1","Deflect+1","Dagger Throw"],"picked":"SKIP","floor":44.0},{"not_picked":["Blade Dance+1","Bane+1","Escape Plan+1"],"picked":"SKIP","floor":46.0},{"not_picked":["Poisoned Stab","Slice"],"picked":"Flechettes","floor":47.0},{"not_picked":["Sucker Punch","Masterful Stab","Backstab"],"picked":"SKIP","floor":48.0},{"not_picked":["Outmaneuver+1","Heel Hook"],"picked":"A Thousand Cuts","floor":49.0},{"not_picked":["Deflect+1","Footwork"],"picked":"PiercingWail+1","floor":53.0},{"not_picked":["Leg Sweep+1","Predator"],"picked":"Burst+1","floor":55}],"player_experience":2272950,"relics_obtained":[{"floor":8.0,"key":"Bronze Scales"},{"floor":9.0,"key":"Juzu Bracelet"},{"floor":14.0,"key":"Toxic Egg 2"},{"floor":22.0,"key":"Red Mask"},{"floor":24.0,"key":"Dota2Spire:MagicBottle"},{"floor":31.0,"key":"Whetstone"},{"floor":36.0,"key":"Mango"},{"floor":40.0,"key":"MealTicket"},{"floor":41.0,"key":"Lizard Tail"},{"floor":42.0,"key":"Dream Catcher"},{"floor":43.0,"key":"StrikeDummy"},{"floor":44.0,"key":"Dota2Spire:BladeMail"},{"floor":47.0,"key":"Omamori"},{"floor":55,"key":"Dota2Spire:BlackKingBar"}],"event_choices":[{"damage_healed":0.0,"max_hp_gain":0.0,"max_hp_loss":6.0,"gold_gain":0.0,"event_name":"Golden Idol","player_choice":"Lose Max HP","floor":2.0,"gold_loss":0.0,"damage_taken":0.0,"relics_obtained":["Golden Idol"]},{"damage_healed":0.0,"max_hp_gain":0.0,"max_hp_loss":0.0,"gold_gain":0.0,"event_name":"Scrap Ooze","player_choice":"Success","floor":3.0,"gold_loss":0.0,"damage_taken":11.0,"relics_obtained":["HornCleat"]},{"damage_healed":0.0,"max_hp_gain":5.0,"max_hp_loss":0.0,"gold_gain":0.0,"event_name":"Big Fish","player_choice":"Donut","floor":4.0,"gold_loss":0.0,"damage_taken":0.0},{"damage_healed":0.0,"max_hp_gain":0.0,"max_hp_loss":0.0,"gold_gain":0.0,"event_name":"Dead Adventurer","player_choice":"Searched \u00271\u0027 times","floor":12.0,"gold_loss":0.0,"damage_taken":0.0,"relics_obtained":["Dota2Spire:ShivaGuard"]},{"damage_healed":0.0,"max_hp_gain":0.0,"max_hp_loss":0.0,"gold_gain":0.0,"event_name":"The Library","player_choice":"Read","floor":19.0,"gold_loss":0.0,"damage_taken":0.0,"cards_obtained":["Reflex"]},{"damage_healed":0.0,"max_hp_gain":0.0,"max_hp_loss":0.0,"gold_gain":0.0,"event_name":"Vampires","player_choice":"Ignored","floor":20.0,"gold_loss":0.0,"damage_taken":0.0},{"damage_healed":0.0,"max_hp_gain":0.0,"max_hp_loss":0.0,"gold_gain":0.0,"event_name":"Masked Bandits","player_choice":"Fought Bandits","floor":22.0,"gold_loss":0.0,"damage_taken":0.0},{"damage_healed":0.0,"max_hp_gain":0.0,"max_hp_loss":0.0,"gold_gain":0.0,"event_name":"Forgotten Altar","player_choice":"Gave Idol","floor":27.0,"relics_lost":["Golden Idol"],"gold_loss":0.0,"damage_taken":0.0,"relics_obtained":["Bloody Idol"]},{"damage_healed":0.0,"max_hp_gain":0.0,"max_hp_loss":33.0,"gold_gain":0.0,"event_name":"Ghosts","player_choice":"Became a Ghost","floor":28.0,"gold_loss":0.0,"damage_taken":0.0,"cards_obtained":["Ghostly","Ghostly","Ghostly"]},{"damage_healed":0.0,"max_hp_gain":0.0,"max_hp_loss":0.0,"gold_gain":50.0,"event_name":"Nest","player_choice":"Stole From Cult","floor":29.0,"gold_loss":0.0,"damage_taken":0.0},{"damage_healed":0.0,"max_hp_gain":0.0,"max_hp_loss":0.0,"gold_gain":0.0,"event_name":"MindBloom","player_choice":"Fight","floor":36.0,"gold_loss":0.0,"damage_taken":0.0},{"damage_healed":0.0,"max_hp_gain":0.0,"max_hp_loss":0.0,"gold_gain":0.0,"event_name":"Mysterious Sphere","player_choice":"Fight","floor":41.0,"gold_loss":0.0,"damage_taken":0.0}],"is_beta":false,"boss_relics":[{"not_picked":["Busted Crown","Ring of the Serpent"],"picked":"Empty Cage"},{"not_picked":["SlaversCollar","Black Star"],"picked":"Pandora\u0027s Box"}],"items_purged_floors":[21,30,38],"is_endless":false,"potions_floor_spawned":[7,11,16,22,25,39,40,41,46,47],"ascension_level":20}}