{"host":"lf8w6lk2ipwfzeol","time":1610849783,"event":{"mods":["ATMod(°¢èªMod)","Act Like it!","BaseMod","Downfall","Hermit","Minty Spire (QoL Compilation)","Quick Restart","Robot Space Explorer","StSLib","The Bladedancer","The Cursed","The Hierophant","The Runesmith","The Servant 0.9.4","Youmu£¨»êÆÇÑýÃÎ£©"],"gold_per_floor":[115,115,115,135,81,81,101,65,89,54,95,130,142,174,186,321,333,358,370,366,73,373,373,406,406,457,472,485,508,529,548,548,679,679,702,702,702,727,746,746,781,781,807,38,113,113,127,148,148,148],"floor_reached":51,"language":"ZHS","playtime":4359,"items_purged":["TheCursedMod:Strike_TheCursed"],"score":774,"play_id":"698310c7-87b8-412d-a32a-4436e8a2ae36","local_time":"20210117101623","is_ascension_mode":false,"campfire_choices":[{"data":"TheCursedMod:CursedBlade","floor":6.0,"key":"SMITH"},{"data":"TheCursedMod:SpitefulPlan","floor":13,"key":"SMITH"},{"data":"TheCursedMod:CircleOfFlame","floor":15,"key":"SMITH"},{"data":"TheCursedMod:CleanUpWorkshop","floor":23,"key":"SMITH"},{"data":"TheCursedMod:CursedMace","floor":25,"key":"SMITH"},{"data":"TheCursedMod:CursedStaff","floor":32,"key":"SMITH"},{"data":"TheCursedMod:OutForBlood","floor":40,"key":"SMITH"},{"data":"TheCursedMod:Wield","floor":46,"key":"SMITH"},{"data":"TheCursedMod:CursedBlade","floor":49,"key":"SMITH"}],"circlet_count":0,"master_deck":["TheCursedMod:Strike_TheCursed","TheCursedMod:Strike_TheCursed","TheCursedMod:Strike_TheCursed","TheCursedMod:Defend_TheCursed","TheCursedMod:Defend_TheCursed","TheCursedMod:Defend_TheCursed","TheCursedMod:CursedWand","TheCursedMod:CleanUpWorkshop+1","TheCursedMod:Dregs","TheCursedMod:CursedBlade+1","TheCursedMod:LuckyCharm","Injury","TheCursedMod:Grudge","TheCursedMod:WearCloak","TheCursedMod:TroublousMinions","TheCursedMod:SpitefulPlan+1","TheCursedMod:HellfireBreathing","TheCursedMod:CircleOfFlame+1","TheCursedMod:SurpriseAttack","TheCursedMod:CircleOfAbyss","TheCursedMod:CircleOfBlood+1","TheCursedMod:CircleOfCorruption+1","TheCursedMod:CursedMace+1","TheCursedMod:CursedStaff+1","TheCursedMod:CursedShiv+1","TheCursedMod:CursedBlade+1","TheCursedMod:CursedAmulet+1","TheCursedMod:Mangle+1","TheCursedMod:OutForBlood+1","TheCursedMod:VitalStrike+1","Discovery","Blind","Flash of Steel","TheCursedMod:SoulCrush","TheCursedMod:Wield+1","TheCursedMod:SpreadPlague","AT_PowerWithin","TheCursedMod:CleanUpWorkshop","TheCursedMod:AntiAging"],"relics":["TheCursedMod:BlackMagic101","AT_ATBox","Golden Idol","AT_Manta","AT_BellDemon","MawBank","Toy Ornithopter","AT_RabadonDeathcap","Bag of Preparation","TheCursedMod:Tack","Sozu","Lizard Tail","StoneCalendar","AT_RedTearstoneRing","Bag of Marbles","Old Coin","AT_ArchangelStaff","AT_GuinsooRageblade","Nunchaku","Centennial Puzzle","AT_BladeRuinedKing","Pocketwatch","Du-Vu Doll","Bronze Scales","Darkstone Periapt","Coffee Dripper","Ancient Tea Set","AT_ImmortalShieldbow","Incense Burner","Meat on the Bone","Boot","Sling","Ginger","HornCleat","Sundial","Strawberry","Oddly Smooth Stone"],"acts_visited":["Exordium","TheCity","TheBeyond"],"potions_floor_usage":[35],"damage_taken":[{"damage":2.0,"enemies":"Jaw Worm","floor":1.0,"turns":5.0},{"damage":0.0,"enemies":"Small Slimes","floor":4.0,"turns":3.0},{"damage":0.0,"enemies":"Cultist","floor":7.0,"turns":4.0},{"damage":114,"enemies":"Lagavulin","floor":11,"turns":9},{"damage":46,"enemies":"Blue Slaver","floor":12,"turns":4},{"damage":22,"enemies":"Looter","floor":14,"turns":3},{"damage":43,"enemies":"The Guardian","floor":16,"turns":9},{"damage":0,"enemies":"Spheric Guardian","floor":18,"turns":3},{"damage":51,"enemies":"2 Thieves","floor":20,"turns":4},{"damage":23,"enemies":"Slavers","floor":24,"turns":3},{"damage":30,"enemies":"Centurion and Healer","floor":27,"turns":6},{"damage":19,"enemies":"3 Cultists","floor":28,"turns":4},{"damage":0,"enemies":"Cultist and Chosen","floor":29,"turns":3},{"damage":0,"enemies":"Snecko","floor":30,"turns":2},{"damage":0,"enemies":"Sentry and Sphere","floor":31,"turns":1},{"damage":48,"enemies":"Automaton","floor":33,"turns":5},{"damage":0,"enemies":"3 Darklings","floor":35,"turns":2},{"damage":6,"enemies":"3 Shapes","floor":38,"turns":1},{"damage":0,"enemies":"Jaw Worm Horde","floor":39,"turns":1},{"damage":0,"enemies":"Reptomancer","floor":41,"turns":2},{"damage":0,"enemies":"Spire Growth","floor":47,"turns":1},{"damage":74,"enemies":"Transient","floor":48,"turns":5},{"damage":35,"enemies":"Time Eater","floor":50,"turns":6}],"seed_played":"700702640783604073","potions_obtained":[{"floor":1.0,"key":"AttackPotion"},{"floor":4.0,"key":"Explosive Potion"},{"floor":12,"key":"SkillPotion"}],"is_trial":false,"path_per_floor":["M","?","?","M","$","R","M","$","T","?","E","M","R","M","R","B",null,"M","?","M","$","T","R","E","R","T","M","M","M","M","M","R","B",null,"M","?","?","M","M","R","E","?","T","$","T","R","M","M","R","B",null],"character_chosen":"THE_CURSED","items_purchased":["TheCursedMod:WearCloak","TheCursedMod:SpitefulPlan","AT_RedTearstoneRing","Bag of Marbles","Sling","Ginger","HornCleat"],"campfire_rested":0,"item_purchase_floors":[5,8,21,21,44,44,44],"current_hp_per_floor":[73,73,61,61,61,61,61,61,61,75,75,75,75,75,75,32,75,75,75,24,24,24,24,75,75,75,45,75,75,75,75,75,27,75,75,65,65,59,75,75,75,75,75,75,75,75,82,20,99,67],"gold":148,"neow_bonus":"THREE_CARDS","is_daily":false,"chose_seed":false,"campfire_upgraded":9,"win_rate":0.0,"timestamp":1610849783,"path_taken":["M","?","?","M","$","R","M","$","T","?","E","M","R","M","R","BOSS","M","?","M","?","?","R","E","R","T","M","M","?","M","M","R","BOSS","M","?","?","?","M","R","E","?","T","$","?","R","M","M","R","BOSS"],"items_purchased_type":["Card","Card","Relic","Relic","Relic","Relic","Relic"],"build_version":"2020-12-22","purchased_purges":1,"victory":true,"max_hp_per_floor":[75,75,75,75,75,75,75,75,75,75,75,75,75,75,75,75,75,75,75,75,75,75,75,75,75,75,75,75,75,75,75,75,75,75,75,75,75,75,75,75,75,75,75,75,75,75,82,82,82,84],"card_choices":[{"not_picked":["TheCursedMod:CircleOfFlame","TheCursedMod:FleshFromBone"],"picked":"TheCursedMod:CursedBlade","floor":0.0},{"not_picked":["TheCursedMod:PrepareRite","TheCursedMod:HellsGateOpen"],"picked":"TheCursedMod:LuckyCharm","floor":1.0},{"not_picked":["TheCursedMod:FleshFromBone","TheCursedMod:HellfireBreathing"],"picked":"TheCursedMod:Grudge","floor":4.0},{"not_picked":["TheCursedMod:CircleOfWindfury","TheCursedMod:TacticalStrike"],"picked":"TheCursedMod:TroublousMinions","floor":7.0},{"not_picked":["TheCursedMod:CircleOfCorruption","TheCursedMod:ReleasedStrength"],"picked":"TheCursedMod:HellfireBreathing","floor":11},{"not_picked":["TheCursedMod:FleshFromBone","TheCursedMod:CircleOfAmplification"],"picked":"TheCursedMod:CircleOfFlame","floor":12},{"not_picked":["TheCursedMod:SmokeScreen","TheCursedMod:WearCloak"],"picked":"TheCursedMod:SurpriseAttack","floor":14},{"not_picked":["TheCursedMod:DarkBarrier","TheCursedMod:ManaCirculation"],"picked":"TheCursedMod:CircleOfAbyss","floor":16},{"not_picked":["TheCursedMod:SpreadPlague","TheCursedMod:SurpriseAttack+1"],"picked":"TheCursedMod:CircleOfBlood+1","floor":18},{"not_picked":["TheCursedMod:BloodBarrier","TheCursedMod:FleshFromBone"],"picked":"TheCursedMod:CircleOfCorruption+1","floor":20},{"not_picked":["TheCursedMod:WearCloak","TheCursedMod:CircleOfAmplification"],"picked":"TheCursedMod:CursedMace","floor":24},{"not_picked":["TheCursedMod:BloodBarrier","TheCursedMod:Torture"],"picked":"TheCursedMod:CursedStaff","floor":27},{"not_picked":["TheCursedMod:CursedArmor","TheCursedMod:TroublousMinions"],"picked":"TheCursedMod:CursedShiv+1","floor":28},{"not_picked":["TheCursedMod:CircleOfCorruption","TheCursedMod:SmokeScreen"],"picked":"TheCursedMod:CursedBlade","floor":29},{"not_picked":["TheCursedMod:HellfireBreathing","TheCursedMod:VitalStrike"],"picked":"TheCursedMod:CursedAmulet+1","floor":30},{"not_picked":["TheCursedMod:VitalStrike","TheCursedMod:CursedBlade"],"picked":"TheCursedMod:Mangle+1","floor":31},{"not_picked":["TheCursedMod:ParallelWorld","TheCursedMod:Neurasthenia"],"picked":"TheCursedMod:OutForBlood","floor":33},{"not_picked":["TheCursedMod:CursedAmulet+1","TheCursedMod:FleshFromBone"],"picked":"TheCursedMod:VitalStrike+1","floor":35},{"not_picked":["Finesse","Mind Blast"],"picked":"Discovery","floor":36},{"not_picked":["Transmutation","Mind Blast"],"picked":"Blind","floor":36},{"not_picked":["PanicButton","Chrysalis"],"picked":"Flash of Steel","floor":36},{"not_picked":["TheCursedMod:DoubleShield","TheCursedMod:VitalStrike+1","TheCursedMod:Obscuration+1"],"picked":"SKIP","floor":38},{"not_picked":["TheCursedMod:SmokeScreen","TheCursedMod:WearCloak+1"],"picked":"TheCursedMod:Wield","floor":39},{"not_picked":["TheCursedMod:CursedBlade","TheCursedMod:SpitefulPray"],"picked":"TheCursedMod:SpreadPlague","floor":41},{"not_picked":["TheCursedMod:WearCloak","TheCursedMod:CursedMace","TheCursedMod:DarkBarrier"],"picked":"SKIP","floor":47},{"not_picked":["TheCursedMod:SpitefulPlan+1","TheCursedMod:FleshFromBone+1","TheCursedMod:ReleasedKnowledge"],"picked":"SKIP","floor":48}],"player_experience":117108,"relics_obtained":[{"floor":9.0,"key":"AT_BellDemon"},{"floor":11,"key":"MawBank"},{"floor":11,"key":"Toy Ornithopter"},{"floor":12,"key":"AT_RabadonDeathcap"},{"floor":14,"key":"Bag of Preparation"},{"floor":16,"key":"TheCursedMod:Tack"},{"floor":18,"key":"Lizard Tail"},{"floor":20,"key":"StoneCalendar"},{"floor":22,"key":"Old Coin"},{"floor":24,"key":"AT_ArchangelStaff"},{"floor":24,"key":"AT_GuinsooRageblade"},{"floor":26,"key":"Nunchaku"},{"floor":27,"key":"Centennial Puzzle"},{"floor":28,"key":"AT_BladeRuinedKing"},{"floor":29,"key":"Pocketwatch"},{"floor":30,"key":"Du-Vu Doll"},{"floor":31,"key":"Bronze Scales"},{"floor":33,"key":"Darkstone Periapt"},{"floor":35,"key":"Ancient Tea Set"},{"floor":38,"key":"AT_ImmortalShieldbow"},{"floor":39,"key":"Incense Burner"},{"floor":41,"key":"Meat on the Bone"},{"floor":43,"key":"Boot"},{"floor":45,"key":"Sundial"},{"floor":47,"key":"Strawberry"},{"floor":48,"key":"Oddly Smooth Stone"}],"event_choices":[{"damage_healed":0.0,"max_hp_gain":0.0,"max_hp_loss":0.0,"gold_gain":0.0,"event_name":"Golden Idol","player_choice":"Take Wound","floor":2.0,"gold_loss":0.0,"damage_taken":0.0,"relics_obtained":["Golden Idol"],"cards_obtained":["Injury"]},{"damage_healed":0.0,"max_hp_gain":0.0,"max_hp_loss":0.0,"gold_gain":0.0,"event_name":"Scrap Ooze","player_choice":"Success","floor":3.0,"gold_loss":0.0,"damage_taken":12.0,"relics_obtained":["AT_Manta"]},{"damage_healed":18.0,"max_hp_gain":0.0,"max_hp_loss":0.0,"gold_gain":0.0,"event_name":"The Cleric","player_choice":"Healed","floor":10.0,"gold_loss":35.0,"damage_taken":0.0},{"damage_healed":0,"gold_gain":0,"player_choice":"Ignored","damage_taken":0,"max_hp_gain":0,"max_hp_loss":0,"event_name":"Ghosts","floor":19,"gold_loss":0},{"damage_healed":0,"gold_gain":0,"player_choice":"Memory 3","damage_taken":10,"max_hp_gain":0,"max_hp_loss":0,"event_name":"SensoryStone","floor":36,"gold_loss":0},{"damage_healed":0,"gold_gain":0,"cards_transformed":["TheCursedMod:Defend_TheCursed"],"player_choice":"Transformed","damage_taken":0,"max_hp_gain":0,"max_hp_loss":0,"event_name":"Transmorgrifier","floor":37,"gold_loss":0,"cards_obtained":["TheCursedMod:SoulCrush"]},{"damage_healed":0,"gold_gain":0,"player_choice":"3 cards matched","damage_taken":0,"max_hp_gain":0,"max_hp_loss":0,"event_name":"Match and Keep!","floor":42,"gold_loss":0,"cards_obtained":["AT_PowerWithin","TheCursedMod:CleanUpWorkshop","TheCursedMod:AntiAging"]}],"is_beta":false,"boss_relics":[{"not_picked":["Runic Dome","Velvet Choker"],"picked":"Sozu"},{"not_picked":["SlaversCollar","SacredBark"],"picked":"Coffee Dripper"}],"items_purged_floors":[44],"is_endless":false,"potions_floor_spawned":[1,4,12,20,29,30,31,38,41],"ascension_level":0}}