{"host":"qswkx8hggytna0kc","time":1610884854,"event":{"mods":["Aspiration","BaseMod","BetterRewards","Colored Map","Colored Powertips","Highlight Path","Hubris","Mimic Mod","Minty Spire (QoL Compilation)","MostiFishMod","Quick Restart","Replay The Spire","StSLib","SuperFastMode"],"gold_per_floor":[114,124,124,124,124,163,163,207,283,307,338,361,123,139,139,233,233,257,270,270,290,303,344,344,26,101,141,141,172,172,185,185,276,276,292,292,292,316,316,352,352,390,390,413,413,444,3,24,24,24,24,24,24,55,55],"floor_reached":56,"language":"ZHS","playtime":917,"items_purged":["Normality"],"score":2976,"play_id":"34755a4b-48db-43af-9e3c-5e9b84a72f0a","local_time":"20210117200054","is_ascension_mode":true,"campfire_choices":[{"data":"Die Die Die","floor":15,"key":"SMITH"},{"data":"MostiFishMod:LethalBlade","floor":28,"key":"SMITH"},{"data":"Prepared","floor":30,"key":"SMITH"},{"data":"Prepared","floor":32,"key":"SMITH"},{"data":"Dramatic Entrance","floor":41,"key":"SMITH"},{"floor":45,"key":"RECALL"},{"data":"Prepared","floor":49,"key":"SMITH"},{"data":"MostiFishMod:Listen","floor":52,"key":"SMITH"}],"circlet_count":0,"master_deck":["AscendersBane","Strike_G+1","Strike_G+2","Strike_G+1","Strike_G+1","Defend_G","Defend_G","Defend_G","Defend_G+2","Defend_G","Survivor","Neutralize","Defend_G","Survivor","Crow Ritual+1","Masterful Stab","Acrobatics","MostiFishMod:FrostNova","Die Die Die+1","Escape Plan","Acrobatics","Deflect","MostiFishMod:LethalBlade+1","Dagger Spray+1","Heel Hook","ReplayTheSpireMod:Scrap Shanks+1","Prepared+1","Dash+1","Prepared+1","Escape Plan","MostiFishMod:Listen+1","Dramatic Entrance+1","MostiFishMod:PreservedThorns+1","Acrobatics","Underhanded Strike","Acrobatics","Prepared+1"],"relics":["Ring of the Snake","DaveBox","ExusiaiGun","SynthV:TestCard","Golden Idol","ReplayTheSpireMod:Ring of Addiction","Potion Belt","Chameleon Ring","Bronze Scales","Happy Flower","Matryoshka","Replay:WaspNest","Replay:Wax Seal","Simple Rune","TwistedFunnel","ChiXiaoBlade","Toy Ornithopter","Replay:Kaleidoscope","Eternal Feather","Bottled Tornado","Ninja Scroll","Replay:Bottled Eggs","FeatherPendant","hubris:Icosahedron","BionicSphere","Orichalcum","hubris:Metronome","Thread and Needle","ImprovedEquipment","hubris:ToyBattleship","hubris:PeanutButter"],"acts_visited":["Exordium","TheCity","TheBeyond","TheEnding"],"potions_floor_usage":[42,44],"damage_taken":[{"damage":0.0,"enemies":"Jaw Worm","floor":1.0,"turns":1.0},{"damage":0.0,"enemies":"2 Louse","floor":2.0,"turns":1.0},{"damage":0.0,"enemies":"Lagavulin","floor":6.0,"turns":3.0},{"damage":0.0,"enemies":"Gremlin Nob","floor":8.0,"turns":3.0},{"damage":0.0,"enemies":"Small Slimes","floor":10.0,"turns":1.0},{"damage":9,"enemies":"Replay:BlueRogue","floor":11,"turns":3},{"damage":0,"enemies":"3 Louse","floor":14,"turns":1},{"damage":0,"enemies":"The Guardian","floor":16,"turns":5},{"damage":0,"enemies":"Spheric Guardian","floor":18,"turns":1},{"damage":0,"enemies":"2 Thieves","floor":19,"turns":1},{"damage":0,"enemies":"3 Cultists","floor":21,"turns":2},{"damage":9,"enemies":"Snake Plant","floor":22,"turns":3},{"damage":2,"enemies":"Book of Stabbing","floor":23,"turns":2},{"damage":0,"enemies":"Slavers","floor":27,"turns":1},{"damage":0,"enemies":"Gremlin Leader","floor":29,"turns":1},{"damage":0,"enemies":"Centurion and Healer","floor":31,"turns":1},{"damage":8,"enemies":"Pondfish","floor":33,"turns":3},{"damage":0,"enemies":"3 Darklings","floor":35,"turns":1},{"damage":14,"enemies":"3 Shapes","floor":38,"turns":1},{"damage":0,"enemies":"Nemesis","floor":40,"turns":1},{"damage":0,"enemies":"Reptomancer","floor":42,"turns":1},{"damage":0,"enemies":"Jaw Worm Horde","floor":44,"turns":1},{"damage":0,"enemies":"Mind Bloom Boss Battle","floor":46,"turns":1},{"damage":0,"enemies":"Spire Growth","floor":48,"turns":1},{"damage":0,"enemies":"hubris:GrandSnecko","floor":50,"turns":1},{"damage":0,"enemies":"Shield and Spear","floor":54,"turns":1},{"damage":0,"enemies":"The Heart","floor":55,"turns":3}],"seed_played":"5659389156695655966","potions_obtained":[{"floor":5.0,"key":"Swift Potion"},{"floor":5.0,"key":"FearPotion"},{"floor":5.0,"key":"Explosive Potion"},{"floor":8.0,"key":"SkillPotion"},{"floor":14,"key":"CultistPotion"},{"floor":23,"key":"BlessingOfTheForge"},{"floor":42,"key":"Poison Potion"},{"floor":48,"key":"Poison Potion"}],"is_trial":false,"path_per_floor":["M","M","?","?","?","E","?","E","T","M","E","T","$","M","R","B",null,"M","M","?","M","M","E","?","$","T","E","R","E","R","M","R","B",null,"M","?","?","M","$","E","R","E","T","M","R","?","$","M","R","B",null,"R","$","E","B",null],"character_chosen":"THE_SILENT","items_purchased":["TwistedFunnel","Replay:Kaleidoscope","BionicSphere","ImprovedEquipment","hubris:ToyBattleship"],"campfire_rested":0,"item_purchase_floors":[13,25,39,47,47],"current_hp_per_floor":[59,59,59,59,59,59,41,41,41,41,32,32,32,32,32,32,49,49,49,49,49,40,38,35,35,35,35,46,46,46,44,44,36,41,41,41,40,26,7,7,25,30,30,35,38,38,38,36,36,36,34,34,34,32,32],"gold":55,"neow_bonus":"RANDOM_COLORLESS_2","is_daily":false,"chose_seed":false,"campfire_upgraded":7,"win_rate":0.0,"timestamp":1610884854,"path_taken":["M","M","?","?","?","E","?","E","T","M","E","?","$","M","R","BOSS","M","M","?","M","M","E","?","$","T","E","R","E","R","?","R","BOSS","M","?","?","M","?","E","R","E","T","M","R","?","$","M","R","BOSS","R","$","E","BOSS"],"items_purchased_type":["Relic","Relic","Relic","Relic","Relic"],"build_version":"2020-12-22","purchased_purges":1,"victory":true,"max_hp_per_floor":[66,66,60,60,60,60,60,60,58,58,58,58,56,56,56,54,54,54,52,52,52,50,50,50,48,48,48,46,46,46,44,44,44,42,42,42,40,40,40,38,38,38,38,38,38,38,38,36,36,36,34,34,34,32,32],"card_choices":[{"not_picked":["Apotheosis","Secret Weapon"],"picked":"Crow Ritual","floor":0.0},{"not_picked":["Sucker Punch","Deadly Poison"],"picked":"Masterful Stab","floor":1.0},{"not_picked":["Flying Knee","Fluid Movement","Sucker Punch","PiercingWail"],"picked":"Acrobatics","floor":2.0},{"not_picked":["Draining Mist","Tactician","Bouncing Flask","Dagger Throw"],"picked":"MostiFishMod:FrostNova","floor":6.0},{"not_picked":["Cloak And Dagger","Deflect","Dodge and Roll","Skewer"],"picked":"Die Die Die","floor":8.0},{"not_picked":["Noxious Fumes","Acrobatics","Distraction","Eviscerate"],"picked":"Escape Plan","floor":10.0},{"not_picked":["Dodge and Roll","Sneak Up","PiercingWail","MostiFishMod:PerfectParry"],"picked":"Acrobatics","floor":11},{"not_picked":["Concentrate","MostiFishMod:PerfectParry","ReplayTheSpireMod:The Works","Dagger Throw"],"picked":"Deflect","floor":14},{"not_picked":["ReplayTheSpireMod:Necrosis","MostiFishMod:SpreadingSpore","MostiFishMod:HiddenBlade","MostiFishMod:Opportunism"],"picked":"MostiFishMod:LethalBlade","floor":16},{"not_picked":["Cloak And Dagger+1","Acrobatics","All Out Attack","Outmaneuver"],"picked":"Dagger Spray","floor":18},{"not_picked":["hubris:Sniper","Deadly Poison","Dodge and Roll","MostiFishMod:PerfectParry"],"picked":"Heel Hook","floor":19},{"not_picked":["Blade Dance","MostiFishMod:PerfectParry+1","Leg Sweep","hubris:Counter"],"picked":"ReplayTheSpireMod:Scrap Shanks+1","floor":21},{"not_picked":["Deflect","Slice+1","Dagger Throw","Dagger Spray"],"picked":"Prepared","floor":22},{"not_picked":["Dagger Spray","Grand Finale","Tactician","Quick Slash+1"],"picked":"Dash+1","floor":23},{"not_picked":["ReplayTheSpireMod:Shiv Toss","Riddle With Holes","Footwork","MostiFishMod:PerfectParry+1"],"picked":"Prepared","floor":27},{"not_picked":["Masterful Stab","Acrobatics","Fluid Movement","Sucker Punch"],"picked":"Escape Plan","floor":29},{"not_picked":["Poisoned Stab+1","Deflect","Flechettes+1","Footwork","Deadly Poison"],"picked":"SKIP","floor":31},{"not_picked":["ReplayTheSpireMod:From All Sides","Atom Bomb","MostiFishMod:Wind","ReplayTheSpireMod:Necrosis"],"picked":"MostiFishMod:Listen","floor":33},{"not_picked":["Poisoned Stab+1","Hidden Blade","Dodge and Roll","MostiFishMod:PerfectParry","Quick Slash"],"picked":"SKIP","floor":35},{"not_picked":["Swift Strike","MostiFishMod:StoryBook","MostiFishMod:SupremeArchaeology","Purity"],"picked":"Dramatic Entrance","floor":36},{"not_picked":["Underhanded Strike","Acrobatics","hubris:TrickCloak+1","Bane"],"picked":"MostiFishMod:PreservedThorns+1","floor":38},{"not_picked":["Well Laid Plans+1","Slice","Underhanded Strike","PiercingWail","ReplayTheSpireMod:Exploit Weakness"],"picked":"SKIP","floor":40},{"not_picked":["MostiFishMod:ThornCasing","Dash","Flying Knee","PiercingWail"],"picked":"Acrobatics","floor":42},{"not_picked":["MostiFishMod:FrostNova+1","Deadly Poison+1","Flying Knee","Doppelganger"],"picked":"Underhanded Strike","floor":44},{"not_picked":["Endless Agony","MostiFishMod:PoisonShield","Hidden Blade","Blade Dance"],"picked":"Acrobatics","floor":46},{"not_picked":["Quick Slash","Flechettes","Sucker Punch","Deadly Poison"],"picked":"Prepared","floor":48},{"not_picked":["ReplayTheSpireMod:Shiv Toss","PiercingWail+1","Dagger Throw","Backflip","Predator"],"picked":"SKIP","floor":54}],"player_experience":339041,"relics_obtained":[{"floor":1.0,"key":"SynthV:TestCard"},{"floor":5.0,"key":"ReplayTheSpireMod:Ring of Addiction"},{"floor":5.0,"key":"Potion Belt"},{"floor":5.0,"key":"Chameleon Ring"},{"floor":6.0,"key":"Bronze Scales"},{"floor":8.0,"key":"Happy Flower"},{"floor":9.0,"key":"Matryoshka"},{"floor":11,"key":"Replay:WaspNest"},{"floor":12,"key":"Replay:Wax Seal"},{"floor":12,"key":"Simple Rune"},{"floor":23,"key":"Toy Ornithopter"},{"floor":26,"key":"Eternal Feather"},{"floor":26,"key":"Bottled Tornado"},{"floor":27,"key":"Ninja Scroll"},{"floor":29,"key":"Replay:Bottled Eggs"},{"floor":40,"key":"Orichalcum"},{"floor":42,"key":"hubris:Metronome"},{"floor":46,"key":"Thread and Needle"},{"floor":54,"key":"hubris:PeanutButter"}],"event_choices":[{"damage_healed":0.0,"max_hp_gain":0.0,"max_hp_loss":6.0,"gold_gain":0.0,"event_name":"Golden Idol","player_choice":"Lose Max HP","floor":3.0,"gold_loss":0.0,"damage_taken":0.0,"relics_obtained":["Golden Idol"]},{"cards_removed":["Strike_G"],"damage_healed":0.0,"max_hp_gain":0.0,"max_hp_loss":0.0,"gold_gain":0.0,"event_name":"Living Wall","player_choice":"Forget","floor":4.0,"gold_loss":0.0,"damage_taken":0.0},{"damage_healed":0.0,"max_hp_gain":0.0,"max_hp_loss":0.0,"gold_gain":0.0,"event_name":"Shining Light","player_choice":"Entered Light","floor":7.0,"gold_loss":0.0,"damage_taken":18.0,"cards_upgraded":["Crow Ritual","Defend_G"]},{"damage_healed":0,"gold_gain":0,"player_choice":"Bought 0 Potions","damage_taken":0,"max_hp_gain":0,"max_hp_loss":0,"event_name":"The Woman in Blue","floor":24,"gold_loss":0},{"damage_healed":0,"gold_gain":0,"player_choice":"Memory 1","damage_taken":0,"max_hp_gain":0,"max_hp_loss":0,"event_name":"SensoryStone","floor":36,"gold_loss":0},{"damage_healed":0,"gold_gain":0,"player_choice":"Fight","damage_taken":0,"max_hp_gain":0,"max_hp_loss":0,"event_name":"MindBloom","floor":46,"gold_loss":0}],"is_beta":false,"boss_relics":[{"not_picked":["FrostBlade","Abe\u0027s Treasure"],"picked":"ChiXiaoBlade"},{"not_picked":["hubris:HollowSoul","Black Star"],"picked":"FeatherPendant"}],"items_purged_floors":[13],"is_endless":false,"potions_floor_spawned":[8,14,19,23,31,40,42,48],"ascension_level":18}}