{"host":"w23c85yopnejbyem","time":1610878329,"event":{"mods":["100% Spire Juice","2.2 Compatiblity","AchievementEnabler","Act Like it!","Arknights The Spire","BaseMod","Beaked The Cultist","BetterRewards","CapriCore","ChefMod","Colored Map","Colored Powertips","Conspire","Downfall-Rebalance","Duelist Mod","Elementarium","Gensokyo","GifTheSpireLib","Halation","Hallownest","Hermit","Highlight Path","JesterMod","KinomotoSakuraMod(????)","Luminous","Menagerie","Mimic Mod","Minty Spire (QoL Compilation)","Permanent Neow","Quarter Circle Forward PUNCH!","Quick Restart","Replay The Spire","Robot Space Explorer","Shade Mod","Shedinja","Shop Mod","Spicy Shops","Spikes Relics","StS++","StSLib","Stuff the Spire","The Animator","The Blue Laboratory","The Bug Knight","The Dragon Tamer","The Edgeheg","The Fake Hero","The Immortal","The Marked","The Mystic","The Senshi","The Trickster","TheSwordswoman","TheVacant","TheVelvet","Useless Jewels Mod","Yakumo Yukari mod","??????REMEMod"],"gold_per_floor":[117,192,211,231,231,261,8,8,8,24,37,55,71,100,100,100,100],"floor_reached":16,"language":"ENG","playtime":1266,"items_purged":["Burn"],"score":114,"play_id":"2d512d9b-7d1e-499e-b9be-4dc500f1126e","local_time":"20210117101209","is_ascension_mode":false,"campfire_choices":[{"data":"ats:Childhood Dance","floor":8,"key":"SMITH"},{"data":"ats:Ambush","floor":15,"key":"SMITH"}],"circlet_count":0,"master_deck":["ats:Strike C","ats:Strike G","ats:Strike S","ats:Armor Crushing Shot","ats:Defend","ats:Defend","ats:Defend","ats:Defend","ats:Emotion Absorption","ats:Revitalization","ats:Chain Hook","Moonworks:UnluckyCharm","ats:Childhood Dance+1","ats:Consecutive Shot Auto","ats:Shell Defense","ats:Ambush+1","ats:Assault Order"],"relics":["ats:Sanity","REME_ComplimentaryCards","NeowsBlessing","ats:Originium","SuspiciousGoo","TheAbacus","StSpp:SailingBoat","MealTicket"],"acts_visited":["Exordium"],"potions_floor_usage":[10,10,10,13,14],"damage_taken":[{"damage":0,"enemies":"Small Slimes","floor":1,"turns":1},{"damage":0,"enemies":"conspire:RoseBush","floor":3,"turns":1},{"damage":0,"enemies":"Cultist","floor":4,"turns":1},{"damage":39,"enemies":"Replay:BlueRogue","floor":6,"turns":14},{"damage":0,"enemies":"Large Slime","floor":10,"turns":5},{"damage":15,"enemies":"Looter","floor":11,"turns":4},{"damage":14,"enemies":"Lots of Slimes","floor":12,"turns":5},{"damage":2,"enemies":"2 Fungi Beasts","floor":13,"turns":4},{"damage":5,"enemies":"Lagavulin","floor":14,"turns":9},{"damage":62,"enemies":"Hexaghost","floor":16,"turns":16}],"seed_played":"3661550874179904443","potions_obtained":[{"floor":1,"key":"blueLaboratory:Moonshine"},{"floor":3,"key":"Block Potion"},{"floor":12,"key":"blueLaboratory:RecallPotion"},{"floor":13,"key":"Swift Potion"}],"is_trial":false,"path_per_floor":["M","?","M","M","?","E","$","R","T","M","M","M","M","E","R","B"],"character_chosen":"DOCTOR_CLASS","items_purchased":["TheAbacus","PowerPotion"],"campfire_rested":0,"item_purchase_floors":[7,7],"current_hp_per_floor":[72,72,72,72,72,40,40,40,40,43,28,21,28,44,44,0,0],"gold":100,"neow_bonus":"THREE_ENEMY_KILL","is_daily":false,"chose_seed":false,"campfire_upgraded":2,"win_rate":0.0,"timestamp":1610878329,"path_taken":["M","?","M","M","?","E","$","R","T","M","M","?","M","E","R","BOSS"],"items_purchased_type":["Relic","Potion"],"build_version":"2020-12-22","purchased_purges":1,"victory":false,"max_hp_per_floor":[72,72,72,72,72,72,72,72,72,72,72,72,72,72,72,72,72],"card_choices":[{"not_picked":["ats:Shadow Raid","ats:Support Order"],"picked":"ats:Revitalization","floor":1},{"not_picked":["ats:Curse Doll","ats:Soul Absorption"],"picked":"ats:Chain Hook","floor":3},{"not_picked":["ats:LN2 Cannon","ats:Automatic Cover"],"picked":"ats:Childhood Dance","floor":4},{"not_picked":["ats:Childhood Dance","ats:Revitalization","ats:Automatic Cover"],"picked":"SKIP","floor":6},{"not_picked":["ats:Thorns","ats:Healing Strengthening"],"picked":"ats:Consecutive Shot Auto","floor":10},{"not_picked":["ats:Childhood Dance","ats:Leaping Hammer"],"picked":"ats:Shell Defense","floor":11},{"not_picked":["ats:Curse Doll","ats:Explosion Area Strengthen"],"picked":"ats:Ambush","floor":12},{"not_picked":["ats:Shell Defense","ats:Powerful Strike"],"picked":"ats:Assault Order","floor":13},{"not_picked":["ats:Cat Scratch","ats:Magnetic Hammer","ats:Collapsing Strike"],"picked":"SKIP","floor":14}],"player_experience":486330,"relics_obtained":[{"floor":6,"key":"ats:Originium"},{"floor":6,"key":"SuspiciousGoo"},{"floor":9,"key":"StSpp:SailingBoat"},{"floor":14,"key":"ats:Originium"},{"floor":14,"key":"MealTicket"}],"event_choices":[{"cards_removed":["ats:Strike V"],"damage_healed":0,"gold_gain":0,"player_choice":"Purged","damage_taken":0,"max_hp_gain":0,"max_hp_loss":0,"event_name":"Purifier","floor":5,"gold_loss":0}],"is_beta":false,"boss_relics":[],"items_purged_floors":[7],"is_endless":false,"potions_floor_spawned":[1,3,12,13],"killed_by":"Hexaghost","ascension_level":0}}