{"host":"hjw1ay65n7jm40lc","time":1610924000,"event":{"mods":["AchievementEnabler","BaseMod","Block Reminder","Colored Map","Colored Powertips","Curses Come First","Downfall","Googly Eyes","Hermit","Highlight Path","Minty Spire (QoL Compilation)","Quick Restart","Relic Stats","StSLib"],"gold_per_floor":[99,109,122,122,138,138,138,155,155,155],"floor_reached":9,"language":"ENG","playtime":1195,"items_purged":[],"score":61,"play_id":"462e0c7a-6e68-495e-99cc-26f6e45bf19c","local_time":"20210117175320","is_ascension_mode":true,"campfire_choices":[{"data":"bronze:Goto","floor":1,"key":"SMITH"},{"data":"bronze:BuggyMess","floor":6,"key":"SMITH"}],"circlet_count":0,"master_deck":["bronze:Strike","bronze:Strike","bronze:Strike","bronze:Strike","bronze:Defend","bronze:Defend","bronze:Defend","bronze:Defend","bronze:Replicate","bronze:Goto+1","bronze:Constructor","bronze:ShipIt","bronze:BuggyMess+1","bronze:ChosenStrike"],"relics":["bronze:BronzeCore","bronze:Timepiece"],"acts_visited":["Exordium"],"potions_floor_usage":[],"damage_taken":[{"damage":0,"enemies":"Small Slimes","floor":2,"turns":3},{"damage":1,"enemies":"Jaw Worm","floor":3,"turns":4},{"damage":5,"enemies":"2 Louse","floor":5,"turns":3},{"damage":34,"enemies":"Large Slime","floor":8,"turns":8},{"damage":36,"enemies":"Lagavulin","floor":9,"turns":7}],"seed_played":"-4730507391230882799","potions_obtained":[],"is_trial":false,"path_per_floor":["R","M","M","?","M","R","T","M","E"],"character_chosen":"THE_AUTOMATON","items_purchased":[],"campfire_rested":0,"item_purchase_floors":[],"current_hp_per_floor":[77,77,76,76,71,71,71,37,1,1],"gold":155,"neow_bonus":"TEN_PERCENT_HP_BONUS","is_daily":false,"chose_seed":false,"campfire_upgraded":2,"win_rate":0.0,"timestamp":1610924000,"path_taken":["R","M","M","?","M","R","T","M","E"],"items_purchased_type":[],"build_version":"2020-12-22","purchased_purges":0,"victory":false,"max_hp_per_floor":[77,77,77,77,77,77,77,77,77,77],"relic_stats":{"counters":[5,25],"obtain_stats":[{"bronze:BronzeCore":0,"bronze:Timepiece":7},{"bronze:BronzeCore":0,"bronze:Timepiece":3},{"bronze:BronzeCore":0,"bronze:Timepiece":10}]},"card_choices":[{"not_picked":["bronze:Shield","bronze:Invalidate"],"picked":"bronze:Constructor","floor":2},{"not_picked":["bronze:Separator","bronze:DelayedGuard"],"picked":"bronze:ShipIt","floor":3},{"not_picked":["bronze:Invalidate","bronze:Separator"],"picked":"bronze:BuggyMess","floor":5},{"not_picked":["bronze:WhirlingStrike","bronze:Deprecate"],"picked":"bronze:ChosenStrike","floor":8}],"player_experience":923636,"relics_obtained":[{"floor":7,"key":"bronze:Timepiece"}],"event_choices":[],"is_beta":false,"boss_relics":[],"items_purged_floors":[],"is_endless":false,"potions_floor_spawned":[],"killed_by":"Lagavulin","ascension_level":3}}