{"host":"0xu7235pdvcbtjbq","time":1610924574,"event":{"mods":["AchievementEnabler","BaseMod","Colored Map","Colored Powertips","Curses Come First","Minty Spire (QoL Compilation)","Permanent Neow","StSLib"],"gold_per_floor":[110,120,153,228,228,228,262,262,287,287,364,364,389,5,5,76,76,87,12,27,27,38,67,67,67,91,91,2,22,48,67,67,145,145,160,60,60,70,70,97,113,146,170,170,170,170,170],"floor_reached":46,"language":"ENG","playtime":3261,"items_purged":["Perfected Strike","Rampage"],"score":1044,"play_id":"c700f929-c2ed-4418-bf64-0837a884472b","local_time":"20210118090254","is_ascension_mode":true,"campfire_choices":[{"floor":6.0,"key":"REST"},{"floor":10.0,"key":"REST"},{"data":"Spot Weakness","floor":12.0,"key":"SMITH"},{"data":"Pummel","floor":15.0,"key":"SMITH"},{"data":"Rupture","floor":24.0,"key":"SMITH"},{"data":"J.A.X.","floor":27.0,"key":"SMITH"},{"data":"True Grit","floor":32.0,"key":"SMITH"},{"data":"Demon Form","floor":44.0,"key":"SMITH"}],"circlet_count":0,"master_deck":["AscendersBane","Bash+1","Pummel+1","Spot Weakness+1","Clothesline","Feel No Pain","Reaper","Offering","Rupture+1","Reaper","True Grit+1","Fiend Fire","Feel No Pain","Sever Soul","Flame Barrier","Reckless Charge+1","J.A.X.+1","Evolve","Battle Trance","Feed","Anger","Blood for Blood","Demon Form+1","Shockwave","Ghostly Armor+1","Heavy Blade+1"],"relics":["SacredBark","Orichalcum","Ancient Tea Set","Akabeko","Mercury Hourglass","TungstenRod","OrangePellets","Pandora\u0027s Box","MealTicket","Happy Flower","Red Skull","Empty Cage","The Courier","CeramicFish"],"acts_visited":["Exordium","TheCity","TheBeyond"],"potions_floor_usage":[],"damage_taken":[{"damage":8.0,"enemies":"2 Louse","floor":1.0,"turns":2.0},{"damage":14.0,"enemies":"Small Slimes","floor":2.0,"turns":3.0},{"damage":0.0,"enemies":"Jaw Worm","floor":3.0,"turns":3.0},{"damage":18.0,"enemies":"3 Sentries","floor":7.0,"turns":8.0},{"damage":14.0,"enemies":"Lagavulin","floor":13.0,"turns":3.0},{"damage":15.0,"enemies":"Slime Boss","floor":16.0,"turns":9.0},{"damage":5.0,"enemies":"3 Byrds","floor":18.0,"turns":3.0},{"damage":10.0,"enemies":"Chosen","floor":20.0,"turns":5.0},{"damage":4.0,"enemies":"Centurion and Healer","floor":22.0,"turns":3.0},{"damage":45.0,"enemies":"Slavers","floor":23.0,"turns":5.0},{"damage":7.0,"enemies":"Cultist and Chosen","floor":29.0,"turns":3.0},{"damage":20.0,"enemies":"Book of Stabbing","floor":30.0,"turns":3.0},{"damage":18.0,"enemies":"3 Cultists","floor":31.0,"turns":4.0},{"damage":81.0,"enemies":"Champ","floor":33.0,"turns":15.0},{"damage":5.0,"enemies":"Orb Walker","floor":35.0,"turns":2.0},{"damage":39.0,"enemies":"3 Shapes","floor":38.0,"turns":6.0},{"damage":57.0,"enemies":"Reptomancer","floor":40.0,"turns":6.0},{"damage":46.0,"enemies":"Spire Growth","floor":41.0,"turns":6.0},{"damage":40.0,"enemies":"Nemesis","floor":42.0,"turns":5.0},{"damage":111,"enemies":"Giant Head","floor":46,"turns":7}],"seed_played":"2228670798270250679","potions_obtained":[{"floor":2.0,"key":"ColorlessPotion"},{"floor":3.0,"key":"Dexterity Potion"},{"floor":13.0,"key":"AttackPotion"},{"floor":18.0,"key":"LiquidBronze"},{"floor":23.0,"key":"LiquidMemories"},{"floor":31.0,"key":"Weak Potion"}],"is_trial":false,"path_per_floor":["M","M","M","?","?","R","E","?","T","R","T","R","E","$","R","B",null,"M","$","M","?","M","E","R","?","T","R","$","M","E","M","R","B",null,"M","$","?","M","$","E","M","E","T","R","?","E"],"character_chosen":"IRONCLAD","items_purchased":["Offering","OrangePellets","Rupture","Battle Trance"],"campfire_rested":2,"item_purchase_floors":[14,14,14,28],"current_hp_per_floor":[60,46,46,35,17,39,21,21,21,43,43,43,29,29,29,24,62,75,75,70,70,75,50,50,50,50,50,65,75,58,74,74,61,76,74,84,84,87,87,78,57,40,40,40,40,0,0],"gold":170,"neow_bonus":"BOSS_RELIC","is_daily":false,"chose_seed":false,"campfire_upgraded":6,"win_rate":0.0,"timestamp":1610924574,"path_taken":["M","M","M","?","?","R","E","?","T","R","?","R","E","$","R","BOSS","M","$","M","?","M","E","R","?","T","R","$","M","E","M","R","BOSS","M","$","?","M","?","E","?","E","T","R","?","E"],"items_purchased_type":["Card","Relic","Card","Card"],"build_version":"2020-12-22","purchased_purges":2,"victory":false,"max_hp_per_floor":[75,75,75,75,75,75,75,75,75,75,75,75,75,75,75,75,75,75,75,75,75,75,75,75,75,75,75,75,75,78,78,78,81,81,84,84,84,87,87,90,90,90,90,90,90,90,90],"card_choices":[{"not_picked":["Flex","Body Slam"],"picked":"Pummel","floor":1.0},{"not_picked":["Battle Trance","Heavy Blade"],"picked":"Spot Weakness","floor":2.0},{"not_picked":["Rupture","Shrug It Off"],"picked":"Clothesline","floor":3.0},{"not_picked":["Rampage","Sentinel"],"picked":"Feel No Pain","floor":7.0},{"not_picked":["Shrug It Off","Pommel Strike"],"picked":"Reaper","floor":13.0},{"not_picked":["Berserk","Double Tap"],"picked":"Reaper","floor":16.0},{"not_picked":["Rage","Heavy Blade"],"picked":"Reckless Charge+1","floor":18.0},{"not_picked":["Sever Soul","Twin Strike+1","Warcry"],"picked":"SKIP","floor":20.0},{"not_picked":["Flex","Body Slam"],"picked":"Evolve","floor":22.0},{"not_picked":["Sword Boomerang","True Grit","Infernal Blade"],"picked":"SKIP","floor":23.0},{"not_picked":["Body Slam+1","Flame Barrier"],"picked":"Feed","floor":29.0},{"not_picked":["Perfected Strike","Headbutt"],"picked":"Anger","floor":30.0},{"not_picked":["Sentinel","Pommel Strike"],"picked":"Blood for Blood","floor":31.0},{"not_picked":["Immolate","Offering"],"picked":"Demon Form","floor":33.0},{"not_picked":["Sentinel","Sword Boomerang"],"picked":"Shockwave","floor":35.0},{"not_picked":["Perfected Strike+1","Anger+1","Body Slam"],"picked":"SKIP","floor":38.0},{"not_picked":["Wild Strike","Berserk"],"picked":"Ghostly Armor+1","floor":40.0},{"not_picked":["Pommel Strike","Fire Breathing"],"picked":"Heavy Blade+1","floor":41.0},{"not_picked":["Pommel Strike","Body Slam","Berserk"],"picked":"SKIP","floor":42.0}],"player_experience":464725,"relics_obtained":[{"floor":7.0,"key":"Ancient Tea Set"},{"floor":9.0,"key":"Akabeko"},{"floor":11.0,"key":"Mercury Hourglass"},{"floor":13.0,"key":"TungstenRod"},{"floor":23.0,"key":"MealTicket"},{"floor":26.0,"key":"Happy Flower"},{"floor":30.0,"key":"Red Skull"},{"floor":40.0,"key":"The Courier"},{"floor":42.0,"key":"CeramicFish"}],"event_choices":[{"damage_healed":0.0,"max_hp_gain":0.0,"max_hp_loss":0.0,"gold_gain":75.0,"event_name":"World of Goop","player_choice":"Gather Gold","floor":4.0,"gold_loss":0.0,"damage_taken":11.0},{"damage_healed":0.0,"max_hp_gain":0.0,"max_hp_loss":0.0,"gold_gain":0.0,"event_name":"Scrap Ooze","player_choice":"Success","floor":5.0,"gold_loss":0.0,"damage_taken":18.0,"relics_obtained":["Orichalcum"]},{"damage_healed":0.0,"max_hp_gain":0.0,"max_hp_loss":0.0,"gold_gain":0.0,"event_name":"Living Wall","player_choice":"Grow","floor":8.0,"gold_loss":0.0,"damage_taken":0.0,"cards_upgraded":["Bash"]},{"damage_healed":0.0,"max_hp_gain":0.0,"max_hp_loss":0.0,"gold_gain":0.0,"event_name":"Drug Dealer","player_choice":"Obtain J.A.X.","floor":21.0,"gold_loss":0.0,"damage_taken":0.0,"cards_obtained":["J.A.X."]},{"damage_healed":0.0,"max_hp_gain":0.0,"max_hp_loss":0.0,"gold_gain":0.0,"event_name":"Vampires","player_choice":"Ignored","floor":25.0,"gold_loss":0.0,"damage_taken":0.0},{"damage_healed":0.0,"max_hp_gain":0.0,"max_hp_loss":0.0,"gold_gain":0.0,"event_name":"SecretPortal","player_choice":"Ignored","floor":37.0,"gold_loss":0.0,"damage_taken":0.0},{"damage_healed":0.0,"max_hp_gain":0.0,"max_hp_loss":0.0,"gold_gain":0.0,"event_name":"Tomb of Lord Red Mask","player_choice":"Ignored","floor":45.0,"gold_loss":0.0,"damage_taken":0.0}],"is_beta":false,"boss_relics":[{"not_picked":["Busted Crown","Cursed Key"],"picked":"Pandora\u0027s Box"},{"not_picked":["Calling Bell","Sozu"],"picked":"Empty Cage"}],"items_purged_floors":[19,36],"is_endless":false,"potions_floor_spawned":[2,3,13,18,23,29,31,35,38],"killed_by":"Giant Head","ascension_level":20}}