{"host":"sum4dy402bbv9y4o","time":1610902863,"event":{"mods":["Aspiration","BaseMod","Conspire","Highlight Path","Minty Spire (QoL Compilation)","StSLib"],"gold_per_floor":[115,115,265,276,43,78,78,78,78],"floor_reached":8,"language":"ENG","playtime":133,"items_purged":["Doubt"],"score":158,"play_id":"8a420d7a-351d-4445-94f1-df0dc691f14c","local_time":"20210117200103","is_ascension_mode":true,"campfire_choices":[],"circlet_count":0,"master_deck":["AscendersBane","Strike_G","Strike_G+1","Strike_G+1","Strike_G","Defend_G","Defend_G","Defend_G","Defend_G","Defend_G","Survivor","Neutralize","Poisoned Stab","Dagger Spray","Footwork","Backflip","Quick Slash","Dash"],"relics":["Ring of the Snake","NeowsBlessing","Eternal Feather"],"acts_visited":["Exordium"],"potions_floor_usage":[],"damage_taken":[{"damage":0,"enemies":"Jaw Worm","floor":1,"turns":1},{"damage":0,"enemies":"2 Louse","floor":4,"turns":1},{"damage":0,"enemies":"Lagavulin","floor":6,"turns":1},{"damage":40,"enemies":"Gremlin Nob","floor":8,"turns":5}],"seed_played":"-2505551016976335982","potions_obtained":[{"floor":6,"key":"SmokeBomb"}],"is_trial":false,"path_per_floor":["M","?","?","M","$","E","?","E"],"character_chosen":"THE_SILENT","items_purchased":["Footwork","Backflip","Quick Slash"],"campfire_rested":0,"item_purchase_floors":[5,5,5],"current_hp_per_floor":[59,39,39,39,39,39,39,0,0],"gold":78,"neow_bonus":"THREE_ENEMY_KILL","is_daily":false,"chose_seed":false,"campfire_upgraded":0,"win_rate":0.0,"timestamp":1610902863,"path_taken":["M","?","?","M","$","E","?","E"],"items_purchased_type":["Card","Card","Card"],"build_version":"2020-12-22","purchased_purges":1,"victory":false,"max_hp_per_floor":[66,66,66,66,66,66,66,66,66],"card_choices":[{"not_picked":["Outmaneuver","Finisher"],"picked":"Poisoned Stab","floor":1},{"not_picked":["Acrobatics","Finisher"],"picked":"Dagger Spray","floor":4},{"not_picked":["Acrobatics","Prepared"],"picked":"Dash","floor":6}],"player_experience":2949659,"relics_obtained":[{"floor":6,"key":"Eternal Feather"}],"event_choices":[{"damage_healed":0,"gold_gain":0,"player_choice":"Entered Light","damage_taken":20,"max_hp_gain":0,"max_hp_loss":0,"event_name":"Shining Light","floor":2,"gold_loss":0,"cards_upgraded":["Strike_G","Strike_G"]},{"damage_healed":0,"gold_gain":150,"player_choice":"AGREE","damage_taken":0,"max_hp_gain":0,"max_hp_loss":0,"event_name":"Liars Game","floor":3,"gold_loss":0,"cards_obtained":["Doubt"]},{"cards_removed":["Strike_G"],"damage_healed":0,"gold_gain":0,"player_choice":"Purged","damage_taken":0,"max_hp_gain":0,"max_hp_loss":0,"event_name":"Purifier","floor":7,"gold_loss":0}],"is_beta":false,"boss_relics":[],"items_purged_floors":[5],"is_endless":false,"potions_floor_spawned":[6],"killed_by":"Gremlin Nob","ascension_level":20}}