{"host":"za9ilm1uiwmpmin1","time":1610867997,"event":{"mods":["AchievementEnabler","Act Like it!","BaseMod","CapriCore","Dota2Spire","Downfall","Friendly Minions","KomeijiMod","Lobotomy","LobotomyExtend","Marisa（F雨　魔理沙）","Minty Spire (QoL Compilation)","MostiFishMod","Reorder Act Four","RumiaBox-露米娅的神秘盒子","StSLib","TestMod","The Alterego","The Immortal","Waifu the Spire","[IsaacMod]以撒尖塔","【功能Mod】混沌之环修复补丁"],"gold_per_floor":[111,111,131,185,207,207,157,157,157,188,204,311,342,365,365,471,471,490,490,490,890,906,944,962,845,892,912,942,942,972,972,972,1072,1072,1072,1072,945,945,730,762,762,742,742,766,824,851,851,881,881,886,886,886,811,811,847,858],"floor_reached":57,"language":"ZHS","playtime":2229,"items_purged":["champ:Strike","champ:Strike","champ:Defend","champ:LastStand+1","champ:Strike","champ:CalledShot+1","SpecialBullet","champ:Defend+1"],"score":1870,"play_id":"ab31feb7-a7b6-407c-8bb1-e4fce13bf8a2","local_time":"20210117151957","is_ascension_mode":false,"campfire_choices":[{"data":"champ:Execute","floor":6.0,"key":"SMITH"},{"floor":8.0,"key":"RECALL"},{"data":"champ:Taunt","floor":15.0,"key":"SMITH"},{"data":"MostiFishMod:Culaccino","floor":29,"key":"SMITH"},{"data":"champ:LastStand","floor":32,"key":"SMITH"},{"floor":41,"key":"REST"},{"data":"Entrench","floor":47,"key":"SMITH"},{"data":"sneckomod:TrashToTreasure","floor":49,"key":"SMITH"},{"floor":54,"key":"REST"}],"circlet_count":0,"master_deck":["champ:Defend+1","champ:Execute+1","champ:Taunt+1","champ:ShieldThrow+1","MostiFishMod:Culaccino+1","champ:FlashCut+1","Entrench+1","sneckomod:TrashToTreasure+1"],"relics":["champ:ChampionCrown","HushsDoor","testmod-TestBox","testmod-Acrobat","SteamSale","PatriotShield","D6","LetterFromLob","testmod-HeartOfDaVinci","Oddly Smooth Stone","Mummified Hand","CloakClasp","Cracked Core","testmod-Nine","bronze:SilverBullet","Dota2Spire:PhaseBoots","Dota2Spire:EchoSabre","Dota2Spire:AghanimScepter","War Paint","Runic Dome","Sling","Bag of Preparation","Orrery","Guardian:DefensiveModeMoreBlock","Paper Frog","sneckomod:LoadedDie","Dota2Spire:LotusOrb"],"acts_visited":["Exordium","TheCity","TheBeyond","TheEnding"],"potions_floor_usage":[23,56,56,56],"damage_taken":[{"damage":0.0,"enemies":"2 Louse","floor":1.0,"turns":2.0},{"damage":0.0,"enemies":"Small Slimes","floor":3.0,"turns":2.0},{"damage":40.0,"enemies":"Hiden Room Battle","floor":4.0,"turns":4.0},{"damage":0.0,"enemies":"Cultist","floor":5.0,"turns":2.0},{"damage":20.0,"enemies":"3 Sentries","floor":10.0,"turns":3.0},{"damage":0.0,"enemies":"Gremlin Gang","floor":11.0,"turns":3.0},{"damage":5.0,"enemies":"Gremlin Gang","floor":12.0,"turns":5.0},{"damage":5.0,"enemies":"Lagavulin","floor":13.0,"turns":4.0},{"damage":0.0,"enemies":"3 Louse","floor":14.0,"turns":2.0},{"damage":20.0,"enemies":"Hexaghost","floor":16.0,"turns":3.0},{"damage":20.0,"enemies":"Shell Parasite","floor":18.0,"turns":2.0},{"damage":20,"enemies":"Chosen","floor":22,"turns":2},{"damage":10,"enemies":"Slavers","floor":23,"turns":3},{"damage":0,"enemies":"Snecko","floor":24,"turns":2},{"damage":0,"enemies":"Snake Plant","floor":27,"turns":2},{"damage":10,"enemies":"Gremlin Leader","floor":28,"turns":4},{"damage":0,"enemies":"Book of Stabbing","floor":30,"turns":2},{"damage":40,"enemies":"Collector","floor":33,"turns":3},{"damage":0,"enemies":"Nemesis","floor":40,"turns":1},{"damage":0,"enemies":"2 Orb Walkers","floor":45,"turns":2},{"damage":0,"enemies":"3 Darklings","floor":46,"turns":2},{"damage":0,"enemies":"Reptomancer","floor":48,"turns":1},{"damage":0,"enemies":"Donu and Deca","floor":50,"turns":2},{"damage":0,"enemies":"Shield and Spear","floor":55,"turns":2},{"damage":0,"enemies":"The Heart","floor":56,"turns":3}],"seed_played":"7699628195162897067","potions_obtained":[{"floor":1.0,"key":"Weak Potion"},{"floor":5.0,"key":"Swift Potion"},{"floor":13.0,"key":"Energy Potion"},{"floor":14.0,"key":"testmod-EscapePotion"},{"floor":24,"key":"testmod-TestPotion"},{"floor":30,"key":"Guardian:BlockOnCardUsePotion"},{"floor":40,"key":"Block Potion"}],"is_trial":false,"path_per_floor":["M","?","M","?","M","R","?","R","T","E","M","?","E","M","R","B",null,"M","?","?","?","M","E","M","$","T","M","E","R","E","?","R","B",null,"M","?","$","?","$","E","R","?","T","T","?","M","R","E","R","B",null,null,"$","R","E","B",null],"character_chosen":"THE_CHAMP","items_purchased":["Dota2Spire:PhaseBoots","Sling","Bag of Preparation","Orrery"],"campfire_rested":2,"item_purchase_floors":[25,37,39,39],"current_hp_per_floor":[63,63,63,53,53,53,53,53,53,53,53,53,53,53,53,53,78,78,78,63,63,63,73,73,73,73,73,73,73,73,73,73,78,58,58,58,58,58,58,58,58,58,58,58,58,58,58,58,58,58,58,58,58,58,58,58],"gold":858,"neow_bonus":"ONE_RARE_RELIC","is_daily":false,"chose_seed":false,"campfire_upgraded":6,"win_rate":0.0,"timestamp":1610867997,"path_taken":["M","?","M","?","?","R","?","R","T","E","M","?","E","M","R","BOSS","M","?","?","?","?","E","M","$","T","M","E","R","E","?","R","BOSS","M","?","$","?","$","E","R","?","T","?","?","?","R","E","R","BOSS","$","R","E","BOSS"],"items_purchased_type":["Relic","Relic","Relic","Relic"],"build_version":"2020-12-22","purchased_purges":8,"victory":true,"max_hp_per_floor":[90,90,90,90,90,90,90,90,90,90,90,90,90,90,90,90,78,78,78,78,78,78,78,78,78,78,78,78,78,78,78,78,78,58,58,58,58,58,58,58,58,58,58,58,58,58,58,58,58,58,58,58,58,58,58,58],"card_choices":[{"not_picked":[],"picked":"Bomb","floor":0.0},{"not_picked":["champ:GutPunch","champ:IronFortress","champ:Backstep"],"picked":"SKIP","floor":1.0},{"not_picked":["champ:FlashCut","champ:Backstep","champ:GladiatorForm"],"picked":"SKIP","floor":3.0},{"not_picked":["champ:FanOfKnives","champ:EnragedBash","champ:DeathBlow"],"picked":"SKIP","floor":5.0},{"not_picked":["champ:GutPunch","champ:BringItOn"],"picked":"champ:ShieldThrow","floor":10.0},{"not_picked":["champ:FocusedBerserking","champ:BringItOn","champ:Backstep"],"picked":"SKIP","floor":11.0},{"not_picked":["champ:PreemptiveStrike","champ:SetATrap","champ:EnGarde"],"picked":"SKIP","floor":13.0},{"not_picked":["champ:ShieldSlam","champ:IronFortress","champ:FanOfKnives"],"picked":"SKIP","floor":14.0},{"not_picked":["champ:MurderStrike","champ:Improvising"],"picked":"champ:LastStand","floor":16.0},{"not_picked":["champ:BladeFlurry","champ:FaceSlap","champ:TornadoPunch"],"picked":"SKIP","floor":18.0},{"not_picked":["champ:PreciseThrust","champ:FocusedDefense","champ:Backstep"],"picked":"SKIP","floor":22},{"not_picked":["champ:FaceSlap","champ:Haymaker"],"picked":"champ:CalledShot+1","floor":23},{"not_picked":["champ:Shatter","champ:StanceDance+1","champ:FaceSlap"],"picked":"SKIP","floor":24},{"not_picked":["champ:Circumvent+1","champ:Backstep","champ:Lariat"],"picked":"SKIP","floor":27},{"not_picked":["champ:SkillfulDodge","champ:Circumvent","champ:DeathBlow"],"picked":"SKIP","floor":28},{"not_picked":["champ:PerfectedStrike","champ:FalseCounter","champ:HeartStrike"],"picked":"SKIP","floor":30},{"not_picked":["champ:Shatter","champ:BringItOn+1"],"picked":"champ:FlashCut+1","floor":39},{"not_picked":["champ:FocusedDefense","champ:Endure","champ:HeavySlash"],"picked":"SKIP","floor":40},{"not_picked":["champ:Haymaker","champ:ArenaPreparation+1","champ:PerfectedStrike+1"],"picked":"SKIP","floor":46},{"not_picked":["champ:BladeFlurry+1","champ:GutPunch","champ:Haymaker"],"picked":"SKIP","floor":48},{"not_picked":["champ:EnGarde+1","champ:CrookedStrike+1","champ:GladiatorForm"],"picked":"SKIP","floor":55}],"player_experience":1220973,"relics_obtained":[{"floor":1.0,"key":"LetterFromLob"},{"floor":4.0,"key":"testmod-HeartOfDaVinci"},{"floor":4.0,"key":"Oddly Smooth Stone"},{"floor":10.0,"key":"Mummified Hand"},{"floor":12.0,"key":"CloakClasp"},{"floor":13.0,"key":"Cracked Core"},{"floor":26,"key":"Dota2Spire:EchoSabre"},{"floor":28,"key":"Dota2Spire:AghanimScepter"},{"floor":30,"key":"War Paint"},{"floor":40,"key":"Guardian:DefensiveModeMoreBlock"},{"floor":43,"key":"Paper Frog"},{"floor":44,"key":"sneckomod:LoadedDie"},{"floor":48,"key":"Dota2Spire:LotusOrb"}],"event_choices":[{"damage_healed":0.0,"max_hp_gain":0.0,"max_hp_loss":0.0,"gold_gain":0.0,"event_name":"HidenRoomEvent","player_choice":"Fight","floor":4.0,"gold_loss":0.0,"damage_taken":0.0},{"cards_removed":["champ:Strike"],"damage_healed":0.0,"max_hp_gain":0.0,"max_hp_loss":0.0,"gold_gain":0.0,"event_name":"The Cleric","player_choice":"Card Removal","floor":7.0,"gold_loss":50.0,"damage_taken":0.0},{"damage_healed":0,"gold_gain":0,"player_choice":"Ignored","damage_taken":0,"max_hp_gain":0,"max_hp_loss":0,"event_name":"Cursed Tome","floor":19,"gold_loss":0},{"damage_healed":0,"gold_gain":400,"player_choice":"Sell","damage_taken":0,"max_hp_gain":0,"max_hp_loss":0,"event_name":"恩洛斯的盘子","floor":21,"relics_lost":["DaveBox"],"gold_loss":0},{"damage_healed":0,"gold_gain":0,"player_choice":"Swap Relic","damage_taken":0,"relics_obtained":["Technique"],"max_hp_gain":0,"max_hp_loss":0,"event_name":"给自己的盒子","floor":31,"relics_lost":["Technique"],"gold_loss":0},{"cards_removed":["champ:Defend"],"damage_healed":0,"gold_gain":0,"player_choice":"Took Card","damage_taken":0,"max_hp_gain":0,"max_hp_loss":0,"event_name":"NoteForYourself","floor":38,"gold_loss":0,"cards_obtained":["SpecialBullet"]},{"damage_healed":0,"gold_gain":0,"player_choice":"Bought 1 Potion","damage_taken":0,"max_hp_gain":0,"max_hp_loss":0,"event_name":"The Woman in Blue","floor":42,"gold_loss":0},{"damage_healed":0,"gold_gain":0,"player_choice":"Fight","damage_taken":0,"max_hp_gain":0,"max_hp_loss":0,"event_name":"Mysterious Sphere","floor":45,"gold_loss":0}],"is_beta":false,"boss_relics":[{"not_picked":["testmod-Recursion","TakeMeEscape"],"picked":"testmod-Nine"},{"not_picked":[]},{"not_picked":["Calling Bell","BloodWine"],"picked":"Runic Dome"},{"not_picked":[]}],"items_purged_floors":[17,17,25,34,34,37,39,53],"is_endless":false,"potions_floor_spawned":[1,5,13,14,24,27,28,30,33,40,48],"ascension_level":0}}