{"host":"344lv32hnei0mdhu","time":1610877859,"event":{"mods":["Act Like it!","BaseMod","Better Match","Better Sensory Stone","Better Skull","Better Third Choice","Better Vampires","Colored Powertips","Highlight Path","Minty Spire (QoL Compilation)","Quick Restart","Random Character Button","Rare Cards Sparkle","StSLib"],"gold_per_floor":[111,111,111,1,22,61,61,104,129,129,153,187,212,236,236,365,365,378,391,391,156,177,177,177],"floor_reached":23,"language":"ENG","playtime":739,"items_purged":["Injury"],"score":354,"play_id":"8aa90451-1183-429c-befb-3fd4c0aa9929","local_time":"20210117040419","is_ascension_mode":true,"campfire_choices":[{"data":"Caltrops","floor":7,"key":"SMITH"},{"floor":10,"key":"REST"},{"floor":15,"key":"RECALL"}],"circlet_count":0,"master_deck":["AscendersBane","Strike_G","Strike_G","Defend_G","Defend_G","Defend_G","Defend_G","Defend_G","Survivor","Neutralize","Caltrops+1","Skewer","Deflect","Blade Dance","Backstab","Masterful Stab","Malaise","Storm of Steel+1","Footwork+1","Infinite Blades+1","Footwork","Footwork+1","Blade Dance"],"relics":["Ring of the Snake","NeowsBlessing","Golden Idol","PreservedInsect","Pantograph","Ninja Scroll","Strawberry","Centennial Puzzle","Astrolabe","DollysMirror"],"acts_visited":["Exordium","TheCity"],"potions_floor_usage":[13,14,16,19],"damage_taken":[{"damage":0,"enemies":"2 Louse","floor":1,"turns":1},{"damage":0,"enemies":"Jaw Worm","floor":5,"turns":1},{"damage":0,"enemies":"3 Sentries","floor":6,"turns":2},{"damage":20,"enemies":"Gremlin Nob","floor":8,"turns":4},{"damage":0,"enemies":"Cultist","floor":11,"turns":3},{"damage":8,"enemies":"3 Sentries","floor":12,"turns":6},{"damage":0,"enemies":"Red Slaver","floor":13,"turns":2},{"damage":2,"enemies":"Exordium Wildlife","floor":14,"turns":2},{"damage":19,"enemies":"The Guardian","floor":16,"turns":17},{"damage":6,"enemies":"Chosen","floor":18,"turns":6},{"damage":13,"enemies":"2 Thieves","floor":19,"turns":4},{"damage":3,"enemies":"Centurion and Healer","floor":22,"turns":7},{"damage":59,"enemies":"Gremlin Leader","floor":23,"turns":5}],"seed_played":"-4018241941435200832","potions_obtained":[{"floor":11,"key":"EssenceOfSteel"},{"floor":12,"key":"Fire Potion"},{"floor":13,"key":"Explosive Potion"},{"floor":16,"key":"Dexterity Potion"},{"floor":18,"key":"LiquidMemories"}],"is_trial":false,"path_per_floor":["M","?","?","$","M","E","R","E","T","R","M","E","M","M","R","B",null,"M","M","T","$","M","E"],"character_chosen":"THE_SILENT","items_purchased":["Caltrops","Footwork","DollysMirror"],"campfire_rested":1,"item_purchase_floors":[4,21,21],"current_hp_per_floor":[63,63,63,63,63,63,63,43,50,73,73,65,65,63,63,58,72,66,53,53,53,50,0,0],"gold":177,"neow_bonus":"THREE_ENEMY_KILL","is_daily":false,"chose_seed":false,"campfire_upgraded":1,"win_rate":0.0,"timestamp":1610877859,"path_taken":["M","?","?","$","M","E","R","E","T","R","M","E","M","M","R","BOSS","M","?","?","$","M","E"],"items_purchased_type":["Card","Card","Relic"],"build_version":"2020-12-22","purchased_purges":1,"victory":false,"max_hp_per_floor":[70,70,70,70,70,70,70,70,77,77,77,77,77,77,77,77,77,77,77,77,77,77,77,77],"card_choices":[{"not_picked":["Deadly Poison","All Out Attack"],"picked":"Masterful Stab","floor":1},{"not_picked":["Bane","Cloak And Dagger"],"picked":"Skewer","floor":5},{"not_picked":["Poisoned Stab","Sucker Punch","Expertise"],"picked":"SKIP","floor":6},{"not_picked":["Cloak And Dagger","Bane"],"picked":"Deflect","floor":8},{"not_picked":["Quick Slash","Bouncing Flask"],"picked":"Blade Dance","floor":11},{"not_picked":["Reflex","Prepared","Slice"],"picked":"SKIP","floor":12},{"not_picked":["Catalyst","Unload"],"picked":"Backstab","floor":13},{"not_picked":["Well Laid Plans","Quick Slash"],"picked":"Masterful Stab","floor":14},{"not_picked":["Grand Finale","Glass Knife"],"picked":"Malaise","floor":16},{"not_picked":["Poisoned Stab","Slice+1","Dagger Throw+1"],"picked":"SKIP","floor":18},{"not_picked":["Acrobatics+1","Deadly Poison","Bane+1"],"picked":"SKIP","floor":19},{"not_picked":["Acrobatics","Escape Plan"],"picked":"Blade Dance","floor":22}],"player_experience":342354,"relics_obtained":[{"floor":6,"key":"Pantograph"},{"floor":8,"key":"Ninja Scroll"},{"floor":9,"key":"Strawberry"},{"floor":12,"key":"Centennial Puzzle"}],"event_choices":[{"damage_healed":0,"gold_gain":0,"player_choice":"Take Wound","damage_taken":0,"relics_obtained":["Golden Idol"],"max_hp_gain":0,"max_hp_loss":0,"event_name":"Golden Idol","floor":2,"gold_loss":0,"cards_obtained":["Injury"]},{"cards_removed":["Masterful Stab"],"damage_healed":0,"gold_gain":0,"player_choice":"Gave Card","damage_taken":0,"relics_obtained":["PreservedInsect"],"max_hp_gain":0,"max_hp_loss":0,"event_name":"WeMeetAgain","floor":3,"gold_loss":0}],"is_beta":false,"boss_relics":[{"not_picked":["Runic Pyramid","Ring of the Serpent"],"picked":"Astrolabe"}],"items_purged_floors":[4],"is_endless":false,"potions_floor_spawned":[11,12,13,16,18],"killed_by":"Gremlin Leader","ascension_level":10}}