{"host":"t6qtrm0p3vt4mocc","time":1610916303,"event":{"mods":["BaseMod","Become a monster ???","Better Skull","Colored Powertips","Defuse TimeMaze Blight","Force Act Four","Fox Events","Friendly Minions","Highlight Path","Hunter ??","Minty Spire (QoL Compilation)","Rare Cards Sparkle","StSLib","Waifu the Spire"],"gold_per_floor":[144,162,182,262,189,189,18,18,18,80,80,109,109,149,149,282,282,300,300,300,300,311,344,344,404,404,422,453,473,238,248,248,375,375,385,132,152,162,162,174,224,240,240,240,257,257,0,41,41,41],"floor_reached":51,"language":"RUS","playtime":2712,"items_purged":[],"score":742,"play_id":"05605086-5960-4ae5-b7a1-849fac679a56","local_time":"20210117234503","is_ascension_mode":false,"campfire_choices":[{"data":"Spirit Of Beast","floor":8,"key":"SMITH"},{"data":"Revenge Attack","floor":11,"key":"SMITH"},{"data":"TakeAction_Giant","floor":15,"key":"SMITH"},{"data":"RitualDagger","floor":24,"key":"SMITH"},{"data":"Time Travel","floor":32,"key":"SMITH"},{"data":"CultistForm","floor":44,"key":"SMITH"},{"data":"Unlimited Combo","floor":46,"key":"SMITH"},{"data":"CultistPetCall","floor":49,"key":"SMITH"}],"circlet_count":0,"master_deck":["Strike_Giant+1","Strike_Giant","Defend_Giant","Defend_Giant","Defend_Giant+1","Defend_Giant+1","CultistPetCall+1","EagleFirst","EagleFirst","EagleSecond","TakeAction_Giant+1","EagleSecond+1","Revenge Attack+1","Spirit Of Beast+1","Backflip Giant+1","HealerPetCall+1","HPGrowth_Giant+1","Mana Growth+1","GremlinNobPetCall+1","Hunter Bow+1","RitualDagger+1","Drunk Grant+1","Protect_Giant+1","Time Travel+1","EagleThird+1","CultistPetCall+1","Blind+1","Unlimited Combo+1","ByrdPetCall+1","CultistForm+1","Combo Form+1"],"relics":["GiantSoulBox","Vajra","Toxic Egg 2","War Paint","Oddly Smooth Stone","Ginger","Lantern","GiantSoulStone","SlaversCollar","Matryoshka","FossilizedHelix","Whetstone","Molten Egg 2","Calipers","Omamori","Philosopher\u0027s Stone","Bottled Tornado","CaptainsWheel","Bottled Lightning","Anchor","Red Mask"],"acts_visited":["Exordium","TheCity","TheBeyond"],"potions_floor_usage":[16,27,33,50,50],"damage_taken":[{"damage":1,"enemies":"Cultist","floor":1,"turns":3},{"damage":3,"enemies":"Small Slimes","floor":2,"turns":2},{"damage":6,"enemies":"Jaw Worm","floor":3,"turns":2},{"damage":0,"enemies":"3 Sentries","floor":10,"turns":4},{"damage":16,"enemies":"Lagavulin","floor":12,"turns":8},{"damage":2,"enemies":"3 Louse","floor":14,"turns":3},{"damage":47,"enemies":"The Guardian","floor":16,"turns":8},{"damage":12,"enemies":"Shell Parasite","floor":18,"turns":3},{"damage":2,"enemies":"3 Byrds","floor":22,"turns":6},{"damage":17,"enemies":"Slavers","floor":23,"turns":7},{"damage":48,"enemies":"Book of Stabbing","floor":25,"turns":7},{"damage":28,"enemies":"Shelled Parasite and Fungi","floor":27,"turns":7},{"damage":52,"enemies":"Gremlin Leader","floor":28,"turns":8},{"damage":20,"enemies":"Cultist and Chosen","floor":29,"turns":6},{"damage":19,"enemies":"Snake Plant","floor":31,"turns":4},{"damage":15,"enemies":"Collector","floor":33,"turns":7},{"damage":5,"enemies":"Orb Walker","floor":35,"turns":5},{"damage":11,"enemies":"3 Darklings","floor":37,"turns":4},{"damage":14,"enemies":"Transient","floor":38,"turns":5},{"damage":11,"enemies":"Maw","floor":40,"turns":7},{"damage":15,"enemies":"Mind Bloom Boss Battle","floor":41,"turns":6},{"damage":46,"enemies":"4 Shapes","floor":42,"turns":5},{"damage":40,"enemies":"Sphere and 2 Shapes","floor":45,"turns":7},{"damage":39,"enemies":"Writhing Mass","floor":48,"turns":7},{"damage":63,"enemies":"Time Eater","floor":50,"turns":10}],"seed_played":"1163317158574439869","potions_obtained":[{"floor":1,"key":"SpiritPotion Giant"},{"floor":3,"key":"SmokeBomb"},{"floor":10,"key":"DuplicationPotion"},{"floor":18,"key":"SkillPotion"},{"floor":29,"key":"Block Potion"},{"floor":31,"key":"SpiritPotion Giant"},{"floor":33,"key":"Block Potion"},{"floor":40,"key":"DuplicationPotion"}],"is_trial":false,"path_per_floor":["M","M","M","T","$","?","$","R","T","E","R","E","?","M","R","B",null,"M","?","?","?","M","E","R","E","T","M","E","M","$","M","R","B",null,"M","$","M","M","?","M","?","M","T","R","M","R","?","M","R","B",null],"character_chosen":"Giant","items_purchased":["Spirit Of Beast","Backflip Giant+1","War Paint","Omamori","Blind+1","Bottled Tornado"],"campfire_rested":0,"item_purchase_floors":[5,7,7,30,30,36],"current_hp_per_floor":[64,61,55,55,55,60,60,60,60,65,65,69,69,72,72,58,85,73,72,66,66,64,65,65,50,50,50,68,72,72,58,58,48,82,77,77,77,77,82,82,82,82,82,82,82,82,82,82,82,82],"gold":41,"neow_bonus":"RANDOM_COMMON_RELIC","is_daily":false,"chose_seed":false,"campfire_upgraded":8,"win_rate":0.0,"timestamp":1610916303,"path_taken":["M","?","?","?","$","?","?","R","T","E","R","E","?","?","R","BOSS","M","?","?","?","M","E","R","E","T","M","E","M","?","M","R","BOSS","M","$","M","M","?","M","?","M","T","R","M","R","?","M","R","BOSS"],"items_purchased_type":["Card","Card","Relic","Relic","Card","Relic"],"build_version":"2020-12-22","purchased_purges":0,"victory":true,"max_hp_per_floor":[65,65,65,65,65,70,70,70,70,75,75,75,75,80,80,85,85,85,72,72,72,72,72,72,77,77,77,77,77,77,77,77,82,82,82,82,82,82,82,82,82,82,82,82,82,82,82,87,87,87],"card_choices":[{"not_picked":["Discover Pet","LeftHookFist"],"picked":"TakeAction_Giant","floor":1},{"not_picked":["GremlinTsunderePetCall","Trace_Giant"],"picked":"EagleSecond","floor":2},{"not_picked":["Heal Wind","Trace_Giant"],"picked":"Revenge Attack","floor":3},{"not_picked":["Duplicate Hand+1","Backflip Giant+1"],"picked":"HealerPetCall+1","floor":10},{"not_picked":["Fanatic Cultist+1","SnakeForm"],"picked":"HPGrowth_Giant+1","floor":12},{"not_picked":["Death Prophecy+1","Blood Defend+1"],"picked":"Mana Growth+1","floor":14},{"not_picked":["BattleMaster_Giant","Upgrade_Giant+1"],"picked":"GremlinNobPetCall+1","floor":16},{"not_picked":["Heal Wind+1","Duplicate Hand+1"],"picked":"Hunter Bow+1","floor":18},{"not_picked":["Mana Growth+1","Clone Minion+1","HPGrowth_Giant+1"],"picked":"SKIP","floor":22},{"not_picked":["Combo Recycle","Combo Defend+1"],"picked":"Protect_Giant+1","floor":23},{"not_picked":["Seek Pet+1","Mana Growth+1"],"picked":"Time Travel","floor":25},{"not_picked":["Discover Pet+1","Echo Defend Giant+1"],"picked":"EagleThird+1","floor":27},{"not_picked":["Echo Defend Giant+1","Trace_Giant+1"],"picked":"CultistPetCall+1","floor":28},{"not_picked":["Discover Pet+1","Combo Defend+1","Echo Defend Giant+1"],"picked":"SKIP","floor":29},{"not_picked":["CultistPetCall+1","Fanatic Cultist+1","Echo Defend Giant+1"],"picked":"SKIP","floor":31},{"not_picked":["Time Travel","GhostForm_Giant"],"picked":"Unlimited Combo","floor":33},{"not_picked":["TakeAction_Giant+1","Random Death Rattle+1","CultistPetCall+1"],"picked":"SKIP","floor":35},{"not_picked":["Protect_Giant+1","Ready_Giant+1"],"picked":"ByrdPetCall+1","floor":37},{"not_picked":["Echo Defend Giant+1","Backflip Giant+1"],"picked":"CultistForm","floor":38},{"not_picked":["GremlinTsunderePetCall+1","Ready_Giant+1","Combo Recycle+1"],"picked":"SKIP","floor":40},{"not_picked":["Recover HP","Fanatic Cultist+1","TakeAction_Giant+1"],"picked":"SKIP","floor":42},{"not_picked":["Trace_Giant+1","Discover Combo+1"],"picked":"Combo Form+1","floor":45},{"not_picked":["Trace_Giant+1","Echo Defend Giant+1","Struggle Attack+1"],"picked":"SKIP","floor":48}],"player_experience":33061,"relics_obtained":[{"floor":4,"key":"Toxic Egg 2"},{"floor":9,"key":"Oddly Smooth Stone"},{"floor":10,"key":"Ginger"},{"floor":12,"key":"Lantern"},{"floor":16,"key":"GiantSoulStone"},{"floor":23,"key":"Matryoshka"},{"floor":25,"key":"FossilizedHelix"},{"floor":26,"key":"Whetstone"},{"floor":26,"key":"Molten Egg 2"},{"floor":28,"key":"Calipers"},{"floor":41,"key":"CaptainsWheel"},{"floor":43,"key":"Bottled Lightning"},{"floor":43,"key":"Anchor"}],"event_choices":[{"damage_healed":0,"gold_gain":0,"player_choice":"Donut","damage_taken":0,"max_hp_gain":5,"max_hp_loss":0,"event_name":"Big Fish","floor":6,"gold_loss":0},{"damage_healed":0,"gold_gain":0,"player_choice":"Ignored","damage_taken":0,"max_hp_gain":0,"max_hp_loss":0,"event_name":"Transmorgrifier","floor":13,"gold_loss":0},{"damage_healed":0,"gold_gain":0,"player_choice":"Joined the Cult","damage_taken":6,"max_hp_gain":0,"max_hp_loss":0,"event_name":"Nest","floor":20,"gold_loss":0,"cards_obtained":["RitualDagger"]},{"damage_healed":0,"gold_gain":0,"player_choice":"Read","damage_taken":0,"max_hp_gain":0,"max_hp_loss":0,"event_name":"The Library","floor":21,"gold_loss":0,"cards_obtained":["Drunk Grant"]},{"damage_healed":21,"gold_gain":0,"player_choice":"Writhe","damage_taken":0,"max_hp_gain":0,"max_hp_loss":0,"event_name":"Winding Halls","floor":39,"gold_loss":0,"cards_obtained":["Writhe"]},{"damage_healed":0,"gold_gain":0,"player_choice":"Fight","damage_taken":0,"max_hp_gain":0,"max_hp_loss":0,"event_name":"MindBloom","floor":41,"gold_loss":0},{"damage_healed":0,"gold_gain":0,"player_choice":"Paid","damage_taken":0,"relics_obtained":["Red Mask"],"max_hp_gain":0,"max_hp_loss":0,"event_name":"Tomb of Lord Red Mask","floor":47,"gold_loss":257}],"is_beta":false,"boss_relics":[{"not_picked":["Calling Bell","Astrolabe"],"picked":"SlaversCollar"},{"not_picked":["Busted Crown","Empty Cage"],"picked":"Philosopher\u0027s Stone"}],"items_purged_floors":[],"is_endless":false,"potions_floor_spawned":[1,3,10,18,29,31,33,35,38,40],"ascension_level":0}}