{"host":"sqgvx7mullq7izts","time":1610897927,"event":{"mods":["AchievementEnabler","AlwaysNeverKeys","Aspiration","Bard","BaseMod","Better Altar","Better Match","Better Note","Better Sensory Stone","Better Skull","Better Third Choice","Better Vampires","BetterRewards","Block Reminder","Colored Map","Conspire","Curses Come First","Custom Start","Defuse TimeMaze Blight","Disable Question Mark Monsters","Energized Spire","GifTheSpireLib","Gold Saver","Halation","Hermit","Hubris","Infinite Spire","Jedi Mod","Jorbs\u0027s Wanderer Trilogy","Minty Spire (QoL Compilation)","Permanent Neow","Quick Restart","Relic Filter","Remove Card Discount Mod","Replay The Spire","Reworked Bosses","Shade Mod","Shop Mod","Spicy Shops","Spikes Relics","StSLib","Stuff the Spire","The Bug Knight","The Construct","The Disciple","The Hierophant","The Judge","The Sage","The Spell Scribe","The Wild Card","TheVacant","Transform Curses","Uncapped","Unceasing Turn Reminder","UnlockEverythingMod","Wandering Minibosses"],"gold_per_floor":[115,115,47,12,23,23,40,40,92,89,89,89,84,84],"floor_reached":13,"language":"ENG","playtime":480,"items_purged":[],"score":73,"play_id":"fbf6deea-4583-4c72-9721-57f9e66e8eb6","local_time":"20210117083847","is_ascension_mode":false,"campfire_choices":[{"data":"HollowMod:BrokenVessel","floor":6,"key":"SMITH"},{"data":"HollowMod:FocusHealStart","floor":12,"key":"SMITH"}],"circlet_count":0,"master_deck":["HollowMod:NailStrikeStart","HollowMod:NailStrikeStart","HollowMod:NailStrikeStart","HollowMod:NailStrikeStart","HollowMod:QuickDashStart","HollowMod:QuickDashStart","HollowMod:QuickDashStart","HollowMod:QuickDashStart","HollowMod:FocusHealStart+1","HollowMod:PogoStrike","HollowMod:TaintedHusks","HollowMod:NewGlowingWomb","HollowMod:BrokenVessel+1","Pot Of Greed","Pot Of Greed"],"relics":["HollowMod:VesselMask","ZombieTooth","Grinning Jar","infinitespire:Joker Card"],"acts_visited":["Exordium"],"potions_floor_usage":[],"damage_taken":[{"damage":2,"enemies":"2 Louse","floor":1,"turns":4},{"damage":13,"enemies":"conspire:RoseBush","floor":5,"turns":4},{"damage":8,"enemies":"Jaw Worm","floor":7,"turns":4},{"damage":26,"enemies":"Large Slime","floor":10,"turns":7},{"damage":41,"enemies":"Lagavulin","floor":13,"turns":5}],"seed_played":"896470351878981846","potions_obtained":[{"floor":5,"key":"GamblersBrew"},{"floor":10,"key":"SpeedPotion"}],"is_trial":false,"path_per_floor":["M","?","$","?","M","R","M","?","T","M","T","R","E"],"character_chosen":"THE_BUGKNIGHT","items_purchased":["HollowMod:NewGlowingWomb"],"campfire_rested":0,"item_purchase_floors":[3],"current_hp_per_floor":[73,73,73,75,62,62,54,54,54,28,28,28,0,0],"gold":84,"neow_bonus":"RANDOM_COMMON_RELIC","is_daily":false,"chose_seed":false,"campfire_upgraded":2,"win_rate":0.0,"timestamp":1610897927,"path_taken":["M","?","$","?","M","R","?","?","T","M","?","R","E"],"items_purchased_type":["Card"],"build_version":"2020-12-22","purchased_purges":0,"victory":false,"max_hp_per_floor":[75,75,75,75,75,75,75,75,75,75,75,75,75,75],"card_choices":[{"not_picked":["HollowMod:SharpenedNail","HollowMod:CornifersMapStart"],"picked":"HollowMod:TaintedHusks","floor":1},{"not_picked":["HollowMod:HeavyBlow","HollowMod:DoubleDash"],"picked":"HollowMod:BrokenVessel","floor":5},{"not_picked":["HollowMod:ShadowDash","HollowMod:SoulVessel","HollowMod:MonomonsArchive"],"picked":"SKIP","floor":7},{"not_picked":["HollowMod:HeavyBlow","HollowMod:MidwifesHunger","HollowMod:SoulStrike"],"picked":"SKIP","floor":10}],"player_experience":228668,"relics_obtained":[{"floor":9,"key":"Grinning Jar"},{"floor":11,"key":"infinitespire:Joker Card"}],"event_choices":[{"damage_healed":0,"gold_gain":0,"player_choice":"Ignored","damage_taken":0,"max_hp_gain":0,"max_hp_loss":0,"event_name":"Golden Wing","floor":2,"gold_loss":0},{"damage_healed":18,"gold_gain":0,"player_choice":"Healed","damage_taken":0,"max_hp_gain":0,"max_hp_loss":0,"event_name":"The Cleric","floor":4,"gold_loss":35}],"is_beta":false,"boss_relics":[],"items_purged_floors":[],"is_endless":false,"potions_floor_spawned":[5,10],"killed_by":"Lagavulin","ascension_level":0}}