{"host":"h2zaclyrd1q1i31f","time":1610842925,"event":{"mods":["Act Like it!","BaseMod","Colored Map","Downfall","GifTheSpireLib","Hallownest","Hermit","Minty Spire (QoL Compilation)","Permanent Neow","StSLib","SuperFastMode","The Bug Knight","The Hierophant"],"gold_per_floor":[111,36,56,56,71,71,146,180,180,180,180,212,232,252,252,353,353,370,370,383,394,165,193,204,229,254,270,270,280,298,310,310,406,406,418,0,15,15,30,61,81,99,99,99,99,131,151,151,151,252,252,252],"floor_reached":51,"language":"ENG","playtime":1787,"items_purged":["Strike_B","Strike_B","Strike_B"],"score":673,"play_id":"ae6e4824-7b6f-4637-9fe1-3ef25d83c902","local_time":"20210116182205","is_ascension_mode":false,"campfire_choices":[{"data":"Zap","floor":6,"key":"SMITH"},{"floor":11,"key":"REST"},{"data":"Loop","floor":15,"key":"SMITH"},{"data":"Scrape","floor":32,"key":"SMITH"},{"data":"Redo","floor":44,"key":"SMITH"},{"data":"FTL","floor":49,"key":"SMITH"}],"circlet_count":0,"master_deck":["Defend_B","Defend_B+1","Defend_B+1","Zap+1","Dualcast","Madness","Hologram","Steam Power","Beam Cell","FTL+1","BootSequence","Gash","Loop+1","Rebound","All For One","Bandage Up","Gash","Go for the Eyes","Sunder","Core Surge","Genetic Algorithm+1","Impatience","Steam","Rip and Tear","Redo+1","Scrape+1","Streamline","White Noise+1","Beam Cell+1","Gash"],"relics":["Cracked Core","Prayer Wheel","Ginger","HornCleat","Nuclear Battery","Omamori","Art of War","SlaversCollar","StoneCalendar","Mercury Hourglass","Vajra","War Paint"],"acts_visited":["Exordium","TheCity"],"potions_floor_usage":[8,8,12,14,16,23,27,40,50,50],"damage_taken":[{"damage":1.0,"enemies":"Cultist","floor":1.0,"turns":3.0},{"damage":0,"enemies":"2 Louse","floor":3,"turns":2},{"damage":0,"enemies":"Small Slimes","floor":5,"turns":3},{"damage":8,"enemies":"Lagavulin","floor":8,"turns":5},{"damage":25,"enemies":"Gremlin Nob","floor":12,"turns":4},{"damage":0,"enemies":"2 Fungi Beasts","floor":13,"turns":3},{"damage":0,"enemies":"Exordium Thugs","floor":14,"turns":3},{"damage":0,"enemies":"Slime Boss","floor":16,"turns":6},{"damage":0,"enemies":"2 Louse","floor":18,"turns":2},{"damage":0,"enemies":"Cultist","floor":20,"turns":2},{"damage":0,"enemies":"Small Slimes","floor":21,"turns":2},{"damage":0,"enemies":"3 Sentries","floor":23,"turns":4},{"damage":0,"enemies":"Exordium Thugs","floor":24,"turns":2},{"damage":0,"enemies":"HollowMod:MossKnight","floor":25,"turns":6},{"damage":0,"enemies":"Gremlin Gang","floor":27,"turns":3},{"damage":0,"enemies":"Large Slime","floor":29,"turns":3},{"damage":0,"enemies":"3 Louse","floor":30,"turns":2},{"damage":0,"enemies":"2 Fungi Beasts","floor":31,"turns":2},{"damage":45,"enemies":"The Guardian","floor":33,"turns":8},{"damage":0,"enemies":"Spheric Guardian","floor":35,"turns":3},{"damage":0,"enemies":"Snake Plant","floor":37,"turns":3},{"damage":10,"enemies":"Shelled Parasite and Fungi","floor":39,"turns":5},{"damage":24,"enemies":"Slavers","floor":40,"turns":4},{"damage":3,"enemies":"3 Cultists","floor":41,"turns":4},{"damage":5,"enemies":"Chosen and Byrds","floor":42,"turns":4},{"damage":0,"enemies":"Gremlin Leader","floor":46,"turns":3},{"damage":0,"enemies":"Snecko","floor":47,"turns":4},{"damage":4,"enemies":"Automaton","floor":50,"turns":7}],"seed_played":"-8225713731226613095","potions_obtained":[{"floor":1,"key":"PowerPotion"},{"floor":5,"key":"Block Potion"},{"floor":8,"key":"FearPotion"},{"floor":12,"key":"PowerPotion"},{"floor":13,"key":"hexamod:SoulburnPotion"},{"floor":18,"key":"Energy Potion"},{"floor":20,"key":"Strength Potion"},{"floor":24,"key":"SkillPotion"},{"floor":25,"key":"Fruit Juice"},{"floor":29,"key":"LiquidMemories"},{"floor":37,"key":"Weak Potion"},{"floor":46,"key":"Energy Potion"},{"floor":47,"key":"PowerPotion"}],"is_trial":false,"path_per_floor":["M","$","M","?","M","R","?","E","T","?","R","E","M","M","R","B",null,"M","?","M","M","$","E","M","E","T","M","?","M","M","M","R","B",null,"M","$","M","?","M","E","M","M","T","R","$","E","M","$","R","B",null],"character_chosen":"DEFECT","items_purchased":["Genetic Algorithm","Impatience","StoneCalendar"],"campfire_rested":1,"item_purchase_floors":[22,22,36],"current_hp_per_floor":[74,74,74,67,67,67,56,48,48,33,55,30,30,30,30,30,75,75,68,68,68,68,72,72,75,75,80,80,80,80,80,80,35,80,80,80,80,80,74,54,55,54,54,54,54,54,58,58,58,58,58,58],"gold":252,"neow_bonus":"RANDOM_COLORLESS","is_daily":false,"chose_seed":false,"campfire_upgraded":5,"win_rate":0.0,"timestamp":1610842925,"path_taken":["M","$","M","?","M","R","?","E","T","?","R","E","M","M","R","BOSS","M","?","M","M","$","E","M","E","T","M","?","M","?","?","R","BOSS","M","$","M","?","?","E","M","M","T","R","$","E","M","$","R","BOSS"],"items_purchased_type":["Card","Card","Relic"],"build_version":"2020-12-22","purchased_purges":3,"victory":false,"max_hp_per_floor":[75,75,75,75,75,75,75,75,75,75,75,75,75,75,75,75,75,75,75,75,75,75,75,75,75,75,80,80,80,80,80,80,80,80,80,80,80,80,80,80,80,80,80,80,80,80,80,80,80,80,80,80],"card_choices":[{"not_picked":["Blind","Jack Of All Trades"],"picked":"Madness","floor":0.0},{"not_picked":["Hello World","Streamline"],"picked":"Hologram","floor":1},{"not_picked":["Hologram","Static Discharge"],"picked":"Steam Power","floor":3},{"not_picked":["Aggregate","Undo"],"picked":"Beam Cell","floor":5},{"not_picked":["Ball Lightning","Scrape"],"picked":"FTL","floor":8},{"not_picked":["Reprogram","Conserve Battery"],"picked":"BootSequence","floor":12},{"not_picked":["Sunder","Coolheaded"],"picked":"Gash","floor":13},{"not_picked":["Turbo","Chill","Doom and Gloom"],"picked":"SKIP","floor":13},{"not_picked":["Darkness","Recycle"],"picked":"Loop","floor":14},{"not_picked":["Ball Lightning","Darkness"],"picked":"Rebound","floor":14},{"not_picked":["Buffer","Electrodynamics"],"picked":"All For One","floor":16},{"not_picked":["Panacea","Finesse"],"picked":"Bandage Up","floor":17},{"not_picked":["Turbo","Streamline"],"picked":"Gash","floor":18},{"not_picked":["Reprogram","Coolheaded"],"picked":"Go for the Eyes","floor":18},{"not_picked":["Steam","Hologram"],"picked":"Sunder","floor":20},{"not_picked":["Barrage","Turbo","Consume"],"picked":"SKIP","floor":20},{"not_picked":["Compile Driver","Streamline"],"picked":"Core Surge","floor":21},{"not_picked":["Skim","Recycle","Doom and Gloom"],"picked":"SKIP","floor":21},{"not_picked":["Melter","Hello World","Steam"],"picked":"SKIP","floor":23},{"not_picked":["Glacier","Reinforced Body"],"picked":"Steam","floor":24},{"not_picked":["Turbo","Stack","Ball Lightning"],"picked":"SKIP","floor":24},{"not_picked":["Glacier","Core Surge"],"picked":"Rip and Tear","floor":25},{"not_picked":["Auto Shields","Darkness"],"picked":"Redo","floor":27},{"not_picked":["Leap","Rebound","Recycle"],"picked":"SKIP","floor":27},{"not_picked":["Compile Driver","Steam"],"picked":"Scrape","floor":29},{"not_picked":["Recycle","Darkness","Turbo"],"picked":"SKIP","floor":29},{"not_picked":["Lockon","Stack","Cold Snap"],"picked":"SKIP","floor":30},{"not_picked":["Steam","Loop","Auto Shields"],"picked":"SKIP","floor":30},{"not_picked":["Hologram","Chill"],"picked":"Streamline","floor":31},{"not_picked":["Compile Driver","Fission","Redo"],"picked":"SKIP","floor":31},{"not_picked":["Double Energy","Turbo"],"picked":"White Noise","floor":35},{"not_picked":["Blizzard+1","Undo+1","Steam"],"picked":"SKIP","floor":35},{"not_picked":["Leap","Blizzard","Barrage+1"],"picked":"SKIP","floor":37},{"not_picked":["Cold Snap","Self Repair","Beam Cell"],"picked":"SKIP","floor":37},{"not_picked":["Blizzard","Beam Cell","Coolheaded"],"picked":"SKIP","floor":39},{"not_picked":["Reinforced Body+1","Sweeping Beam","Leap"],"picked":"SKIP","floor":39},{"not_picked":["Leap","Streamline","Biased Cognition"],"picked":"SKIP","floor":40},{"not_picked":["Sweeping Beam","Melter","Compile Driver"],"picked":"SKIP","floor":41},{"not_picked":["Recycle","Steam","Barrage+1"],"picked":"SKIP","floor":41},{"not_picked":["Steam Power+1","Steam"],"picked":"Beam Cell+1","floor":42},{"not_picked":["Compile Driver","Rebound","Ball Lightning"],"picked":"SKIP","floor":42},{"not_picked":["Rebound+1","Heatsinks+1","Reinforced Body+1"],"picked":"SKIP","floor":46},{"not_picked":["Recycle+1","Conserve Battery+1"],"picked":"Gash","floor":47},{"not_picked":["Aggregate","Leap","Glacier+1"],"picked":"SKIP","floor":47}],"player_experience":153468,"relics_obtained":[{"floor":8,"key":"Prayer Wheel"},{"floor":9,"key":"Ginger"},{"floor":12,"key":"HornCleat"},{"floor":23,"key":"Omamori"},{"floor":25,"key":"Art of War"},{"floor":40,"key":"Mercury Hourglass"},{"floor":43,"key":"Vajra"},{"floor":46,"key":"War Paint"}],"event_choices":[{"cards_removed":["Defend_B"],"damage_healed":0,"gold_gain":0,"player_choice":"Card Removal","damage_taken":7,"max_hp_gain":0,"max_hp_loss":0,"event_name":"Golden Wing","floor":4,"gold_loss":0},{"damage_healed":0,"gold_gain":75,"player_choice":"Gather Gold","damage_taken":11,"max_hp_gain":0,"max_hp_loss":0,"event_name":"World of Goop","floor":7,"gold_loss":0},{"damage_healed":0,"gold_gain":0,"player_choice":"Entered Light","damage_taken":15,"max_hp_gain":0,"max_hp_loss":0,"event_name":"Shining Light","floor":10,"gold_loss":0,"cards_upgraded":["Defend_B","Defend_B"]},{"cards_removed":["Strike_B"],"damage_healed":0,"gold_gain":0,"player_choice":"Card Removal","damage_taken":7,"max_hp_gain":0,"max_hp_loss":0,"event_name":"Golden Wing","floor":19,"gold_loss":0},{"damage_healed":0,"gold_gain":0,"player_choice":"0 cards matched","damage_taken":0,"max_hp_gain":0,"max_hp_loss":0,"event_name":"Match and Keep!","floor":28,"gold_loss":0,"cards_obtained":[]},{"damage_healed":0,"gold_gain":0,"player_choice":"Ignored","damage_taken":0,"max_hp_gain":0,"max_hp_loss":0,"event_name":"N\u0027loth","floor":38,"gold_loss":0}],"is_beta":false,"boss_relics":[{"not_picked":["SacredBark","SlaversCollar"],"picked":"Nuclear Battery"},{"not_picked":["Busted Crown","Philosopher\u0027s Stone"],"picked":"SlaversCollar"}],"items_purged_floors":[2,22,36],"is_endless":false,"potions_floor_spawned":[1,5,8,12,13,18,20,24,25,29,37,39,46,47],"ascension_level":0}}