{"host":"e6sgj53qqwx3piqv","time":1610902896,"event":{"mods":["AchievementEnabler","Aspiration","BaseMod","BetterRewards","Colored Powertips","Hermit","Hubris","Infinite Spire","Minty Spire (QoL Compilation)","Quick Restart","Rare Cards Sparkle","Replay The Spire","Shop Mod","StSLib","The Cursed","The Disciple","The Jungle","The Runesmith"],"gold_per_floor":[119,119,1,1,16,16,51,66,147,247,259,269,280,297,297,399,399,368,368,140,140,157,157,157,168,168,50,50,50],"floor_reached":28,"language":"ENG","playtime":2526,"items_purged":[],"score":220,"play_id":"9b552def-4efb-4832-9ffe-135a3813a5be","local_time":"20210117120136","is_ascension_mode":false,"campfire_choices":[{"floor":6,"key":"RECALL"},{"floor":15,"key":"REST"},{"data":"PathToVictory","floor":23,"key":"SMITH"}],"circlet_count":0,"master_deck":["Strike_P","Strike_P","Strike_P","Strike_P","Defend_P","Defend_P","Defend_P","Defend_P","Eruption","Vigilance","Replay:Anticipation","EmptyFist","PathToVictory+1","ThirdEye","Pray","EmptyBody","Prostrate","ReachHeaven","CarveReality","SpiritShield","Evaluate","DeusExMachina","FlyingSleeves+1","FollowUp","Replay:LoomingThreat","Replay:BluntJabs","Halt","FlyingSleeves","ReplayTheSpireMod:Uncanny Aura","EmptyMind","BattleHymn","Sanctity"],"relics":["PureWater","aspiration:Nostalgia","Cracked Core","hubris:Icosahedron","Replay:Baseball","Sozu","hubris:BottledHeart","aspiration:DSix"],"acts_visited":["Exordium","TheCity"],"potions_floor_usage":[],"damage_taken":[{"damage":0,"enemies":"2 Louse","floor":1,"turns":2},{"damage":1,"enemies":"Cultist","floor":5,"turns":3},{"damage":28,"enemies":"Lagavulin","floor":7,"turns":7},{"damage":0,"enemies":"Small Slimes","floor":8,"turns":2},{"damage":11,"enemies":"Gremlin Gang","floor":11,"turns":6},{"damage":12,"enemies":"Blue Slaver","floor":12,"turns":3},{"damage":3,"enemies":"2 Fungi Beasts","floor":13,"turns":3},{"damage":0,"enemies":"Looter","floor":14,"turns":3},{"damage":13,"enemies":"Slime Boss","floor":16,"turns":9},{"damage":8,"enemies":"2 Thieves","floor":18,"turns":5},{"damage":0,"enemies":"Chosen","floor":22,"turns":4},{"damage":0,"enemies":"Snake Plant","floor":25,"turns":4},{"damage":13,"enemies":"Slavers","floor":28,"turns":4}],"seed_played":"4439634170659598044","potions_obtained":[{"floor":1,"key":"Venom Potion"},{"floor":12,"key":"SteroidPotion"},{"floor":16,"key":"FearPotion"}],"is_trial":false,"path_per_floor":["M","?","$","?","M","R","E","M","T","?","M","M","M","M","R","B",null,"M","?","$","?","M","R","?","M","T","$","E"],"character_chosen":"WATCHER","items_purchased":["EmptyFist","PathToVictory","ThirdEye","FollowUp","Replay:LoomingThreat","Replay:BluntJabs","Halt","BattleHymn","Sanctity"],"campfire_rested":1,"item_purchase_floors":[3,3,3,20,20,20,20,27,27],"current_hp_per_floor":[72,72,72,72,71,71,43,43,43,43,32,20,17,17,38,25,72,64,64,64,1,1,1,1,1,1,1,0,0],"gold":50,"neow_bonus":"NOSTALGIA","is_daily":false,"chose_seed":false,"campfire_upgraded":1,"win_rate":0.0,"timestamp":1610902896,"path_taken":["M","?","$","?","?","R","E","M","T","?","?","M","M","M","R","BOSS","M","?","$","?","M","R","?","M","T","$","E"],"items_purchased_type":["Card","Card","Card","Card","Card","Card","Card","Card","Card"],"build_version":"2020-12-22","purchased_purges":0,"victory":false,"max_hp_per_floor":[72,72,72,72,72,72,72,72,72,72,72,72,72,72,72,72,72,72,72,72,1,1,1,1,1,1,1,1,1],"card_choices":[{"not_picked":["CrushJoints","CarveReality"],"picked":"Replay:Anticipation","floor":1},{"not_picked":["Collect","Swivel"],"picked":"Pray","floor":5},{"not_picked":["FearNoEvil","LikeWater"],"picked":"EmptyBody","floor":7},{"not_picked":["FollowUp","ThirdEye"],"picked":"Prostrate","floor":8},{"not_picked":["Replay:ManipulateFuture","PathToVictory"],"picked":"ReachHeaven","floor":11},{"not_picked":["Replay:AtTheReady","Replay:ManipulateFuture"],"picked":"CarveReality","floor":12},{"not_picked":["Weave","Evaluate"],"picked":"SpiritShield","floor":13},{"not_picked":["Perseverance","EmptyBody"],"picked":"Evaluate","floor":14},{"not_picked":["Establishment","MasterReality"],"picked":"DeusExMachina","floor":16},{"not_picked":["ThirdEye","Replay:ManipulateFuture"],"picked":"FlyingSleeves+1","floor":18},{"not_picked":["Replay:BluntJabs","Halt"],"picked":"FlyingSleeves","floor":22},{"not_picked":["Halt","Prostrate+1"],"picked":"EmptyMind","floor":25}],"player_experience":139286,"relics_obtained":[{"floor":7,"key":"Replay:Baseball"},{"floor":26,"key":"aspiration:DSix"}],"event_choices":[{"damage_healed":0,"gold_gain":0,"player_choice":"Ignored","damage_taken":0,"max_hp_gain":0,"max_hp_loss":0,"event_name":"Transmorgrifier","floor":4,"gold_loss":0},{"damage_healed":0,"gold_gain":100,"player_choice":"Pray","damage_taken":0,"max_hp_gain":0,"max_hp_loss":0,"event_name":"Golden Shrine","floor":10,"gold_loss":0},{"damage_healed":0,"gold_gain":0,"player_choice":"Ignored","damage_taken":0,"max_hp_gain":0,"max_hp_loss":0,"event_name":"Beggar","floor":19,"gold_loss":0},{"damage_healed":0,"gold_gain":0,"player_choice":"1 cards matched","damage_taken":0,"max_hp_gain":0,"max_hp_loss":0,"event_name":"Match and Keep!","floor":24,"gold_loss":0,"cards_obtained":["ReplayTheSpireMod:Uncanny Aura"]}],"is_beta":false,"boss_relics":[{"not_picked":["Replay:Ancient Bell","hubris:RunicObelisk"],"picked":"Sozu"}],"items_purged_floors":[],"is_endless":false,"potions_floor_spawned":[1,12,16,18],"killed_by":"Slavers","ascension_level":0}}