{"host":"id1lehtnb7dzklac","time":1610872372,"event":{"mods":["AchievementEnabler","BaseMod","Block Reminder","Colored Map","Highlight Path","Minty Spire (QoL Compilation)","Permanent Neow","Random Character Button","StSLib","slay the spire mod where everything is the same but ironclad has a cowboy hat"],"gold_per_floor":[110,129,139,139,13,49,49,84,84,127,29,29,60,74,74,179,179,195,195,222,92,92,133,142,174,174,215,215,244,276,292,292,392,392,416,416,473,490,499,499],"floor_reached":39,"language":"ENG","playtime":1794,"items_purged":["Defend_P","Strike_P"],"score":667,"play_id":"cd71371f-315a-40c8-8652-e640367f026f","local_time":"20210117163252","is_ascension_mode":true,"campfire_choices":[{"data":"EmptyFist","floor":7.0,"key":"SMITH"},{"data":"FlurryOfBlows","floor":15.0,"key":"SMITH"},{"data":"Eruption","floor":28.0,"key":"SMITH"},{"data":"MentalFortress","floor":32.0,"key":"SMITH"}],"circlet_count":0,"master_deck":["Strike_P","Defend_P","Defend_P","Eruption+1","Vigilance","DeceiveReality+1","SpiritShield+1","Meditate+1","SashWhip","EmptyFist+1","FollowUp","DeusExMachina","FlurryOfBlows+1","Tantrum","FearNoEvil","Indignation+1","MentalFortress+1","Adaptation","Writhe","FlurryOfBlows+1","FlurryOfBlows+1","MentalFortress","Protect","Parasite"],"relics":["Astrolabe","CeramicFish","Mango","The Courier","Sundial","CaptainsWheel","Sozu","Nilry\u0027s Codex","MutagenicStrength","Shuriken","Molten Egg 2","Dream Catcher","Nunchaku","Yang","Black Star","Ice Cream"],"acts_visited":["Exordium","TheCity","TheBeyond"],"potions_floor_usage":[35],"damage_taken":[{"damage":0.0,"enemies":"2 Louse","floor":1.0,"turns":3.0},{"damage":0.0,"enemies":"Cultist","floor":2.0,"turns":3.0},{"damage":0.0,"enemies":"Jaw Worm","floor":3.0,"turns":6.0},{"damage":9.0,"enemies":"Gremlin Nob","floor":6.0,"turns":3.0},{"damage":0.0,"enemies":"Lagavulin","floor":8.0,"turns":5.0},{"damage":2.0,"enemies":"3 Sentries","floor":10.0,"turns":4.0},{"damage":6.0,"enemies":"Lagavulin","floor":13.0,"turns":6.0},{"damage":0.0,"enemies":"2 Fungi Beasts","floor":14.0,"turns":2.0},{"damage":0.0,"enemies":"Slime Boss","floor":16.0,"turns":6.0},{"damage":0.0,"enemies":"Chosen","floor":18.0,"turns":3.0},{"damage":6.0,"enemies":"Shell Parasite","floor":20.0,"turns":3.0},{"damage":23.0,"enemies":"Gremlin Leader","floor":23.0,"turns":6.0},{"damage":6.0,"enemies":"Slavers","floor":25.0,"turns":3.0},{"damage":0.0,"enemies":"Gremlin Leader","floor":27.0,"turns":3.0},{"damage":3.0,"enemies":"Snecko","floor":29.0,"turns":3.0},{"damage":12.0,"enemies":"Book of Stabbing","floor":30.0,"turns":5.0},{"damage":0.0,"enemies":"3 Cultists","floor":31.0,"turns":3.0},{"damage":0,"enemies":"Automaton","floor":33,"turns":5},{"damage":13,"enemies":"3 Darklings","floor":35,"turns":3},{"damage":47,"enemies":"2 Orb Walkers","floor":37,"turns":4},{"damage":16,"enemies":"3 Shapes","floor":38,"turns":3},{"damage":0,"enemies":"Writhing Mass","floor":39,"turns":2}],"seed_played":"-3326742529108956538","potions_obtained":[{"floor":3.0,"key":"Block Potion"},{"floor":10.0,"key":"Energy Potion"},{"floor":13.0,"key":"GamblersBrew"},{"floor":14.0,"key":"LiquidMemories"}],"is_trial":false,"path_per_floor":["M","M","M","?","$","E","R","E","T","E","$","$","E","M","R","B",null,"M","?","M","$","?","E","?","E","T","E","R","M","E","M","R","B",null,"M","?","?","M","M"],"character_chosen":"WATCHER","items_purchased":["Consecrate","Tantrum","FearNoEvil","MentalFortress"],"campfire_rested":0,"item_purchase_floors":[5,11,11,21],"current_hp_per_floor":[72,72,72,72,72,63,63,77,77,75,75,75,69,69,69,69,86,86,70,64,64,64,41,41,35,35,35,35,32,20,20,20,20,86,73,73,26,10,10,10],"gold":499,"neow_bonus":"BOSS_RELIC","is_daily":false,"chose_seed":false,"campfire_upgraded":4,"win_rate":0.0,"timestamp":1610872372,"path_taken":["M","M","M","?","$","E","R","E","T","E","?","$","E","M","R","BOSS","M","?","M","$","?","E","?","E","T","E","R","M","E","M","R","BOSS","M","?","?","M","?"],"items_purchased_type":["Card","Card","Card","Card"],"build_version":"2020-12-22","purchased_purges":2,"victory":false,"max_hp_per_floor":[72,72,72,72,72,72,72,86,86,86,86,86,86,86,86,86,86,86,86,86,86,86,86,86,86,86,86,86,86,86,86,86,86,86,86,86,86,86,86,86],"card_choices":[{"not_picked":["ThirdEye","Nirvana"],"picked":"SashWhip","floor":1.0},{"not_picked":["Meditate","ThirdEye"],"picked":"EmptyFist","floor":2.0},{"not_picked":["ClearTheMind","SashWhip"],"picked":"FollowUp","floor":3.0},{"not_picked":["Consecrate","InnerPeace"],"picked":"DeusExMachina","floor":6.0},{"not_picked":["JustLucky","Vengeance","Meditate"],"picked":"SKIP","floor":8.0},{"not_picked":["JustLucky","Conclude"],"picked":"FlurryOfBlows","floor":10.0},{"not_picked":["EmptyFist","ClearTheMind","Perseverance"],"picked":"SKIP","floor":13.0},{"not_picked":["EmptyBody","FollowUp","ClearTheMind"],"picked":"SKIP","floor":14.0},{"not_picked":["Crescendo","Protect+1","SignatureMove"],"picked":"SKIP","floor":18.0},{"not_picked":["BowlingBash","Consecrate"],"picked":"Indignation+1","floor":20.0},{"not_picked":["Fasting2","ForeignInfluence"],"picked":"Adaptation","floor":23.0},{"not_picked":["Evaluate","ClearTheMind","Weave+1"],"picked":"SKIP","floor":25.0},{"not_picked":["InnerPeace","EmptyBody"],"picked":"FlurryOfBlows+1","floor":27.0},{"not_picked":["EmptyBody","SignatureMove+1"],"picked":"FlurryOfBlows+1","floor":29.0},{"not_picked":["Perseverance","Weave+1","Worship+1"],"picked":"SKIP","floor":30.0},{"not_picked":["JustLucky+1","ReachHeaven+1","Consecrate+1"],"picked":"SKIP","floor":31.0},{"not_picked":["ClearTheMind","Crescendo+1"],"picked":"MentalFortress","floor":35},{"not_picked":["CrushJoints+1","CarveReality+1"],"picked":"Protect","floor":37},{"not_picked":["EmptyBody+1","Swivel+1","CrushJoints+1"],"picked":"SKIP","floor":38}],"player_experience":220287,"relics_obtained":[{"floor":6.0,"key":"CeramicFish"},{"floor":8.0,"key":"Mango"},{"floor":9.0,"key":"The Courier"},{"floor":10.0,"key":"Sundial"},{"floor":13.0,"key":"CaptainsWheel"},{"floor":19.0,"key":"Nilry\u0027s Codex"},{"floor":23.0,"key":"Shuriken"},{"floor":25.0,"key":"Dream Catcher"},{"floor":27.0,"key":"Nunchaku"},{"floor":30.0,"key":"Yang"},{"floor":37,"key":"Ice Cream"}],"event_choices":[{"damage_healed":0.0,"max_hp_gain":0.0,"max_hp_loss":0.0,"gold_gain":0.0,"event_name":"Match and Keep!","player_choice":"0 cards matched","floor":4.0,"gold_loss":0.0,"damage_taken":0.0,"cards_obtained":[]},{"damage_healed":0.0,"max_hp_gain":0.0,"max_hp_loss":0.0,"gold_gain":0.0,"event_name":"Cursed Tome","player_choice":"Obtained Book","floor":19.0,"gold_loss":0.0,"damage_taken":16.0},{"damage_healed":0.0,"max_hp_gain":0.0,"max_hp_loss":0.0,"gold_gain":0.0,"event_name":"Drug Dealer","player_choice":"Inject Mutagens","floor":22.0,"gold_loss":0.0,"damage_taken":0.0,"relics_obtained":["MutagenicStrength"]},{"damage_healed":0.0,"max_hp_gain":0.0,"max_hp_loss":0.0,"gold_gain":0.0,"event_name":"The Mausoleum","player_choice":"Opened","floor":24.0,"gold_loss":0.0,"damage_taken":0.0,"relics_obtained":["Molten Egg 2"],"cards_obtained":["Writhe"]},{"cards_removed":["Consecrate"],"damage_healed":0,"gold_gain":0,"player_choice":"Removed Attack","damage_taken":0,"max_hp_gain":0,"max_hp_loss":0,"event_name":"Falling","floor":36,"gold_loss":0},{"damage_healed":0,"gold_gain":0,"player_choice":"Fight","damage_taken":0,"max_hp_gain":0,"max_hp_loss":0,"event_name":"Mysterious Sphere","floor":37,"gold_loss":0}],"is_beta":false,"boss_relics":[{"not_picked":["Ectoplasm","Velvet Choker"],"picked":"Sozu"},{"not_picked":["Coffee Dripper","SlaversCollar"],"picked":"Black Star"}],"items_purged_floors":[5,21],"is_endless":false,"potions_floor_spawned":[3,10,13,14,16,25,29,30,33,38],"killed_by":"Writhing Mass","ascension_level":1}}