{"host":"8u7tvcybuv0u72fd","time":1610865902,"event":{"mods":["BaseMod","BetterRewards","Colored Map","Colored Powertips","Minty Spire (QoL Compilation)","Quick Restart","Shop Mod"],"gold_per_floor":[156,106,140,197,1,1,51,51,75,141,141,205,205,272,272,467,467,506,541,541,541,541,541,227,257,257,257,273,315,366,408,408,536,536,556,593,593,608,656,656,402,455,501,567,587,210,210,221,221,221,221,221,3,37,37,37],"floor_reached":55,"language":"ENG","playtime":3419,"items_purged":["Strike_R","Bloodletting+1","Madness"],"score":1012,"play_id":"41d16c42-37dc-4ac5-ab68-4f7bb5ad021f","local_time":"20210117014502","is_ascension_mode":false,"campfire_choices":[{"data":"Body Slam","floor":6.0,"key":"SMITH"},{"data":"HandOfGreed","floor":8.0,"key":"SMITH"},{"data":"Bash","floor":13.0,"key":"SMITH"},{"data":"Shrug It Off","floor":15.0,"key":"SMITH"},{"data":"Feed","floor":23.0,"key":"SMITH"},{"data":"Seeing Red","floor":27.0,"key":"SMITH"},{"data":"Cleave","floor":32.0,"key":"SMITH"},{"data":"Barricade","floor":40.0,"key":"SMITH"},{"data":"Flame Barrier","floor":47,"key":"SMITH"},{"floor":49,"key":"RECALL"},{"data":"Iron Wave","floor":52,"key":"SMITH"}],"circlet_count":0,"master_deck":["Strike_R+1","Strike_R+1","Strike_R+1","Defend_R+1","Defend_R+1","Defend_R+1","Defend_R+1","Bash+1","HandOfGreed+1","Iron Wave+1","Shrug It Off+1","Body Slam+1","Cleave+1","Feed+1","Seeing Red+1","Dropkick+1","Barricade+1","Flame Barrier+1","Madness","Intimidate+1","Good Instincts"],"relics":["Burning Blood","Oddly Smooth Stone","Torii","Sling","MerchantsRug","Art of War","Lantern","Black Star","Membership Card","Bronze Scales","Happy Flower","FossilizedHelix","MealTicket","Letter Opener","Juzu Bracelet","Busted Crown","Calipers","Bird Faced Urn","Centennial Puzzle","Bag of Marbles","PreservedInsect","Akabeko","Toolbox","Vajra","OrangePellets","Pocketwatch","Shuriken"],"acts_visited":["Exordium","TheCity","TheBeyond","TheEnding"],"potions_floor_usage":[50,50,55,55,55],"damage_taken":[{"damage":0.0,"enemies":"2 Louse","floor":1.0,"turns":4.0},{"damage":8.0,"enemies":"Jaw Worm","floor":3.0,"turns":4.0},{"damage":1.0,"enemies":"Small Slimes","floor":4.0,"turns":3.0},{"damage":13.0,"enemies":"Lagavulin","floor":7.0,"turns":6.0},{"damage":2.0,"enemies":"Exordium Thugs","floor":10.0,"turns":4.0},{"damage":2.0,"enemies":"Gremlin Gang","floor":12.0,"turns":6.0},{"damage":36.0,"enemies":"Slime Boss","floor":16.0,"turns":15.0},{"damage":5.0,"enemies":"3 Byrds","floor":18.0,"turns":6.0},{"damage":11.0,"enemies":"2 Thieves","floor":19.0,"turns":5.0},{"damage":2.0,"enemies":"Book of Stabbing","floor":25.0,"turns":4.0},{"damage":10.0,"enemies":"Sentry and Sphere","floor":28.0,"turns":4.0},{"damage":0.0,"enemies":"Centurion and Healer","floor":29.0,"turns":6.0},{"damage":14.0,"enemies":"Gremlin Leader","floor":30.0,"turns":8.0},{"damage":1.0,"enemies":"3 Cultists","floor":31.0,"turns":6.0},{"damage":95.0,"enemies":"Collector","floor":33.0,"turns":10.0},{"damage":13.0,"enemies":"3 Darklings","floor":35.0,"turns":8.0},{"damage":0.0,"enemies":"3 Shapes","floor":36.0,"turns":4.0},{"damage":13.0,"enemies":"Transient","floor":38.0,"turns":5.0},{"damage":30.0,"enemies":"2 Orb Walkers","floor":39.0,"turns":6.0},{"damage":38.0,"enemies":"Nemesis","floor":42.0,"turns":7.0},{"damage":0,"enemies":"Sphere and 2 Shapes","floor":44,"turns":5},{"damage":8,"enemies":"Spire Growth","floor":45,"turns":4},{"damage":0,"enemies":"3 Darklings","floor":48,"turns":5},{"damage":88,"enemies":"Time Eater","floor":50,"turns":16},{"damage":2,"enemies":"Shield and Spear","floor":54,"turns":3},{"damage":140,"enemies":"The Heart","floor":55,"turns":12}],"seed_played":"1669523015237116567","potions_obtained":[{"floor":1.0,"key":"Weak Potion"},{"floor":7.0,"key":"Ancient Potion"},{"floor":16.0,"key":"SkillPotion"},{"floor":18.0,"key":"ColorlessPotion"},{"floor":28.0,"key":"EntropicBrew"},{"floor":29.0,"key":"SkillPotion"},{"floor":36.0,"key":"AttackPotion"},{"floor":38.0,"key":"AttackPotion"},{"floor":39.0,"key":"SkillPotion"}],"is_trial":false,"path_per_floor":["M","?","M","M","$","R","E","R","T","M","?","M","R","?","R","B",null,"M","M","?","?","?","R","$","E","T","R","M","M","E","M","R","B",null,"M","M","?","M","?","R","$","E","T","M","M","$","R","M","R","B",null,"R","$","E","B"],"character_chosen":"IRONCLAD","items_purchased":["Oddly Smooth Stone","Torii","HandOfGreed","Lee\u0027s Waffle","Fruit Juice","Sling","Iron Wave","AttackPotion","Body Slam","MerchantsRug","Membership Card","Bronze Scales","Happy Flower","Energy Potion","Bird Faced Urn","Explosive Potion","SpeedPotion","PreservedInsect","Akabeko","Toolbox","Block Potion","Weak Potion","Ancient Potion","Fire Potion","Fire Potion","Vajra","Good Instincts","OrangePellets"],"campfire_rested":0,"item_purchase_floors":[0,0,0,0,0,0,0,0,5,5,24,24,24,24,41,41,41,46,46,46,46,46,46,53,53,53,53,53],"current_hp_per_floor":[92,92,90,92,92,92,85,85,85,89,71,75,75,75,75,45,92,92,90,71,71,71,71,71,79,79,79,75,81,87,96,96,7,122,115,125,109,102,78,78,93,63,63,75,79,94,94,102,102,22,134,134,134,134,0,0],"gold":37,"neow_bonus":"","is_daily":false,"chose_seed":false,"campfire_upgraded":10,"win_rate":0.0,"timestamp":1610865902,"path_taken":["M","?","M","M","$","R","E","R","T","M","?","M","R","?","R","BOSS","M","M","?","?","?","R","$","E","T","R","M","?","E","M","R","BOSS","M","M","?","M","?","R","$","E","T","M","M","$","R","M","R","BOSS","R","$","E","BOSS"],"items_purchased_type":["Relic","Relic","Card","Relic","Potion","Relic","Card","Potion","Card","Relic","Relic","Relic","Relic","Potion","Relic","Potion","Potion","Relic","Relic","Relic","Potion","Potion","Potion","Potion","Potion","Relic","Card","Relic"],"build_version":"2020-12-22","purchased_purges":3,"victory":false,"max_hp_per_floor":[92,92,92,92,92,92,92,92,92,92,92,92,92,92,92,92,92,92,95,100,100,100,100,100,104,104,104,104,104,118,122,122,122,122,122,126,126,126,126,126,126,126,126,130,134,134,134,134,134,134,134,134,134,134,134,134],"card_choices":[{"not_picked":["Thunderclap","Twin Strike","True Grit"],"picked":"SKIP","floor":1.0},{"not_picked":["Shockwave","Reckless Charge","Flex"],"picked":"SKIP","floor":3.0},{"not_picked":["Burning Pact","Disarm"],"picked":"Shrug It Off","floor":4.0},{"not_picked":["Iron Wave","Power Through","Evolve"],"picked":"SKIP","floor":7.0},{"not_picked":["Wild Strike","Second Wind","Body Slam"],"picked":"SKIP","floor":10.0},{"not_picked":["Shrug It Off","Feed"],"picked":"Cleave","floor":12.0},{"not_picked":["Brutality","Bludgeon"],"picked":"Feed","floor":16.0},{"not_picked":["Cleave+1","Body Slam","Bloodletting"],"picked":"SKIP","floor":18.0},{"not_picked":["Evolve","Warcry"],"picked":"Seeing Red","floor":19.0},{"not_picked":["Bloodletting","Armaments","Body Slam+1"],"picked":"SKIP","floor":25.0},{"not_picked":["Flex","Immolate","Armaments"],"picked":"SKIP","floor":28.0},{"not_picked":["Heavy Blade","Armaments+1"],"picked":"Bloodletting+1","floor":29.0},{"not_picked":["Wild Strike","Spot Weakness","Flame Barrier"],"picked":"SKIP","floor":30.0},{"not_picked":["Dual Wield","Carnage"],"picked":"Dropkick+1","floor":31.0},{"not_picked":["Impervious","Juggernaut"],"picked":"Barricade","floor":33.0},{"not_picked":["Feel No Pain"],"picked":"SKIP","floor":35.0},{"not_picked":[],"picked":"Flame Barrier","floor":36.0},{"not_picked":["Perfected Strike+1"],"picked":"SKIP","floor":38.0},{"not_picked":["Whirlwind"],"picked":"SKIP","floor":42.0},{"not_picked":[],"picked":"Intimidate+1","floor":44},{"not_picked":["Armaments"],"picked":"SKIP","floor":45},{"not_picked":["Cleave+1"],"picked":"SKIP","floor":48},{"not_picked":["Armaments+1"],"picked":"SKIP","floor":54}],"player_experience":1338287,"relics_obtained":[{"floor":7.0,"key":"Art of War"},{"floor":9.0,"key":"Lantern"},{"floor":25.0,"key":"FossilizedHelix"},{"floor":25.0,"key":"MealTicket"},{"floor":26.0,"key":"Letter Opener"},{"floor":30.0,"key":"Mango"},{"floor":30.0,"key":"Juzu Bracelet"},{"floor":39.0,"key":"Calipers"},{"floor":42.0,"key":"Centennial Puzzle"},{"floor":42.0,"key":"Bag of Marbles"},{"floor":54,"key":"Pocketwatch"},{"floor":54,"key":"Shuriken"}],"event_choices":[{"cards_removed":["Strike_R"],"damage_healed":0.0,"max_hp_gain":0.0,"max_hp_loss":0.0,"gold_gain":0.0,"event_name":"The Cleric","player_choice":"Card Removal","floor":2.0,"gold_loss":50.0,"damage_taken":0.0},{"damage_healed":0.0,"max_hp_gain":0.0,"max_hp_loss":0.0,"gold_gain":0.0,"event_name":"Shining Light","player_choice":"Entered Light","floor":11.0,"gold_loss":0.0,"damage_taken":18.0,"cards_upgraded":["Defend_R","Strike_R"]},{"damage_healed":0.0,"max_hp_gain":0.0,"max_hp_loss":0.0,"gold_gain":67.0,"event_name":"Golden Wing","player_choice":"Gained Gold","floor":14.0,"gold_loss":0.0,"damage_taken":0.0},{"damage_healed":0.0,"max_hp_gain":5.0,"max_hp_loss":0.0,"gold_gain":0.0,"event_name":"Forgotten Altar","player_choice":"Shed Blood","floor":20.0,"gold_loss":0.0,"damage_taken":24.0},{"damage_healed":0.0,"max_hp_gain":0.0,"max_hp_loss":0.0,"gold_gain":0.0,"event_name":"Ghosts","player_choice":"Ignored","floor":21.0,"gold_loss":0.0,"damage_taken":0.0},{"damage_healed":0.0,"max_hp_gain":0.0,"max_hp_loss":0.0,"gold_gain":0.0,"event_name":"Back to Basics","player_choice":"Simplicity","floor":22.0,"gold_loss":0.0,"damage_taken":0.0,"cards_upgraded":["Strike_R","Strike_R","Defend_R","Defend_R","Defend_R"]},{"damage_healed":0.0,"max_hp_gain":0.0,"max_hp_loss":0.0,"gold_gain":0.0,"event_name":"Winding Halls","player_choice":"Embrace Madness","floor":37.0,"gold_loss":0.0,"damage_taken":16.0,"cards_obtained":["Madness","Madness"]},{"damage_healed":0.0,"max_hp_gain":0.0,"max_hp_loss":0.0,"gold_gain":0.0,"event_name":"Mysterious Sphere","player_choice":"Fight","floor":39.0,"gold_loss":0.0,"damage_taken":0.0}],"is_beta":false,"boss_relics":[{"not_picked":["Snecko Eye","Runic Cube"],"picked":"Black Star"},{"not_picked":["Velvet Choker","Mark of Pain"],"picked":"Busted Crown"}],"items_purged_floors":[0,41,46],"is_endless":false,"potions_floor_spawned":[1,7,16,18,28,29,36,38,39,48,54],"killed_by":"The Heart","ascension_level":0}}