{"host":"9d9dhukr2jywmy0f","time":1610862502,"event":{"mods":["2.2 Compatiblity","Alarm Clock","BaseMod","Bestiary","Block Reminder","Colored Map","Colored Powertips","Curses Come First","DeckTracker","Highlight Path","Key Reminder","Minty Spire (QoL Compilation)","Quick Restart","Rare Cards Sparkle","Relic Sorter","Relic Stats","Spire Birthday Party","StSLib","SuperFastMode","Synergy Search","TestMod","Unceasing Turn Reminder","Unknown Chances"],"gold_per_floor":[115,1,76,476,493,528,528,549,603,603,226,239,239,263,263,356,356,339,389,413,79,79,79],"floor_reached":22,"language":"ZHS","playtime":587,"items_purged":["Strike_R","Defend_R","Bash"],"score":418,"play_id":"cb69228b-4d4b-4472-91f4-342fa011d649","local_time":"20210117134822","is_ascension_mode":true,"campfire_choices":[{"data":"Armaments","floor":10.0,"key":"SMITH"},{"data":"Fire Breathing","floor":13.0,"key":"SMITH"},{"data":"Power Through","floor":15.0,"key":"SMITH"}],"circlet_count":0,"master_deck":["AscendersBane","Strike_R","Strike_R","Strike_R","Strike_R","Defend_R","Defend_R","Defend_R","Armaments+1","Fire Breathing+1","Power Through+1","Fire Breathing","Evolve"],"relics":["Burning Blood","NeowsBlessing","Nunchaku","Golden Idol","PreservedInsect","Matryoshka","Philosopher\u0027s Stone","OrangePellets"],"acts_visited":["Exordium","TheCity"],"potions_floor_usage":[],"damage_taken":[{"damage":0.0,"enemies":"2 Louse","floor":1.0,"turns":1.0},{"damage":0.0,"enemies":"Small Slimes","floor":5.0,"turns":1.0},{"damage":0.0,"enemies":"Lagavulin","floor":6.0,"turns":1.0},{"damage":0.0,"enemies":"Cultist","floor":8.0,"turns":4.0},{"damage":14.0,"enemies":"Lots of Slimes","floor":12.0,"turns":5.0},{"damage":12.0,"enemies":"2 Fungi Beasts","floor":14.0,"turns":4.0},{"damage":31.0,"enemies":"Slime Boss","floor":16.0,"turns":8.0},{"damage":19,"enemies":"2 Thieves","floor":18,"turns":4},{"damage":29,"enemies":"Shell Parasite","floor":20,"turns":5},{"damage":0,"enemies":"Snake Plant","floor":22,"turns":1}],"seed_played":"4975291683830587078","potions_obtained":[{"floor":1.0,"key":"BlessingOfTheForge"},{"floor":12.0,"key":"EssenceOfSteel"},{"floor":16.0,"key":"LiquidBronze"}],"is_trial":false,"path_per_floor":["M","$","?","?","M","E","?","M","T","R","$","M","R","M","R","B",null,"M","?","M","$","M"],"character_chosen":"IRONCLAD","items_purchased":["Fire Breathing","Matryoshka","OrangePellets","Evolve"],"campfire_rested":0,"item_purchase_floors":[2,11,21,21],"current_hp_per_floor":[74,74,63,63,69,75,49,55,55,55,55,47,47,41,41,16,60,47,47,24,24,24,24],"gold":79,"neow_bonus":"THREE_ENEMY_KILL","is_daily":false,"chose_seed":false,"campfire_upgraded":3,"win_rate":0.0,"timestamp":1610862502,"path_taken":["M","$","?","?","M","E","?","M","T","R","$","M","R","M","R","BOSS","M","?","?","?","M"],"items_purchased_type":["Card","Relic","Relic","Card"],"build_version":"2020-11-30","purchased_purges":3,"victory":false,"max_hp_per_floor":[75,75,75,75,75,75,75,75,75,75,75,75,75,75,75,75,75,75,75,75,75,75,75],"relic_stats":{"OrangePellets":[0],"Nunchaku":[3],"counters":[10,34],"Golden Idol":41,"PreservedInsect":0,"obtain_stats":[{"OrangePellets":21,"Nunchaku":6,"testmod-TestBox":0,"Matryoshka":11,"NeowsBlessing":0,"Golden Idol":7,"Philosopher\u0027s Stone":17,"PreservedInsect":9,"Burning Blood":0},{"OrangePellets":9,"Nunchaku":3,"testmod-TestBox":0,"Matryoshka":4,"NeowsBlessing":0,"Golden Idol":3,"Philosopher\u0027s Stone":7,"PreservedInsect":4,"Burning Blood":0},{"OrangePellets":33,"Nunchaku":3,"testmod-TestBox":0,"Matryoshka":7,"NeowsBlessing":0,"Golden Idol":3,"Philosopher\u0027s Stone":24,"PreservedInsect":7,"Burning Blood":0}],"Burning Blood":54},"card_choices":[{"not_picked":["Intimidate","Clothesline"],"picked":"Armaments","floor":1.0},{"not_picked":["Headbutt","True Grit","Sever Soul"],"picked":"SKIP","floor":5.0},{"not_picked":["Spot Weakness","Clash"],"picked":"Power Through","floor":6.0},{"not_picked":["Bloodletting","Headbutt","Rage"],"picked":"SKIP","floor":8.0},{"not_picked":["Anger","Whirlwind","Clothesline"],"picked":"SKIP","floor":12.0},{"not_picked":["Iron Wave","Cleave","Seeing Red"],"picked":"SKIP","floor":14.0},{"not_picked":["Warcry","Dark Embrace","Thunderclap"],"picked":"SKIP","floor":18},{"not_picked":["Twin Strike","Havoc"],"picked":"Fire Breathing","floor":20}],"player_experience":833016,"relics_obtained":[{"floor":6.0,"key":"Nunchaku"},{"floor":9.0,"key":"PreservedInsect"}],"event_choices":[{"damage_healed":0.0,"max_hp_gain":0.0,"max_hp_loss":0.0,"gold_gain":75.0,"event_name":"World of Goop","player_choice":"Gather Gold","floor":3.0,"gold_loss":0.0,"damage_taken":11.0},{"damage_healed":0.0,"max_hp_gain":0.0,"max_hp_loss":0.0,"gold_gain":400.0,"event_name":"¶÷ÂåË¹µÄÅÌ×Ó","player_choice":"Sell","floor":4.0,"relics_lost":["testmod-TestBox"],"gold_loss":0.0,"damage_taken":0.0},{"damage_healed":0.0,"max_hp_gain":0.0,"max_hp_loss":0.0,"gold_gain":0.0,"event_name":"Golden Idol","player_choice":"Take Damage","floor":7.0,"gold_loss":0.0,"damage_taken":26.0,"relics_obtained":["Golden Idol"]},{"damage_healed":0,"gold_gain":50,"player_choice":"Pray","damage_taken":0,"max_hp_gain":0,"max_hp_loss":0,"event_name":"Golden Shrine","floor":19,"gold_loss":0}],"is_beta":false,"boss_relics":[{"not_picked":["Tiny House","testmod-SaigiyounoYou"],"picked":"Philosopher\u0027s Stone"}],"items_purged_floors":[2,11,21],"is_endless":false,"potions_floor_spawned":[1,12,16],"killed_by":"Snake Plant","ascension_level":20}}