{"host":"Bilverbakes","time":1610846674,"event":{"mods":["2.2 Compatiblity","AchievementEnabler","BaseMod","Bestiary","Colored Map","Minty Spire (QoL Compilation)","Relic Stats","StSLib","ojb\u0027s Info Mod"],"gold_per_floor":[118,138,157,173,41,66,82,138,138,22,53,53,90,140,140,212,212,225,244,255,255,2,35,35,79,79,112,112,150,162,200,200,302,302,346,395,395,395,437,498,541,575,575,617,567,567,627,311,311,311,311,311,311,100,127,127],"floor_reached":57,"language":"ENG","playtime":4630,"items_purged":["Defend_P","Strike_P","Strike_P+1"],"score":3057,"play_id":"5654bf9d-54bb-476f-b93c-28278f156d83","local_time":"20210116192434","is_ascension_mode":true,"campfire_choices":[{"floor":15.0,"key":"DIG"},{"floor":24,"key":"REST"},{"floor":28,"key":"DIG"},{"floor":32,"key":"DIG"},{"floor":46,"key":"RECALL"},{"floor":49,"key":"DIG"},{"floor":53,"key":"DIG"}],"circlet_count":0,"master_deck":["AscendersBane","Strike_P+1","Defend_P+1","Defend_P+1","Defend_P+1","Eruption+1","Vigilance+1","TalkToTheHand+1","FlurryOfBlows+1","Wish+1","ClearTheMind+1","Tantrum+1","EmptyFist","Adaptation","DeusExMachina+1","Sanctity+1","Devotion","FollowUp","LessonLearned+1","CurseOfTheBell","Tantrum","EmptyMind+1","Meditate+1","ClearTheMind+1","TalkToTheHand+1","TalkToTheHand+1","Wallop+1","Vault+1","FearNoEvil"],"relics":["Fusion Hammer","Eternal Feather","Strawberry","Du-Vu Doll","Shovel","TeardropLocket","Ancient Tea Set","Calling Bell","Juzu Bracelet","InkBottle","CaptainsWheel","War Paint","Regal Pillow","Meat on the Bone","Bottled Flame","Darkstone Periapt","Ginger","VioletLotus","Bag of Marbles","Pocketwatch","Smiling Mask","Shuriken","Letter Opener","HornCleat","Bronze Scales","Blue Candle"],"acts_visited":["Exordium","TheCity","TheBeyond","TheEnding"],"potions_floor_usage":[23,27,33,39,44,56,56],"damage_taken":[{"damage":3.0,"enemies":"2 Louse","floor":1.0,"turns":2.0},{"damage":0.0,"enemies":"Cultist","floor":2.0,"turns":3.0},{"damage":0.0,"enemies":"Small Slimes","floor":3.0,"turns":3.0},{"damage":18.0,"enemies":"Exordium Thugs","floor":4.0,"turns":5.0},{"damage":5.0,"enemies":"3 Sentries","floor":6.0,"turns":4.0},{"damage":3.0,"enemies":"Blue Slaver","floor":7.0,"turns":3.0},{"damage":12.0,"enemies":"Gremlin Nob","floor":8.0,"turns":3.0},{"damage":0.0,"enemies":"Lagavulin","floor":11.0,"turns":4.0},{"damage":21.0,"enemies":"Large Slime","floor":13.0,"turns":4.0},{"damage":3.0,"enemies":"Gremlin Nob","floor":14.0,"turns":3.0},{"damage":17.0,"enemies":"The Guardian","floor":16.0,"turns":7.0},{"damage":0,"enemies":"Chosen","floor":18,"turns":2},{"damage":0,"enemies":"Spheric Guardian","floor":19,"turns":3},{"damage":19,"enemies":"Centurion and Healer","floor":20,"turns":5},{"damage":29,"enemies":"Slavers","floor":23,"turns":4},{"damage":11,"enemies":"Snake Plant","floor":25,"turns":4},{"damage":9,"enemies":"Book of Stabbing","floor":27,"turns":4},{"damage":4,"enemies":"Cultist and Chosen","floor":29,"turns":4},{"damage":0,"enemies":"3 Cultists","floor":30,"turns":3},{"damage":9,"enemies":"Snake Plant","floor":31,"turns":4},{"damage":46,"enemies":"Collector","floor":33,"turns":6},{"damage":10,"enemies":"Orb Walker","floor":35,"turns":6},{"damage":0,"enemies":"3 Darklings","floor":36,"turns":4},{"damage":20,"enemies":"Sphere and 2 Shapes","floor":39,"turns":5},{"damage":0,"enemies":"Nemesis","floor":40,"turns":6},{"damage":9,"enemies":"Transient","floor":41,"turns":7},{"damage":0,"enemies":"Reptomancer","floor":42,"turns":4},{"damage":0,"enemies":"Maw","floor":44,"turns":4},{"damage":0,"enemies":"Giant Head","floor":47,"turns":5},{"damage":28,"enemies":"Time Eater","floor":50,"turns":7},{"damage":4,"enemies":"Awakened One","floor":51,"turns":6},{"damage":35,"enemies":"Shield and Spear","floor":55,"turns":4},{"damage":3,"enemies":"The Heart","floor":56,"turns":7}],"seed_played":"8617805326198073541","potions_obtained":[{"floor":2.0,"key":"SpeedPotion"},{"floor":3.0,"key":"StancePotion"},{"floor":7.0,"key":"PowerPotion"},{"floor":13.0,"key":"Fruit Juice"},{"floor":20,"key":"Weak Potion"},{"floor":23,"key":"Block Potion"},{"floor":25,"key":"SpeedPotion"},{"floor":31,"key":"Ancient Potion"},{"floor":35,"key":"Swift Potion"},{"floor":42,"key":"Fruit Juice"},{"floor":44,"key":"PowerPotion"}],"is_trial":false,"path_per_floor":["M","M","M","M","$","E","M","E","T","$","E","?","M","E","R","B",null,"M","M","M","?","$","E","R","M","T","E","R","M","M","M","R","B",null,"M","M","?","?","M","E","M","E","T","M","?","R","E","$","R","B","B",null,"R","$","E","B",null],"character_chosen":"WATCHER","items_purchased":["Tantrum","EmptyFist","Sanctity","Meditate","War Paint","Shuriken","Bronze Scales"],"campfire_rested":1,"item_purchase_floors":[5,5,10,22,22,48,54],"current_hp_per_floor":[58,58,58,40,40,35,32,27,27,27,27,27,6,8,20,3,61,61,61,42,42,42,13,67,56,56,47,62,58,58,49,64,30,68,58,58,58,58,50,50,41,41,41,46,46,64,64,64,81,53,49,73,81,81,46,43],"gold":127,"neow_bonus":"BOSS_RELIC","is_daily":false,"chose_seed":false,"campfire_upgraded":0,"win_rate":0.0,"timestamp":1610846674,"path_taken":["M","M","M","M","$","E","M","E","T","$","E","?","M","E","R","BOSS","M","M","M","?","$","E","R","M","T","E","R","M","M","M","R","BOSS","M","M","?","?","M","E","M","E","T","M","?","R","E","$","R","BOSS","BOSS","R","$","E","BOSS"],"items_purchased_type":["Card","Card","Card","Card","Relic","Relic","Relic"],"build_version":"2020-12-18","purchased_purges":3,"victory":true,"max_hp_per_floor":[68,68,68,68,68,68,68,75,75,75,75,75,75,80,80,80,80,80,80,80,80,80,80,80,80,80,80,80,80,80,80,80,80,80,80,80,80,76,76,76,76,76,76,81,81,81,81,81,81,81,81,81,81,81,81,81],"relic_stats":{"Darkstone Periapt":0,"Regal Pillow":15,"counters":[33,145],"Blue Candle":[1],"Eternal Feather":100,"Juzu Bracelet":0,"Ginger":[15],"Letter Opener":[37],"War Paint":["DeusExMachina","Vigilance"],"Smiling Mask":125,"Shovel":5,"Shuriken":[23],"Bronze Scales":[60],"VioletLotus":[53],"obtain_stats":[{"Darkstone Periapt":28,"Regal Pillow":23,"Juzu Bracelet":17,"TeardropLocket":14,"Ginger":32,"Ancient Tea Set":15,"Smiling Mask":47,"Shovel":11,"HornCleat":53,"Strawberry":8,"Fusion Hammer":0,"VioletLotus":34,"InkBottle":17,"Blue Candle":55,"Eternal Feather":6,"Letter Opener":49,"War Paint":22,"Du-Vu Doll":9,"Calling Bell":17,"CaptainsWheel":17,"Bottled Flame":27,"Shuriken":48,"Bronze Scales":54,"Bag of Marbles":40,"PureWater":0,"Meat on the Bone":26,"Pocketwatch":42},{"Darkstone Periapt":17,"Regal Pillow":15,"Juzu Bracelet":11,"TeardropLocket":10,"Ginger":20,"Ancient Tea Set":10,"Smiling Mask":29,"Shovel":8,"HornCleat":31,"Strawberry":7,"Fusion Hammer":0,"VioletLotus":21,"InkBottle":11,"Blue Candle":32,"Eternal Feather":5,"Letter Opener":29,"War Paint":14,"Du-Vu Doll":7,"Calling Bell":11,"CaptainsWheel":11,"Bottled Flame":17,"Shuriken":29,"Bronze Scales":31,"Bag of Marbles":25,"PureWater":0,"Meat on the Bone":16,"Pocketwatch":27},{"Darkstone Periapt":63,"Regal Pillow":55,"Juzu Bracelet":41,"TeardropLocket":34,"Ginger":74,"Ancient Tea Set":34,"Smiling Mask":121,"Shovel":27,"HornCleat":134,"Strawberry":23,"Fusion Hammer":0,"VioletLotus":80,"InkBottle":41,"Blue Candle":138,"Eternal Feather":17,"Letter Opener":121,"War Paint":51,"Du-Vu Doll":23,"Calling Bell":41,"CaptainsWheel":41,"Bottled Flame":63,"Shuriken":121,"Bronze Scales":134,"Bag of Marbles":101,"PureWater":0,"Meat on the Bone":59,"Pocketwatch":112}],"InkBottle":[59],"Meat on the Bone":24,"Pocketwatch":[12]},"card_choices":[{"not_picked":["CutThroughFate","Consecrate"],"picked":"TalkToTheHand","floor":1.0},{"not_picked":["SignatureMove","JustLucky"],"picked":"FlurryOfBlows","floor":2.0},{"not_picked":["WaveOfTheHand","Protect"],"picked":"Wish","floor":3.0},{"not_picked":["Consecrate","JustLucky"],"picked":"ClearTheMind","floor":4.0},{"not_picked":["DeusExMachina","Meditate"],"picked":"Adaptation","floor":6.0},{"not_picked":["WreathOfFlame","CrushJoints","SashWhip"],"picked":"SKIP","floor":7.0},{"not_picked":["Evaluate","Crescendo"],"picked":"DeusExMachina","floor":8.0},{"not_picked":["EmptyFist","FollowUp"],"picked":"Devotion","floor":11.0},{"not_picked":["FlyingSleeves","ThirdEye","Evaluate"],"picked":"SKIP","floor":13.0},{"not_picked":["Weave","EmptyFist","ClearTheMind"],"picked":"SKIP","floor":14.0},{"not_picked":["Scrawl","DeusExMachina"],"picked":"LessonLearned","floor":16.0},{"not_picked":["Consecrate","SashWhip"],"picked":"Tantrum","floor":18},{"not_picked":["Swivel","FlyingSleeves"],"picked":"EmptyMind","floor":19},{"not_picked":["Protect","EmptyBody","FollowUp+1"],"picked":"SKIP","floor":20},{"not_picked":["WindmillStrike","DeceiveReality"],"picked":"ClearTheMind+1","floor":23},{"not_picked":["Ragnarok","DeceiveReality","FollowUp"],"picked":"SKIP","floor":25},{"not_picked":["BattleHymn","LikeWater","ForeignInfluence"],"picked":"SKIP","floor":27},{"not_picked":["EmptyBody","ThirdEye"],"picked":"TalkToTheHand","floor":29},{"not_picked":["Crescendo","Vengeance"],"picked":"TalkToTheHand","floor":30},{"not_picked":["FlurryOfBlows","Crescendo+1"],"picked":"Wallop","floor":31},{"not_picked":["SpiritShield","ConjureBlade"],"picked":"Vault","floor":33},{"not_picked":["CutThroughFate","Study+1","EmptyFist"],"picked":"SKIP","floor":35},{"not_picked":["CutThroughFate","Study+1","EmptyFist"],"picked":"SKIP","floor":35},{"not_picked":["CutThroughFate","Study+1","EmptyFist"],"picked":"SKIP","floor":35},{"not_picked":["JustLucky","ClearTheMind","Prostrate"],"picked":"SKIP","floor":36},{"not_picked":["SpiritShield","Evaluate+1","CrushJoints"],"picked":"SKIP","floor":39},{"not_picked":["Consecrate","BowlingBash+1"],"picked":"FearNoEvil","floor":40},{"not_picked":["Tantrum","DeceiveReality","CrushJoints"],"picked":"SKIP","floor":41},{"not_picked":["FollowUp","Worship","Protect"],"picked":"SKIP","floor":42},{"not_picked":["Weave","CutThroughFate","FollowUp"],"picked":"SKIP","floor":44},{"not_picked":["Collect+1","Vengeance","FlyingSleeves"],"picked":"SKIP","floor":47},{"not_picked":["LikeWater","FollowUp+1","Swivel"],"picked":"SKIP","floor":55}],"player_experience":711514,"relics_obtained":[{"floor":6.0,"key":"Eternal Feather"},{"floor":8.0,"key":"Strawberry"},{"floor":9.0,"key":"Du-Vu Doll"},{"floor":11.0,"key":"Shovel"},{"floor":14.0,"key":"TeardropLocket"},{"floor":15.0,"key":"Ancient Tea Set"},{"floor":17,"key":"Juzu Bracelet"},{"floor":17,"key":"InkBottle"},{"floor":17,"key":"CaptainsWheel"},{"floor":23,"key":"Regal Pillow"},{"floor":26,"key":"Meat on the Bone"},{"floor":27,"key":"Bottled Flame"},{"floor":28,"key":"Darkstone Periapt"},{"floor":32,"key":"Ginger"},{"floor":40,"key":"Bag of Marbles"},{"floor":42,"key":"Pocketwatch"},{"floor":47,"key":"Smiling Mask"},{"floor":49,"key":"Letter Opener"},{"floor":53,"key":"HornCleat"},{"floor":55,"key":"Blue Candle"}],"event_choices":[{"damage_healed":0.0,"max_hp_gain":0.0,"max_hp_loss":0.0,"gold_gain":0.0,"cards_transformed":["Strike_P"],"event_name":"Transmorgrifier","player_choice":"Transformed","floor":12.0,"gold_loss":0.0,"damage_taken":0.0,"cards_obtained":["FollowUp"]},{"damage_healed":0,"gold_gain":0,"player_choice":"Ignored","damage_taken":0,"max_hp_gain":0,"max_hp_loss":0,"event_name":"Vampires","floor":21,"gold_loss":0},{"damage_healed":0,"gold_gain":0,"player_choice":"Ignored","damage_taken":0,"max_hp_gain":0,"max_hp_loss":0,"event_name":"Tomb of Lord Red Mask","floor":37,"gold_loss":0},{"damage_healed":0,"gold_gain":0,"player_choice":"Max HP","damage_taken":0,"max_hp_gain":0,"max_hp_loss":4,"event_name":"Winding Halls","floor":38,"gold_loss":0},{"damage_healed":0,"gold_gain":0,"player_choice":"Upgrade","damage_taken":0,"max_hp_gain":0,"max_hp_loss":0,"event_name":"Designer","floor":45,"gold_loss":50,"cards_upgraded":["TalkToTheHand"]}],"is_beta":true,"boss_relics":[{"not_picked":["Sozu","Black Star"],"picked":"Calling Bell"},{"not_picked":["Busted Crown","Runic Dome"],"picked":"VioletLotus"}],"items_purged_floors":[10,48,54],"is_endless":false,"potions_floor_spawned":[2,3,7,13,20,23,25,31,35,42,44],"ascension_level":20}}