{"host":"lnt5dzsuhru0aonl","time":1610859477,"event":{"mods":["2.2 Compatiblity","BaseMod","Colored Map","DeckTracker","Keyboard Shortcuts","Minty Spire (QoL Compilation)","Permanent Neow","StSLib","SuperFastMode","everything is the same but u backflip on backflip"],"gold_per_floor":[118,43,43,8,8,37,37,72,72,72,107,126,138,149,149,223,223,239,274,274,10,10,44,58,58,58,71,105,115,147,167,167,241,241,259,134,183,22,22,54,54,84,107,87,105,124,124,137,137,137],"floor_reached":51,"language":"KOR","playtime":1869,"items_purged":["Strike_P","Defend_P","Writhe"],"score":1741,"play_id":"db0c059c-c89a-476c-9284-592dd23a73f5","local_time":"20210117135757","is_ascension_mode":true,"campfire_choices":[{"data":"Eruption","floor":7,"key":"SMITH"},{"data":"Adaptation","floor":15,"key":"SMITH"},{"data":"Vigilance","floor":25,"key":"SMITH"},{"floor":32,"key":"REST"},{"floor":41,"key":"REST"},{"floor":47,"key":"REST"},{"floor":49,"key":"RECALL"}],"circlet_count":0,"master_deck":["AscendersBane","Strike_P+1","Eruption+1","Vigilance+1","Adaptation+1","SignatureMove+1","ClearTheMind+1","EmptyMind+1","Halt+1","Madness+1","Trip+1","Dark Shackles+1","Tantrum","TalkToTheHand+1"],"relics":["PureWater","Ancient Tea Set","Vajra","Toxic Egg 2","Whetstone","Empty Cage","Red Mask","Bronze Scales","Frozen Egg 2","Lizard Tail","Ornamental Fan","CaptainsWheel","TungstenRod","Fusion Hammer","Mango","TheAbacus","Boot","Ginger","Regal Pillow"],"acts_visited":["Exordium","TheCity","TheBeyond"],"potions_floor_usage":[6,16,19,30,44,50],"damage_taken":[{"damage":0,"enemies":"Jaw Worm","floor":1,"turns":1},{"damage":6,"enemies":"Gremlin Nob","floor":6,"turns":3},{"damage":12,"enemies":"3 Sentries","floor":8,"turns":4},{"damage":0,"enemies":"Gremlin Nob","floor":11,"turns":2},{"damage":0,"enemies":"Cultist","floor":12,"turns":2},{"damage":0,"enemies":"Small Slimes","floor":13,"turns":1},{"damage":0,"enemies":"Looter","floor":14,"turns":2},{"damage":23,"enemies":"The Guardian","floor":16,"turns":8},{"damage":2,"enemies":"3 Byrds","floor":18,"turns":3},{"damage":0,"enemies":"Masked Bandits","floor":19,"turns":2},{"damage":11,"enemies":"Gremlin Leader","floor":23,"turns":4},{"damage":0,"enemies":"Chosen","floor":24,"turns":2},{"damage":0,"enemies":"Snake Plant","floor":27,"turns":1},{"damage":0,"enemies":"Book of Stabbing","floor":28,"turns":2},{"damage":0,"enemies":"Snecko","floor":29,"turns":2},{"damage":0,"enemies":"Slavers","floor":30,"turns":3},{"damage":1,"enemies":"Shelled Parasite and Fungi","floor":31,"turns":3},{"damage":25,"enemies":"Collector","floor":33,"turns":8},{"damage":0,"enemies":"Orb Walker","floor":35,"turns":2},{"damage":0,"enemies":"2 Orb Walkers","floor":37,"turns":2},{"damage":0,"enemies":"Giant Head","floor":40,"turns":4},{"damage":26,"enemies":"Nemesis","floor":42,"turns":3},{"damage":12,"enemies":"3 Darklings","floor":45,"turns":3},{"damage":0,"enemies":"4 Shapes","floor":46,"turns":5},{"damage":0,"enemies":"Sphere and 2 Shapes","floor":48,"turns":2},{"damage":19,"enemies":"Donu and Deca","floor":50,"turns":6}],"seed_played":"-7625437073519134801","potions_obtained":[{"floor":1,"key":"BlessingOfTheForge"},{"floor":11,"key":"Weak Potion"},{"floor":14,"key":"AttackPotion"},{"floor":23,"key":"DistilledChaos"},{"floor":30,"key":"Dexterity Potion"},{"floor":31,"key":"Explosive Potion"},{"floor":33,"key":"BottledMiracle"},{"floor":44,"key":"Fruit Juice"}],"is_trial":false,"path_per_floor":["M","$","?","?","$","E","R","E","T","$","E","M","M","M","R","B",null,"M","?","?","$","?","E","M","R","T","M","E","M","E","M","R","B",null,"M","$","?","$","?","E","R","E","T","?","M","M","R","M","R","B",null],"character_chosen":"WATCHER","items_purchased":["Bronze Scales","TheAbacus"],"campfire_rested":3,"item_purchase_floors":[21,38],"current_hp_per_floor":[61,61,61,62,62,56,56,44,44,44,44,44,44,44,44,21,52,50,50,50,50,50,39,39,39,39,39,39,39,39,38,56,31,54,54,54,68,68,59,59,76,50,50,55,43,43,81,81,81,62],"gold":137,"neow_bonus":"TRANSFORM_TWO_CARDS","is_daily":false,"chose_seed":false,"campfire_upgraded":3,"win_rate":0.0,"timestamp":1610859477,"path_taken":["M","$","?","?","?","E","R","E","T","?","E","?","?","M","R","BOSS","M","?","?","$","?","E","M","R","T","M","E","M","E","M","R","BOSS","M","$","?","$","?","E","R","E","T","?","M","?","R","M","R","BOSS"],"items_purchased_type":["Relic","Relic"],"build_version":"2020-12-22","purchased_purges":3,"victory":true,"max_hp_per_floor":[62,62,62,62,62,62,62,62,62,62,62,62,62,62,62,62,62,62,62,62,62,62,62,62,62,62,62,62,62,62,62,62,62,62,62,62,76,76,76,76,76,76,76,81,81,81,81,81,81,81],"card_choices":[{"not_picked":["Halt","EmptyFist","FollowUp"],"picked":"SKIP","floor":1},{"not_picked":["Halt","Blasphemy","ThirdEye"],"picked":"SKIP","floor":6},{"not_picked":["Indignation","WaveOfTheHand","Halt"],"picked":"SKIP","floor":8},{"not_picked":["Conclude","Fasting2","EmptyBody+1"],"picked":"SKIP","floor":11},{"not_picked":["BowlingBash","Crescendo+1","Prostrate+1"],"picked":"SKIP","floor":12},{"not_picked":["Study","Evaluate+1","SashWhip"],"picked":"SKIP","floor":13},{"not_picked":["Adaptation","CrushJoints","Wallop"],"picked":"SKIP","floor":14},{"not_picked":["BowlingBash","BattleHymn"],"picked":"ClearTheMind+1","floor":18},{"not_picked":["FlyingSleeves","CutThroughFate"],"picked":"EmptyMind+1","floor":19},{"not_picked":["ReachHeaven","CrushJoints+1","ThirdEye+1"],"picked":"SKIP","floor":23},{"not_picked":["Indignation+1","Vengeance+1","CutThroughFate"],"picked":"SKIP","floor":24},{"not_picked":["SandsOfTime","Ragnarok"],"picked":"Halt+1","floor":27},{"not_picked":["Establishment+1","CutThroughFate","Vengeance+1"],"picked":"SKIP","floor":28},{"not_picked":["CarveReality","ClearTheMind+1","Swivel+1"],"picked":"SKIP","floor":29},{"not_picked":["Study+1","EmptyBody+1","EmptyFist"],"picked":"SKIP","floor":30},{"not_picked":["Nirvana+1","WaveOfTheHand+1","LikeWater+1"],"picked":"SKIP","floor":31},{"not_picked":["Protect+1","FlurryOfBlows","Prostrate+1"],"picked":"SKIP","floor":35},{"not_picked":["Jack Of All Trades+1","Dark Shackles+1"],"picked":"Madness+1","floor":39},{"not_picked":["Chrysalis+1","Dramatic Entrance"],"picked":"Trip+1","floor":39},{"not_picked":["Panacea+1","Sadistic Nature+1"],"picked":"Dark Shackles+1","floor":39},{"not_picked":["JustLucky+1","Halt+1"],"picked":"Tantrum","floor":40},{"not_picked":["SignatureMove","Weave","MasterReality+1"],"picked":"SKIP","floor":42},{"not_picked":["Protect+1","Crescendo+1","ThirdEye+1"],"picked":"SKIP","floor":45},{"not_picked":["EmptyMind+1","Evaluate+1"],"picked":"TalkToTheHand+1","floor":46},{"not_picked":["Evaluate+1","ClearTheMind+1","Crescendo+1"],"picked":"SKIP","floor":48}],"player_experience":677603,"relics_obtained":[{"floor":6,"key":"Ancient Tea Set"},{"floor":8,"key":"Vajra"},{"floor":9,"key":"Toxic Egg 2"},{"floor":11,"key":"Whetstone"},{"floor":19,"key":"Red Mask"},{"floor":23,"key":"Lizard Tail"},{"floor":26,"key":"Ornamental Fan"},{"floor":28,"key":"CaptainsWheel"},{"floor":30,"key":"TungstenRod"},{"floor":37,"key":"Mango"},{"floor":40,"key":"Boot"},{"floor":42,"key":"Ginger"},{"floor":43,"key":"Regal Pillow"}],"event_choices":[{"cards_removed":["Defend_P"],"damage_healed":0,"gold_gain":0,"player_choice":"Forget","damage_taken":0,"max_hp_gain":0,"max_hp_loss":0,"event_name":"Living Wall","floor":3,"gold_loss":0},{"damage_healed":15,"gold_gain":0,"player_choice":"Healed","damage_taken":0,"max_hp_gain":0,"max_hp_loss":0,"event_name":"The Cleric","floor":4,"gold_loss":35},{"damage_healed":0,"gold_gain":0,"player_choice":"Fought Bandits","damage_taken":0,"max_hp_gain":0,"max_hp_loss":0,"event_name":"Masked Bandits","floor":19,"gold_loss":0},{"damage_healed":0,"gold_gain":0,"player_choice":"Ignored","damage_taken":0,"max_hp_gain":0,"max_hp_loss":0,"event_name":"Ghosts","floor":20,"gold_loss":0},{"damage_healed":0,"gold_gain":0,"player_choice":"Opened","damage_taken":0,"relics_obtained":["Frozen Egg 2"],"max_hp_gain":0,"max_hp_loss":0,"event_name":"The Mausoleum","floor":22,"gold_loss":0,"cards_obtained":["Writhe"]},{"damage_healed":0,"gold_gain":0,"player_choice":"Fight","damage_taken":0,"max_hp_gain":0,"max_hp_loss":0,"event_name":"Mysterious Sphere","floor":37,"gold_loss":0},{"damage_healed":0,"gold_gain":0,"player_choice":"Memory 3","damage_taken":10,"max_hp_gain":0,"max_hp_loss":0,"event_name":"SensoryStone","floor":39,"gold_loss":0},{"damage_healed":0,"gold_gain":0,"player_choice":"Bought 1 Potion","damage_taken":0,"max_hp_gain":0,"max_hp_loss":0,"event_name":"The Woman in Blue","floor":44,"gold_loss":0}],"is_beta":false,"boss_relics":[{"not_picked":["Calling Bell","VioletLotus"],"picked":"Empty Cage"},{"not_picked":["Runic Dome","Coffee Dripper"],"picked":"Fusion Hammer"}],"items_purged_floors":[2,21,36],"is_endless":false,"potions_floor_spawned":[1,11,14,23,30,31,33,35,37],"ascension_level":16}}