{"host":"it4jxgnaprwjes7d","time":1610882105,"event":{"mods":["BaseMod","Downfall","Highlight Path","Minty Spire (QoL Compilation)","StSLib"],"gold_per_floor":[116,116,45,112,126,126,141,156,156,231,243,260,260,271,271,368,418,428,428,428,413,2,2,2,31,31,31,31],"floor_reached":27,"language":"ENG","playtime":2580,"items_purged":[],"score":223,"play_id":"fde723c7-fe49-47a7-87d9-e3818d30886e","local_time":"20210117031505","is_ascension_mode":false,"campfire_choices":[{"data":"Zap","floor":6,"key":"SMITH"},{"floor":13,"key":"REST"},{"floor":15,"key":"REST"},{"floor":23,"key":"REST"}],"circlet_count":0,"master_deck":["Strike_B","Strike_B","Strike_B","Defend_B+1","Defend_B","Defend_B","Zap+1","Dualcast","Melter","Regret","Capacitor","Go for the Eyes","Defragment","Compile Driver","Storm","Conserve Battery","Sweeping Beam","Buffer","Conserve Battery","Darkness","All For One","Seek","Compile Driver+1","Doom and Gloom","Loop","Chaos"],"relics":["Cracked Core","Strawberry","Sundial","Bottled Flame","Tiny House","Bag of Marbles","Torii","Frozen Egg 2","Shovel"],"acts_visited":["Exordium","TheCity"],"potions_floor_usage":[27,27],"damage_taken":[{"damage":6,"enemies":"Jaw Worm","floor":1,"turns":4},{"damage":0,"enemies":"Small Slimes","floor":5,"turns":2},{"damage":0,"enemies":"2 Louse","floor":7,"turns":2},{"damage":24,"enemies":"Exordium Thugs","floor":8,"turns":5},{"damage":0,"enemies":"Looter","floor":11,"turns":2},{"damage":8,"enemies":"Exordium Wildlife","floor":12,"turns":3},{"damage":17,"enemies":"3 Louse","floor":14,"turns":4},{"damage":62,"enemies":"The Guardian","floor":16,"turns":13},{"damage":0,"enemies":"Spheric Guardian","floor":18,"turns":1},{"damage":27,"enemies":"2 Thieves","floor":21,"turns":4},{"damage":54,"enemies":"Gremlin Leader","floor":25,"turns":6},{"damage":33,"enemies":"Book of Stabbing","floor":27,"turns":5}],"seed_played":"8025483703172065806","potions_obtained":[{"floor":5,"key":"PotionOfCapacity"},{"floor":14,"key":"Strength Potion"},{"floor":17,"key":"bronze:BurnAndBuffPotion"},{"floor":21,"key":"Slimebound:ThreeZeroPotion"}],"is_trial":false,"path_per_floor":["M","?","$","?","M","R","M","M","T","?","M","M","R","M","R","B",null,"M","?","?","M","$","R","?","E","T","E"],"character_chosen":"DEFECT","items_purchased":["Capacitor","Doom and Gloom","Loop","Torii"],"campfire_rested":3,"item_purchase_floors":[3,22,22,22],"current_hp_per_floor":[76,76,76,76,76,76,76,52,52,41,41,33,57,40,64,2,87,87,87,87,60,60,86,86,32,32,0,0],"gold":31,"neow_bonus":"RANDOM_COMMON_RELIC","is_daily":false,"chose_seed":false,"campfire_upgraded":1,"win_rate":0.0,"timestamp":1610882105,"path_taken":["M","?","$","?","M","R","M","M","T","?","M","?","R","M","R","BOSS","M","?","?","?","$","R","?","E","T","E"],"items_purchased_type":["Card","Card","Card","Relic"],"build_version":"2020-12-22","purchased_purges":0,"victory":false,"max_hp_per_floor":[82,82,82,82,82,82,82,82,82,82,82,82,82,82,82,82,87,87,87,87,87,87,87,87,87,87,87,87],"card_choices":[{"not_picked":["Leap","Fusion"],"picked":"Melter","floor":1},{"not_picked":["Double Energy","Leap"],"picked":"Go for the Eyes","floor":5},{"not_picked":["Heatsinks","Cold Snap"],"picked":"Defragment","floor":7},{"not_picked":["Steam","Reinforced Body"],"picked":"Compile Driver","floor":8},{"not_picked":["Redo","Heatsinks"],"picked":"Storm","floor":11},{"not_picked":["Compile Driver","Stack"],"picked":"Conserve Battery","floor":12},{"not_picked":["Coolheaded","Redo"],"picked":"Sweeping Beam","floor":14},{"not_picked":["Biased Cognition","Amplify"],"picked":"Buffer","floor":16},{"not_picked":["BootSequence","Sweeping Beam"],"picked":"Conserve Battery","floor":17},{"not_picked":["Blizzard+1","Stack+1"],"picked":"Darkness","floor":18},{"not_picked":["Rebound","Lockon"],"picked":"Compile Driver+1","floor":21},{"not_picked":["Gash+1","Amplify"],"picked":"Chaos","floor":25}],"player_experience":22982,"relics_obtained":[{"floor":9,"key":"Bottled Flame"},{"floor":25,"key":"Frozen Egg 2"},{"floor":26,"key":"Shovel"}],"event_choices":[{"damage_healed":0,"gold_gain":0,"player_choice":"Box","damage_taken":0,"relics_obtained":["Sundial"],"max_hp_gain":0,"max_hp_loss":0,"event_name":"Big Fish","floor":2,"gold_loss":0,"cards_obtained":["Regret"]},{"damage_healed":0,"gold_gain":67,"player_choice":"Gained Gold","damage_taken":0,"max_hp_gain":0,"max_hp_loss":0,"event_name":"Golden Wing","floor":4,"gold_loss":0},{"damage_healed":0,"gold_gain":75,"player_choice":"Gather Gold","damage_taken":11,"max_hp_gain":0,"max_hp_loss":0,"event_name":"World of Goop","floor":10,"gold_loss":0},{"damage_healed":0,"gold_gain":0,"player_choice":"Opened","damage_taken":0,"relics_obtained":["Bag of Marbles"],"max_hp_gain":0,"max_hp_loss":0,"event_name":"The Mausoleum","floor":19,"gold_loss":0},{"damage_healed":0,"gold_gain":0,"cards_transformed":["Strike_B","Defend_B"],"player_choice":"Became Test Subject","damage_taken":0,"max_hp_gain":0,"max_hp_loss":0,"event_name":"Drug Dealer","floor":20,"gold_loss":0,"cards_obtained":["All For One","Seek"]},{"damage_healed":0,"gold_gain":0,"player_choice":"Ignored","damage_taken":0,"max_hp_gain":0,"max_hp_loss":0,"event_name":"Vampires","floor":24,"gold_loss":0}],"is_beta":false,"boss_relics":[{"not_picked":["Runic Pyramid","bronze:MakeshiftBattery"],"picked":"Tiny House"}],"items_purged_floors":[],"is_endless":false,"potions_floor_spawned":[5,14,21],"killed_by":"Book of Stabbing","ascension_level":0}}