{"host":"cdcsem0stf6rethc","time":1610871305,"event":{"mods":["AchievementEnabler","BaseMod","Colored Map","Highlight Path","Minty Spire (QoL Compilation)","StSLib","The Animator"],"gold_per_floor":[119,147,147,147,158,184,184,184,209,221,241,258,258,271,271,374,374,384,70,70,70,120,120,134,134,134,59,72,72,72,88,88,88,88],"floor_reached":33,"language":"ENG","playtime":1393,"items_purged":[],"score":247,"play_id":"266b3096-c18e-4ce2-abfe-5544c28be25b","local_time":"20210117161505","is_ascension_mode":false,"campfire_choices":[{"data":"animator:ShidoItsuka","floor":7,"key":"SMITH"},{"data":"animator:ShidoItsuka","floor":13,"key":"SMITH"},{"data":"animator:TohkaYatogami","floor":15,"key":"SMITH"},{"data":"animator:KurumiTokisaki","floor":23,"key":"SMITH"},{"data":"animator:KotoriItsuka","floor":25,"key":"SMITH"},{"data":"animator:YamaiSisters","floor":29,"key":"SMITH"},{"data":"animator:ShidoItsuka","floor":32,"key":"SMITH"}],"circlet_count":0,"master_deck":["animator:Strike_DateALive","animator:Defend_DateALive+1","animator:Strike+1","animator:Defend","animator:Defend","animator:Defend","animator:ShidoItsuka+1","animator:YamaiSisters+1","animator:TohkaYatogami+1","animator:ShidoItsuka+1","animator:YamaiSisters","animator:KotoriItsuka+1","animator:KurumiTokisaki+1","animator:ShidoItsuka+1"],"relics":["animator:LivingPicture","animator:TheMissingPiece","Meat on the Bone","Oddly Smooth Stone","Coffee Dripper","Vajra","Paper Crane"],"acts_visited":["Exordium","TheCity"],"potions_floor_usage":[16,16],"damage_taken":[{"damage":9,"enemies":"Jaw Worm","floor":1,"turns":5},{"damage":1,"enemies":"Small Slimes","floor":2,"turns":3},{"damage":2,"enemies":"Cultist","floor":5,"turns":5},{"damage":35,"enemies":"Lagavulin","floor":6,"turns":9},{"damage":0,"enemies":"3 Louse","floor":10,"turns":3},{"damage":9,"enemies":"Gremlin Gang","floor":11,"turns":5},{"damage":0,"enemies":"Blue Slaver","floor":12,"turns":4},{"damage":0,"enemies":"Looter","floor":14,"turns":4},{"damage":34,"enemies":"Slime Boss","floor":16,"turns":9},{"damage":8,"enemies":"3 Byrds","floor":18,"turns":5},{"damage":10,"enemies":"Shell Parasite","floor":24,"turns":6},{"damage":0,"enemies":"Centurion and Healer","floor":28,"turns":5},{"damage":10,"enemies":"3 Cultists","floor":31,"turns":5},{"damage":49,"enemies":"Champ","floor":33,"turns":13}],"seed_played":"478017396018540655","potions_obtained":[{"floor":2,"key":"SkillPotion"},{"floor":10,"key":"Swift Potion"},{"floor":11,"key":"Strength Potion"},{"floor":24,"key":"Fire Potion"},{"floor":28,"key":"GamblersBrew"}],"is_trial":false,"path_per_floor":["M","M","?","?","M","E","R","?","T","M","M","M","R","M","R","B",null,"M","$","?","?","T","R","M","R","T","?","M","R","?","M","R","B"],"character_chosen":"THE_ANIMATOR","items_purchased":["animator:KurumiTokisaki","Vajra"],"campfire_rested":0,"item_purchase_floors":[19,19],"current_hp_per_floor":[63,62,48,48,46,11,11,11,11,23,26,38,38,38,38,17,73,65,65,65,65,65,65,55,55,55,55,55,55,55,45,45,0,0],"gold":88,"neow_bonus":"TEN_PERCENT_HP_BONUS","is_daily":false,"chose_seed":true,"campfire_upgraded":7,"win_rate":0.0,"timestamp":1610871305,"path_taken":["M","M","?","?","?","E","R","?","T","?","M","M","R","M","R","BOSS","M","$","?","?","?","R","M","R","T","?","?","R","?","M","R","BOSS"],"items_purchased_type":["Card","Relic"],"build_version":"2020-12-22","purchased_purges":0,"victory":false,"max_hp_per_floor":[72,72,72,72,72,72,72,72,72,72,72,72,72,72,72,73,73,73,73,73,73,73,73,73,73,73,73,73,73,73,73,73,73,73],"card_choices":[{"not_picked":["animator:PandorasActor","animator:Shirosaki","animator:SuzuneAmano"],"picked":"SKIP","floor":1},{"not_picked":["animator:NoriSakurada","animator:Kaijin"],"picked":"animator:TohkaYatogami","floor":2},{"not_picked":["animator:Melzalgald","animator:Cocytus","animator:DolaRiku"],"picked":"SKIP","floor":5},{"not_picked":["animator:ReineMurasame","animator:YamaiSisters"],"picked":"animator:ShidoItsuka","floor":6},{"not_picked":["animator:MamiTomoe","animator:DolaRiku","animator:SilverFang"],"picked":"SKIP","floor":10},{"not_picked":["animator:Benimaru","animator:GazelDwargon","animator:YuiTsuruno"],"picked":"SKIP","floor":11},{"not_picked":["animator:NiaHonjou","animator:DolaSchwi","animator:Hinaichigo"],"picked":"SKIP","floor":12},{"not_picked":["animator:MikuIzayoi","animator:ReineMurasame"],"picked":"animator:YamaiSisters","floor":14},{"not_picked":["animator:Sora","animator:Albedo"],"picked":"animator:KotoriItsuka","floor":16},{"not_picked":["animator:ReineMurasame+1","animator:MikuIzayoi","animator:KyokoSakura+1"],"picked":"SKIP","floor":18},{"not_picked":["animator:Hinaichigo","animator:Shion","animator:GazelDwargon"],"picked":"SKIP","floor":24},{"not_picked":["animator:NiaHonjou","animator:Shion","animator:TohkaYatogami"],"picked":"SKIP","floor":28},{"not_picked":["animator:YamaiSisters","animator:ReineMurasame"],"picked":"animator:ShidoItsuka","floor":31}],"player_experience":193889,"relics_obtained":[{"floor":6,"key":"Meat on the Bone"},{"floor":9,"key":"Oddly Smooth Stone"},{"floor":26,"key":"Paper Crane"}],"event_choices":[{"damage_healed":0,"gold_gain":0,"player_choice":"Entered Light","damage_taken":14,"max_hp_gain":0,"max_hp_loss":0,"event_name":"Shining Light","floor":3,"gold_loss":0,"cards_upgraded":["animator:Strike","animator:Defend_DateALive"]},{"damage_healed":0,"gold_gain":0,"player_choice":"Ignored","damage_taken":0,"max_hp_gain":0,"max_hp_loss":0,"event_name":"NoteForYourself","floor":4,"gold_loss":0},{"damage_healed":0,"gold_gain":0,"player_choice":"Bought 0 Potions","damage_taken":0,"max_hp_gain":0,"max_hp_loss":0,"event_name":"The Woman in Blue","floor":8,"gold_loss":0},{"damage_healed":0,"gold_gain":0,"player_choice":"Ignored","damage_taken":0,"max_hp_gain":0,"max_hp_loss":0,"event_name":"Vampires","floor":21,"gold_loss":0},{"cards_removed":["animator:Strike"],"damage_healed":0,"gold_gain":0,"player_choice":"Gave Gold","damage_taken":0,"max_hp_gain":0,"max_hp_loss":0,"event_name":"Beggar","floor":27,"gold_loss":75},{"cards_removed":["animator:Strike"],"damage_healed":0,"gold_gain":0,"player_choice":"Card Removal","damage_taken":0,"max_hp_gain":0,"max_hp_loss":0,"event_name":"Wheel of Change","floor":30,"gold_loss":0}],"is_beta":false,"boss_relics":[{"not_picked":["Cursed Key","Black Star"],"picked":"Coffee Dripper"}],"items_purged_floors":[],"is_endless":false,"potions_floor_spawned":[2,10,11,12,24,28],"killed_by":"Champ","ascension_level":0}}