{"host":"gkh5j5k5w4qf7k7n","time":1610890766,"event":{"mods":["2.2 Compatiblity","AchievementEnabler","Arknights The Spire","BaseMod","Colored Map","Colored Powertips","GifTheSpireLib","Hermit","Keyboard Shortcuts","Minty Spire (QoL Compilation)","Quick Restart","Replay The Spire","StSLib","SuperFastMode","The Druid","The Problem Sleuth","TheBandit","¡¼?Úª?ø«¡½REMEMod"],"gold_per_floor":[111,121,133,208,208,239,239,239,254,254,554,583,595,620,632,657,669,681,681],"floor_reached":18,"language":"KOR","playtime":404,"items_purged":[],"score":214,"play_id":"1cb01a66-26ac-4cee-a7a2-e011070b33e3","local_time":"20210117223926","is_ascension_mode":true,"campfire_choices":[{"data":"Zap","floor":10,"key":"SMITH"},{"floor":13,"key":"REST"},{"data":"Streamline","floor":15,"key":"SMITH"},{"floor":17,"key":"REST"}],"circlet_count":0,"master_deck":["AscendersBane","Strike_B","Strike_B","Strike_B","Strike_B","Defend_B","Defend_B","Defend_B","Defend_B","Zap+1","Dualcast","Amplify","Streamline+1","Go for the Eyes","Conserve Battery","REME_Compress","Gash","Heatsinks","Coolheaded"],"relics":["Cracked Core","REME_ComplimentaryCards","NeowsBlessing","theSleuth:ElfEgg","Girya","Old Coin","MawBank"],"acts_visited":["Exordium"],"potions_floor_usage":[14,18],"damage_taken":[{"damage":0,"enemies":"Cultist","floor":1,"turns":1},{"damage":0,"enemies":"2 Louse","floor":2,"turns":1},{"damage":0,"enemies":"Small Slimes","floor":3,"turns":1},{"damage":22,"enemies":"Gremlin Nob","floor":6,"turns":4},{"damage":5,"enemies":"Gremlin Gang","floor":9,"turns":5},{"damage":23,"enemies":"3 Sentries","floor":12,"turns":7},{"damage":7,"enemies":"Exordium Thugs","floor":14,"turns":4},{"damage":21,"enemies":"3 Louse","floor":16,"turns":3},{"damage":35,"enemies":"Slime Boss","floor":18,"turns":5}],"seed_played":"5605828317584357634","potions_obtained":[{"floor":2,"key":"Weak Potion"},{"floor":12,"key":"Swift Potion"},{"floor":16,"key":"Energy Potion"}],"is_trial":false,"path_per_floor":["M","M","M","?","?","E","PTL","PTL","M","R","T","E","R","M","R","M","R","B"],"character_chosen":"DEFECT","items_purchased":[],"campfire_rested":2,"item_purchase_floors":[],"current_hp_per_floor":[64,64,64,53,53,31,31,31,26,29,29,6,32,25,28,7,34,0,0],"gold":681,"neow_bonus":"THREE_ENEMY_KILL","is_daily":false,"chose_seed":false,"campfire_upgraded":2,"win_rate":0.0,"timestamp":1610890766,"path_taken":["M","?","M","?","?","E","PTL","PTL","?","R","T","E","R","M","R","M","R","BOSS"],"items_purchased_type":[],"build_version":"2020-12-22","purchased_purges":0,"victory":false,"max_hp_per_floor":[71,71,71,71,71,71,71,71,71,74,74,74,77,77,80,80,83,83,83],"card_choices":[{"not_picked":["Turbo","Go for the Eyes"],"picked":"Streamline","floor":1},{"not_picked":["Redo","Hello World"],"picked":"Go for the Eyes","floor":2},{"not_picked":["Steam","Gash"],"picked":"Conserve Battery","floor":3},{"not_picked":["Undo","Sunder"],"picked":"REME_Compress","floor":6},{"not_picked":["Machine Learning","Stack"],"picked":"Gash","floor":9},{"not_picked":["Force Field","Reboot"],"picked":"Heatsinks","floor":12},{"not_picked":["Beam Cell","Rip and Tear","Rebound"],"picked":"SKIP","floor":14},{"not_picked":["Ball Lightning","Streamline"],"picked":"Coolheaded","floor":16}],"player_experience":831399,"relics_obtained":[{"floor":6,"key":"Girya"},{"floor":11,"key":"Old Coin"},{"floor":12,"key":"MawBank"}],"event_choices":[{"damage_healed":0,"gold_gain":75,"player_choice":"Gather Gold","damage_taken":11,"max_hp_gain":0,"max_hp_loss":0,"event_name":"World of Goop","floor":4,"gold_loss":0},{"damage_healed":0,"gold_gain":0,"player_choice":"Gave Potion","damage_taken":0,"relics_obtained":["theSleuth:ElfEgg"],"max_hp_gain":0,"max_hp_loss":0,"event_name":"WeMeetAgain","floor":5,"gold_loss":0}],"is_beta":false,"boss_relics":[],"items_purged_floors":[],"is_endless":false,"potions_floor_spawned":[2,12,16],"killed_by":"Slime Boss","ascension_level":15}}