{"host":"qik6c64y69p9jmph","time":1610850225,"event":{"mods":["AchievementEnabler","BaseMod","Downfall","Highlight Path","Minty Spire (QoL Compilation)","Quick Restart","StSLib","Synergy Search"],"gold_per_floor":[99,115,132,150,150,225,225,225,240,104,89,104,138,46,65,169,169,169,185,185,185,256,156,156,176,186,201,229,248,48,79,98,199,199,199,219,272,272,177,177,204,204,204,216,235,250,250,267,284,284,284,319,137,137,137,137],"floor_reached":57,"language":"ENG","playtime":5547,"items_purged":["downfall:Malfunctioning"],"score":1246,"play_id":"012cec5e-880e-43ad-b129-da45fc72c00c","local_time":"20210116212345","is_ascension_mode":false,"campfire_choices":[{"data":"Slimebound:Dissolve","floor":1,"key":"SMITH"},{"floor":18,"key":"RECALL"},{"data":"Slimebound:SlimeSlap","floor":23,"key":"SMITH"},{"floor":30,"key":"REST"},{"data":"Slimebound:DouseInSlime","floor":35,"key":"SMITH"},{"data":"Slimebound:Schlurp","floor":43,"key":"SMITH"},{"floor":47,"key":"REST"},{"data":"expansioncontent:StudyTheSpire","floor":54,"key":"SMITH"}],"circlet_count":0,"master_deck":["Slimebound:Strike_Slimebound","Slimebound:Strike_Slimebound+1","Slimebound:Strike_Slimebound","Slimebound:Tackle","Slimebound:Defend_Slimebound","Slimebound:Defend_Slimebound","Slimebound:Defend_Slimebound","Slimebound:Defend_Slimebound","Slimebound:Split+1","Slimebound:CorrosiveSpit","Slimebound:Dissolve+1","Slimebound:LeechingTouch+1","Slimebound:GoopSpray","Slimebound:Schlurp+1","Slimebound:Schlurp","Slimebound:Nibble","Slimebound:LivingWall","Slimebound:Nibble+1","Slimebound:Grow+1","Slimebound:SamplingLick","Slimebound:AcidTongue","Slimebound:SlimeSlap+1","Slimebound:AcidTongue+1","Slimebound:TongueLash+1","Slimebound:LeechingTouch","Slimebound:DouseInSlime+1","expansioncontent:StudyTheSpire+1"],"relics":["Slimebound:AbsorbEndCombat","downfall:ShatteredFragment","Eternal Feather","Philosopher\u0027s Stone","Singing Bowl","downfall:HeartBlessingBlue","Bronze Scales","Centennial Puzzle","downfall:HeartBlessingGreen","downfall:HeartBlessingRed","StrikeDummy","Busted Crown","Du-Vu Doll","Slimebound:AggressiveSlimeRelic","Lizard Tail","Whetstone","White Beast Statue"],"acts_visited":["Exordium","TheCity","TheBeyond","TheEnding"],"potions_floor_usage":[5,10,16,26,29,32,37,40,50],"damage_taken":[{"damage":0,"enemies":"2 Louse","floor":2,"turns":2},{"damage":0,"enemies":"Jaw Worm","floor":3,"turns":4},{"damage":1,"enemies":"Cultist","floor":4,"turns":3},{"damage":6,"enemies":"Exordium Wildlife","floor":9,"turns":3},{"damage":0,"enemies":"downfall:FleeingMerchant","floor":10,"turns":4},{"damage":2,"enemies":"downfall:FleeingMerchant","floor":11,"turns":4},{"damage":0,"enemies":"2 Fungi Beasts","floor":12,"turns":2},{"damage":2,"enemies":"Lagavulin","floor":13,"turns":7},{"damage":3,"enemies":"downfall:FleeingMerchant","floor":14,"turns":4},{"damage":0,"enemies":"3 Louse","floor":15,"turns":1},{"damage":24,"enemies":"IC_STATUS_ARCHETYPE","floor":16,"turns":5},{"damage":2,"enemies":"Shell Parasite","floor":19,"turns":5},{"damage":2,"enemies":"3 Cultists","floor":25,"turns":4},{"damage":13,"enemies":"Cultist and Chosen","floor":26,"turns":5},{"damage":20,"enemies":"Snake Plant","floor":27,"turns":3},{"damage":29,"enemies":"Book of Stabbing","floor":28,"turns":5},{"damage":0,"enemies":"Snecko","floor":29,"turns":4},{"damage":0,"enemies":"Gremlin Leader","floor":31,"turns":4},{"damage":2,"enemies":"3 Cultists","floor":32,"turns":3},{"damage":27,"enemies":"SI_MIRROR_ARCHETYPE","floor":33,"turns":8},{"damage":5,"enemies":"3 Shapes","floor":36,"turns":3},{"damage":22,"enemies":"2 Orb Walkers","floor":37,"turns":5},{"damage":3,"enemies":"downfall:FleeingMerchant","floor":39,"turns":2},{"damage":14,"enemies":"downfall:FleeingMerchant","floor":40,"turns":4},{"damage":35,"enemies":"3 Darklings","floor":44,"turns":3},{"damage":8,"enemies":"Spire Growth","floor":45,"turns":3},{"damage":13,"enemies":"Jaw Worm Horde","floor":46,"turns":3},{"damage":3,"enemies":"Transient","floor":48,"turns":5},{"damage":25,"enemies":"Maw","floor":49,"turns":5},{"damage":48,"enemies":"DF_ARCHETYPE_ORBS","floor":50,"turns":6},{"damage":78,"enemies":"downfall:CharBossMerchant","floor":52,"turns":7},{"damage":57,"enemies":"downfall:NeowBoss","floor":55,"turns":15},{"damage":75,"enemies":"downfall:NeowBossFinal","floor":56,"turns":10}],"seed_played":"-7386484080526006435","potions_obtained":[{"floor":4,"key":"Fruit Juice"},{"floor":9,"key":"DuplicationPotion"},{"floor":13,"key":"GamblersBrew"},{"floor":15,"key":"Slimebound:SlimyTonguePotion"},{"floor":16,"key":"Slimebound:SlimyTonguePotion"},{"floor":26,"key":"ColorlessPotion"},{"floor":28,"key":"FairyPotion"},{"floor":29,"key":"SneckoOil"},{"floor":33,"key":"Slimebound:ThreeZeroPotion"},{"floor":37,"key":"EssenceOfSteel"},{"floor":40,"key":"LiquidBronze"}],"is_trial":false,"path_per_floor":["R","M","M","M","?","?","T","?","M","$","$","M","E","$","M","B",null,"R","M","?","?","T","R","T","M","M","M","E","M","R","E","M","B",null,"R","M","?","?","$","?","T","?","R","M","M","M","R","M","M","B",null,"E","$","R","B","B",null],"character_chosen":"SLIMEBOUND","items_purchased":["Slimebound:LivingWall","Slimebound:AcidTongue","Slimebound:AggressiveSlimeRelic","Lizard Tail","expansioncontent:StudyTheSpire"],"campfire_rested":2,"item_purchase_floors":[10,14,39,39,53],"current_hp_per_floor":[65,65,65,65,52,52,52,52,49,53,55,58,61,62,64,45,70,70,70,70,70,70,80,80,79,69,53,30,35,72,79,81,63,88,88,86,74,74,76,69,69,69,84,55,53,48,93,99,83,47,106,35,35,50,12,40],"gold":137,"neow_bonus":"THREE_CARDS","is_daily":false,"chose_seed":false,"campfire_upgraded":5,"win_rate":0.0,"timestamp":1610850225,"path_taken":["R","M","M","M","?","?","T","?","M","?","$","M","E","$","M","BOSS","R","M","?","?","?","R","T","M","M","?","E","M","R","E","M","BOSS","R","M","?","?","$","?","T","?","R","M","M","?","R","M","M","BOSS","E","$","R","BOSS","BOSS"],"items_purchased_type":["Card","Card","Relic","Relic","Card"],"build_version":"2020-12-22","purchased_purges":1,"victory":true,"max_hp_per_floor":[65,65,65,65,70,70,70,70,70,70,70,70,70,70,70,70,70,70,70,70,70,70,80,80,80,82,82,84,86,86,88,88,88,88,88,90,92,92,94,96,96,96,96,98,100,102,102,104,106,106,106,108,108,108,108,108],"card_choices":[{"not_picked":["Slimebound:FinishingTackle","Slimebound:Prepare"],"picked":"Slimebound:Dissolve","floor":0},{"not_picked":["Slimebound:BestDefense","Slimebound:FinishingTackle"],"picked":"Slimebound:LeechingTouch","floor":2},{"not_picked":["Slimebound:SplitMire","Slimebound:GoopTackle"],"picked":"Slimebound:GoopSpray","floor":3},{"not_picked":["Slimebound:Overexert","Slimebound:ForwardTackle"],"picked":"Slimebound:Schlurp","floor":4},{"not_picked":["Slimebound:ItLooksTasty","Slimebound:SplitMire"],"picked":"Slimebound:Schlurp","floor":9},{"not_picked":["Slimebound:Gluttony","Slimebound:SplitBruiser"],"picked":"Slimebound:Nibble","floor":10},{"not_picked":["Slimebound:SlimeSpikes","Slimebound:SpikyOuterGoop","Slimebound:ViciousTackle"],"picked":"SKIP","floor":11},{"not_picked":["Slimebound:SplitBruiser","Slimebound:SplitAcid"],"picked":"Slimebound:Nibble","floor":12},{"not_picked":["Slimebound:MegaLick","Slimebound:DouseInSlime"],"picked":"Slimebound:Grow","floor":13},{"not_picked":["Slimebound:HauntingLick","Slimebound:Replication"],"picked":"Slimebound:SamplingLick","floor":14},{"not_picked":["Slimebound:Schlurp","Slimebound:GrowthPunch","Slimebound:Chomp"],"picked":"SKIP","floor":15},{"not_picked":["Slimebound:OozeBath","Slimebound:SelfFormingGoo"],"picked":"Slimebound:SlimeSlap","floor":16},{"not_picked":["Slimebound:FinishingTackle","Slimebound:SplitBruiser","Slimebound:GrowthPunch"],"picked":"SKIP","floor":19},{"not_picked":["Slimebound:SplitAcid","Slimebound:SplitMire+1"],"picked":"Slimebound:AcidTongue+1","floor":25},{"not_picked":["Slimebound:Prepare","Slimebound:DuplicatedForm","Slimebound:RejuvenatingLick"],"picked":"Singing Bowl","floor":26},{"not_picked":["Slimebound:RollThrough+1","Slimebound:ProtectTheBoss"],"picked":"Slimebound:TongueLash","floor":27},{"not_picked":["Slimebound:SlimeSpikes+1","Slimebound:GoopTackle+1","Slimebound:SplitLeeching"],"picked":"Singing Bowl","floor":28},{"not_picked":["Slimebound:ComboTackle","Slimebound:LivingWall","Slimebound:ProtectTheBoss"],"picked":"Singing Bowl","floor":29},{"not_picked":["Slimebound:Teamwork","Slimebound:Replication","Slimebound:LeechEnergy"],"picked":"Singing Bowl","floor":31},{"not_picked":["Slimebound:Repurpose","Slimebound:RollThrough"],"picked":"Slimebound:LeechingTouch","floor":32},{"not_picked":["Slimebound:OneTwoCombo","Slimebound:Teamwork"],"picked":"Slimebound:DouseInSlime","floor":33},{"not_picked":["Slimebound:SplitMire+1"],"picked":"Singing Bowl","floor":36},{"not_picked":["Slimebound:FlameTackle+1"],"picked":"Singing Bowl","floor":37},{"not_picked":["Slimebound:RollThrough+1"],"picked":"Singing Bowl","floor":39},{"not_picked":["Slimebound:ItLooksTasty+1"],"picked":"Singing Bowl","floor":40},{"not_picked":["Slimebound:ViciousTackle"],"picked":"Singing Bowl","floor":44},{"not_picked":["Slimebound:ComboTackle"],"picked":"Singing Bowl","floor":45},{"not_picked":["Slimebound:ComboTackle+1"],"picked":"Singing Bowl","floor":46},{"not_picked":["Slimebound:LeadByExample"],"picked":"Singing Bowl","floor":48},{"not_picked":["Slimebound:HauntingLick"],"picked":"Singing Bowl","floor":49},{"not_picked":["Slimebound:FlameTackle"],"picked":"Singing Bowl","floor":52}],"player_experience":517163,"relics_obtained":[{"floor":13,"key":"Eternal Feather"},{"floor":22,"key":"Singing Bowl"},{"floor":24,"key":"Bronze Scales"},{"floor":28,"key":"Centennial Puzzle"},{"floor":31,"key":"StrikeDummy"},{"floor":37,"key":"Du-Vu Doll"},{"floor":41,"key":"Whetstone"},{"floor":52,"key":"White Beast Statue"}],"event_choices":[{"damage_healed":0,"gold_gain":0,"player_choice":"Ignored","damage_taken":0,"max_hp_gain":0,"max_hp_loss":0,"event_name":"Ghosts","floor":20,"gold_loss":0},{"damage_healed":0,"gold_gain":0,"player_choice":"Fight","damage_taken":0,"max_hp_gain":0,"max_hp_loss":0,"event_name":"Mysterious Sphere","floor":37,"gold_loss":0}],"is_beta":false,"boss_relics":[{"not_picked":["SlaversCollar","Coffee Dripper"],"picked":"Philosopher\u0027s Stone"},{"not_picked":["Snecko Eye","Runic Dome"],"picked":"Busted Crown"}],"items_purged_floors":[10],"is_endless":false,"potions_floor_spawned":[4,9,13,15,16,26,28,29,33,37,40,44,46],"ascension_level":0}}