{"host":"dgf4n6lo35jtjz0c","time":1610877622,"event":{"mods":["AchievementEnabler","BaseMod","Bestiary","Colored Powertips","Minty Spire (QoL Compilation)"],"gold_per_floor":[111,111,111,125,125,125,125,125,125,138,154,172,172,188,188,292,292,312,323,323,323],"floor_reached":20,"language":"ENG","playtime":1288,"items_purged":[],"score":166,"play_id":"77f3191f-7c69-4d40-b0ac-35318ef22dc0","local_time":"20210117210022","is_ascension_mode":false,"campfire_choices":[{"data":"Nirvana","floor":6,"key":"SMITH"},{"data":"Prostrate","floor":8,"key":"SMITH"},{"data":"Nirvana","floor":13,"key":"SMITH"},{"data":"Eruption","floor":15,"key":"SMITH"}],"circlet_count":0,"master_deck":["Strike_P","Strike_P","Strike_P","Strike_P","Defend_P","Defend_P","Defend_P","Defend_P","Eruption+1","Vigilance","Nirvana+1","Defend_R","Prostrate+1","Clumsy","Nirvana+1","Prostrate+1","Worship+1","ThirdEye+1","DevaForm","CutThroughFate","ThirdEye+1"],"relics":["Cursed Key","Ancient Tea Set","Toxic Egg 2","Fusion Hammer"],"acts_visited":["Exordium","TheCity"],"potions_floor_usage":[],"damage_taken":[{"damage":1,"enemies":"Jaw Worm","floor":1,"turns":4},{"damage":0,"enemies":"2 Louse","floor":4,"turns":3},{"damage":0,"enemies":"Cultist","floor":10,"turns":5},{"damage":3,"enemies":"Red Slaver","floor":11,"turns":5},{"damage":1,"enemies":"Lots of Slimes","floor":12,"turns":7},{"damage":3,"enemies":"Looter","floor":14,"turns":3},{"damage":69,"enemies":"Slime Boss","floor":16,"turns":13},{"damage":36,"enemies":"Spheric Guardian","floor":18,"turns":11},{"damage":35,"enemies":"3 Byrds","floor":19,"turns":10},{"damage":5,"enemies":"Snake Plant","floor":20,"turns":1}],"seed_played":"-3756642515791618626","potions_obtained":[{"floor":4,"key":"FairyPotion"},{"floor":11,"key":"SkillPotion"},{"floor":18,"key":"Fire Potion"}],"is_trial":false,"path_per_floor":["M","?","?","M","$","R","$","R","T","M","M","M","R","M","R","B",null,"M","M","M"],"character_chosen":"WATCHER","items_purchased":[],"campfire_rested":0,"item_purchase_floors":[],"current_hp_per_floor":[71,71,71,71,71,71,71,71,71,71,68,67,67,64,64,21,72,36,1,0,0],"gold":323,"neow_bonus":"BOSS_RELIC","is_daily":false,"chose_seed":false,"campfire_upgraded":4,"win_rate":0.0,"timestamp":1610877622,"path_taken":["M","?","?","?","?","R","$","R","T","M","?","M","R","M","R","BOSS","M","M","?"],"items_purchased_type":[],"build_version":"2020-12-22","purchased_purges":0,"victory":false,"max_hp_per_floor":[72,72,72,72,72,72,72,72,72,72,72,72,72,72,72,72,72,72,72,72,72],"card_choices":[{"not_picked":["CutThroughFate","Evaluate"],"picked":"Nirvana","floor":1},{"not_picked":["Halt","LikeWater"],"picked":"Prostrate","floor":4},{"not_picked":["FlyingSleeves","SandsOfTime"],"picked":"Nirvana","floor":10},{"not_picked":["Indignation+1","ThirdEye+1"],"picked":"Prostrate+1","floor":11},{"not_picked":["EmptyFist","FlyingSleeves"],"picked":"Worship+1","floor":12},{"not_picked":["PathToVictory+1","FearNoEvil"],"picked":"ThirdEye+1","floor":14},{"not_picked":["Vault+1","ConjureBlade+1"],"picked":"DevaForm","floor":16},{"not_picked":["BowlingBash","EmptyFist"],"picked":"CutThroughFate","floor":18},{"not_picked":["ClearTheMind+1","Protect+1"],"picked":"ThirdEye+1","floor":19}],"player_experience":117205,"relics_obtained":[{"floor":9,"key":"Toxic Egg 2"}],"event_choices":[{"damage_healed":0,"gold_gain":0,"player_choice":"Box","damage_taken":0,"relics_obtained":["Ancient Tea Set"],"max_hp_gain":0,"max_hp_loss":0,"event_name":"Big Fish","floor":2,"gold_loss":0,"cards_obtained":["Regret"]},{"cards_removed":["Regret"],"damage_healed":0,"gold_gain":0,"player_choice":"Took Card","damage_taken":0,"max_hp_gain":0,"max_hp_loss":0,"event_name":"NoteForYourself","floor":3,"gold_loss":0,"cards_obtained":["Defend_R"]}],"is_beta":false,"boss_relics":[{"not_picked":["Pandora\u0027s Box","Tiny House"],"picked":"Fusion Hammer"}],"items_purged_floors":[],"is_endless":false,"potions_floor_spawned":[4,11,18],"killed_by":"Snake Plant","ascension_level":0}}