{"host":"yuhy0i501zzmn1iz","time":1610850374,"event":{"mods":["AchievementEnabler","AlwaysNeverKeys","BaseMod","Bestiary","Better Match","Better Third Choice","Curses Come First","Downfall","Minty Spire (QoL Compilation)","StSLib","slay the spire mod where everything is the same but ironclad has a cowboy hat"],"gold_per_floor":[113,124,124,142,142,142,170,211,237,16,16,39,13,37,37,150,159,180,180,189,207,207,207,207],"floor_reached":23,"language":"ENG","playtime":793,"items_purged":[],"score":217,"play_id":"e6b17901-eea3-47ae-bea5-c628c7a9219f","local_time":"20210116212614","is_ascension_mode":true,"campfire_choices":[{"data":"Cold Snap","floor":6,"key":"SMITH"},{"data":"Doom and Gloom","floor":11,"key":"SMITH"},{"data":"Core Surge","floor":15,"key":"SMITH"}],"circlet_count":0,"master_deck":["Strike_B","Strike_B","Strike_B","Strike_B","Defend_B","Defend_B","Defend_B","Defend_B","Zap","Fusion","Doom and Gloom+1","Doom and Gloom","Redo","Force Field","Core Surge+1","Electrodynamics","CurseOfTheBell","Capacitor","Static Discharge","Coolheaded","Hyperbeam"],"relics":["Snecko Eye","Pen Nib","CeramicFish","Juzu Bracelet","Akabeko","Calling Bell","Oddly Smooth Stone","Ornamental Fan","Bird Faced Urn","Nloth\u0027s Gift"],"acts_visited":["Exordium","TheCity"],"potions_floor_usage":[8,23],"damage_taken":[{"damage":0.0,"enemies":"Jaw Worm","floor":1.0,"turns":3.0},{"damage":0.0,"enemies":"Cultist","floor":2.0,"turns":4.0},{"damage":0.0,"enemies":"Small Slimes","floor":4.0,"turns":3.0},{"damage":0,"enemies":"Exordium Wildlife","floor":7,"turns":2},{"damage":24,"enemies":"Gremlin Nob","floor":8,"turns":4},{"damage":0,"enemies":"Looter","floor":12,"turns":1},{"damage":0,"enemies":"Large Slime","floor":14,"turns":2},{"damage":27,"enemies":"The Guardian","floor":16,"turns":7},{"damage":9,"enemies":"2 Thieves","floor":18,"turns":2},{"damage":74,"enemies":"Book of Stabbing","floor":23,"turns":4}],"seed_played":"8624963443319356590","potions_obtained":[{"floor":4,"key":"Fire Potion"},{"floor":7,"key":"champ:CounterPotion"},{"floor":12,"key":"bronze:BurnAndBuffPotion"}],"is_trial":false,"path_per_floor":["M","M","?","M","?","R","M","E","T","$","R","M","$","M","R","B",null,"M","?","?","?","?","E"],"character_chosen":"DEFECT","items_purchased":["Akabeko","Doom and Gloom","Force Field"],"campfire_rested":0,"item_purchase_floors":[10,10,13],"current_hp_per_floor":[75,75,75,75,75,75,75,51,51,51,51,51,51,51,51,24,75,68,68,68,68,68,0,0],"gold":207,"neow_bonus":"BOSS_RELIC","is_daily":false,"chose_seed":false,"campfire_upgraded":3,"win_rate":0.0,"timestamp":1610850374,"path_taken":["M","M","?","?","?","R","M","E","T","$","R","M","?","M","R","BOSS","M","?","?","?","?","E"],"items_purchased_type":["Relic","Card","Card"],"build_version":"2020-12-22","purchased_purges":0,"victory":false,"max_hp_per_floor":[75,75,75,75,75,75,75,75,75,75,75,75,75,75,75,75,75,75,75,75,75,75,75,75],"card_choices":[{"not_picked":["Beam Cell","Conserve Battery"],"picked":"Stack","floor":1.0},{"not_picked":["Steam","Steam Power","Beam Cell"],"picked":"SKIP","floor":2.0},{"not_picked":["Barrage","Go for the Eyes"],"picked":"Cold Snap","floor":4},{"not_picked":["Sweeping Beam","Reinforced Body"],"picked":"Fusion","floor":7},{"not_picked":["Cold Snap","Coolheaded"],"picked":"Doom and Gloom","floor":8},{"not_picked":["Stack","Go for the Eyes"],"picked":"Redo","floor":12},{"not_picked":["BootSequence","Cold Snap"],"picked":"Core Surge","floor":14},{"not_picked":["Hyperbeam","Echo Form"],"picked":"Electrodynamics","floor":16},{"not_picked":["Leap","Steam+1"],"picked":"Capacitor","floor":18}],"player_experience":296964,"relics_obtained":[{"floor":3.0,"key":"Pen Nib"},{"floor":8,"key":"Vajra"},{"floor":9,"key":"Juzu Bracelet"},{"floor":17,"key":"Oddly Smooth Stone"},{"floor":17,"key":"Ornamental Fan"},{"floor":17,"key":"Bird Faced Urn"}],"event_choices":[{"damage_healed":0.0,"max_hp_gain":0.0,"max_hp_loss":0.0,"gold_gain":0.0,"event_name":"Wheel of Change","player_choice":"Relic","floor":3.0,"gold_loss":0.0,"damage_taken":0.0},{"cards_removed":["Stack"],"damage_healed":0,"gold_gain":0,"player_choice":"Gave Card","damage_taken":0,"relics_obtained":["CeramicFish"],"max_hp_gain":0,"max_hp_loss":0,"event_name":"WeMeetAgain","floor":5,"gold_loss":0},{"damage_healed":0,"gold_gain":0,"player_choice":"Ignored","damage_taken":0,"max_hp_gain":0,"max_hp_loss":0,"event_name":"Ghosts","floor":19,"gold_loss":0},{"damage_healed":0,"gold_gain":0,"player_choice":"Read","damage_taken":0,"max_hp_gain":0,"max_hp_loss":0,"event_name":"The Library","floor":20,"gold_loss":0,"cards_obtained":["Static Discharge"]},{"damage_healed":0,"gold_gain":0,"cards_transformed":["Cold Snap","Dualcast"],"player_choice":"Became Test Subject","damage_taken":0,"max_hp_gain":0,"max_hp_loss":0,"event_name":"Drug Dealer","floor":21,"gold_loss":0,"cards_obtained":["Coolheaded","Hyperbeam"]},{"damage_healed":0,"gold_gain":0,"player_choice":"Traded Relic","damage_taken":0,"relics_obtained":["Nloth\u0027s Gift"],"max_hp_gain":0,"max_hp_loss":0,"event_name":"N\u0027loth","floor":22,"relics_lost":["Vajra"],"gold_loss":0}],"is_beta":false,"boss_relics":[{"not_picked":["Fusion Hammer","Busted Crown"],"picked":"Calling Bell"}],"items_purged_floors":[],"is_endless":false,"potions_floor_spawned":[4,7,12],"killed_by":"Book of Stabbing","ascension_level":3}}