{"host":"qik6c64y69p9jmph","time":1610841995,"event":{"mods":["AchievementEnabler","BaseMod","Downfall","Highlight Path","Minty Spire (QoL Compilation)","Quick Restart","StSLib","Synergy Search"],"gold_per_floor":[99,109,121,137,152,252,252,280,291,304,315,326,326,337,351,351,351,351],"floor_reached":16,"language":"ENG","playtime":1115,"items_purged":[],"score":110,"play_id":"48fca57d-71c4-4945-9df7-cadd198b3023","local_time":"20210116190635","is_ascension_mode":false,"campfire_choices":[{"floor":1,"key":"RECALL"},{"floor":13,"key":"REST"}],"circlet_count":0,"master_deck":["Slimebound:Strike_Slimebound","Slimebound:Strike_Slimebound","Slimebound:Strike_Slimebound","Slimebound:Tackle","Slimebound:Defend_Slimebound","Slimebound:Defend_Slimebound","Slimebound:Defend_Slimebound","Slimebound:Defend_Slimebound","Slimebound:Split","Slimebound:CorrosiveSpit","Slimebound:SplitBruiser","Slimebound:Schlurp","Slimebound:Gluttony","Slimebound:MassRepurpose","Slimebound:Schlurp","Slimebound:AcidTongue","Slimebound:RejuvenatingLick","Slimebound:RainOfGoop"],"relics":["Black Star","Mummified Hand","Anchor","Gremlin Horn"],"acts_visited":["Exordium"],"potions_floor_usage":[5,9,10,12,16],"damage_taken":[{"damage":4,"enemies":"Small Slimes","floor":2,"turns":5},{"damage":8,"enemies":"2 Louse","floor":3,"turns":3},{"damage":1,"enemies":"Jaw Worm","floor":4,"turns":3},{"damage":11,"enemies":"Exordium Wildlife","floor":5,"turns":4},{"damage":35,"enemies":"Gremlin Nob","floor":8,"turns":5},{"damage":3,"enemies":"Exordium Thugs","floor":9,"turns":4},{"damage":0,"enemies":"3 Louse","floor":10,"turns":3},{"damage":0,"enemies":"Exordium Wildlife","floor":11,"turns":5},{"damage":0,"enemies":"Large Slime","floor":12,"turns":4},{"damage":0,"enemies":"3 Louse","floor":14,"turns":2},{"damage":0,"enemies":"2 Fungi Beasts","floor":15,"turns":2},{"damage":38,"enemies":"WA_ARCHETYPE_RETAIN","floor":16,"turns":7}],"seed_played":"-3027050957618976618","potions_obtained":[{"floor":4,"key":"Energy Potion"},{"floor":8,"key":"SteroidPotion"},{"floor":9,"key":"Dexterity Potion"},{"floor":11,"key":"Slimebound:ThreeZeroPotion"},{"floor":15,"key":"Swift Potion"}],"is_trial":false,"path_per_floor":["R","M","M","M","M","?","T","E","M","M","M","M","R","M","M","B"],"character_chosen":"SLIMEBOUND","items_purchased":[],"campfire_rested":1,"item_purchase_floors":[],"current_hp_per_floor":[65,61,53,52,41,41,41,6,3,3,3,3,22,22,22,0,0,0],"gold":351,"neow_bonus":"BOSS_RELIC","is_daily":false,"chose_seed":false,"campfire_upgraded":0,"win_rate":0.0,"timestamp":1610841995,"path_taken":["R","M","M","M","M","?","T","E","M","M","M","M","R","M","M","BOSS"],"items_purchased_type":[],"build_version":"2020-12-22","purchased_purges":0,"victory":false,"max_hp_per_floor":[65,65,65,65,65,65,65,65,65,65,65,65,65,65,65,65,65,65],"card_choices":[{"not_picked":["Slimebound:GoopTackle","Slimebound:SplitMire"],"picked":"Slimebound:SplitBruiser","floor":2},{"not_picked":["Slimebound:DisruptingSlam","Slimebound:FormOfPuddle"],"picked":"Slimebound:Schlurp","floor":3},{"not_picked":["Slimebound:Equalize","Slimebound:SplitAcid","Slimebound:PressTheAttack"],"picked":"SKIP","floor":4},{"not_picked":["Slimebound:Replication","Slimebound:ProtectTheBoss"],"picked":"Slimebound:Gluttony","floor":5},{"not_picked":["Slimebound:Repurpose","Slimebound:SlimeBarrage"],"picked":"Slimebound:MassRepurpose","floor":8},{"not_picked":["Slimebound:SplitMire","Slimebound:FinishingTackle"],"picked":"Slimebound:Schlurp","floor":9},{"not_picked":["Slimebound:ComboTackle","Slimebound:RainOfGoop"],"picked":"Slimebound:AcidTongue","floor":10},{"not_picked":["Slimebound:FinishingTackle","Slimebound:Gluttony","Slimebound:SlimeSpikes"],"picked":"SKIP","floor":11},{"not_picked":["Slimebound:AcidTongue","Slimebound:LevelUp"],"picked":"Slimebound:RejuvenatingLick","floor":12},{"not_picked":["Slimebound:ItLooksTasty","Slimebound:SplitMire"],"picked":"Slimebound:RainOfGoop","floor":14},{"not_picked":["Slimebound:LeechingTouch","Slimebound:ViciousTackle","Slimebound:Overexert"],"picked":"SKIP","floor":15}],"player_experience":517163,"relics_obtained":[{"floor":7,"key":"Mummified Hand"},{"floor":8,"key":"Anchor"},{"floor":8,"key":"Gremlin Horn"}],"event_choices":[],"is_beta":false,"boss_relics":[],"items_purged_floors":[],"is_endless":false,"potions_floor_spawned":[4,8,9,11,15],"killed_by":"WA_ARCHETYPE_RETAIN","ascension_level":0}}