{"host":"0fmi5fguj5lvt8pf","time":1610867717,"event":{"mods":["BaseMod","Colored Map","Curses Come First","Downfall","Minty Spire (QoL Compilation)","Permanent Neow","StSLib"],"gold_per_floor":[99,99,99,99,1,29,29,43,59,71,71,171,171,171,182,287,287,287,302,302,302,317,337,337,422,422,439,289,126,126,59,71,170,170,170,181,196,181,199,199,199,244,344,364,384,384,384],"floor_reached":46,"language":"ENG","playtime":3298,"items_purged":["bronze:Defend"],"score":468,"play_id":"fbbe65f6-7554-459a-a30b-ddb947bcedc4","local_time":"20210116231517","is_ascension_mode":false,"campfire_choices":[{"floor":1.0,"key":"RECALL"},{"floor":13.0,"key":"REST"},{"data":"bronze:BuggyMess","floor":18.0,"key":"SMITH"},{"floor":26.0,"key":"REST"},{"data":"bronze:MaxOutput","floor":30.0,"key":"SMITH"},{"data":"bronze:Goto","floor":35.0,"key":"SMITH"}],"circlet_count":0,"master_deck":["bronze:Strike","bronze:Strike+1","bronze:Defend","bronze:Defend","bronze:Replicate","bronze:Goto+1","bronze:Repulsor","bronze:MaxOutput+1","bronze:OilSpill","bronze:BuggyMess+1","bronze:Verify","bronze:OilSpill","bronze:Shield+1","bronze:Format+1","bronze:BuggyMess+1","bronze:Turbo+1","bronze:BitShift+1","bronze:CloningBeam","bronze:OilSpill","bronze:FollowUp","bronze:FindAndReplace+1","CurseOfTheBell","bronze:GetLatest+1","bronze:Refactor+1"],"relics":["bronze:BronzeCore","downfall:HeartsMalice","Torii","Toxic Egg 2","Empty Cage","Incense Burner","PreservedInsect","Calling Bell","Ancient Tea Set","Molten Egg 2","Unceasing Top","Bird Faced Urn"],"acts_visited":["Exordium","TheCity","TheBeyond"],"potions_floor_usage":[46],"damage_taken":[{"damage":0.0,"enemies":"Cultist","floor":2.0,"turns":1.0},{"damage":0.0,"enemies":"2 Louse","floor":4.0,"turns":1.0},{"damage":0.0,"enemies":"downfall:FleeingMerchant","floor":5.0,"turns":1.0},{"damage":36.0,"enemies":"3 Sentries","floor":6.0,"turns":9.0},{"damage":8.0,"enemies":"Small Slimes","floor":8.0,"turns":3.0},{"damage":12.0,"enemies":"Blue Slaver","floor":9.0,"turns":3.0},{"damage":11.0,"enemies":"Large Slime","floor":10.0,"turns":5.0},{"damage":0.0,"enemies":"Gremlin Gang","floor":15.0,"turns":2.0},{"damage":39.0,"enemies":"IC_STATUS_ARCHETYPE","floor":16.0,"turns":8.0},{"damage":10.0,"enemies":"Shell Parasite","floor":19.0,"turns":5.0},{"damage":7.0,"enemies":"3 Byrds","floor":22.0,"turns":5.0},{"damage":17.0,"enemies":"Snecko","floor":23.0,"turns":4.0},{"damage":29.0,"enemies":"Centurion and Healer","floor":27.0,"turns":8.0},{"damage":3.0,"enemies":"downfall:FleeingMerchant","floor":29.0,"turns":4.0},{"damage":4.0,"enemies":"downfall:FleeingMerchant","floor":31.0,"turns":4.0},{"damage":0.0,"enemies":"Shelled Parasite and Fungi","floor":32.0,"turns":3.0},{"damage":30.0,"enemies":"WA_ARCHETYPE_CALM","floor":33.0,"turns":9.0},{"damage":44.0,"enemies":"3 Darklings","floor":36.0,"turns":5.0},{"damage":17.0,"enemies":"3 Shapes","floor":37.0,"turns":6.0},{"damage":0.0,"enemies":"downfall:FleeingMerchant","floor":38.0,"turns":4.0},{"damage":16.0,"enemies":"Transient","floor":39.0,"turns":5.0},{"damage":50.0,"enemies":"2 Orb Walkers","floor":42.0,"turns":6.0},{"damage":41.0,"enemies":"Maw","floor":44.0,"turns":7.0},{"damage":0.0,"enemies":"Jaw Worm Horde","floor":45.0,"turns":5.0},{"damage":18,"enemies":"3 Darklings","floor":46,"turns":4}],"seed_played":"-5414360759380211591","potions_obtained":[{"floor":9.0,"key":"Energy Potion"},{"floor":10.0,"key":"SteroidPotion"},{"floor":15.0,"key":"EssenceOfSteel"},{"floor":21.0,"key":"bronze:CleanCodePotion"},{"floor":21.0,"key":"FairyPotion"},{"floor":21.0,"key":"Dexterity Potion"},{"floor":32.0,"key":"EssenceOfSteel"},{"floor":37.0,"key":"DistilledChaos"},{"floor":39.0,"key":"SpeedPotion"},{"floor":42.0,"key":"DistilledChaos"},{"floor":45.0,"key":"Dexterity Potion"}],"is_trial":false,"path_per_floor":["R","M","?","M","$","E","T","M","M","M","?","?","R","?","M","B",null,"R","M","?","?","M","M","T","?","R","M","?","$","R","$","M","B",null,"R","M","M","$","M","?","T","?","?","M","M","M"],"character_chosen":"THE_AUTOMATON","items_purchased":["bronze:BuggyMess","PreservedInsect","bronze:OilSpill"],"campfire_rested":2,"item_purchase_floors":[5,29,31],"current_hp_per_floor":[70,70,70,70,70,34,34,26,14,3,3,3,24,41,41,2,67,67,57,45,45,38,21,21,7,28,21,82,79,79,75,75,45,82,82,38,21,21,5,92,92,42,42,7,13,1,1],"gold":384,"neow_bonus":"THREE_ENEMY_KILL","is_daily":false,"chose_seed":false,"campfire_upgraded":3,"win_rate":0.0,"timestamp":1610867717,"path_taken":["R","M","?","?","$","E","T","M","M","M","?","?","R","?","M","BOSS","R","M","?","?","M","?","T","?","R","M","?","$","R","$","M","BOSS","R","M","M","$","M","?","T","?","?","M","?","M"],"items_purchased_type":["Card","Relic","Card"],"build_version":"2020-12-22","purchased_purges":1,"victory":false,"max_hp_per_floor":[70,70,70,70,70,70,70,70,70,70,70,70,70,70,70,70,67,67,67,72,72,72,72,72,72,72,72,82,82,82,82,82,82,82,82,82,82,82,82,92,92,92,92,92,92,92,92],"card_choices":[{"not_picked":["bronze:WhirlingStrike","bronze:Overheat"],"picked":"bronze:Repulsor","floor":2.0},{"not_picked":["bronze:Frontload","bronze:CutThrough"],"picked":"bronze:MaxOutput","floor":4.0},{"not_picked":["bronze:Turbo","bronze:Deprecate"],"picked":"bronze:OilSpill","floor":5.0},{"not_picked":["bronze:Repair","bronze:Optimize"],"picked":"bronze:Verify","floor":6.0},{"not_picked":["bronze:DelayedSlice","bronze:Invalidate+1","bronze:DarkDash"],"picked":"SKIP","floor":8.0},{"not_picked":["bronze:Optimize","bronze:Fortify","bronze:Turbo+1"],"picked":"SKIP","floor":9.0},{"not_picked":["bronze:CloningBeam","bronze:Branch"],"picked":"bronze:OilSpill","floor":10.0},{"not_picked":["bronze:Fortify","bronze:BitShift+1"],"picked":"bronze:Shield+1","floor":15.0},{"not_picked":["bronze:CleanCode","bronze:ThunderWave"],"picked":"bronze:Format+1","floor":16.0},{"not_picked":["bronze:Deprecate+1","bronze:Invalidate+1"],"picked":"bronze:BuggyMess+1","floor":19.0},{"not_picked":["bronze:Deprecate+1","bronze:Branch","bronze:Overheat"],"picked":"SKIP","floor":22.0},{"not_picked":["bronze:Frontload+1","bronze:Branch+1"],"picked":"bronze:Turbo+1","floor":23.0},{"not_picked":["bronze:Separator","bronze:Deprecate+1","bronze:NullPointer"],"picked":"SKIP","floor":27.0},{"not_picked":["bronze:Iterate+1","bronze:CutThrough"],"picked":"bronze:BitShift+1","floor":29.0},{"not_picked":["bronze:ForceShield+1","bronze:Constructor+1"],"picked":"bronze:CloningBeam","floor":31.0},{"not_picked":["bronze:FineTuning+1","bronze:DigitalCarnage"],"picked":"bronze:FollowUp","floor":32.0},{"not_picked":["bronze:AlphaBuild","bronze:HardenedForm"],"picked":"bronze:FindAndReplace+1","floor":33.0},{"not_picked":["bronze:Frontload+1","bronze:NullPointer+1"],"picked":"bronze:GetLatest+1","floor":36.0},{"not_picked":["bronze:WildBeam+1","bronze:Philosophize+1","bronze:DelayedSlice+1"],"picked":"SKIP","floor":37.0},{"not_picked":["bronze:NullPointer+1","bronze:OilSpill+1"],"picked":"bronze:Virus+1","floor":38.0},{"not_picked":["bronze:DelayedSlice+1","bronze:WhirlingStrike+1","bronze:BitShift+1"],"picked":"SKIP","floor":39.0},{"not_picked":["bronze:OilSpill+1","bronze:Deprecate+1"],"picked":"bronze:Refactor+1","floor":44.0},{"not_picked":["bronze:Constructor+1","bronze:Overheat+1","bronze:HyperBeam+1"],"picked":"SKIP","floor":45.0}],"player_experience":1369259,"relics_obtained":[{"floor":6.0,"key":"Torii"},{"floor":7.0,"key":"Toxic Egg 2"},{"floor":24.0,"key":"Incense Burner"},{"floor":34.0,"key":"Ancient Tea Set"},{"floor":34.0,"key":"Molten Egg 2"},{"floor":34.0,"key":"Unceasing Top"},{"floor":42.0,"key":"Bird Faced Urn"}],"event_choices":[{"damage_healed":17.0,"max_hp_gain":0.0,"max_hp_loss":0.0,"gold_gain":0.0,"event_name":"Mushrooms","player_choice":"Healed and dodged fight","floor":14.0,"gold_loss":0.0,"damage_taken":0.0,"cards_obtained":["Parasite"]},{"damage_healed":0.0,"max_hp_gain":0.0,"max_hp_loss":0.0,"gold_gain":0.0,"event_name":"Lab","player_choice":"Got Potions","floor":21.0,"gold_loss":0.0,"damage_taken":0.0},{"damage_healed":0.0,"max_hp_gain":0.0,"max_hp_loss":0.0,"gold_gain":0.0,"event_name":"Mysterious Sphere","player_choice":"Fight","floor":42.0,"gold_loss":0.0,"damage_taken":0.0}],"is_beta":false,"boss_relics":[{"not_picked":["Astrolabe","sneckomod:SneckoTalon"],"picked":"Empty Cage"},{"not_picked":["Velvet Choker","Fusion Hammer"],"picked":"Calling Bell"}],"items_purged_floors":[5],"is_endless":false,"potions_floor_spawned":[9,10,15,22,32,33,37,39,42,45],"killed_by":"3 Darklings","ascension_level":0}}