{"host":"hzyv8pm5uot6l4n9","time":1610915809,"event":{"mods":["Act Like it!","Aspiration","BaseMod","Better Note","Better Third Choice","BetterRewards","Conspire","Dota2Spire","Energized Spire","GifTheSpireLib","Halation","Hallownest","Marisa????????","Minty Spire (QoL Compilation)","QueenMod","Quick Restart","Replay The Spire","StSLib","Stuff the Spire","The Cursed","The Dragon Tamer","The Servant 0.9.4","vexMod"],"gold_per_floor":[115,115,127,127,141,170,170,16,42,42,42,6,21,46,46,142,142,162,174,84,101,217,217,246,263,263,263,325,351,367,394,394,491,491,509,484,32,32,7,7,7,7],"floor_reached":41,"language":"ENG","playtime":2399,"items_purged":[],"score":494,"play_id":"20d5b5e9-66ff-40bf-ba54-ca47ff3b772b","local_time":"20210117213649","is_ascension_mode":true,"campfire_choices":[{"data":"TheCursedMod:LuckyCharm","floor":7,"key":"SMITH"},{"floor":15,"key":"DIG"},{"floor":23,"key":"REST"},{"floor":27,"key":"REST"},{"data":"TheCursedMod:CursedWand","floor":32,"key":"SMITH"},{"floor":40,"key":"RECALL"}],"circlet_count":0,"master_deck":["TheCursedMod:Strike_TheCursed","TheCursedMod:Strike_TheCursed","TheCursedMod:Strike_TheCursed","TheCursedMod:Strike_TheCursed","TheCursedMod:Defend_TheCursed","TheCursedMod:Defend_TheCursed","TheCursedMod:Defend_TheCursed","TheCursedMod:Defend_TheCursed","TheCursedMod:CleanUpWorkshop","TheCursedMod:Dregs","TheCursedMod:CursedBoomerang","TheCursedMod:TroublousMinions","TheCursedMod:Obscuration","TheCursedMod:LuckyCharm+1","TheCursedMod:SoulCrush","TheCursedMod:FleshFromBone","TheCursedMod:ShockAndAwe","TheCursedMod:Neurasthenia","TheCursedMod:Torture","TheCursedMod:SpitefulStrike","TheCursedMod:HellfireBreathing+1","Shame","TheCursedMod:CursedWand+1","TheCursedMod:RavingStaff+1","TheCursedMod:ReleasedStrength","TheCursedMod:Wield","TheCursedMod:SurpriseAttack","TheCursedMod:SurpriseAttack","TheCursedMod:NeowsMight","TheCursedMod:Obscuration+1","TheCursedMod:CircleOfAbyss","TheCursedMod:VitalStrike"],"relics":["TheCursedMod:BlackMagic101","NeowsBlessing","Hallownest:DreamNailRelic","Vajra","conspire:TreasureMap","Happy Flower","Hallownest:TeacherSealRelic","Dota2Spire:LinkenSphere","Simple Rune","aspiration:RitualDagger","Hallownest:StagBellRelic1","StuffTheSpire:Mouthbags","Shuriken","vexMod:ScavengeHelm","energizedSpire:RedRose","Bag of Preparation","Calipers"],"acts_visited":["Exordium","Hallownest:Greenpath","Hallownest:CityofTears"],"potions_floor_usage":[13,14,16,25,28,28,41],"damage_taken":[{"damage":0,"enemies":"Hallownest:2_Baldur","floor":1,"turns":1},{"damage":0,"enemies":"Hallownest:2_Tiktiks_and_1_Crawlid","floor":3,"turns":1},{"damage":0,"enemies":"2_ Uuma","floor":5,"turns":1},{"damage":30,"enemies":"Hallownest:eliteCrystalGuardian","floor":6,"turns":8},{"damage":6,"enemies":"Hallownest:1_Ooma_and_2_Uuma","floor":13,"turns":5},{"damage":10,"enemies":"Hallownest:eliteMossKnight","floor":14,"turns":11},{"damage":33,"enemies":"Hallownest:BossBrokenVessel","floor":16,"turns":21},{"damage":44,"enemies":"Hallownest:Guard_and_Sentry","floor":18,"turns":8},{"damage":37,"enemies":"Hallownest:3_Youths","floor":19,"turns":10},{"damage":76,"enemies":"Hallownest:3_Mistakes","floor":21,"turns":14},{"damage":46,"enemies":"Hallownest:eliteSoulWarrior","floor":24,"turns":7},{"damage":15,"enemies":"Hallownest:Warrior_and_Youth","floor":25,"turns":5},{"damage":21,"enemies":"Hallownest:Glutton_and_Coward","floor":28,"turns":5},{"damage":28,"enemies":"Hallownest:monsterMisterMushroom","floor":30,"turns":5},{"damage":36,"enemies":"Hallownest:eliteWatcherKnight","floor":31,"turns":9},{"damage":37,"enemies":"Hallownest:BossSoulMaster","floor":33,"turns":9},{"damage":35,"enemies":"Hallownest:Shield_Heavy","floor":35,"turns":4},{"damage":98,"enemies":"Hallownest:eliteHiveKnight","floor":41,"turns":7}],"seed_played":"5228254888509261581","potions_obtained":[{"floor":5,"key":"Dota2Spire:HealingSalve"},{"floor":6,"key":"Explosive Potion"},{"floor":13,"key":"Weak Potion"},{"floor":16,"key":"LifebloodPotion"},{"floor":18,"key":"SpeedPotion"},{"floor":24,"key":"Dota2Spire:HealingSalve"},{"floor":25,"key":"Elixir"},{"floor":30,"key":"FairyPotion"},{"floor":33,"key":"Weak Potion"}],"is_trial":false,"path_per_floor":["M","?","M","?","M","E","R","$","T","?","$","$","M","E","R","B",null,"M","M","?","M","?","R","E","M","T","R","M","T","M","E","R","B",null,"M","?","$","?","$","R","E"],"character_chosen":"THE_CURSED","items_purchased":["conspire:TreasureMap","TheCursedMod:SoulCrush","Calipers","TheCursedMod:CircleOfAbyss","TheCursedMod:VitalStrike"],"campfire_rested":2,"item_purchase_floors":[8,12,37,37,39],"current_hp_per_floor":[75,75,75,75,75,45,45,45,45,45,45,45,39,35,35,2,75,31,69,69,17,17,39,10,15,15,37,27,27,13,31,31,35,75,56,56,56,56,56,56,0,0],"gold":7,"neow_bonus":"THREE_ENEMY_KILL","is_daily":false,"chose_seed":false,"campfire_upgraded":2,"win_rate":0.0,"timestamp":1610915809,"path_taken":["M","?","M","?","M","E","R","$","T","?","?","$","?","E","R","BOSS","M","M","?","M","?","R","E","M","T","R","M","?","M","E","R","BOSS","M","?","$","?","$","R","E"],"items_purchased_type":["Relic","Card","Relic","Card","Card"],"build_version":"2020-12-22","purchased_purges":0,"victory":false,"max_hp_per_floor":[75,75,75,75,75,75,75,75,75,75,75,75,75,75,75,75,75,75,75,75,75,75,75,75,75,75,75,75,75,75,75,75,75,75,75,75,75,75,75,75,75,75],"card_choices":[{"not_picked":["TheCursedMod:Torture","TheCursedMod:FleshFromBone"],"picked":"TheCursedMod:CursedBoomerang","floor":1},{"not_picked":["TheCursedMod:HellsGateOpen","TheCursedMod:RapidMovement"],"picked":"TheCursedMod:TroublousMinions","floor":3},{"not_picked":["TheCursedMod:CircleOfFlame","TheCursedMod:SurpriseAttack"],"picked":"TheCursedMod:Obscuration","floor":5},{"not_picked":["TheCursedMod:SpitefulStrike","TheCursedMod:Mangle"],"picked":"TheCursedMod:LuckyCharm","floor":6},{"not_picked":["TheCursedMod:RavingStaff","TheCursedMod:BloodBarrier"],"picked":"TheCursedMod:FleshFromBone","floor":13},{"not_picked":["TheCursedMod:CursedMace","TheCursedMod:PrepareRite"],"picked":"TheCursedMod:ShockAndAwe","floor":14},{"not_picked":["TheCursedMod:ParallelWorld","TheCursedMod:CollectTribute"],"picked":"TheCursedMod:Neurasthenia","floor":16},{"not_picked":["TheCursedMod:Obscuration","TheCursedMod:CircleOfBlood"],"picked":"TheCursedMod:Torture","floor":18},{"not_picked":["TheCursedMod:FleshFromBone","TheCursedMod:Stretching"],"picked":"TheCursedMod:SpitefulStrike","floor":19},{"not_picked":["TheCursedMod:SmokeScreen","TheCursedMod:CircleOfFlame"],"picked":"TheCursedMod:HellfireBreathing+1","floor":21},{"not_picked":["TheCursedMod:SpitefulStrike","TheCursedMod:TacticalStrike"],"picked":"TheCursedMod:RavingStaff+1","floor":24},{"not_picked":["TheCursedMod:SurpriseAttack","TheCursedMod:WearCloak"],"picked":"TheCursedMod:ReleasedStrength","floor":25},{"not_picked":["TheCursedMod:DemonicPact","TheCursedMod:CursedShiv"],"picked":"TheCursedMod:Wield","floor":28},{"not_picked":["TheCursedMod:RapidMovement","TheCursedMod:AbyssShockwave"],"picked":"TheCursedMod:SurpriseAttack","floor":30},{"not_picked":["TheCursedMod:TacticalStrike","TheCursedMod:BloodBarrier"],"picked":"TheCursedMod:SurpriseAttack","floor":31},{"not_picked":["TheCursedMod:Neurasthenia","TheCursedMod:StunningStrike"],"picked":"TheCursedMod:NeowsMight","floor":33},{"not_picked":["TheCursedMod:StingEye","TheCursedMod:CursedShiv+1"],"picked":"TheCursedMod:Obscuration+1","floor":35}],"player_experience":516830,"relics_obtained":[{"floor":6,"key":"Vajra"},{"floor":9,"key":"Happy Flower"},{"floor":14,"key":"Dota2Spire:LinkenSphere"},{"floor":15,"key":"Simple Rune"},{"floor":24,"key":"StuffTheSpire:Mouthbags"},{"floor":26,"key":"Shuriken"},{"floor":31,"key":"vexMod:ScavengeHelm"}],"event_choices":[],"is_beta":false,"boss_relics":[{"not_picked":["conspire:SlowCooker","Busted Crown"],"picked":"aspiration:RitualDagger"},{"not_picked":["ReplayTheSpireMod:DimensionalGlitch","aspiration:PoetsPen_weak"],"picked":"energizedSpire:RedRose"}],"items_purged_floors":[],"is_endless":false,"potions_floor_spawned":[5,6,13,16,18,24,25,30,33],"killed_by":"Hallownest:eliteHiveKnight","ascension_level":3}}