{"host":"hjqq38hu34hu2seo","time":1610868936,"event":{"mods":["AchievementEnabler","BaseMod","Better Third Choice","BetterRewards","Card Forge","Colored Map","Colored Powertips","DeckTracker","Highlight Path","Infinite Spire","Marisa????????","Minty Spire (QoL Compilation)","Quick Restart","StSLib","SuperFastMode","The Servant 0.9.4"],"gold_per_floor":[119,131,131,131,145,145,174,174,223,236,248,310,340,340,340,438,438,450,476,476,491,253,253,271,300,378,394,410,13,13,26,26,124,124,139,139,189,189,206,206,60,60,84,84,34,34,34],"floor_reached":46,"language":"ENG","playtime":1013,"items_purged":["Pain"],"score":471,"play_id":"bd2ea820-7a0c-423d-acf0-2ad8b2f9c59f","local_time":"20210117183536","is_ascension_mode":false,"campfire_choices":[{"floor":6,"key":"RECALL"},{"data":"Rip and Tear","floor":8,"key":"SMITH"},{"data":"Creative AI","floor":15,"key":"SMITH"},{"data":"Rainbow","floor":23,"key":"SMITH"},{"floor":32,"key":"REST"},{"floor":40,"key":"REST"},{"floor":42,"key":"REST"},{"data":"Electrodynamics","floor":44,"key":"SMITH"}],"circlet_count":0,"master_deck":["Strike_B+1","Strike_B+1","Strike_B+1","Strike_B+1","Defend_B+1","Defend_B+1","Defend_B+1","Defend_B+1","Zap+1","Dualcast+1","Self Repair+1","Streamline+1","Rip and Tear+1","Creative AI+1","Lockon+1","Rainbow+1","Panacea+1","Electrodynamics+1"],"relics":["Cracked Core","Hammer of Thor","Seething Fire","Anvil of the Gods","NeowsBlessing","Nunchaku","MealTicket","Bag of Preparation","infinitespire:PuzzleCube","Busted Crown","Red Mask","infinitespire:CheckeredPen","Smiling Mask","Gremlin Horn","StoneCalendar","WarpedTongs","SacredBark","CaptainsWheel","StrikeDummy","Lantern","Toy Ornithopter"],"acts_visited":["Exordium","TheCity","TheBeyond"],"potions_floor_usage":[16,25,33,33,33],"damage_taken":[{"damage":0,"enemies":"Small Slimes","floor":1,"turns":1},{"damage":0,"enemies":"Jaw Worm","floor":2,"turns":1},{"damage":0,"enemies":"Cultist","floor":5,"turns":1},{"damage":4,"enemies":"Lagavulin","floor":7,"turns":5},{"damage":0,"enemies":"2 Fungi Beasts","floor":10,"turns":2},{"damage":2,"enemies":"Large Slime","floor":11,"turns":3},{"damage":12,"enemies":"3 Sentries","floor":13,"turns":5},{"damage":41,"enemies":"Hexaghost","floor":16,"turns":10},{"damage":12,"enemies":"Shell Parasite","floor":18,"turns":4},{"damage":15,"enemies":"Masked Bandits","floor":19,"turns":4},{"damage":2,"enemies":"Spheric Guardian","floor":21,"turns":3},{"damage":6,"enemies":"Cultist and Chosen","floor":24,"turns":4},{"damage":15,"enemies":"Slavers","floor":25,"turns":2},{"damage":18,"enemies":"Centurion and Healer","floor":27,"turns":4},{"damage":21,"enemies":"Snake Plant","floor":28,"turns":3},{"damage":20,"enemies":"Sentry and Sphere","floor":31,"turns":4},{"damage":45,"enemies":"Collector","floor":33,"turns":7},{"damage":2,"enemies":"3 Shapes","floor":35,"turns":5},{"damage":62,"enemies":"2 Orb Walkers","floor":37,"turns":4},{"damage":14,"enemies":"Orb Walker","floor":39,"turns":3},{"damage":75,"enemies":"Giant Head","floor":46,"turns":7}],"seed_played":"-2363718270339350508","potions_obtained":[{"floor":5,"key":"Dexterity Potion"},{"floor":7,"key":"ColorlessPotion"},{"floor":16,"key":"LiquidBronze"},{"floor":19,"key":"FocusPotion"},{"floor":21,"key":"infinitespire:BlackPotion"},{"floor":28,"key":"Block Potion"},{"floor":33,"key":"Dexterity Potion"}],"is_trial":false,"path_per_floor":["M","M","?","?","M","R","E","R","T","M","M","?","E","?","R","B",null,"M","?","?","M","$","R","M","E","T","M","M","$","?","M","R","B",null,"M","?","?","T","M","R","$","R","T","R","$","E"],"character_chosen":"DEFECT","items_purchased":["infinitespire:CheckeredPen","StoneCalendar","Panacea","Lantern"],"campfire_rested":3,"item_purchase_floors":[22,29,29,41],"current_hp_per_floor":[75,75,75,75,75,75,75,75,75,75,75,75,73,73,73,42,75,73,68,68,75,75,75,75,60,60,52,41,56,56,46,68,33,75,75,75,23,23,19,41,56,75,75,75,75,0,0],"gold":34,"neow_bonus":"THREE_ENEMY_KILL","is_daily":false,"chose_seed":false,"campfire_upgraded":4,"win_rate":0.0,"timestamp":1610868936,"path_taken":["M","M","?","?","M","R","E","R","T","M","?","?","E","?","R","BOSS","M","?","?","?","$","R","M","E","T","M","M","?","?","?","R","BOSS","M","?","?","?","?","R","$","R","T","R","?","E"],"items_purchased_type":["Relic","Relic","Card","Relic"],"build_version":"2020-12-22","purchased_purges":1,"victory":false,"max_hp_per_floor":[75,75,75,75,75,75,75,75,75,75,75,75,75,75,75,75,75,75,75,75,75,75,75,75,75,75,75,75,75,75,75,75,75,75,75,75,75,75,75,75,75,75,75,75,75,75,75],"card_choices":[{"not_picked":["Undo","Glacier"],"picked":"Self Repair","floor":1},{"not_picked":["Blizzard","Barrage"],"picked":"Streamline","floor":2},{"not_picked":["Redo","Gash","Genetic Algorithm"],"picked":"SKIP","floor":5},{"not_picked":["Capacitor","Ball Lightning"],"picked":"Rip and Tear","floor":7},{"not_picked":["Ball Lightning","Force Field","Hologram"],"picked":"SKIP","floor":10},{"not_picked":["Compile Driver","Rip and Tear"],"picked":"Creative AI","floor":11},{"not_picked":["Cold Snap","Steam Power"],"picked":"Lockon","floor":13},{"not_picked":["Thunder Strike","Amplify"],"picked":"Rainbow","floor":16},{"not_picked":["Cold Snap+1"],"picked":"SKIP","floor":18},{"not_picked":["Melter"],"picked":"SKIP","floor":21},{"not_picked":["Force Field"],"picked":"SKIP","floor":24},{"not_picked":["Undo"],"picked":"SKIP","floor":25},{"not_picked":["Barrage"],"picked":"SKIP","floor":27},{"not_picked":["Compile Driver"],"picked":"SKIP","floor":28},{"not_picked":["Heatsinks"],"picked":"SKIP","floor":31},{"not_picked":["Heatsinks"],"picked":"SKIP","floor":31},{"not_picked":[],"picked":"Electrodynamics","floor":33},{"not_picked":["Conserve Battery"],"picked":"SKIP","floor":35},{"not_picked":["Compile Driver+1"],"picked":"SKIP","floor":39}],"player_experience":243030,"relics_obtained":[{"floor":3,"key":"Nunchaku"},{"floor":7,"key":"MealTicket"},{"floor":9,"key":"Bag of Preparation"},{"floor":13,"key":"infinitespire:PuzzleCube"},{"floor":19,"key":"Red Mask"},{"floor":25,"key":"Smiling Mask"},{"floor":26,"key":"Gremlin Horn"},{"floor":37,"key":"CaptainsWheel"},{"floor":38,"key":"StrikeDummy"},{"floor":43,"key":"Toy Ornithopter"}],"event_choices":[{"damage_healed":0,"gold_gain":0,"player_choice":"Ignored","damage_taken":0,"max_hp_gain":0,"max_hp_loss":0,"event_name":"Purifier","floor":4,"gold_loss":0},{"damage_healed":0,"gold_gain":62,"player_choice":"Gained Gold","damage_taken":0,"max_hp_gain":0,"max_hp_loss":0,"event_name":"Golden Wing","floor":12,"gold_loss":0},{"damage_healed":0,"gold_gain":0,"player_choice":"Leave","damage_taken":0,"max_hp_gain":0,"max_hp_loss":0,"event_name":"The Cleric","floor":14,"gold_loss":0},{"damage_healed":0,"gold_gain":0,"player_choice":"Fought Bandits","damage_taken":0,"max_hp_gain":0,"max_hp_loss":0,"event_name":"Masked Bandits","floor":19,"gold_loss":0},{"damage_healed":0,"gold_gain":0,"player_choice":"Bought 0 Potions","damage_taken":0,"max_hp_gain":0,"max_hp_loss":0,"event_name":"The Woman in Blue","floor":20,"gold_loss":0},{"damage_healed":0,"gold_gain":0,"player_choice":"Rummage","damage_taken":0,"relics_obtained":["WarpedTongs"],"max_hp_gain":0,"max_hp_loss":0,"event_name":"Accursed Blacksmith","floor":30,"gold_loss":0,"cards_obtained":["Pain"]},{"damage_healed":0,"gold_gain":0,"player_choice":"Memory 1","damage_taken":0,"max_hp_gain":0,"max_hp_loss":0,"event_name":"SensoryStone","floor":36,"gold_loss":0},{"damage_healed":0,"gold_gain":0,"player_choice":"Fight","damage_taken":0,"max_hp_gain":0,"max_hp_loss":0,"event_name":"Mysterious Sphere","floor":37,"gold_loss":0}],"is_beta":false,"boss_relics":[{"not_picked":["Cursed Key","Ectoplasm"],"picked":"Busted Crown"},{"not_picked":["Astrolabe","Fusion Hammer"],"picked":"SacredBark"}],"items_purged_floors":[45],"is_endless":false,"potions_floor_spawned":[5,7,16,19,21,28,33],"killed_by":"Giant Head","ascension_level":0}}