{"host":"0tiuc76yumknr6qf","time":1610853727,"event":{"mods":["Aspiration","BaseMod","Bestiary","Colored Map","DeckTracker","Highlight Path","Minty Spire (QoL Compilation)","StSLib"],"gold_per_floor":[110,110,110,128,141,141,90,90,90,115,115,115,128,138,138,212,212,225,225,243,260,185,185,197,197,197],"floor_reached":25,"language":"ENG","playtime":1254,"items_purged":[],"score":406,"play_id":"68f42eeb-7171-453a-accc-76abe8198dbe","local_time":"20210116212207","is_ascension_mode":true,"campfire_choices":[{"data":"Go for the Eyes","floor":6,"key":"SMITH"},{"data":"Streamline","floor":8,"key":"SMITH"},{"data":"White Noise","floor":15,"key":"SMITH"},{"floor":23,"key":"REST"}],"circlet_count":0,"master_deck":["AscendersBane","Strike_B","Strike_B","Defend_B","Defend_B","Defend_B","Defend_B","Zap","Dualcast","Undo","Go for the Eyes+1","Cold Snap","Streamline+1","Capacitor","White Noise+1","Gash","Skim","Creative AI","Conserve Battery","Gash","Stack","BootSequence"],"relics":["Cracked Core","aspiration:Nostalgia","Ring of the Snake","aspiration:FrozenJewel","Bottled Flame","aspiration:BursterCore"],"acts_visited":["Exordium","TheCity"],"potions_floor_usage":[10,16,20],"damage_taken":[{"damage":1,"enemies":"Cultist","floor":1,"turns":3},{"damage":7,"enemies":"Jaw Worm","floor":4,"turns":4},{"damage":7,"enemies":"Small Slimes","floor":5,"turns":3},{"damage":8,"enemies":"Lagavulin","floor":10,"turns":6},{"damage":0,"enemies":"Exordium Thugs","floor":13,"turns":4},{"damage":3,"enemies":"Large Slime","floor":14,"turns":7},{"damage":10,"enemies":"Slime Boss","floor":16,"turns":9},{"damage":5,"enemies":"Shell Parasite","floor":18,"turns":8},{"damage":21,"enemies":"Spheric Guardian","floor":20,"turns":6},{"damage":31,"enemies":"Centurion and Healer","floor":21,"turns":10},{"damage":13,"enemies":"Snake Plant","floor":24,"turns":4},{"damage":26,"enemies":"Sentry and Sphere","floor":25,"turns":5}],"seed_played":"-3093225379615696512","potions_obtained":[{"floor":3,"key":"Regen Potion"},{"floor":3,"key":"DistilledChaos"},{"floor":10,"key":"SpeedPotion"},{"floor":16,"key":"SpeedPotion"},{"floor":18,"key":"Strength Potion"}],"is_trial":false,"path_per_floor":["M","?","?","M","M","R","$","R","T","E","?","?","M","M","R","B",null,"M","?","M","M","?","R","M","M"],"character_chosen":"DEFECT","items_purchased":["Streamline"],"campfire_rested":1,"item_purchase_floors":[7],"current_hp_per_floor":[63,63,63,56,49,49,49,49,49,56,56,61,61,58,58,48,69,64,68,47,16,16,38,25,0,0],"gold":197,"neow_bonus":"NOSTALGIA","is_daily":false,"chose_seed":false,"campfire_upgraded":3,"win_rate":0.0,"timestamp":1610853727,"path_taken":["M","?","?","M","?","R","?","R","T","E","?","?","M","M","R","BOSS","M","?","M","M","?","R","M","M"],"items_purchased_type":["Card"],"build_version":"2020-12-22","purchased_purges":0,"victory":false,"max_hp_per_floor":[71,71,71,71,71,71,71,71,71,71,71,76,76,76,76,76,76,76,76,76,76,76,76,76,76,76],"card_choices":[{"not_picked":["Turbo","Barrage"],"picked":"Undo","floor":1},{"not_picked":["Consume","Turbo"],"picked":"Go for the Eyes","floor":4},{"not_picked":["Steam","Redo"],"picked":"Cold Snap","floor":5},{"not_picked":["Fusion","Steam"],"picked":"Capacitor","floor":10},{"not_picked":["Steam","Go for the Eyes"],"picked":"Gash","floor":13},{"not_picked":["Leap","Streamline"],"picked":"Skim","floor":14},{"not_picked":["Machine Learning","Seek"],"picked":"Creative AI","floor":16},{"not_picked":["Hologram","Streamline"],"picked":"Conserve Battery","floor":18},{"not_picked":["Redo","Loop"],"picked":"Gash","floor":20},{"not_picked":["Reprogram+1","Lockon"],"picked":"Stack","floor":21},{"not_picked":["Rebound","Turbo"],"picked":"BootSequence","floor":24}],"player_experience":1897532,"relics_obtained":[{"floor":9,"key":"aspiration:FrozenJewel"},{"floor":10,"key":"Bottled Flame"}],"event_choices":[{"damage_healed":0,"gold_gain":0,"player_choice":"Ignored","damage_taken":0,"max_hp_gain":0,"max_hp_loss":0,"event_name":"Golden Wing","floor":2,"gold_loss":0},{"damage_healed":0,"gold_gain":0,"player_choice":"Got Potions","damage_taken":0,"max_hp_gain":0,"max_hp_loss":0,"event_name":"Lab","floor":3,"gold_loss":0},{"damage_healed":0,"gold_gain":0,"cards_transformed":["Strike_B"],"player_choice":"Change","damage_taken":0,"max_hp_gain":0,"max_hp_loss":0,"event_name":"Living Wall","floor":11,"gold_loss":0,"cards_obtained":["White Noise"]},{"damage_healed":0,"gold_gain":0,"player_choice":"Donut","damage_taken":0,"max_hp_gain":5,"max_hp_loss":0,"event_name":"Big Fish","floor":12,"gold_loss":0},{"cards_removed":["Strike_B"],"damage_healed":0,"gold_gain":0,"player_choice":"Gave Gold","damage_taken":0,"max_hp_gain":0,"max_hp_loss":0,"event_name":"Beggar","floor":22,"gold_loss":75}],"is_beta":false,"boss_relics":[{"not_picked":["Snecko Eye","Cursed Key"],"picked":"aspiration:BursterCore"}],"items_purged_floors":[],"is_endless":false,"potions_floor_spawned":[5,10,13,16,18],"killed_by":"Sentry and Sphere","ascension_level":20}}