{"host":"btj53a7qlsawl9sy","time":1610868256,"event":{"mods":["ATMod(∞¢Ë™Mod)","Act Like it!","Arknights The Spire","BaseMod","Better Vampires","Colored Powertips","Dota2Spire","Gensokyo","Luminous","Marisa£®ÏF”Í°°ƒß¿Ì…≥£©","Marked Mod","Minty Spire (QoL Compilation)","Quick Restart","Reimu£®≤©¿ˆ¡È√Œ£©","Relic Stats","Remilia£®¿Ÿ√◊¿Ú—«£©","Replay The Spire","Spicy Shops","StSLib","The Administrix","The Servant 0.9.4","Yakumo Yukari mod","Youmu£®ªÍ∆«—˝√Œ£©","Yuyuko","vexMod","°æ“≈ŒÔø®≈∆°øREMEMod","≤–¡Ù÷ÆŒÔ"],"gold_per_floor":[110,85,97,113,113,113,128,128,128,144,174,174],"floor_reached":11,"language":"ZHS","playtime":400,"items_purged":[],"score":65,"play_id":"cf36dff1-6be5-4f3b-a6fd-a6f16ff82b92","local_time":"20210117152416","is_ascension_mode":false,"campfire_choices":[{"floor":6,"key":"REST"},{"floor":8,"key":"REST"}],"circlet_count":0,"master_deck":["Strike_P","Strike_P","Strike_P","Strike_P","Defend_P","Defend_P","Defend_P+1","Defend_P","Eruption","Vigilance+1","Eruption","PlaceholderMod:BaseDefend","DevaForm","AT_EssenceShift","Halt","AT_DivineConfetti","Replay:BluntJabs","Perseverance","Consecrate"],"relics":["PureWater","REME_ComplimentaryCards","AT_ATBox","Dota2Spire:CrimsonGuard"],"acts_visited":["Exordium"],"potions_floor_usage":[11,11],"damage_taken":[{"damage":2,"enemies":"Small Slimes","floor":1,"turns":5},{"damage":16,"enemies":"Jaw Worm","floor":3,"turns":4},{"damage":5,"enemies":"2 Louse","floor":4,"turns":3},{"damage":4,"enemies":"2 Fungi Beasts","floor":7,"turns":4},{"damage":0,"enemies":"Looter","floor":10,"turns":2},{"damage":80,"enemies":"Lagavulin","floor":11,"turns":6}],"seed_played":"749737753967753567","potions_obtained":[{"floor":4,"key":"REME_GoldPotion"},{"floor":10,"key":"Dota2Spire:HealingSalve"}],"is_trial":false,"path_per_floor":["M","?","M","M","?","R","M","R","T","M","E"],"character_chosen":"WATCHER","items_purchased":[],"campfire_rested":2,"item_purchase_floors":[],"current_hp_per_floor":[70,70,54,49,35,56,52,72,72,72,0,0],"gold":174,"neow_bonus":"THREE_RARE_CARDS","is_daily":false,"chose_seed":false,"campfire_upgraded":0,"win_rate":0.0,"timestamp":1610868256,"path_taken":["M","?","M","M","?","R","M","R","T","M","E"],"items_purchased_type":[],"build_version":"2020-12-22","purchased_purges":0,"victory":false,"max_hp_per_floor":[72,72,72,72,72,72,72,72,72,72,72,72],"relic_stats":{"counters":[6,24],"obtain_stats":[{"AT_ATBox":0,"Dota2Spire:CrimsonGuard":9,"PureWater":0,"REME_ComplimentaryCards":0},{"AT_ATBox":0,"Dota2Spire:CrimsonGuard":4,"PureWater":0,"REME_ComplimentaryCards":0},{"AT_ATBox":0,"Dota2Spire:CrimsonGuard":16,"PureWater":0,"REME_ComplimentaryCards":0}]},"card_choices":[{"not_picked":["Omniscience","Blasphemy"],"picked":"DevaForm","floor":0},{"not_picked":["Protect","JustLucky"],"picked":"Halt","floor":1},{"not_picked":["JustLucky","Protect"],"picked":"AT_DivineConfetti","floor":3},{"not_picked":["AT_DivineConfetti","Fasting2"],"picked":"Replay:BluntJabs","floor":4},{"not_picked":["Consecrate","MarkedMod:FirstStrike"],"picked":"Perseverance","floor":7},{"not_picked":["WindmillStrike","WheelKick"],"picked":"Consecrate","floor":10}],"player_experience":129479,"relics_obtained":[{"floor":9,"key":"Dota2Spire:CrimsonGuard"}],"event_choices":[{"damage_healed":0,"gold_gain":0,"player_choice":"Entered Light","damage_taken":14,"max_hp_gain":0,"max_hp_loss":0,"event_name":"Shining Light","floor":5,"gold_loss":0,"cards_upgraded":["Defend_P","Vigilance"]}],"is_beta":false,"boss_relics":[],"items_purged_floors":[],"is_endless":false,"potions_floor_spawned":[4,10],"killed_by":"Lagavulin","ascension_level":0}}