{"host":"dhlnk6yox2l1s6up","time":1610851973,"event":{"mods":["BaseMod","Colored Map","Highlight Path","Minty Spire (QoL Compilation)","Relic Stats","StSLib"],"gold_per_floor":[365,379,379,389,13,13,52,61,140,140,159,159,193,217,217,329,383,403,412,436,436,436,436,43,43,70,108,108,128,128,153,153,265,265,279,297,315,377,126,126,162,178,187,187,229,258,258,284,284,284,284,284,20,57,57],"floor_reached":56,"language":"ENG","playtime":27286,"items_purged":["Strike_P","Pain","ClearTheMind"],"score":1796,"play_id":"9d7bb83c-c281-4366-9481-acc50a9bd286","local_time":"20210116205253","is_ascension_mode":true,"campfire_choices":[{"data":"FlyingSleeves","floor":6.0,"key":"SMITH"},{"data":"FlyingSleeves","floor":10.0,"key":"SMITH"},{"data":"Vigilance","floor":12.0,"key":"SMITH"},{"floor":15.0,"key":"DIG"},{"floor":23.0,"key":"REST"},{"floor":25.0,"key":"DIG"},{"floor":28.0,"key":"DIG"},{"floor":32.0,"key":"DIG"},{"floor":40.0,"key":"RECALL"},{"floor":44.0,"key":"DIG"},{"floor":47.0,"key":"DIG"},{"floor":49.0,"key":"DIG"},{"floor":52.0,"key":"DIG"}],"circlet_count":0,"master_deck":["Eruption","Vigilance+1","Halt","FlyingSleeves+1","FlyingSleeves+1","JustLucky","EmptyFist","Wireheading","ThirdEye","DeceiveReality","Scrawl","Blasphemy","Perseverance","ClearTheMind","WreathOfFlame","DeusExMachina","MentalFortress+1","RitualDagger","FlurryOfBlows","Crescendo","CutThroughFate","SashWhip+1","Wallop","Establishment","Master of Strategy","Dark Shackles","Tantrum+1","Adaptation","MasterReality","Pain","ThirdEye","Evaluate+1","CutThroughFate+1","WaveOfTheHand+1"],"relics":["PureWater","Happy Flower","CeramicFish","WarpedTongs","Yang","Shovel","Regal Pillow","Pandora\u0027s Box","Nilry\u0027s Codex","HornCleat","Vajra","Potion Belt","Juzu Bracelet","TeardropLocket","Blue Candle","Cursed Key","Mango","Membership Card","Toy Ornithopter","Dream Catcher","Molten Egg 2","TungstenRod","InkBottle","Bottled Flame","ClockworkSouvenir","Calipers","Mercury Hourglass"],"acts_visited":["Exordium","TheCity","TheBeyond","TheEnding"],"potions_floor_usage":[55,55,55,55],"damage_taken":[{"damage":3.0,"enemies":"Small Slimes","floor":1.0,"turns":3.0},{"damage":0.0,"enemies":"2 Louse","floor":2.0,"turns":4.0},{"damage":0.0,"enemies":"Cultist","floor":4.0,"turns":3.0},{"damage":22.0,"enemies":"3 Sentries","floor":7.0,"turns":7.0},{"damage":5.0,"enemies":"Looter","floor":11.0,"turns":2.0},{"damage":6.0,"enemies":"Lagavulin","floor":13.0,"turns":5.0},{"damage":1.0,"enemies":"3 Louse","floor":14.0,"turns":3.0},{"damage":9.0,"enemies":"Hexaghost","floor":16.0,"turns":7.0},{"damage":6.0,"enemies":"3 Byrds","floor":18.0,"turns":5.0},{"damage":0.0,"enemies":"Spheric Guardian","floor":20.0,"turns":2.0},{"damage":0.0,"enemies":"Book of Stabbing","floor":27.0,"turns":5.0},{"damage":0.0,"enemies":"Snake Plant","floor":29.0,"turns":5.0},{"damage":0.0,"enemies":"Snecko","floor":31.0,"turns":2.0},{"damage":19.0,"enemies":"Automaton","floor":33.0,"turns":10.0},{"damage":0.0,"enemies":"3 Darklings","floor":35.0,"turns":7.0},{"damage":0.0,"enemies":"Orb Walker","floor":37.0,"turns":1.0},{"damage":0.0,"enemies":"2 Orb Walkers","floor":38.0,"turns":3.0},{"damage":20.0,"enemies":"Reptomancer","floor":41.0,"turns":3.0},{"damage":0.0,"enemies":"Maw","floor":42.0,"turns":7.0},{"damage":1.0,"enemies":"Giant Head","floor":45.0,"turns":3.0},{"damage":1.0,"enemies":"Writhing Mass","floor":46.0,"turns":4.0},{"damage":0.0,"enemies":"Spire Growth","floor":48.0,"turns":7.0},{"damage":21.0,"enemies":"Awakened One","floor":50.0,"turns":14.0},{"damage":0.0,"enemies":"Shield and Spear","floor":54.0,"turns":3.0},{"damage":56,"enemies":"The Heart","floor":55,"turns":11}],"seed_played":"-265826658651874540","potions_obtained":[{"floor":4.0,"key":"Energy Potion"},{"floor":13.0,"key":"SkillPotion"},{"floor":16.0,"key":"Regen Potion"},{"floor":18.0,"key":"StancePotion"},{"floor":29.0,"key":"CultistPotion"},{"floor":33.0,"key":"SkillPotion"},{"floor":35.0,"key":"Fruit Juice"},{"floor":42.0,"key":"Explosive Potion"},{"floor":46.0,"key":"GamblersBrew"},{"floor":48.0,"key":"Swift Potion"}],"is_trial":false,"path_per_floor":["M","M","?","M","$","R","E","?","T","R","M","R","E","M","R","B",null,"M","?","M","?","?","R","$","R","T","E","R","M","?","M","R","B",null,"M","?","M","?","$","R","E","M","T","R","E","M","R","M","R","B",null,"R","$","E","B",null],"character_chosen":"WATCHER","items_purchased":["Happy Flower","CultistPotion","JustLucky","HornCleat","Crescendo","Membership Card","Adaptation","Energy Potion","ClockworkSouvenir","Calipers","LiquidBronze"],"campfire_rested":1,"item_purchase_floors":[5,5,5,24,24,39,39,39,53,53,53],"current_hp_per_floor":[62,62,55,55,55,55,33,33,33,33,28,28,22,21,21,12,52,46,40,40,24,24,58,58,58,58,58,58,58,47,47,47,28,60,60,55,55,78,78,78,58,58,58,58,57,61,61,61,61,45,74,74,74,79,48],"gold":57,"neow_bonus":"TWO_FIFTY_GOLD","is_daily":false,"chose_seed":false,"campfire_upgraded":3,"win_rate":0.0,"timestamp":1610851973,"path_taken":["M","M","?","M","$","R","E","?","T","R","?","R","E","M","R","BOSS","M","?","M","?","?","R","$","R","T","E","R","M","?","M","R","BOSS","M","?","M","?","$","R","E","M","T","R","E","M","R","M","R","BOSS","R","$","E","BOSS"],"items_purchased_type":["Relic","Potion","Card","Relic","Card","Relic","Card","Potion","Relic","Relic","Potion"],"build_version":"2020-12-22","purchased_purges":3,"victory":true,"max_hp_per_floor":[65,65,65,65,65,65,65,65,65,65,65,65,65,65,65,65,65,65,65,65,65,65,65,65,65,65,65,65,65,70,70,70,70,70,70,70,70,84,84,84,84,84,84,84,84,84,84,84,84,84,84,84,84,84,89],"relic_stats":{"Regal Pillow":15,"Happy Flower":[38],"counters":[25,126],"CeramicFish":270,"Blue Candle":[6],"Yang":[320],"Juzu Bracelet":0,"Cursed Key":1,"WarpedTongs":[108],"Mercury Hourglass":[33],"Dream Catcher":0,"Shovel":8,"Pandora\u0027s Box":["Blasphemy","Perseverance","ClearTheMind","WreathOfFlame","DeusExMachina","ClearTheMind"],"obtain_stats":[{"Regal Pillow":15,"Calipers":53,"Nilry\u0027s Codex":21,"CeramicFish":7,"Vajra":25,"Yang":9,"Mango":38,"Juzu Bracelet":27,"TeardropLocket":28,"Cursed Key":34,"ClockworkSouvenir":53,"Dream Catcher":44,"Shovel":13,"HornCleat":24,"InkBottle":49,"Potion Belt":26,"Happy Flower":5,"Blue Candle":32,"WarpedTongs":8,"Mercury Hourglass":54,"Bottled Flame":52,"Pandora\u0027s Box":17,"Molten Egg 2":45,"Membership Card":39,"PureWater":0,"Toy Ornithopter":41,"TungstenRod":47},{"Regal Pillow":7,"Calipers":23,"Nilry\u0027s Codex":10,"CeramicFish":4,"Vajra":10,"Yang":4,"Mango":17,"Juzu Bracelet":11,"TeardropLocket":11,"Cursed Key":14,"ClockworkSouvenir":23,"Dream Catcher":19,"Shovel":6,"HornCleat":10,"InkBottle":22,"Potion Belt":10,"Happy Flower":3,"Blue Candle":13,"WarpedTongs":4,"Mercury Hourglass":24,"Bottled Flame":23,"Pandora\u0027s Box":8,"Molten Egg 2":20,"Membership Card":17,"PureWater":0,"Toy Ornithopter":18,"TungstenRod":21},{"Regal Pillow":27,"Calipers":112,"Nilry\u0027s Codex":41,"CeramicFish":17,"Vajra":41,"Yang":17,"Mango":74,"Juzu Bracelet":46,"TeardropLocket":46,"Cursed Key":63,"ClockworkSouvenir":112,"Dream Catcher":84,"Shovel":24,"HornCleat":41,"InkBottle":98,"Potion Belt":41,"Happy Flower":10,"Blue Candle":53,"WarpedTongs":17,"Mercury Hourglass":115,"Bottled Flame":112,"Pandora\u0027s Box":34,"Molten Egg 2":87,"Membership Card":74,"PureWater":0,"Toy Ornithopter":77,"TungstenRod":91}],"Toy Ornithopter":35,"TungstenRod":30,"InkBottle":[18]},"card_choices":[{"not_picked":["WreathOfFlame","ClearTheMind"],"picked":"Halt","floor":1.0},{"not_picked":["WindmillStrike","Protect"],"picked":"FlyingSleeves","floor":2.0},{"not_picked":["Crescendo","WindmillStrike"],"picked":"FlyingSleeves","floor":4.0},{"not_picked":["CarveReality","WindmillStrike"],"picked":"EmptyFist","floor":7.0},{"not_picked":["WreathOfFlame","EmptyFist"],"picked":"Wireheading","floor":11.0},{"not_picked":["Prostrate","SandsOfTime"],"picked":"ThirdEye","floor":13.0},{"not_picked":["Prostrate","BowlingBash"],"picked":"DeceiveReality","floor":14.0},{"not_picked":["ConjureBlade","SpiritShield"],"picked":"Scrawl","floor":16.0},{"not_picked":["BowlingBash+1","Indignation+1"],"picked":"MentalFortress+1","floor":18.0},{"not_picked":["PathToVictory","SignatureMove+1"],"picked":"FlurryOfBlows","floor":20.0},{"not_picked":["Worship","Crescendo"],"picked":"CutThroughFate","floor":27.0},{"not_picked":["BowlingBash","Protect"],"picked":"SashWhip+1","floor":29.0},{"not_picked":["FlurryOfBlows","EmptyBody"],"picked":"Wallop","floor":31.0},{"not_picked":["MasterReality","LessonLearned"],"picked":"Establishment","floor":33.0},{"not_picked":["FlurryOfBlows","Evaluate","BattleHymn"],"picked":"SKIP","floor":35.0},{"not_picked":["Bandage Up","Purity"],"picked":"Master of Strategy","floor":36.0},{"not_picked":["Transmutation","Flash of Steel"],"picked":"Dark Shackles","floor":36.0},{"not_picked":["EmptyFist+1","SashWhip","Prostrate+1"],"picked":"SKIP","floor":37.0},{"not_picked":["Study+1","PathToVictory"],"picked":"Tantrum+1","floor":38.0},{"not_picked":["BowlingBash","Wireheading+1"],"picked":"MasterReality","floor":41.0},{"not_picked":["PathToVictory+1","BowlingBash","Consecrate"],"picked":"SKIP","floor":42.0},{"not_picked":["Alpha","Crescendo"],"picked":"ThirdEye","floor":45.0},{"not_picked":["CutThroughFate+1","JustLucky+1"],"picked":"Evaluate+1","floor":46.0},{"not_picked":["Prostrate+1","Consecrate+1"],"picked":"CutThroughFate+1","floor":48.0},{"not_picked":["EmptyFist+1","DeceiveReality+1"],"picked":"WaveOfTheHand+1","floor":54.0}],"player_experience":5830015,"relics_obtained":[{"floor":7.0,"key":"CeramicFish"},{"floor":9.0,"key":"Yang"},{"floor":13.0,"key":"Shovel"},{"floor":15.0,"key":"Regal Pillow"},{"floor":21.0,"key":"Nilry\u0027s Codex"},{"floor":25.0,"key":"Vajra"},{"floor":26.0,"key":"Potion Belt"},{"floor":27.0,"key":"Juzu Bracelet"},{"floor":28.0,"key":"TeardropLocket"},{"floor":32.0,"key":"Blue Candle"},{"floor":38.0,"key":"Mango"},{"floor":41.0,"key":"Toy Ornithopter"},{"floor":44.0,"key":"Dream Catcher"},{"floor":45.0,"key":"Molten Egg 2"},{"floor":47.0,"key":"TungstenRod"},{"floor":49.0,"key":"InkBottle"},{"floor":52.0,"key":"Bottled Flame"},{"floor":54.0,"key":"Mercury Hourglass"}],"event_choices":[{"cards_removed":["Defend_P"],"damage_healed":0.0,"max_hp_gain":0.0,"max_hp_loss":0.0,"gold_gain":0.0,"event_name":"Golden Wing","player_choice":"Card Removal","floor":3.0,"gold_loss":0.0,"damage_taken":7.0},{"damage_healed":0.0,"max_hp_gain":0.0,"max_hp_loss":0.0,"gold_gain":0.0,"event_name":"Accursed Blacksmith","player_choice":"Rummage","floor":8.0,"gold_loss":0.0,"damage_taken":0.0,"relics_obtained":["WarpedTongs"],"cards_obtained":["Pain"]},{"damage_healed":0.0,"max_hp_gain":0.0,"max_hp_loss":0.0,"gold_gain":0.0,"event_name":"Nest","player_choice":"Joined the Cult","floor":19.0,"gold_loss":0.0,"damage_taken":6.0,"cards_obtained":["RitualDagger"]},{"damage_healed":0.0,"max_hp_gain":0.0,"max_hp_loss":0.0,"gold_gain":0.0,"event_name":"Cursed Tome","player_choice":"Obtained Book","floor":21.0,"gold_loss":0.0,"damage_taken":16.0},{"damage_healed":0.0,"max_hp_gain":0.0,"max_hp_loss":0.0,"gold_gain":0.0,"event_name":"Vampires","player_choice":"Ignored","floor":22.0,"gold_loss":0.0,"damage_taken":0.0},{"damage_healed":0.0,"max_hp_gain":5.0,"max_hp_loss":0.0,"gold_gain":0.0,"event_name":"Forgotten Altar","player_choice":"Shed Blood","floor":30.0,"gold_loss":0.0,"damage_taken":16.0},{"damage_healed":0.0,"max_hp_gain":0.0,"max_hp_loss":0.0,"gold_gain":0.0,"event_name":"SensoryStone","player_choice":"Memory 2","floor":36.0,"gold_loss":0.0,"damage_taken":5.0},{"damage_healed":0.0,"max_hp_gain":0.0,"max_hp_loss":0.0,"gold_gain":0.0,"event_name":"Mysterious Sphere","player_choice":"Fight","floor":38.0,"gold_loss":0.0,"damage_taken":0.0}],"is_beta":false,"boss_relics":[{"not_picked":["Runic Pyramid","SacredBark"],"picked":"Pandora\u0027s Box"},{"not_picked":["Runic Dome","Empty Cage"],"picked":"Cursed Key"}],"items_purged_floors":[5,24,39],"is_endless":false,"potions_floor_spawned":[4,13,16,18,29,33,35,42,46,48],"ascension_level":8}}