{"host":"mal0jdk4f6ubgyb8","time":1610879192,"event":{"mods":["100% Spire Juice","Act Like it!","Arknights The Spire","Aspiration","BaseMod","Gensokyo","Hallownest","Koishi","Luminous","Marisa£®ÏF”Í°°ƒß¿Ì…≥£©","Minty Spire (QoL Compilation)","Quick Restart","Reimu£®≤©¿ˆ¡È√Œ£©","Relic Stats","Remilia£®¿Ÿ√◊¿Ú—«£©","StSLib","The Bug Knight","WarShipGirlsR/’ΩΩ¢…Ÿ≈ÆR mod","Yakumo Yukari mod","Youmu£®ªÍ∆«—˝√Œ£©","Yuri Mod","Yuyuko"],"gold_per_floor":[117,117,117,134,150,150,184,184,211,229,264,264,280,280,280,376,376,395,118,28,41,52,78,96,130,130,130,52,52,83,83,83,181,181,191,191,204,204,219,219,199,227,227,281,295,67,81,116,116,116,116,116,41,74,74,74],"floor_reached":55,"language":"ZHS","playtime":4940,"items_purged":["ats:Strike V"],"score":793,"play_id":"3016e77c-6024-4afc-9f68-3c5dcbcfd6b9","local_time":"20210117182632","is_ascension_mode":false,"campfire_choices":[{"floor":6.0,"key":"RECALL"},{"data":"ats:Ignite","floor":8.0,"key":"SMITH"},{"data":"ats:Ambush","floor":12.0,"key":"SMITH"},{"floor":15.0,"key":"REST"},{"data":"ats:Part Time Job","floor":32.0,"key":"SMITH"},{"data":"ats:Roar Of Ursus","floor":40.0,"key":"SMITH"},{"data":"ats:Dogmatic Field","floor":49.0,"key":"SMITH"},{"data":"ats:Composite Medical Shells","floor":52,"key":"SMITH"}],"circlet_count":0,"master_deck":["ats:Strike C","ats:Strike G","ats:Strike S","ats:Armor Crushing Shot","ats:Emotion Absorption","ats:Thorns+1","Hallownest:skillSlugHide","Hallownest:skillSlugHide","Hallownest:skillSlugHide","Hallownest:skillSlugHide","Hallownest:skillSlugHide","ats:Explosion Area Strengthen","ats:Very Hot Blade","ats:Ignite+1","ats:Revitalization","ats:Ambush+1","ats:Shell Defense","ats:Calcification","ats:Revitalization+1","ats:Part Time Job+1","ats:Apocalypse","ats:Encircling Forest+1","ats:Ignite+1","ats:Encircling Forest+1","ats:Demon Strength+1","ats:Burning Ground","ats:Burning Ground","ats:Overload","ats:Roar Of Ursus+1","ats:Burning Ground+1","ats:Healing Strengthening+1","ats:Blood Oath","ats:Dogmatic Field+1","ats:Calcification","ats:Curse Doll+1","ats:Composite Medical Shells+1","ats:Magnetic Hammer+1","ats:Thermite Blade"],"relics":["ats:Sanity","NeowsBlessing","ats:Originium","Potion Belt","Mercury Hourglass","Coffee Dripper","Vajra","Hallownest:StagBellRelic1","Tiny Chest","Bag of Marbles","Incense Burner","Kunai","Mastiff:ReiMu","Sozu","ats:Bonebreaker","Blue Candle","Ancient Tea Set","ats:Cure","Sundial"],"acts_visited":["Exordium","Hallownest:Greenpath","Hallownest:CityofTears","TheEnding"],"potions_floor_usage":[55],"damage_taken":[{"damage":0.0,"enemies":"Hallownest:monsterHuskGuard","floor":1.0,"turns":1.0},{"damage":0.0,"enemies":"Hallownest:2_Baldur","floor":4.0,"turns":1.0},{"damage":0.0,"enemies":"Hallownest:2_Tiktiks_and_1_Crawlid","floor":5.0,"turns":1.0},{"damage":30.0,"enemies":"Hallownest:eliteVengeflyKing","floor":7.0,"turns":10.0},{"damage":10.0,"enemies":"Hallownest:Wandering_and_Horned","floor":10.0,"turns":6.0},{"damage":44.0,"enemies":"Hallownest:eliteCrystalGuardian","floor":11.0,"turns":8.0},{"damage":0.0,"enemies":"Hallownest:monsterMossCharger","floor":13.0,"turns":4.0},{"damage":64.0,"enemies":"Hallownest:BossHornet","floor":16.0,"turns":19.0},{"damage":9.0,"enemies":"Hallownest:Flukemon_and_Top","floor":18.0,"turns":6.0},{"damage":10.0,"enemies":"Hallownest:Guard_and_Sentry","floor":21.0,"turns":6.0},{"damage":4.0,"enemies":"Hallownest:Master_and_Novice","floor":22.0,"turns":5.0},{"damage":24.0,"enemies":"Hallownest:eliteWatcherKnight","floor":23.0,"turns":18.0},{"damage":10.0,"enemies":"Hallownest:Warrior_and_Youth","floor":24.0,"turns":6.0},{"damage":28.0,"enemies":"Hallownest:eliteSoulWarrior","floor":25.0,"turns":11.0},{"damage":26.0,"enemies":"Hallownest:eliteSoulWarrior","floor":29.0,"turns":5.0},{"damage":66.0,"enemies":"Hallownest:eliteWatcherKnight","floor":30.0,"turns":14.0},{"damage":39.0,"enemies":"Hallownest:BossMantisLord","floor":33.0,"turns":8.0},{"damage":24.0,"enemies":"Hallownest:3_Siblings","floor":35.0,"turns":9.0},{"damage":37.0,"enemies":"Hallownest:Shield_Heavy","floor":37.0,"turns":5.0},{"damage":38.0,"enemies":"Hallownest:Shield_Sturdy","floor":39.0,"turns":6.0},{"damage":43.0,"enemies":"Hallownest:eliteHiveKnight","floor":42.0,"turns":11.0},{"damage":63.0,"enemies":"Hallownest:2_Wandering_and_1_Horned","floor":45.0,"turns":6.0},{"damage":29.0,"enemies":"Hallownest:monsterPrimalAspid","floor":47.0,"turns":5.0},{"damage":14.0,"enemies":"Hallownest:StalkingDevout","floor":48.0,"turns":8.0},{"damage":45,"enemies":"Hallownest:Radiance","floor":50,"turns":13},{"damage":39,"enemies":"Shield and Spear","floor":54,"turns":6},{"damage":160,"enemies":"The Heart","floor":55,"turns":8}],"seed_played":"-3877718434360317067","potions_obtained":[{"floor":1.0,"key":"Weak Potion"},{"floor":5.0,"key":"PowerPotion"},{"floor":7.0,"key":"ats:Emergency Sanity Potion"},{"floor":10.0,"key":"FearPotion"},{"floor":21.0,"key":"FairyPotion"},{"floor":24.0,"key":"SkillPotion"},{"floor":30.0,"key":"DuplicationPotion"}],"is_trial":false,"path_per_floor":["M","?","?","M","M","R","E","R","T","M","E","R","M","?","R","B",null,"M","$","?","M","M","E","M","E","T","?","$","?","E","T","R","B",null,"M","?","M","?","M","R","?","E","T","T","M","$","M","E","R","B",null,"R","$","E","B"],"character_chosen":"DOCTOR_CLASS","items_purchased":["ats:Part Time Job","Vajra","ats:Apocalypse","ats:Burning Ground","ats:Cure","ats:Composite Medical Shells"],"campfire_rested":1,"item_purchase_floors":[19,19,19,28,46,46],"current_hp_per_floor":[72,72,72,72,72,72,42,42,42,32,22,22,22,13,34,53,72,72,72,72,68,72,62,70,72,72,72,72,61,72,72,72,65,72,72,72,56,56,41,41,41,61,61,61,52,52,46,72,72,72,72,72,72,55,0,0],"gold":74,"neow_bonus":"THREE_ENEMY_KILL","is_daily":false,"chose_seed":false,"campfire_upgraded":6,"win_rate":0.0,"timestamp":1610879192,"path_taken":["M","?","?","M","M","R","E","R","T","M","E","R","M","?","R","BOSS","M","$","?","M","M","E","?","E","T","?","$","?","E","?","R","BOSS","M","?","M","?","M","R","?","E","T","?","M","$","M","E","R","BOSS","R","$","E","BOSS"],"items_purchased_type":["Card","Relic","Card","Card","Relic","Card"],"build_version":"2020-12-22","purchased_purges":1,"victory":false,"max_hp_per_floor":[72,72,72,72,72,72,72,72,72,72,72,72,72,72,72,72,72,72,72,72,72,72,72,72,72,72,72,72,72,72,72,72,72,72,72,72,72,72,72,72,72,72,72,72,72,72,72,72,72,72,72,72,72,72,72,72],"relic_stats":{"Sozu":3,"counters":[27,200],"Sundial":[0],"Blue Candle":[0],"Tiny Chest":2,"Kunai":[10],"obtain_stats":[{"Potion Belt":7,"Hallownest:StagBellRelic1":20,"NeowsBlessing":0,"Blue Candle":43,"Vajra":19,"Incense Burner":26,"ats:Cure":46,"Ancient Tea Set":44,"Mercury Hourglass":11,"Sozu":34,"ats:Originium":7,"Mastiff:ReiMu":31,"Sundial":54,"Tiny Chest":23,"Coffee Dripper":17,"Bag of Marbles":25,"ats:Sanity":0,"Kunai":30,"ats:Bonebreaker":42},{"Potion Belt":4,"Hallownest:StagBellRelic1":9,"NeowsBlessing":0,"Blue Candle":21,"Vajra":9,"Incense Burner":14,"ats:Cure":22,"Ancient Tea Set":21,"Mercury Hourglass":6,"Sozu":17,"ats:Originium":4,"Mastiff:ReiMu":16,"Sundial":26,"Tiny Chest":12,"Coffee Dripper":8,"Bag of Marbles":14,"ats:Sanity":0,"Kunai":16,"ats:Bonebreaker":21},{"Potion Belt":13,"Hallownest:StagBellRelic1":54,"NeowsBlessing":0,"Blue Candle":155,"Vajra":54,"Incense Burner":99,"ats:Cure":161,"Ancient Tea Set":155,"Mercury Hourglass":26,"Sozu":125,"ats:Originium":13,"Mastiff:ReiMu":117,"Sundial":192,"Tiny Chest":83,"Coffee Dripper":48,"Bag of Marbles":99,"ats:Sanity":0,"Kunai":117,"ats:Bonebreaker":155}],"Mercury Hourglass":[546]},"card_choices":[{"not_picked":["ats:Poison Spread","ats:Neurotoxin"],"picked":"ats:Thorns","floor":1.0},{"not_picked":["ats:Steam Pump","ats:Cat Scratch"],"picked":"ats:Explosion Area Strengthen","floor":4.0},{"not_picked":["ats:Beaten Up","ats:Hammer On"],"picked":"ats:Very Hot Blade","floor":5.0},{"not_picked":["ats:Childhood Dance","ats:Hammer On"],"picked":"ats:Ignite","floor":7.0},{"not_picked":["ats:LN2 Cannon","ats:Closed Bolt Burst Fire"],"picked":"ats:Revitalization","floor":10.0},{"not_picked":["ats:Magnetic Hammer","ats:Leaping Hammer"],"picked":"ats:Ambush","floor":11.0},{"not_picked":["ats:Rapid Magazine","ats:Spore Proliferation"],"picked":"ats:Shell Defense","floor":13.0},{"not_picked":["ats:Disruption Kick","ats:Nebulous Foxfire"],"picked":"ats:Calcification","floor":16.0},{"not_picked":["ats:Sunburst+1","ats:Poison Spread"],"picked":"ats:Revitalization+1","floor":18.0},{"not_picked":["ats:Rapid Magazine","ats:Flexible Camouflage"],"picked":"ats:Encircling Forest+1","floor":21.0},{"not_picked":["ats:Rapid Magazine","ats:Shell Defense"],"picked":"ats:Ignite+1","floor":22.0},{"not_picked":["ats:Assault Order","ats:Curse Doll"],"picked":"ats:Encircling Forest+1","floor":23.0},{"not_picked":["ats:Sword Rain","ats:Ignite+1"],"picked":"ats:Demon Strength+1","floor":24.0},{"not_picked":["ats:Durian","ats:Assault Order"],"picked":"ats:Burning Ground","floor":25.0},{"not_picked":["ats:Childhood Dance+1","ats:Poison Spread"],"picked":"ats:Overload","floor":30.0},{"not_picked":["ats:Disruption Kick","ats:Wolf Pack"],"picked":"ats:Roar Of Ursus","floor":33.0},{"not_picked":["ats:Assault Order+1","ats:Apocalypse"],"picked":"ats:Burning Ground+1","floor":35.0},{"not_picked":["ats:Leaping Hammer+1","ats:Childhood Dance"],"picked":"ats:Healing Strengthening+1","floor":37.0},{"not_picked":["ats:Consecutive Shot Auto+1","ats:Flexible Camouflage+1"],"picked":"ats:Blood Oath","floor":39.0},{"not_picked":[],"picked":"ats:Dogmatic Field","floor":41.0},{"not_picked":["ats:Rapid Magazine","ats:Ignite"],"picked":"ats:Calcification","floor":42.0},{"not_picked":["ats:Powerful Strike+1","ats:Revitalization+1"],"picked":"ats:Curse Doll+1","floor":45.0},{"not_picked":["ats:Shell Defense","ats:Support Order+1"],"picked":"ats:Magnetic Hammer+1","floor":47.0},{"not_picked":["ats:Leaping Hammer","ats:Ignite","ats:Apocalypse+1"],"picked":"SKIP","floor":48.0},{"not_picked":["ats:Flexible Camouflage+1","ats:Poison Spread+1"],"picked":"ats:Thermite Blade","floor":54}],"player_experience":323195,"relics_obtained":[{"floor":7.0,"key":"ats:Originium"},{"floor":7.0,"key":"Potion Belt"},{"floor":11.0,"key":"ats:Originium"},{"floor":11.0,"key":"Mercury Hourglass"},{"floor":23.0,"key":"ats:Originium"},{"floor":23.0,"key":"Tiny Chest"},{"floor":25.0,"key":"Bag of Marbles"},{"floor":26.0,"key":"Incense Burner"},{"floor":30.0,"key":"Kunai"},{"floor":31.0,"key":"Mastiff:ReiMu"},{"floor":42.0,"key":"ats:Bonebreaker"},{"floor":43.0,"key":"Blue Candle"},{"floor":44.0,"key":"Ancient Tea Set"},{"floor":54,"key":"Sundial"}],"event_choices":[],"is_beta":false,"boss_relics":[{"not_picked":["Runic Pyramid","RedLine:ReiMu"],"picked":"Coffee Dripper"},{"not_picked":["aspiration:SecretTechniqueScroll","SacredBark"],"picked":"Sozu"}],"items_purged_floors":[53],"is_endless":false,"potions_floor_spawned":[1,5,7,10,21,24,29,30,37,39,47],"killed_by":"The Heart","ascension_level":0}}