{"host":"5icjlaq41ghjcr7h","time":1610910866,"event":{"mods":["AchievementEnabler","BaseMod","Colored Map","Minty Spire (QoL Compilation)","SuperFastMode","everything is the same but u backflip on backflip"],"gold_per_floor":[111,111,126,137,149,184,184,184,184],"floor_reached":8,"language":"KOR","playtime":183,"items_purged":[],"score":61,"play_id":"067c685f-43df-46b8-8384-a590d873946f","local_time":"20210118041426","is_ascension_mode":true,"campfire_choices":[{"data":"Eruption","floor":7,"key":"SMITH"}],"circlet_count":0,"master_deck":["Strike_P","Strike_P","Strike_P","Strike_P","Defend_P","Defend_P","Defend_P","Defend_P","Eruption+1","Vigilance","Crescendo","InnerPeace+1","FlurryOfBlows","DevaForm"],"relics":["PureWater","NeowsBlessing","Toxic Egg 2","The Courier"],"acts_visited":["Exordium"],"potions_floor_usage":[5],"damage_taken":[{"damage":0,"enemies":"Small Slimes","floor":1,"turns":1},{"damage":0,"enemies":"Jaw Worm","floor":3,"turns":1},{"damage":0,"enemies":"Cultist","floor":4,"turns":1},{"damage":13,"enemies":"3 Louse","floor":5,"turns":3},{"damage":36,"enemies":"Lagavulin","floor":6,"turns":5},{"damage":28,"enemies":"3 Sentries","floor":8,"turns":3}],"seed_played":"8975399574744349396","potions_obtained":[{"floor":4,"key":"LiquidBronze"}],"is_trial":false,"path_per_floor":["M","?","M","M","M","E","R","E"],"character_chosen":"WATCHER","items_purchased":[],"campfire_rested":0,"item_purchase_floors":[],"current_hp_per_floor":[72,69,69,69,56,20,20,0,0],"gold":184,"neow_bonus":"THREE_ENEMY_KILL","is_daily":false,"chose_seed":false,"campfire_upgraded":1,"win_rate":0.0,"timestamp":1610910866,"path_taken":["M","?","M","M","M","E","R","E"],"items_purchased_type":[],"build_version":"2020-12-22","purchased_purges":0,"victory":false,"max_hp_per_floor":[72,72,72,72,72,72,72,72,72],"card_choices":[{"not_picked":["Collect","CrushJoints"],"picked":"Crescendo","floor":1},{"not_picked":["ClearTheMind+1","Halt+1"],"picked":"InnerPeace+1","floor":3},{"not_picked":["Evaluate+1","DeceiveReality+1"],"picked":"FlurryOfBlows","floor":4},{"not_picked":["CrushJoints","Vengeance+1"],"picked":"DevaForm","floor":5},{"not_picked":["Prostrate+1","SandsOfTime","CutThroughFate"],"picked":"SKIP","floor":6}],"player_experience":147592,"relics_obtained":[{"floor":6,"key":"The Courier"}],"event_choices":[{"damage_healed":0,"gold_gain":0,"player_choice":"Success","damage_taken":3,"relics_obtained":["Toxic Egg 2"],"max_hp_gain":0,"max_hp_loss":0,"event_name":"Scrap Ooze","floor":2,"gold_loss":0}],"is_beta":false,"boss_relics":[],"items_purged_floors":[],"is_endless":false,"potions_floor_spawned":[4],"killed_by":"3 Sentries","ascension_level":1}}