{"host":"oeotdbd679q6m6vu","time":1610877582,"event":{"mods":["Act Like it!","BaseMod","Colored Map","Decade(Õı–°√˜)","Downfall","Friendly Minions","Gensokyo","GifTheSpireLib","Highlight Path","Marisa£®ÏF”Í°°ƒß¿Ì…≥£©","Minty Spire (QoL Compilation)","Rare Cards Sparkle","Reimu£®≤©¿ˆ¡È√Œ£©","StSLib","The Animator","Youmu£®ªÍ∆«—˝√Œ£©"],"gold_per_floor":[99,112,129,146,159,69,69,86,105,117,117,117,117,117],"floor_reached":12,"language":"ZHS","playtime":474,"items_purged":["hexamod:Strike"],"score":74,"play_id":"9690ba76-a2c3-4c45-9296-eccbf4723fd3","local_time":"20210117045942","is_ascension_mode":false,"campfire_choices":[{"data":"Apotheosis","floor":1,"key":"SMITH"}],"circlet_count":0,"master_deck":["hexamod:Strike","hexamod:Strike","hexamod:Strike","hexamod:Defend","hexamod:Defend","hexamod:Defend","hexamod:Defend","hexamod:Sear","hexamod:Float","Apotheosis+1","hexamod:FastForward","hexamod:HeatCrush","hexamod:FourthSeal","hexamod:SpectralSpark"],"relics":["hexamod:SpiritBrand","Smiling Mask"],"acts_visited":["Exordium"],"potions_floor_usage":[10,12,12],"damage_taken":[{"damage":0,"enemies":"Cultist","floor":2,"turns":3},{"damage":2,"enemies":"2 Louse","floor":3,"turns":3},{"damage":3,"enemies":"Small Slimes","floor":4,"turns":3},{"damage":11,"enemies":"Exordium Wildlife","floor":5,"turns":5},{"damage":0,"enemies":"downfall:FleeingMerchant","floor":6,"turns":4},{"damage":2,"enemies":"Exordium Thugs","floor":8,"turns":3},{"damage":0,"enemies":"Exordium Wildlife","floor":9,"turns":3},{"damage":0,"enemies":"3 Louse","floor":10,"turns":2},{"damage":43,"enemies":"Gremlin Nob","floor":12,"turns":4}],"seed_played":"-6904247371430893674","potions_obtained":[{"floor":3,"key":"SpeedPotion"},{"floor":5,"key":"SpeedPotion"},{"floor":8,"key":"MagicPotion:ReiMu"}],"is_trial":false,"path_per_floor":["R","M","M","M","M","$","T","M","M","M","?","E"],"character_chosen":"THE_SPIRIT","items_purchased":[],"campfire_rested":0,"item_purchase_floors":[],"current_hp_per_floor":[49,49,47,44,33,33,33,31,31,31,28,0,0,0],"gold":117,"neow_bonus":"RANDOM_COLORLESS_2","is_daily":false,"chose_seed":false,"campfire_upgraded":1,"win_rate":0.0,"timestamp":1610877582,"path_taken":["R","M","M","M","?","?","T","M","?","M","?","E"],"items_purchased_type":[],"build_version":"2020-12-22","purchased_purges":1,"victory":false,"max_hp_per_floor":[70,70,70,70,70,70,70,70,70,70,70,70,70,70],"card_choices":[{"not_picked":["Mayhem","Magnetism"],"picked":"Apotheosis","floor":0},{"not_picked":["hexamod:EtherealExpedition","hexamod:Firestarter","hexamod:Incineration"],"picked":"SKIP","floor":2},{"not_picked":["hexamod:HauntingEcho","hexamod:ThermalTransfer","hexamod:NightmareGuise"],"picked":"SKIP","floor":3},{"not_picked":["hexamod:RadiantFlame","hexamod:BurningTouch"],"picked":"hexamod:FastForward","floor":4},{"not_picked":["hexamod:HeatMetal","hexamod:GhostLash"],"picked":"hexamod:HeatCrush","floor":5},{"not_picked":["hexamod:GhostShield","hexamod:FlamesFromBeyond","hexamod:NightmareGuise"],"picked":"SKIP","floor":6},{"not_picked":["hexamod:NecessarySacrifice","hexamod:AdvancingGuard","hexamod:GhostflameBarrier"],"picked":"SKIP","floor":8},{"not_picked":["hexamod:SpectralAdrenaline","hexamod:NightmareGuise"],"picked":"hexamod:FourthSeal","floor":9},{"not_picked":["hexamod:ShieldOfDarkness","hexamod:AdvancingGuard"],"picked":"hexamod:SpectralSpark","floor":10}],"player_experience":347673,"relics_obtained":[],"event_choices":[{"damage_healed":0,"gold_gain":0,"player_choice":"Success","damage_taken":3,"relics_obtained":["Smiling Mask"],"max_hp_gain":0,"max_hp_loss":0,"event_name":"Scrap Ooze","floor":11,"gold_loss":0}],"is_beta":false,"boss_relics":[],"items_purged_floors":[6],"is_endless":false,"potions_floor_spawned":[3,5,8,9],"killed_by":"Gremlin Nob","ascension_level":0}}