{"host":"odz7g4gpgch153rb","time":1610908615,"event":{"mods":["AchievementEnabler","BaseMod","Better Match","Better Third Choice","BetterRewards","GifTheSpireLib","Infinite Spire","Jedi Mod","Minty Spire (QoL Compilation)","Quick Restart","Replay The Spire","Spikes Relics","StSLib","Stuff the Spire","The Blue Laboratory","Trackpad"],"gold_per_floor":[110,110,120,120,120,120,148,148,148,17,17,34,45,74,74,151,151,167,167,167,179,199,199,219,219,219],"floor_reached":25,"language":"ENG","playtime":1208,"items_purged":["Strike_G"],"score":460,"play_id":"b17c1f03-054a-4ddb-ac25-1a87f824da1f","local_time":"20210117133655","is_ascension_mode":true,"campfire_choices":[{"data":"StuffTheSpire:Innocence","floor":6,"key":"SMITH"},{"data":"Bane","floor":8,"key":"SMITH"},{"data":"Noxious Fumes","floor":11,"key":"SMITH"},{"data":"Neutralize","floor":23,"key":"SMITH"}],"circlet_count":0,"master_deck":["AscendersBane","Strike_G","Strike_G","Strike_G","Defend_G","Defend_G","Defend_G","Defend_G","Defend_G","Survivor","Neutralize+1","Bane+1","StuffTheSpire:Innocence+1","Noxious Fumes+1","Noxious Fumes+1","jedi:pocketpoison","Venomology","Bane"],"relics":["Ring of the Snake","NeowsBlessing","Snake Skull","Replay:Kaleidoscope","Bird Faced Urn"],"acts_visited":["Exordium","TheCity"],"potions_floor_usage":[14,16,18,18,21,22,24,25,25],"damage_taken":[{"damage":0,"enemies":"2 Louse","floor":1,"turns":1},{"damage":0,"enemies":"Small Slimes","floor":3,"turns":1},{"damage":0,"enemies":"3 Sentries","floor":7,"turns":1},{"damage":0,"enemies":"Jaw Worm","floor":12,"turns":3},{"damage":13,"enemies":"Exordium Thugs","floor":13,"turns":4},{"damage":10,"enemies":"Lagavulin","floor":14,"turns":5},{"damage":18,"enemies":"Slime Boss","floor":16,"turns":8},{"damage":5,"enemies":"Chosen","floor":18,"turns":6},{"damage":1,"enemies":"3 Byrds","floor":21,"turns":4},{"damage":20,"enemies":"Cultist and Chosen","floor":22,"turns":5},{"damage":29,"enemies":"Snake Plant","floor":24,"turns":5},{"damage":27,"enemies":"Snecko","floor":25,"turns":5}],"seed_played":"-5965057140143935967","potions_obtained":[{"floor":3,"key":"PowerPotion"},{"floor":13,"key":"Reflective Coating"},{"floor":14,"key":"blueLaboratory:NinjaPotion"},{"floor":16,"key":"EssenceOfSteel"},{"floor":18,"key":"Block Potion"}],"is_trial":false,"path_per_floor":["M","?","M","?","?","R","E","R","T","$","R","M","M","E","R","B",null,"M","?","?","M","M","R","M","M"],"character_chosen":"THE_SILENT","items_purchased":["Noxious Fumes"],"campfire_rested":0,"item_purchase_floors":[10],"current_hp_per_floor":[59,59,59,59,49,49,49,49,49,49,49,49,36,26,45,31,57,56,56,56,59,43,43,16,0,0],"gold":219,"neow_bonus":"THREE_ENEMY_KILL","is_daily":false,"chose_seed":false,"campfire_upgraded":4,"win_rate":0.0,"timestamp":1610908615,"path_taken":["M","?","M","?","?","R","E","R","T","$","R","M","M","E","R","BOSS","M","?","?","M","M","R","?","?"],"items_purchased_type":["Card"],"build_version":"2020-12-22","purchased_purges":1,"victory":false,"max_hp_per_floor":[66,66,66,66,66,66,66,66,66,66,66,66,66,66,66,66,66,66,66,66,66,66,66,66,66,66],"card_choices":[{"not_picked":["ReplayTheSpireMod:Exploit Weakness","Riddle With Holes"],"picked":"Bane","floor":1},{"not_picked":["PiercingWail","Underhanded Strike","Prepared"],"picked":"SKIP","floor":3},{"not_picked":["StuffTheSpire:Fury","StuffTheSpire:DoubleShiv","Dagger Throw"],"picked":"SKIP","floor":7},{"not_picked":["Prepared","Backstab"],"picked":"jedi:pocketpoison","floor":12},{"not_picked":["StuffTheSpire:BumpUp","jedi:poisonivy","StuffTheSpire:FinalStruggle"],"picked":"SKIP","floor":13},{"not_picked":["jedi:collectorvenom","ReplayTheSpireMod:Necrosis","Dodge and Roll"],"picked":"SKIP","floor":14},{"not_picked":["Grand Finale","Storm of Steel"],"picked":"Venomology","floor":16},{"not_picked":["StuffTheSpire:BumpUp","StuffTheSpire:Python","StuffTheSpire:Injection"],"picked":"SKIP","floor":18},{"not_picked":["Blade Dance+1","Dash+1","Hidden Blade"],"picked":"SKIP","floor":21},{"not_picked":["StuffTheSpire:Python","Flying Knee","Predator+1"],"picked":"SKIP","floor":22},{"not_picked":["ReplayTheSpireMod:Exploit Weakness","Doppelganger"],"picked":"Bane","floor":24}],"player_experience":1057350,"relics_obtained":[{"floor":7,"key":"Snake Skull"},{"floor":9,"key":"Replay:Kaleidoscope"},{"floor":14,"key":"Bird Faced Urn"}],"event_choices":[{"damage_healed":0,"gold_gain":0,"player_choice":"Ignored","damage_taken":120,"max_hp_gain":0,"max_hp_loss":0,"event_name":"betterThird:BetterSerpent","floor":4,"gold_loss":0},{"cards_removed":["Strike_G"],"damage_healed":0,"gold_gain":0,"player_choice":"Offered Basic","damage_taken":0,"max_hp_gain":0,"max_hp_loss":0,"event_name":"Bonfire Elementals","floor":20,"gold_loss":0}],"is_beta":false,"boss_relics":[{"not_picked":["HoveringKite","jedi:battlestandard","Fusion Hammer"]}],"items_purged_floors":[10],"is_endless":false,"potions_floor_spawned":[3,13,14,16,18],"killed_by":"Snecko","ascension_level":19}}