{"host":"5icjlaq41ghjcr7h","time":1610914713,"event":{"mods":["AchievementEnabler","BaseMod","Colored Map","Minty Spire (QoL Compilation)","SuperFastMode","everything is the same but u backflip on backflip"],"gold_per_floor":[109,284,284,301,251,279,279,45,45,57,57,57,75,93,93,192,192,209,209,229,328,345,345,370,386,386,409,436,436,451,464,464,565,565,578,628,652,445,461,490,507,542,565,279,279,279,298,314,314,314,314,314,94,119,119],"floor_reached":56,"language":"KOR","playtime":1929,"items_purged":["Strike_B","Doubt","Defend_B","Defend_B"],"score":1489,"play_id":"4ac264dc-d6ba-41b3-9d95-895416560431","local_time":"20210118051833","is_ascension_mode":true,"campfire_choices":[{"floor":7,"key":"RECALL"},{"data":"Double Energy","floor":11,"key":"SMITH"},{"data":"Go for the Eyes","floor":15,"key":"SMITH"},{"data":"Defragment","floor":23,"key":"SMITH"},{"data":"Electrodynamics","floor":29,"key":"SMITH"},{"floor":32,"key":"REST"},{"floor":45,"key":"REST"},{"floor":49,"key":"REST"},{"data":"Biased Cognition","floor":52,"key":"SMITH"}],"circlet_count":0,"master_deck":["Strike_B+1","Defend_B","Defend_B","Zap","Dualcast+1","Coolheaded+1","All For One+1","Go for the Eyes+1","Double Energy+1","Conserve Battery","Electrodynamics","CurseOfTheBell","Conserve Battery","Defragment+1","Turbo","Genetic Algorithm+1","Electrodynamics+1","Static Discharge+1","Glacier+1","Biased Cognition+1","Chill","Capacitor","Cold Snap","White Noise","Chill+1","Blizzard","Conserve Battery+1","Reinforced Body+1","Thunder Strike","Hello World"],"relics":["Cracked Core","NeowsBlessing","Pantograph","Membership Card","Pear","Calling Bell","Bronze Scales","Mummified Hand","Gambling Chip","Singing Bowl","Sundial","Happy Flower","Matryoshka","Inserter","Unceasing Top","Whetstone","Incense Burner","Dream Catcher","PreservedInsect","Strawberry","Blood Vial","Vajra","Bottled Lightning","Anchor","War Paint"],"acts_visited":["Exordium","TheCity","TheBeyond","TheEnding"],"potions_floor_usage":[10,16,22,24,28,30,40,42,55,55],"damage_taken":[{"damage":0,"enemies":"2 Louse","floor":1,"turns":1},{"damage":0,"enemies":"Small Slimes","floor":4,"turns":1},{"damage":0,"enemies":"Gremlin Nob","floor":6,"turns":1},{"damage":3,"enemies":"Jaw Worm","floor":10,"turns":4},{"damage":1,"enemies":"3 Louse","floor":13,"turns":3},{"damage":11,"enemies":"Exordium Thugs","floor":14,"turns":4},{"damage":70,"enemies":"Hexaghost","floor":16,"turns":18},{"damage":3,"enemies":"Chosen","floor":18,"turns":3},{"damage":9,"enemies":"Shell Parasite","floor":20,"turns":3},{"damage":16,"enemies":"Centurion and Healer","floor":22,"turns":5},{"damage":22,"enemies":"Slavers","floor":24,"turns":2},{"damage":0,"enemies":"Cultist and Chosen","floor":25,"turns":3},{"damage":15,"enemies":"Book of Stabbing","floor":28,"turns":3},{"damage":19,"enemies":"Snake Plant","floor":30,"turns":3},{"damage":18,"enemies":"Shelled Parasite and Fungi","floor":31,"turns":3},{"damage":24,"enemies":"Collector","floor":33,"turns":11},{"damage":1,"enemies":"Orb Walker","floor":35,"turns":4},{"damage":8,"enemies":"Mind Bloom Boss Battle","floor":36,"turns":9},{"damage":13,"enemies":"3 Darklings","floor":39,"turns":2},{"damage":20,"enemies":"Reptomancer","floor":40,"turns":3},{"damage":16,"enemies":"Jaw Worm Horde","floor":41,"turns":3},{"damage":17,"enemies":"Nemesis","floor":42,"turns":7},{"damage":6,"enemies":"Sphere and 2 Shapes","floor":47,"turns":4},{"damage":35,"enemies":"Spire Growth","floor":48,"turns":5},{"damage":20,"enemies":"Donu and Deca","floor":50,"turns":6},{"damage":34,"enemies":"Shield and Spear","floor":54,"turns":5},{"damage":59,"enemies":"The Heart","floor":55,"turns":8}],"seed_played":"4553851585494100556","potions_obtained":[{"floor":1,"key":"LiquidMemories"},{"floor":10,"key":"FairyPotion"},{"floor":13,"key":"Dexterity Potion"},{"floor":18,"key":"Swift Potion"},{"floor":20,"key":"FearPotion"},{"floor":25,"key":"AttackPotion"},{"floor":28,"key":"Ancient Potion"},{"floor":36,"key":"FearPotion"},{"floor":40,"key":"PowerPotion"},{"floor":48,"key":"SpeedPotion"}],"is_trial":false,"path_per_floor":["M","?","?","M","?","E","R","$","T","M","R","?","M","M","R","B",null,"M","?","M","?","M","R","E","M","T","T","E","R","M","M","R","B",null,"M","?","T","$","M","E","M","E","T","$","R","?","M","M","R","B",null,"R","$","E","B",null],"character_chosen":"DEFECT","items_purchased":["Membership Card","Go for the Eyes","Double Energy","Cold Snap","Incense Burner","Vajra","Bottled Lightning","Conserve Battery","Anchor","AttackPotion","SkillPotion","Hello World"],"campfire_rested":3,"item_purchase_floors":[8,8,8,38,38,44,44,44,53,53,53,53],"current_hp_per_floor":[75,75,60,60,60,60,60,60,70,67,67,60,59,48,48,3,85,82,82,73,73,57,57,35,35,35,35,22,22,5,26,52,53,89,88,81,81,81,68,48,34,17,24,24,53,53,49,18,50,57,102,102,102,70,38],"gold":119,"neow_bonus":"THREE_ENEMY_KILL","is_daily":false,"chose_seed":false,"campfire_upgraded":5,"win_rate":0.0,"timestamp":1610914713,"path_taken":["M","?","?","M","?","E","R","$","T","M","R","?","M","M","R","BOSS","M","?","M","?","M","R","E","M","T","?","E","R","M","M","R","BOSS","M","?","?","$","M","E","M","E","T","$","R","?","M","M","R","BOSS","R","$","E","BOSS"],"items_purchased_type":["Relic","Card","Card","Card","Relic","Relic","Relic","Card","Relic","Potion","Potion","Card"],"build_version":"2020-12-22","purchased_purges":4,"victory":true,"max_hp_per_floor":[75,75,75,75,75,75,75,75,85,85,85,85,85,85,85,85,85,85,85,85,85,85,85,85,85,85,85,87,87,89,89,89,89,89,89,89,89,89,89,89,91,91,98,98,98,98,98,100,102,102,102,102,102,104,104],"card_choices":[{"not_picked":["Heatsinks","Sweeping Beam"],"picked":"Coolheaded","floor":1},{"not_picked":["Reprogram","Compile Driver","Sweeping Beam"],"picked":"SKIP","floor":4},{"not_picked":["Conserve Battery","Compile Driver"],"picked":"All For One","floor":6},{"not_picked":["Hologram","Tempest"],"picked":"FTL","floor":10},{"not_picked":["Double Energy","Fusion"],"picked":"Conserve Battery","floor":13},{"not_picked":["Sunder","Aggregate","Lockon"],"picked":"SKIP","floor":14},{"not_picked":["Biased Cognition","Multi-Cast"],"picked":"Electrodynamics","floor":16},{"not_picked":["Coolheaded+1","Compile Driver"],"picked":"Conserve Battery","floor":18},{"not_picked":["Hologram","BootSequence"],"picked":"Turbo","floor":20},{"not_picked":["Auto Shields","Melter"],"picked":"Genetic Algorithm","floor":22},{"not_picked":["Stack+1","Force Field"],"picked":"Electrodynamics","floor":24},{"not_picked":["Doom and Gloom+1","Rebound+1"],"picked":"Static Discharge+1","floor":25},{"not_picked":["Leap+1","FTL","Redo"],"picked":"Singing Bowl","floor":28},{"not_picked":["Gash","Turbo","Rip and Tear"],"picked":"Singing Bowl","floor":30},{"not_picked":["Hello World","Sunder"],"picked":"Glacier+1","floor":31},{"not_picked":["Electrodynamics","Hyperbeam"],"picked":"Biased Cognition","floor":33},{"not_picked":["Go for the Eyes+1","Rebound+1"],"picked":"Chill","floor":35},{"not_picked":["Chaos","Melter+1"],"picked":"Capacitor","floor":36},{"not_picked":["Cold Snap+1","Darkness+1"],"picked":"White Noise","floor":39},{"not_picked":["Glacier","Sweeping Beam+1"],"picked":"Chill+1","floor":40},{"not_picked":["Turbo","Sweeping Beam","White Noise"],"picked":"Singing Bowl","floor":41},{"not_picked":["Loop+1","Go for the Eyes+1"],"picked":"Blizzard","floor":42},{"not_picked":["Compile Driver","Leap+1"],"picked":"Reinforced Body+1","floor":45},{"not_picked":["Redo","Compile Driver"],"picked":"Thunder Strike","floor":47},{"not_picked":["Leap+1","Compile Driver","Streamline+1"],"picked":"Singing Bowl","floor":48},{"not_picked":["Barrage","Doom and Gloom","Compile Driver"],"picked":"Singing Bowl","floor":49},{"not_picked":["Go for the Eyes+1","BootSequence","Auto Shields"],"picked":"Singing Bowl","floor":54}],"player_experience":149635,"relics_obtained":[{"floor":6,"key":"Pantograph"},{"floor":9,"key":"Pear"},{"floor":17,"key":"Bronze Scales"},{"floor":17,"key":"Mummified Hand"},{"floor":17,"key":"Gambling Chip"},{"floor":24,"key":"Singing Bowl"},{"floor":26,"key":"Sundial"},{"floor":27,"key":"Happy Flower"},{"floor":28,"key":"Matryoshka"},{"floor":36,"key":"Unceasing Top"},{"floor":37,"key":"Whetstone"},{"floor":40,"key":"Dream Catcher"},{"floor":42,"key":"PreservedInsect"},{"floor":43,"key":"Strawberry"},{"floor":43,"key":"Blood Vial"},{"floor":54,"key":"War Paint"}],"event_choices":[{"damage_healed":0,"gold_gain":175,"player_choice":"AGREE","damage_taken":0,"max_hp_gain":0,"max_hp_loss":0,"event_name":"Liars Game","floor":2,"gold_loss":0,"cards_obtained":["Doubt"]},{"damage_healed":0,"gold_gain":0,"player_choice":"Entered Light","damage_taken":15,"max_hp_gain":0,"max_hp_loss":0,"event_name":"Shining Light","floor":3,"gold_loss":0,"cards_upgraded":["Coolheaded","Dualcast"]},{"cards_removed":["Strike_B"],"damage_healed":0,"gold_gain":0,"player_choice":"Card Removal","damage_taken":0,"max_hp_gain":0,"max_hp_loss":0,"event_name":"The Cleric","floor":5,"gold_loss":50},{"cards_removed":["Strike_B"],"damage_healed":0,"gold_gain":0,"player_choice":"Card Removal","damage_taken":7,"max_hp_gain":0,"max_hp_loss":0,"event_name":"Golden Wing","floor":12,"gold_loss":0},{"damage_healed":0,"gold_gain":0,"player_choice":"Read","damage_taken":0,"max_hp_gain":0,"max_hp_loss":0,"event_name":"The Library","floor":19,"gold_loss":0,"cards_obtained":["Defragment"]},{"damage_healed":0,"gold_gain":99,"player_choice":"Stole From Cult","damage_taken":0,"max_hp_gain":0,"max_hp_loss":0,"event_name":"Nest","floor":21,"gold_loss":0},{"damage_healed":0,"gold_gain":0,"player_choice":"Fight","damage_taken":0,"max_hp_gain":0,"max_hp_loss":0,"event_name":"MindBloom","floor":36,"gold_loss":0},{"cards_removed":["FTL"],"damage_healed":0,"gold_gain":0,"player_choice":"Removed Attack","damage_taken":0,"max_hp_gain":0,"max_hp_loss":0,"event_name":"Falling","floor":46,"gold_loss":0}],"is_beta":false,"boss_relics":[{"not_picked":["Runic Pyramid","Velvet Choker"],"picked":"Calling Bell"},{"not_picked":["SlaversCollar","Pandora\u0027s Box"],"picked":"Inserter"}],"items_purged_floors":[8,38,44,53],"is_endless":false,"potions_floor_spawned":[1,10,13,18,20,25,28,36,40,48],"ascension_level":3}}