{"host":"l4kdldlios54gl54","time":1610927182,"event":{"mods":["AchievementEnabler","BaseMod","Colored Map","Colored Powertips","Minty Spire (QoL Compilation)","Random Character Button"],"gold_per_floor":[112,122,122,142,142,175,193,193,243,6,6,6,6,24,24,98,98,110,122,122,122,22,22,22,22],"floor_reached":24,"language":"ENG","playtime":597,"items_purged":["Strike_R","Strike_R"],"score":388,"play_id":"74ac7f91-5f9c-4bee-a22d-738cea082812","local_time":"20210118004622","is_ascension_mode":true,"campfire_choices":[{"data":"Hemokinesis","floor":8,"key":"SMITH"},{"data":"Rampage","floor":15,"key":"SMITH"},{"floor":23,"key":"REST"}],"circlet_count":0,"master_deck":["AscendersBane","Strike_R","Strike_R","Strike_R","Defend_R","Defend_R","Defend_R","Defend_R","Bash","Cleave","Rage","Hemokinesis+1","Rampage+1","Barricade+1","Entrench","Power Through"],"relics":["Burning Blood","NeowsBlessing","NlothsMask","Ornamental Fan","Orichalcum","Frozen Egg 2","Cursed Key"],"acts_visited":["Exordium","TheCity"],"potions_floor_usage":[6,16,16,18],"damage_taken":[{"damage":0,"enemies":"Small Slimes","floor":1,"turns":1},{"damage":0,"enemies":"Cultist","floor":2,"turns":1},{"damage":0,"enemies":"2 Louse","floor":4,"turns":1},{"damage":44,"enemies":"3 Sentries","floor":6,"turns":7},{"damage":29,"enemies":"Exordium Wildlife","floor":7,"turns":5},{"damage":10,"enemies":"Blue Slaver","floor":14,"turns":3},{"damage":33,"enemies":"Slime Boss","floor":16,"turns":7},{"damage":34,"enemies":"Spheric Guardian","floor":18,"turns":6},{"damage":29,"enemies":"3 Byrds","floor":19,"turns":7},{"damage":29,"enemies":"Snake Plant","floor":24,"turns":4}],"seed_played":"6463531426797951499","potions_obtained":[{"floor":1,"key":"Strength Potion"},{"floor":3,"key":"AttackPotion"},{"floor":3,"key":"CultistPotion"},{"floor":7,"key":"SkillPotion"},{"floor":16,"key":"EssenceOfSteel"}],"is_trial":false,"path_per_floor":["M","M","?","M","?","E","M","R","T","$","?","$","T","M","R","B",null,"M","M","$","?","$","R","M"],"character_chosen":"IRONCLAD","items_purchased":["Orichalcum"],"campfire_rested":1,"item_purchase_floors":[10],"current_hp_per_floor":[74,75,75,75,75,37,14,14,14,14,39,39,39,35,35,8,58,30,7,7,7,7,29,0,0],"gold":22,"neow_bonus":"THREE_ENEMY_KILL","is_daily":false,"chose_seed":false,"campfire_upgraded":2,"win_rate":0.0,"timestamp":1610927182,"path_taken":["M","M","?","?","?","E","?","R","T","$","?","?","?","M","R","BOSS","M","M","$","?","$","R","M"],"items_purchased_type":["Relic"],"build_version":"2020-12-22","purchased_purges":2,"victory":false,"max_hp_per_floor":[75,75,75,75,75,75,75,75,75,75,75,75,75,75,75,75,75,75,75,75,75,75,75,75,75],"card_choices":[{"not_picked":["Spot Weakness","Headbutt"],"picked":"Cleave","floor":1},{"not_picked":["Anger","Havoc"],"picked":"Rage","floor":2},{"not_picked":["Perfected Strike","Carnage"],"picked":"Hemokinesis","floor":4},{"not_picked":["Clothesline","Thunderclap"],"picked":"Rampage","floor":6},{"not_picked":["Whirlwind","Headbutt","Warcry"],"picked":"SKIP","floor":7},{"not_picked":["Havoc","Body Slam","Iron Wave"],"picked":"SKIP","floor":14},{"not_picked":["Bludgeon","Exhume"],"picked":"Barricade+1","floor":16},{"not_picked":["Sword Boomerang","Flex"],"picked":"Entrench","floor":18},{"not_picked":["Perfected Strike","Anger"],"picked":"Power Through","floor":19}],"player_experience":874318,"relics_obtained":[{"floor":6,"key":"Ornamental Fan"},{"floor":13,"key":"Frozen Egg 2"}],"event_choices":[{"damage_healed":0,"gold_gain":0,"player_choice":"Got Potions","damage_taken":0,"max_hp_gain":0,"max_hp_loss":0,"event_name":"Lab","floor":3,"gold_loss":0},{"damage_healed":0,"gold_gain":0,"player_choice":"Trade","damage_taken":0,"relics_obtained":["NlothsMask"],"max_hp_gain":0,"max_hp_loss":0,"event_name":"FaceTrader","floor":5,"gold_loss":0},{"damage_healed":25,"gold_gain":0,"player_choice":"Banana","damage_taken":0,"max_hp_gain":0,"max_hp_loss":0,"event_name":"Big Fish","floor":11,"gold_loss":0},{"damage_healed":0,"gold_gain":0,"player_choice":"0 cards matched","damage_taken":0,"max_hp_gain":0,"max_hp_loss":0,"event_name":"Match and Keep!","floor":21,"gold_loss":0,"cards_obtained":[]}],"is_beta":false,"boss_relics":[{"not_picked":["Astrolabe","Tiny House"],"picked":"Cursed Key"}],"items_purged_floors":[10,22],"is_endless":false,"potions_floor_spawned":[1,7,16],"killed_by":"Snake Plant","ascension_level":20}}