{"host":"sc0o2qwpf9j16a4i","time":1610901210,"event":{"mods":["AchievementEnabler","BaseMod","BetterRewards","Block Reminder","Colored Map","Colored Powertips","Custom Start","Highlight Path","Minty Spire (QoL Compilation)","Relic Stats"],"gold_per_floor":[113,126,126,126,140,166,166,193,217,217,42,67,67,78,78,154,154,172,87,87,87,87,87,104,137,162,21,21,55,55,86,86,160,160,172,189,189,189,214,214,249,249,249,280,280,280,329,339,339,339,339,339],"floor_reached":51,"language":"ENG","playtime":1543,"items_purged":["Strike_G","Strike_G+1"],"score":2171,"play_id":"55ff90a2-a136-4a12-b235-16a8475bf9b4","local_time":"20210117183330","is_ascension_mode":true,"campfire_choices":[{"floor":7,"key":"REST"},{"floor":10,"key":"REST"},{"data":"Poisoned Stab","floor":15,"key":"SMITH"},{"floor":23,"key":"REST"},{"floor":28,"key":"REST"},{"data":"Survivor","floor":30,"key":"SMITH"},{"floor":32,"key":"REST"},{"floor":40,"key":"RECALL"},{"floor":45,"key":"REST"},{"floor":49,"key":"REST"}],"circlet_count":0,"master_deck":["AscendersBane","Strike_G+1","Strike_G+1","Strike_G+1","Defend_G+1","Defend_G+1","Defend_G+1","Defend_G+1","Defend_G+1","Survivor+1","Neutralize+1","Catalyst+1","Poisoned Stab+1","Caltrops+1","Noxious Fumes+1","Footwork+1","Deadly Poison+1","Bouncing Flask+1","Sucker Punch+1","Dodge and Roll+1","Flying Knee+1","Footwork+1","Poisoned Stab+1","Footwork+1","Dodge and Roll+1","Bullet Time+1","PiercingWail+1","Well Laid Plans+1","Infinite Blades+1","PiercingWail+1","Burst+1","Acrobatics+1","Noxious Fumes+1","Dramatic Entrance+1","Bouncing Flask+1","Dodge and Roll+1"],"relics":["Ring of the Snake","Bag of Preparation","Toxic Egg 2","Frozen Egg 2","PreservedInsect","TwistedFunnel","Turnip","Molten Egg 2","Strange Spoon","Regal Pillow","Oddly Smooth Stone","Juzu Bracelet","Meat on the Bone","NlothsMask","Philosopher\u0027s Stone","Pantograph","Nilry\u0027s Codex","Paper Crane","Lantern","Gremlin Horn","SlaversCollar","WingedGreaves","Toy Ornithopter","Nunchaku","Peace Pipe"],"acts_visited":["Exordium","TheCity","TheBeyond"],"potions_floor_usage":[8,16,29,29],"damage_taken":[{"damage":0,"enemies":"Small Slimes","floor":1,"turns":1},{"damage":0,"enemies":"2 Louse","floor":2,"turns":2},{"damage":0,"enemies":"Jaw Worm","floor":5,"turns":4},{"damage":0,"enemies":"Gremlin Nob","floor":6,"turns":2},{"damage":21,"enemies":"3 Sentries","floor":8,"turns":4},{"damage":6,"enemies":"Lagavulin","floor":12,"turns":3},{"damage":5,"enemies":"3 Louse","floor":14,"turns":3},{"damage":14,"enemies":"Hexaghost","floor":16,"turns":8},{"damage":12,"enemies":"Shell Parasite","floor":18,"turns":3},{"damage":2,"enemies":"Chosen","floor":24,"turns":4},{"damage":1,"enemies":"Gremlin Leader","floor":25,"turns":4},{"damage":0,"enemies":"Book of Stabbing","floor":29,"turns":5},{"damage":31,"enemies":"Gremlin Leader","floor":31,"turns":5},{"damage":0,"enemies":"Champ","floor":33,"turns":7},{"damage":0,"enemies":"3 Darklings","floor":35,"turns":5},{"damage":2,"enemies":"Orb Walker","floor":36,"turns":3},{"damage":0,"enemies":"Mind Bloom Boss Battle","floor":39,"turns":5},{"damage":31,"enemies":"Nemesis","floor":41,"turns":5},{"damage":6,"enemies":"Giant Head","floor":44,"turns":3},{"damage":32,"enemies":"2 Orb Walkers","floor":47,"turns":5},{"damage":17,"enemies":"3 Darklings","floor":48,"turns":4},{"damage":35,"enemies":"Donu and Deca","floor":50,"turns":10},{"damage":66,"enemies":"Awakened One","floor":51,"turns":3}],"seed_played":"3229137253758116305","potions_obtained":[{"floor":6,"key":"Strength Potion"},{"floor":8,"key":"DuplicationPotion"},{"floor":16,"key":"Weak Potion"},{"floor":18,"key":"Block Potion"},{"floor":31,"key":"CunningPotion"},{"floor":33,"key":"Dexterity Potion"}],"is_trial":false,"path_per_floor":["M","M","?","?","M","E","R","E","T","R","$","E","?","M","R","B",null,"M","?","?","?","?","R","M","E","T","$","R","E","R","E","R","B",null,"M","M","?","?","?","R","E","?","T","E","R","?","?","M","R","B","B"],"character_chosen":"THE_SILENT","items_purchased":["Bag of Preparation","Toxic Egg 2","Catalyst+1","Poisoned Stab","Frozen Egg 2","Caltrops+1","PreservedInsect","TwistedFunnel","Noxious Fumes+1","Turnip","Molten Egg 2","Footwork+1","Deadly Poison+1","Strange Spoon","Strength Potion","Footwork+1","Poisoned Stab+1","Well Laid Plans+1"],"campfire_rested":7,"item_purchase_floors":[0,0,0,0,0,0,0,0,0,0,0,0,0,0,0,11,11,27],"current_hp_per_floor":[18,18,40,40,40,40,66,45,45,66,66,60,60,55,55,41,60,48,48,48,48,27,61,59,58,58,58,66,66,66,35,66,66,66,66,64,64,64,66,66,35,35,35,41,66,63,43,38,63,40,0,0],"gold":339,"neow_bonus":"","is_daily":false,"chose_seed":false,"campfire_upgraded":2,"win_rate":0.0,"timestamp":1610901210,"path_taken":["M","M","?","?","M","E","R","E","T","R","?","E","?","M","R","BOSS","M","?","?","?","?","R","M","E","T","$","R","E","R","E","R","BOSS","M","M","?","?","?","R","E","?","T","E","R","?","?","M","R","BOSS","BOSS"],"items_purchased_type":["Relic","Relic","Card","Card","Relic","Card","Relic","Relic","Card","Relic","Relic","Card","Card","Relic","Potion","Card","Card","Card"],"build_version":"2020-12-22","purchased_purges":2,"victory":false,"max_hp_per_floor":[66,66,66,66,66,66,66,66,66,66,66,66,66,66,66,66,66,66,66,66,66,66,66,66,66,66,66,66,66,66,66,66,66,66,66,66,66,66,66,66,66,66,66,66,66,63,63,63,63,63,63,63],"relic_stats":{"Regal Pillow":49,"Gremlin Horn":[5,6],"counters":[176,951],"PreservedInsect":1141,"Bag of Preparation":[100],"Juzu Bracelet":2,"Peace Pipe":0,"Strange Spoon":[20],"Nunchaku":[2],"Pantograph":25,"Turnip":[8],"obtain_stats":[{"TwistedFunnel":0,"Calipers":0,"Gremlin Horn":40,"Nilry\u0027s Codex":22,"Vajra":11,"Whetstone":48,"Ginger":47,"Bottled Tornado":30,"Boot":41,"Old Coin":9,"Blood Vial":0,"Centennial Puzzle":9,"Lizard Tail":9,"HornCleat":19,"Sundial":2,"Strawberry":43,"MealTicket":23,"Philosopher\u0027s Stone":34,"Fusion Hammer":17,"Kunai":48,"Toxic Egg 2":28,"Pear":12,"Happy Flower":0,"Astrolabe":34,"Oddly Smooth Stone":0,"Tingsha":47,"Eternal Feather":0,"Pen Nib":0,"Letter Opener":28,"Paper Crane":0,"Question Card":0,"Akabeko":55,"WarpedTongs":36,"OrangePellets":0,"SlaversCollar":34,"Shuriken":45,"Bronze Scales":0,"Snecko Eye":17,"Pandora\u0027s Box":0,"Molten Egg 2":0,"StrikeDummy":41,"Unceasing Top":36,"Pocketwatch":0,"Meat on the Bone":12,"NlothsMask":13,"Lantern":24,"Regal Pillow":0,"Torii":7,"Singing Bowl":0,"Mango":0,"Snake Skull":26,"Bag of Preparation":44,"Incense Burner":0,"Juzu Bracelet":9,"Cursed Key":17,"Ancient Tea Set":42,"Empty Cage":34,"ClockworkSouvenir":0,"Dream Catcher":7,"Nunchaku":46,"Shovel":0,"Ninja Scroll":43,"Mummified Hand":0,"Pantograph":19,"WingedGreaves":26,"Red Mask":24,"InkBottle":45,"Ring of the Snake":0,"Runic Pyramid":17,"Potion Belt":0,"Lee\u0027s Waffle":21,"The Specimen":41,"Golden Idol":2,"Thread and Needle":0,"PreservedInsect":0,"Omamori":14,"Orichalcum":46,"Frozen Egg 2":0,"MawBank":13,"Medical Kit":0,"White Beast Statue":22,"Mercury Hourglass":0,"Peace Pipe":42,"Strange Spoon":0,"Anchor":44,"CaptainsWheel":39,"Busted Crown":34,"Ornamental Fan":55,"Turnip":0,"Art of War":6,"Bag of Marbles":7,"Membership Card":37,"FossilizedHelix":26,"Toy Ornithopter":43},{"TwistedFunnel":48,"Calipers":77,"Gremlin Horn":95,"Nilry\u0027s Codex":162,"Vajra":4,"Whetstone":73,"Ginger":124,"Bottled Tornado":12,"Boot":146,"Old Coin":129,"Blood Vial":48,"Centennial Puzzle":4,"Lizard Tail":52,"HornCleat":30,"Sundial":127,"Strawberry":40,"MealTicket":9,"Philosopher\u0027s Stone":66,"Fusion Hammer":134,"Kunai":99,"Toxic Egg 2":89,"Pear":54,"Happy Flower":126,"Astrolabe":91,"Oddly Smooth Stone":48,"Tingsha":73,"Eternal Feather":77,"Pen Nib":22,"Letter Opener":63,"Paper Crane":48,"Question Card":77,"Akabeko":47,"WarpedTongs":92,"OrangePellets":48,"SlaversCollar":167,"Shuriken":72,"Bronze Scales":77,"Snecko Eye":6,"Pandora\u0027s Box":0,"Molten Egg 2":153,"StrikeDummy":40,"Unceasing Top":38,"Pocketwatch":101,"Meat on the Bone":159,"NlothsMask":159,"Lantern":61,"Regal Pillow":77,"Torii":51,"Singing Bowl":77,"Mango":77,"Snake Skull":32,"Bag of Preparation":41,"Incense Burner":48,"Juzu Bracelet":158,"Cursed Key":29,"Ancient Tea Set":71,"Empty Cage":142,"ClockworkSouvenir":48,"Dream Catcher":4,"Nunchaku":98,"Shovel":48,"Ninja Scroll":18,"Mummified Hand":48,"Pantograph":162,"WingedGreaves":89,"Red Mask":10,"InkBottle":19,"Ring of the Snake":0,"Runic Pyramid":84,"Potion Belt":48,"Lee\u0027s Waffle":30,"The Specimen":17,"Golden Idol":78,"Thread and Needle":101,"PreservedInsect":126,"Omamori":28,"Orichalcum":19,"Frozen Egg 2":22,"MawBank":5,"Medical Kit":22,"White Beast Statue":8,"Mercury Hourglass":101,"Peace Pipe":18,"Strange Spoon":101,"Anchor":72,"CaptainsWheel":145,"Busted Crown":13,"Ornamental Fan":76,"Turnip":77,"Art of War":25,"Bag of Marbles":129,"Membership Card":15,"FossilizedHelix":62,"Toy Ornithopter":146},{"TwistedFunnel":262,"Calipers":453,"Gremlin Horn":529,"Nilry\u0027s Codex":883,"Vajra":27,"Whetstone":403,"Ginger":679,"Bottled Tornado":73,"Boot":790,"Old Coin":703,"Blood Vial":262,"Centennial Puzzle":27,"Lizard Tail":287,"HornCleat":155,"Sundial":696,"Strawberry":210,"MealTicket":57,"Philosopher\u0027s Stone":365,"Fusion Hammer":728,"Kunai":552,"Toxic Egg 2":500,"Pear":295,"Happy Flower":693,"Astrolabe":512,"Oddly Smooth Stone":262,"Tingsha":403,"Eternal Feather":453,"Pen Nib":120,"Letter Opener":344,"Paper Crane":262,"Question Card":453,"Akabeko":254,"WarpedTongs":515,"OrangePellets":262,"SlaversCollar":908,"Shuriken":396,"Bronze Scales":453,"Snecko Eye":41,"Pandora\u0027s Box":0,"Molten Egg 2":853,"StrikeDummy":210,"Unceasing Top":200,"Pocketwatch":562,"Meat on the Bone":869,"NlothsMask":869,"Lantern":335,"Regal Pillow":453,"Torii":283,"Singing Bowl":453,"Mango":453,"Snake Skull":167,"Bag of Preparation":217,"Incense Burner":262,"Juzu Bracelet":866,"Cursed Key":151,"Ancient Tea Set":387,"Empty Cage":765,"ClockworkSouvenir":262,"Dream Catcher":27,"Nunchaku":545,"Shovel":262,"Ninja Scroll":103,"Mummified Hand":262,"Pantograph":883,"WingedGreaves":500,"Red Mask":60,"InkBottle":109,"Ring of the Snake":0,"Runic Pyramid":479,"Potion Belt":262,"Lee\u0027s Waffle":155,"The Specimen":96,"Golden Idol":458,"Thread and Needle":562,"PreservedInsect":693,"Omamori":144,"Orichalcum":109,"Frozen Egg 2":120,"MawBank":31,"Medical Kit":120,"White Beast Statue":48,"Mercury Hourglass":562,"Peace Pipe":103,"Strange Spoon":562,"Anchor":396,"CaptainsWheel":781,"Busted Crown":81,"Ornamental Fan":443,"Turnip":453,"Art of War":132,"Bag of Marbles":703,"Membership Card":86,"FossilizedHelix":338,"Toy Ornithopter":790}],"Toy Ornithopter":21,"Ring of the Snake":[308],"Meat on the Bone":48},"card_choices":[{"not_picked":["Setup+1","Prepared+1"],"picked":"Bouncing Flask+1","floor":1},{"not_picked":["Heel Hook+1","Acrobatics+1"],"picked":"Sucker Punch+1","floor":2},{"not_picked":["Outmaneuver+1","A Thousand Cuts+1"],"picked":"Dodge and Roll+1","floor":5},{"not_picked":["Caltrops+1","Acrobatics+1"],"picked":"Flying Knee+1","floor":6},{"not_picked":["Cloak And Dagger+1","Acrobatics+1","Finisher+1"],"picked":"SKIP","floor":8},{"not_picked":["Heel Hook+1","Underhanded Strike+1"],"picked":"Footwork+1","floor":12},{"not_picked":["Outmaneuver+1","Concentrate+1"],"picked":"Dodge and Roll+1","floor":14},{"not_picked":["Doppelganger+1","Venomology+1"],"picked":"Bullet Time+1","floor":16},{"not_picked":["Caltrops+1","Reflex+1","Bane+1"],"picked":"SKIP","floor":18},{"not_picked":["Flying Knee+1","Choke+1","Underhanded Strike+1"],"picked":"SKIP","floor":24},{"not_picked":["Reflex+1","Cloak And Dagger+1"],"picked":"PiercingWail+1","floor":25},{"not_picked":["Flying Knee+1","Slice+1"],"picked":"Infinite Blades+1","floor":29},{"not_picked":["Masterful Stab+1","Outmaneuver+1"],"picked":"PiercingWail+1","floor":31},{"not_picked":["Grand Finale+1","Venomology+1"],"picked":"Burst+1","floor":33},{"not_picked":["Sucker Punch+1","Slice+1","Deflect+1"],"picked":"SKIP","floor":35},{"not_picked":["Heel Hook+1","Flying Knee+1"],"picked":"Acrobatics+1","floor":36},{"not_picked":["Reflex+1","Choke+1"],"picked":"Noxious Fumes+1","floor":39},{"not_picked":["Cloak And Dagger+1","Dagger Throw+1","Acrobatics+1"],"picked":"SKIP","floor":41},{"not_picked":["Flash of Steel+1","Deep Breath+1"],"picked":"Dramatic Entrance+1","floor":42},{"not_picked":["Tools of the Trade+1","Well Laid Plans+1"],"picked":"Bouncing Flask+1","floor":44},{"not_picked":["Bane+1","Cloak And Dagger+1"],"picked":"Dodge and Roll+1","floor":47},{"not_picked":["Quick Slash+1","Bane+1","Slice+1"],"picked":"SKIP","floor":48}],"player_experience":703658,"relics_obtained":[{"floor":6,"key":"Regal Pillow"},{"floor":8,"key":"Oddly Smooth Stone"},{"floor":9,"key":"Juzu Bracelet"},{"floor":12,"key":"Meat on the Bone"},{"floor":22,"key":"Nilry\u0027s Codex"},{"floor":25,"key":"Paper Crane"},{"floor":29,"key":"Lantern"},{"floor":31,"key":"Gremlin Horn"},{"floor":39,"key":"WingedGreaves"},{"floor":41,"key":"Toy Ornithopter"},{"floor":44,"key":"Nunchaku"},{"floor":47,"key":"Peace Pipe"}],"event_choices":[{"damage_healed":22,"gold_gain":0,"player_choice":"Banana","damage_taken":0,"max_hp_gain":0,"max_hp_loss":0,"event_name":"Big Fish","floor":3,"gold_loss":0},{"damage_healed":0,"gold_gain":0,"player_choice":"Ignored","damage_taken":0,"max_hp_gain":0,"max_hp_loss":0,"event_name":"Liars Game","floor":4,"gold_loss":0},{"damage_healed":0,"gold_gain":0,"player_choice":"Trade","damage_taken":0,"relics_obtained":["NlothsMask"],"max_hp_gain":0,"max_hp_loss":0,"event_name":"FaceTrader","floor":13,"gold_loss":0},{"damage_healed":0,"gold_gain":0,"player_choice":"Obtained Relic","damage_taken":0,"relics_obtained":["Pantograph"],"max_hp_gain":0,"max_hp_loss":0,"event_name":"Addict","floor":19,"gold_loss":85},{"damage_healed":0,"gold_gain":0,"player_choice":"Upgraded","damage_taken":0,"max_hp_gain":0,"max_hp_loss":0,"event_name":"Upgrade Shrine","floor":20,"gold_loss":0,"cards_upgraded":["Neutralize"]},{"damage_healed":0,"gold_gain":0,"player_choice":"Simplicity","damage_taken":0,"max_hp_gain":0,"max_hp_loss":0,"event_name":"Back to Basics","floor":21,"gold_loss":0,"cards_upgraded":["Strike_G","Strike_G","Strike_G","Strike_G","Defend_G","Defend_G","Defend_G","Defend_G","Defend_G"]},{"damage_healed":0,"gold_gain":0,"player_choice":"Obtained Book","damage_taken":21,"max_hp_gain":0,"max_hp_loss":0,"event_name":"Cursed Tome","floor":22,"gold_loss":0},{"damage_healed":0,"gold_gain":0,"player_choice":"Ignored","damage_taken":0,"max_hp_gain":0,"max_hp_loss":0,"event_name":"Tomb of Lord Red Mask","floor":37,"gold_loss":0},{"damage_healed":0,"gold_gain":0,"player_choice":"Ignored","damage_taken":0,"max_hp_gain":0,"max_hp_loss":0,"event_name":"Accursed Blacksmith","floor":38,"gold_loss":0},{"damage_healed":0,"gold_gain":0,"player_choice":"Fight","damage_taken":0,"max_hp_gain":0,"max_hp_loss":0,"event_name":"MindBloom","floor":39,"gold_loss":0},{"damage_healed":0,"gold_gain":0,"player_choice":"Memory 1","damage_taken":0,"max_hp_gain":0,"max_hp_loss":0,"event_name":"SensoryStone","floor":42,"gold_loss":0},{"damage_healed":0,"gold_gain":0,"player_choice":"Max HP","damage_taken":0,"max_hp_gain":0,"max_hp_loss":3,"event_name":"Winding Halls","floor":46,"gold_loss":0},{"damage_healed":0,"gold_gain":0,"player_choice":"Fight","damage_taken":0,"max_hp_gain":0,"max_hp_loss":0,"event_name":"Mysterious Sphere","floor":47,"gold_loss":0}],"is_beta":false,"boss_relics":[{"not_picked":["Coffee Dripper","Astrolabe"],"picked":"Philosopher\u0027s Stone"},{"not_picked":["Runic Dome","Empty Cage"],"picked":"SlaversCollar"}],"items_purged_floors":[11,27],"is_endless":false,"potions_floor_spawned":[6,8,14,16,18,31,33,39,48],"killed_by":"Awakened One","ascension_level":20}}