{"host":"qj49eghpaxba70kv","time":1610897617,"event":{"mods":["ATMod(阿瑾Mod)","Act Like it!","Arknights The Spire","Aspiration","BaseMod","Dota2Spire","Energized Spire","Gensokyo","GungeonMod","Hermit","Hunter 猎人","KinomotoSakuraMod(木之本樱)","Koishi","Lobotomy","LobotomyExtend","Luminous","Minty Spire (QoL Compilation)","Pale of the Ancients","Permanent Neow","Prisma Mod","Quick Restart","Replay The Spire","Robot Space Explorer","StSLib","The Administrix","The Alterego","The Dragon Tamer","UnlockEverythingMod","[GremlinLeader]The Maniac","vexMod","【功能Mod】混沌之环修复补丁","【遗物卡牌】REMEMod","篝火指南"],"gold_per_floor":[118,130,130,180,180,180,180],"floor_reached":6,"language":"ZHS","playtime":448,"items_purged":[],"score":36,"play_id":"1452f9b7-9721-4466-acf4-3b1744e5f787","local_time":"20210117093337","is_ascension_mode":false,"campfire_choices":[],"circlet_count":0,"master_deck":["ats:Strike C","ats:Strike G","ats:Strike S","ats:Strike V","ats:Armor Crushing Shot","ats:Defend","ats:Defend","ats:Defend","ats:Emotion Absorption","ats:Assault Order","ats:Revitalization","ats:Soul Rend","ats:Thorns","ats:Healing Drone","Pain"],"relics":["ats:Sanity","AT_ATBox","REME_ComplimentaryCards","LetterFromLob","WarpedTongs"],"acts_visited":["Exordium"],"potions_floor_usage":[4],"damage_taken":[{"damage":7,"enemies":"2 Louse","floor":1,"turns":2},{"damage":12,"enemies":"Cultist","floor":2,"turns":5},{"damage":18,"enemies":"Jaw Worm","floor":4,"turns":5},{"damage":46,"enemies":"3 Sentries","floor":6,"turns":6}],"seed_played":"6955421278021343409","potions_obtained":[{"floor":2,"key":"REME_GoldPotion"}],"is_trial":false,"path_per_floor":["M","M","?","M","?","E"],"character_chosen":"DOCTOR_CLASS","items_purchased":[],"campfire_rested":0,"item_purchase_floors":[],"current_hp_per_floor":[65,55,48,35,35,5,5],"gold":180,"neow_bonus":"THREE_CARDS","is_daily":false,"chose_seed":false,"campfire_upgraded":0,"win_rate":0.0,"timestamp":1610897617,"path_taken":["M","M","?","M","?","E"],"items_purchased_type":[],"build_version":"2020-12-22","purchased_purges":0,"victory":false,"max_hp_per_floor":[72,72,72,72,72,72,72],"card_choices":[{"not_picked":["ats:Revitalization","ats:Magnetic Hammer"],"picked":"ats:Assault Order","floor":0},{"not_picked":["ats:Powerful Strike","ats:Shell Defense"],"picked":"ats:Revitalization","floor":1},{"not_picked":["ats:Curse Doll","ats:Powerful Strike"],"picked":"ats:Thorns","floor":2},{"not_picked":["ats:Burning Ground","ats:Curse Doll"],"picked":"ats:Healing Drone","floor":4}],"player_experience":40298,"relics_obtained":[{"floor":1,"key":"LetterFromLob"}],"event_choices":[{"cards_removed":["ats:Defend"],"damage_healed":0,"gold_gain":0,"player_choice":"Card Removal","damage_taken":7,"max_hp_gain":0,"max_hp_loss":0,"event_name":"Golden Wing","floor":3,"gold_loss":0},{"damage_healed":0,"gold_gain":0,"player_choice":"Rummage","damage_taken":0,"relics_obtained":["WarpedTongs"],"max_hp_gain":0,"max_hp_loss":0,"event_name":"Accursed Blacksmith","floor":5,"gold_loss":0,"cards_obtained":["Pain"]}],"is_beta":false,"boss_relics":[],"items_purged_floors":[],"is_endless":false,"potions_floor_spawned":[2],"killed_by":"3 Sentries","ascension_level":0}}