{"host":"5fpb1gzflhq9886n","time":1610923339,"event":{"mods":["AchievementEnabler","BaseMod","Colored Map","Colored Powertips","Minty Spire (QoL Compilation)","Permanent Neow"],"gold_per_floor":[112,18,18,18,36,63,12,41,41,75,75,92,92,110,110,209,209,226,151,151,111,111,139,139,174,198,243,283,309,335,351,351,465,465,493,511,611,659,659,694,694,728,779,779,779,797,822,822,822],"floor_reached":48,"language":"ENG","playtime":7091,"items_purged":[],"score":897,"play_id":"b4a0c49f-2d09-4f17-9819-1178aa0066a9","local_time":"20210117174219","is_ascension_mode":true,"campfire_choices":[{"data":"Eruption","floor":11.0,"key":"SMITH"},{"data":"Tantrum","floor":13.0,"key":"SMITH"},{"floor":15.0,"key":"RECALL"},{"floor":24.0,"key":"REST"},{"data":"Ghostly","floor":32.0,"key":"SMITH"},{"floor":41.0,"key":"REST"}],"circlet_count":0,"master_deck":["Strike_P+1","Strike_P+1","Defend_P+1","Defend_P+1","Eruption+1","Vigilance+1","Sanctity+1","CrushJoints+1","CutThroughFate+1","Tantrum+1","Prostrate+1","Vengeance+1","Fasting2+1","EmptyBody+1","Nirvana+1","InnerPeace+1","LikeWater+1","SandsOfTime+1","Devotion+1","Evaluate+1","Adaptation+1","RitualDagger+1","ClearTheMind+1","Wireheading+1","Ghostly+1","Ghostly+1","Ghostly+1","Ghostly+1","Ghostly+1","ThirdEye+1","WheelKick+1","Evaluate+1","Ragnarok+1","Halt+1","Madness+1"],"relics":["PureWater","Frozen Egg 2","Akabeko","Oddly Smooth Stone","Yang","Black Star","Gremlin Horn","Art of War","CeramicFish","Tiny Chest","Anchor","Smiling Mask","Mummified Hand","Sozu","Damaru","Mark of the Bloom","Centennial Puzzle","Juzu Bracelet","Incense Burner","Bottled Lightning","Regal Pillow","War Paint"],"acts_visited":["Exordium","TheCity","TheBeyond"],"potions_floor_usage":[],"damage_taken":[{"damage":0.0,"enemies":"Small Slimes","floor":1.0,"turns":3.0},{"damage":1.0,"enemies":"Jaw Worm","floor":5.0,"turns":3.0},{"damage":8.0,"enemies":"Gremlin Nob","floor":6.0,"turns":3.0},{"damage":11.0,"enemies":"Lagavulin","floor":8.0,"turns":7.0},{"damage":0.0,"enemies":"3 Sentries","floor":10.0,"turns":4.0},{"damage":0.0,"enemies":"Cultist","floor":12.0,"turns":2.0},{"damage":9.0,"enemies":"Red Slaver","floor":14.0,"turns":2.0},{"damage":35.0,"enemies":"Hexaghost","floor":16.0,"turns":6.0},{"damage":28.0,"enemies":"3 Byrds","floor":18.0,"turns":4.0},{"damage":19.0,"enemies":"Slavers","floor":23.0,"turns":4.0},{"damage":0.0,"enemies":"Gremlin Leader","floor":25.0,"turns":4.0},{"damage":4.0,"enemies":"Slavers","floor":28.0,"turns":6.0},{"damage":0.0,"enemies":"Shell Parasite","floor":29.0,"turns":5.0},{"damage":0.0,"enemies":"Snake Plant","floor":30.0,"turns":5.0},{"damage":2.0,"enemies":"Snecko","floor":31.0,"turns":5.0},{"damage":0.0,"enemies":"Champ","floor":33.0,"turns":7.0},{"damage":0.0,"enemies":"Orb Walker","floor":35.0,"turns":2.0},{"damage":1.0,"enemies":"Nemesis","floor":40.0,"turns":5.0},{"damage":26,"enemies":"Giant Head","floor":42,"turns":5},{"damage":0,"enemies":"3 Shapes","floor":46,"turns":4},{"damage":7,"enemies":"Nemesis","floor":48,"turns":4}],"seed_played":"1221833625667514089","potions_obtained":[{"floor":6.0,"key":"BottledMiracle"},{"floor":8.0,"key":"Regen Potion"},{"floor":10.0,"key":"DistilledChaos"},{"floor":23.0,"key":"Strength Potion"},{"floor":25.0,"key":"BlessingOfTheForge"},{"floor":30.0,"key":"Dexterity Potion"},{"floor":31.0,"key":"Energy Potion"}],"is_trial":false,"path_per_floor":["M","$","?","T","M","E","$","E","T","E","R","M","R","M","R","B",null,"M","?","?","$","?","E","R","E","T","?","E","M","M","M","R","B",null,"M","?","?","T","?","E","R","E","T","?","?","M","T","E"],"character_chosen":"WATCHER","items_purchased":["Tantrum","Prostrate","EmptyBody","Adaptation+1"],"campfire_rested":2,"item_purchase_floors":[2,2,7,21],"current_hp_per_floor":[65,65,65,65,64,56,56,45,45,45,45,45,45,36,36,1,65,37,37,37,37,31,24,43,43,43,32,28,28,28,26,26,26,32,32,28,28,28,28,27,27,1,1,1,1,1,1,0,0],"gold":822,"neow_bonus":"TRANSFORM_TWO_CARDS","is_daily":false,"chose_seed":false,"campfire_upgraded":3,"win_rate":0.0,"timestamp":1610923339,"path_taken":["M","$","?","?","?","E","?","E","T","E","R","M","R","M","R","BOSS","M","?","?","$","?","E","R","E","T","?","E","M","M","M","R","BOSS","M","?","?","?","?","E","R","E","T","?","?","M","?","E"],"items_purchased_type":["Card","Card","Card","Card"],"build_version":"2020-12-22","purchased_purges":0,"victory":false,"max_hp_per_floor":[65,65,65,65,65,65,65,65,65,65,65,65,65,65,65,65,65,65,65,65,65,65,65,65,65,65,32,32,32,32,32,32,32,32,32,32,32,32,32,32,32,32,32,32,32,32,32,32,32],"card_choices":[{"not_picked":["FollowUp","PathToVictory"],"picked":"CutThroughFate","floor":1.0},{"not_picked":["PathToVictory","FollowUp"],"picked":"Vengeance","floor":5.0},{"not_picked":["Wish","PathToVictory"],"picked":"Fasting2+1","floor":6.0},{"not_picked":["Halt","FlyingSleeves"],"picked":"Nirvana+1","floor":8.0},{"not_picked":["BowlingBash","Consecrate"],"picked":"InnerPeace","floor":10.0},{"not_picked":["ForeignInfluence","Consecrate"],"picked":"LikeWater+1","floor":12.0},{"not_picked":["Weave","ClearTheMind"],"picked":"SandsOfTime","floor":14.0},{"not_picked":["Vault","Alpha"],"picked":"Devotion+1","floor":16.0},{"not_picked":["EmptyMind+1","FlurryOfBlows"],"picked":"Evaluate+1","floor":18.0},{"not_picked":["Nirvana+1","EmptyBody"],"picked":"ClearTheMind+1","floor":23.0},{"not_picked":["JustLucky","ThirdEye"],"picked":"Wireheading+1","floor":25.0},{"not_picked":["Study+1","Scrawl"],"picked":"ThirdEye","floor":28.0},{"not_picked":["EmptyBody","BowlingBash+1"],"picked":"WheelKick+1","floor":29.0},{"not_picked":["Fasting2+1","Nirvana+1"],"picked":"Evaluate+1","floor":30.0},{"not_picked":["WreathOfFlame","FlyingSleeves","PathToVictory+1"],"picked":"SKIP","floor":31.0},{"not_picked":["Establishment+1","Judgement"],"picked":"Ragnarok","floor":33.0},{"not_picked":["Crescendo+1","CrushJoints"],"picked":"Halt+1","floor":35.0},{"not_picked":["JustLucky","LessonLearned","InnerPeace"],"picked":"SKIP","floor":40.0},{"not_picked":["LikeWater+1","CrushJoints","Pray+1"],"picked":"SKIP","floor":42},{"not_picked":["MentalFortress+1","CrushJoints+1","CutThroughFate+1"],"picked":"SKIP","floor":46}],"player_experience":713311,"relics_obtained":[{"floor":6.0,"key":"Frozen Egg 2"},{"floor":8.0,"key":"Akabeko"},{"floor":9.0,"key":"Oddly Smooth Stone"},{"floor":10.0,"key":"Yang"},{"floor":23.0,"key":"Gremlin Horn"},{"floor":23.0,"key":"Art of War"},{"floor":25.0,"key":"CeramicFish"},{"floor":25.0,"key":"Tiny Chest"},{"floor":26.0,"key":"Anchor"},{"floor":28.0,"key":"Smiling Mask"},{"floor":28.0,"key":"Mummified Hand"},{"floor":38.0,"key":"Damaru"},{"floor":40.0,"key":"Centennial Puzzle"},{"floor":40.0,"key":"Juzu Bracelet"},{"floor":42,"key":"Incense Burner"},{"floor":42,"key":"Bottled Lightning"},{"floor":43,"key":"Regal Pillow"},{"floor":47,"key":"War Paint"}],"event_choices":[{"damage_healed":0.0,"max_hp_gain":0.0,"max_hp_loss":0.0,"gold_gain":0.0,"event_name":"Liars Game","player_choice":"Ignored","floor":3.0,"gold_loss":0.0,"damage_taken":0.0},{"cards_removed":["Strike_P"],"damage_healed":0.0,"max_hp_gain":0.0,"max_hp_loss":0.0,"gold_gain":0.0,"event_name":"Beggar","player_choice":"Gave Gold","floor":19.0,"gold_loss":75.0,"damage_taken":0.0},{"damage_healed":0.0,"max_hp_gain":0.0,"max_hp_loss":0.0,"gold_gain":0.0,"event_name":"Back to Basics","player_choice":"Simplicity","floor":20.0,"gold_loss":0.0,"damage_taken":0.0,"cards_upgraded":["Strike_P","Strike_P","Defend_P","Defend_P","Defend_P"]},{"damage_healed":0.0,"max_hp_gain":0.0,"max_hp_loss":0.0,"gold_gain":0.0,"event_name":"Nest","player_choice":"Joined the Cult","floor":22.0,"gold_loss":0.0,"damage_taken":6.0,"cards_obtained":["RitualDagger"]},{"damage_healed":0.0,"max_hp_gain":0.0,"max_hp_loss":33.0,"gold_gain":0.0,"event_name":"Ghosts","player_choice":"Became a Ghost","floor":27.0,"gold_loss":0.0,"damage_taken":0.0,"cards_obtained":["Ghostly","Ghostly","Ghostly","Ghostly","Ghostly"]},{"damage_healed":0.0,"max_hp_gain":0.0,"max_hp_loss":0.0,"gold_gain":0.0,"event_name":"Winding Halls","player_choice":"Embrace Madness","floor":36.0,"gold_loss":0.0,"damage_taken":4.0,"cards_obtained":["Madness","Madness"]},{"damage_healed":0.0,"max_hp_gain":0.0,"max_hp_loss":0.0,"gold_gain":100.0,"event_name":"Golden Shrine","player_choice":"Pray","floor":37.0,"gold_loss":0.0,"damage_taken":0.0},{"damage_healed":0.0,"max_hp_gain":0.0,"max_hp_loss":0.0,"gold_gain":0.0,"event_name":"MindBloom","player_choice":"Upgrade","floor":39.0,"gold_loss":0.0,"damage_taken":0.0,"cards_upgraded":["Vigilance","Sanctity","CrushJoints","CutThroughFate","Prostrate","Vengeance","EmptyBody","InnerPeace","SandsOfTime","RitualDagger","Ghostly","Ghostly","Ghostly","Ghostly","ThirdEye","Ragnarok","Madness","Madness"],"relics_obtained":["Mark of the Bloom"]},{"cards_removed":["Madness"],"damage_healed":31,"gold_gain":0,"player_choice":"Offered Uncommon","damage_taken":0,"max_hp_gain":0,"max_hp_loss":0,"event_name":"Bonfire Elementals","floor":44,"gold_loss":0},{"cards_removed":["Defend_P"],"damage_healed":0,"gold_gain":0,"player_choice":"Removed Skill","damage_taken":0,"max_hp_gain":0,"max_hp_loss":0,"event_name":"Falling","floor":45,"gold_loss":0}],"is_beta":false,"boss_relics":[{"not_picked":["Runic Dome","Runic Pyramid"],"picked":"Black Star"},{"not_picked":["SlaversCollar","Coffee Dripper"],"picked":"Sozu"}],"items_purged_floors":[],"is_endless":false,"potions_floor_spawned":[6,8,10,23,25,30,31,35,42],"killed_by":"Nemesis","ascension_level":4}}