{"host":"6p0attdrtjqaih7v","time":1610866990,"event":{"mods":["2.2 Compatiblity","AchievementEnabler","Bard","BaseMod","Better Skull","Better Third Choice","Colored Powertips","Hermit","Highlight Path","Jorbs\u0027s Wanderer Trilogy","Key Reminder","Minty Spire (QoL Compilation)","Permanent Neow","Quick Restart","Random Character Button","Relic Stats","Replay The Spire","Robot Space Explorer","StSLib"],"gold_per_floor":[217,237,249,249,264,297,297,227,278,278,298,57,87,162,162,267,267,281,281,79,97,116,151,202,202,202,202,10,10,21,50,50,149,149,165,183,183,2,21,21,36,66,120,120,131,145,171,224,224,224],"floor_reached":51,"language":"ENG","playtime":2314,"items_purged":["RobotSpaceExplorer:Strike","Delirium"],"score":1132,"play_id":"eff160e3-50f7-4dcf-b9ba-486a5721f163","local_time":"20210117020310","is_ascension_mode":true,"campfire_choices":[{"data":"RobotSpaceExplorer:ShovelStrike","floor":7,"key":"SMITH"},{"data":"RobotSpaceExplorer:MiniLasers","floor":10,"key":"SMITH"},{"floor":15,"key":"REST"},{"data":"RobotSpaceExplorer:FreezingShield","floor":27,"key":"SMITH"},{"data":"RobotSpaceExplorer:Asteroid","floor":29,"key":"SMITH"},{"floor":32,"key":"REST"},{"data":"RobotSpaceExplorer:ImprovisedAttack","floor":40,"key":"SMITH"},{"data":"RobotSpaceExplorer:ImprovisedAttack","floor":44,"key":"SMITH"},{"floor":49,"key":"REST"}],"circlet_count":0,"master_deck":["RobotSpaceExplorer:Strike","RobotSpaceExplorer:Strike","RobotSpaceExplorer:Strike","RobotSpaceExplorer:Defend","RobotSpaceExplorer:Defend","RobotSpaceExplorer:Defend","RobotSpaceExplorer:Defend","RobotSpaceExplorer:Scan","RobotSpaceExplorer:MiniLasers+1","RobotSpaceExplorer:SurgingStrike","RobotSpaceExplorer:MiniDrones","RobotSpaceExplorer:GearShield","RobotSpaceExplorer:ShovelStrike+1","RobotSpaceExplorer:ScrapToss","RobotSpaceExplorer:FreezingShield+1","RobotSpaceExplorer:Asteroid+1","RobotSpaceExplorer:MiniDrones","RobotSpaceExplorer:ScrapToss","RobotSpaceExplorer:ImprovisedAttack+1","RobotSpaceExplorer:ImprovisedAttack+1","RobotSpaceExplorer:MetalStrike","RobotSpaceExplorer:Probe+1","RobotSpaceExplorer:SwiftStep+1","RobotSpaceExplorer:MiniBoosters+1","RobotSpaceExplorer:Accelerator+1","RobotSpaceExplorer:LuckyStrike+1","RobotSpaceExplorer:DualCore+1","RobotSpaceExplorer:Probe+1","RobotSpaceExplorer:SwiftStep+1","RobotSpaceExplorer:FreezingShield+1","RobotSpaceExplorer:PowerCollector+1"],"relics":["RobotSpaceExplorer:RoboCore","Art of War","Shuriken","keyreminder:keyreminder","Bag of Marbles","Frozen Egg 2","Bag of Preparation","RobotSpaceExplorer:Reprocessor","StrikeDummy","Quantum Egg","Blue Doll","Boot","Nunchaku","White Beast Statue","Sozu","ReplayTheSpireMod:Ring of Collecting","RobotSpaceExplorer:FoglandsKnife","Ancient Tea Set","Darkstone Periapt","Pocketwatch"],"acts_visited":["Exordium","TheCity","TheBeyond"],"potions_floor_usage":[6,13,13,22,30,30,33,42,50],"damage_taken":[{"damage":0,"enemies":"Cultist","floor":1,"turns":5},{"damage":0,"enemies":"Jaw Worm","floor":2,"turns":4},{"damage":0,"enemies":"Small Slimes","floor":3,"turns":2},{"damage":2,"enemies":"Exordium Wildlife","floor":5,"turns":4},{"damage":30,"enemies":"Lagavulin","floor":6,"turns":6},{"damage":0,"enemies":"Large Slime","floor":11,"turns":3},{"damage":3,"enemies":"3 Sentries","floor":13,"turns":5},{"damage":26,"enemies":"The Guardian","floor":16,"turns":9},{"damage":0,"enemies":"Spheric Guardian","floor":18,"turns":2},{"damage":0,"enemies":"Shell Parasite","floor":21,"turns":1},{"damage":5,"enemies":"Shelled Parasite and Fungi","floor":22,"turns":3},{"damage":3,"enemies":"Slavers","floor":23,"turns":3},{"damage":11,"enemies":"Snake Plant","floor":30,"turns":4},{"damage":0,"enemies":"Gremlin Leader","floor":31,"turns":4},{"damage":28,"enemies":"Collector","floor":33,"turns":7},{"damage":0,"enemies":"3 Shapes","floor":35,"turns":1},{"damage":0,"enemies":"3 Darklings","floor":36,"turns":2},{"damage":0,"enemies":"Jaw Worm Horde","floor":39,"turns":2},{"damage":0,"enemies":"Maw","floor":41,"turns":4},{"damage":0,"enemies":"R_Hoarder","floor":42,"turns":6},{"damage":0,"enemies":"Writhing Mass","floor":45,"turns":5},{"damage":0,"enemies":"Jaw Worm Horde","floor":46,"turns":1},{"damage":20,"enemies":"Nemesis","floor":47,"turns":5},{"damage":0,"enemies":"2 Orb Walkers","floor":48,"turns":2},{"damage":20,"enemies":"Time Eater","floor":50,"turns":7}],"seed_played":"-5885770029073939961","potions_obtained":[{"floor":2,"key":"Strength Potion"},{"floor":6,"key":"Explosive Potion"},{"floor":11,"key":"BlessingOfTheForge"},{"floor":13,"key":"Explosive Potion"},{"floor":18,"key":"Adrenaline Potion"},{"floor":31,"key":"Toxic Potion"},{"floor":33,"key":"AttackPotion"}],"is_trial":false,"path_per_floor":["M","M","M","?","M","E","R","$","T","R","M","$","E","?","R","B",null,"M","?","$","M","M","E","?","T","T","R","$","R","M","E","R","B",null,"M","M","?","$","M","R","M","E","T","R","M","M","E","?","R","B",null],"character_chosen":"RobotSpaceExplorer","items_purchased":["RobotSpaceExplorer:ScrapToss","Frozen Egg 2","RobotSpaceExplorer:ImprovisedAttack","CultistPotion","Nunchaku","RobotSpaceExplorer:RecyclePotion","RobotSpaceExplorer:DualCore+1"],"campfire_rested":3,"item_purchase_floors":[8,12,20,20,28,28,38],"current_hp_per_floor":[68,68,68,68,66,36,36,36,36,36,36,36,33,22,44,18,61,61,61,61,61,56,53,35,35,35,35,35,35,24,24,46,18,61,61,61,61,61,61,61,61,67,67,67,67,67,47,47,69,49],"gold":224,"neow_bonus":"HUNDRED_GOLD","is_daily":false,"chose_seed":false,"campfire_upgraded":6,"win_rate":0.0,"timestamp":1610866990,"path_taken":["M","M","M","?","?","E","R","?","T","R","M","$","E","?","R","BOSS","M","?","$","M","?","E","?","?","T","R","?","R","M","E","R","BOSS","M","M","?","$","M","R","M","E","T","R","M","M","E","?","R","BOSS"],"items_purchased_type":["Card","Relic","Card","Potion","Relic","Potion","Card"],"build_version":"2020-12-22","purchased_purges":2,"victory":true,"max_hp_per_floor":[75,75,75,75,75,75,75,75,75,75,75,75,75,75,75,75,75,75,75,75,75,75,75,75,75,75,75,75,75,75,75,75,75,75,75,75,75,75,75,75,75,75,75,75,75,75,75,75,75,75],"relic_stats":{"Sozu":9,"Darkstone Periapt":0,"Nunchaku":[20],"counters":[25,97],"Shuriken":[78],"Art of War":[3],"Bag of Preparation":[36],"Boot":[175],"obtain_stats":[{"Darkstone Periapt":47,"Quantum Egg":24,"RobotSpaceExplorer:RoboCore":0,"Blue Doll":25,"Bag of Preparation":13,"RobotSpaceExplorer:Reprocessor":17,"Frozen Egg 2":12,"Boot":26,"Ancient Tea Set":43,"White Beast Statue":31,"keyreminder:keyreminder":6,"Sozu":34,"RobotSpaceExplorer:FoglandsKnife":42,"Nunchaku":28,"Shuriken":6,"ReplayTheSpireMod:Ring of Collecting":37,"Art of War":6,"Bag of Marbles":9,"StrikeDummy":23,"Pocketwatch":48},{"Darkstone Periapt":23,"Quantum Egg":12,"RobotSpaceExplorer:RoboCore":0,"Blue Doll":12,"Bag of Preparation":7,"RobotSpaceExplorer:Reprocessor":8,"Frozen Egg 2":6,"Boot":12,"Ancient Tea Set":20,"White Beast Statue":14,"keyreminder:keyreminder":5,"Sozu":15,"RobotSpaceExplorer:FoglandsKnife":20,"Nunchaku":12,"Shuriken":5,"ReplayTheSpireMod:Ring of Collecting":17,"Art of War":5,"Bag of Marbles":5,"StrikeDummy":12,"Pocketwatch":24},{"Darkstone Periapt":88,"Quantum Egg":47,"RobotSpaceExplorer:RoboCore":0,"Blue Doll":47,"Bag of Preparation":29,"RobotSpaceExplorer:Reprocessor":38,"Frozen Egg 2":24,"Boot":47,"Ancient Tea Set":77,"White Beast Statue":55,"keyreminder:keyreminder":21,"Sozu":62,"RobotSpaceExplorer:FoglandsKnife":77,"Nunchaku":47,"Shuriken":21,"ReplayTheSpireMod:Ring of Collecting":65,"Art of War":21,"Bag of Marbles":21,"StrikeDummy":47,"Pocketwatch":90}],"Pocketwatch":[3]},"card_choices":[{"not_picked":["RobotSpaceExplorer:GlueSpray","RobotSpaceExplorer:Pulsar"],"picked":"RobotSpaceExplorer:SurgingStrike","floor":1},{"not_picked":["RobotSpaceExplorer:DoubleFind","RobotSpaceExplorer:BigMissile"],"picked":"RobotSpaceExplorer:MiniDrones","floor":2},{"not_picked":["RobotSpaceExplorer:SurgingStrike","RobotSpaceExplorer:ScrapShield"],"picked":"RobotSpaceExplorer:GearShield","floor":3},{"not_picked":["RobotSpaceExplorer:StarLightning","RobotSpaceExplorer:RigExplosive"],"picked":"RobotSpaceExplorer:ShovelStrike","floor":5},{"not_picked":["RobotSpaceExplorer:Scanner","RobotSpaceExplorer:StarDust","RobotSpaceExplorer:GlueShot"],"picked":"SKIP","floor":6},{"not_picked":["RobotSpaceExplorer:MakeshiftVolley","RobotSpaceExplorer:GlueSpray"],"picked":"RobotSpaceExplorer:FreezingShield","floor":11},{"not_picked":["RobotSpaceExplorer:SwiftStep","RobotSpaceExplorer:SurgingStrike","RobotSpaceExplorer:PlasmaMissile"],"picked":"SKIP","floor":13},{"not_picked":["RobotSpaceExplorer:HighVoltage","RobotSpaceExplorer:BlastShield"],"picked":"RobotSpaceExplorer:Asteroid","floor":16},{"not_picked":["RobotSpaceExplorer:Jetpack","RobotSpaceExplorer:ShovelStrike"],"picked":"RobotSpaceExplorer:MiniDrones","floor":18},{"not_picked":["RobotSpaceExplorer:SwiftStep","RobotSpaceExplorer:Fix"],"picked":"RobotSpaceExplorer:ImprovisedAttack","floor":21},{"not_picked":["RobotSpaceExplorer:FrostMissile","RobotSpaceExplorer:DoubleBlock","RobotSpaceExplorer:StarLightning"],"picked":"SKIP","floor":22},{"not_picked":["RobotSpaceExplorer:Blitz","RobotSpaceExplorer:ImprovisedAttack"],"picked":"RobotSpaceExplorer:MetalStrike","floor":23},{"not_picked":["RobotSpaceExplorer:ShovelStrike","RobotSpaceExplorer:PowerGlove+1"],"picked":"RobotSpaceExplorer:Probe+1","floor":24},{"not_picked":["RobotSpaceExplorer:FranticSearch","RobotSpaceExplorer:SlimeMissile"],"picked":"RobotSpaceExplorer:SwiftStep+1","floor":30},{"not_picked":["RobotSpaceExplorer:RigExplosive+1","RobotSpaceExplorer:GlueShot"],"picked":"RobotSpaceExplorer:MiniBoosters+1","floor":31},{"not_picked":["RobotSpaceExplorer:Multitool+1","RobotSpaceExplorer:Arsenal"],"picked":"RobotSpaceExplorer:Accelerator+1","floor":33},{"not_picked":["RobotSpaceExplorer:SurgingShield+1","RobotSpaceExplorer:Ammunition"],"picked":"RobotSpaceExplorer:LuckyStrike+1","floor":35},{"not_picked":["RobotSpaceExplorer:GlueShot","RobotSpaceExplorer:FranticSearch+1","RobotSpaceExplorer:SlimeMissile"],"picked":"SKIP","floor":36},{"not_picked":["RobotSpaceExplorer:Reload","RobotSpaceExplorer:ScrapMissile","RobotSpaceExplorer:Electroshield+1"],"picked":"SKIP","floor":39},{"not_picked":["RobotSpaceExplorer:Pulsar","RobotSpaceExplorer:SurgingShield+1"],"picked":"RobotSpaceExplorer:Probe+1","floor":41},{"not_picked":["RobotSpaceExplorer:HighVoltage","RobotSpaceExplorer:Ammunition+1","RobotSpaceExplorer:BigMissile+1"],"picked":"SKIP","floor":42},{"not_picked":["RobotSpaceExplorer:DoubleFind","RobotSpaceExplorer:StunGrenade"],"picked":"RobotSpaceExplorer:SwiftStep+1","floor":45},{"not_picked":["RobotSpaceExplorer:FrostMissile","RobotSpaceExplorer:Electropulse+1","RobotSpaceExplorer:PowerGlove+1"],"picked":"SKIP","floor":46},{"not_picked":["RobotSpaceExplorer:SelfCleaning+1","RobotSpaceExplorer:GearShield"],"picked":"RobotSpaceExplorer:FreezingShield+1","floor":47},{"not_picked":["RobotSpaceExplorer:ShovelStrike+1","RobotSpaceExplorer:Ammunition"],"picked":"RobotSpaceExplorer:PowerCollector+1","floor":48}],"player_experience":861973,"relics_obtained":[{"floor":6,"key":"Art of War"},{"floor":6,"key":"Shuriken"},{"floor":9,"key":"Bag of Marbles"},{"floor":13,"key":"Bag of Preparation"},{"floor":23,"key":"StrikeDummy"},{"floor":24,"key":"Quantum Egg"},{"floor":25,"key":"Blue Doll"},{"floor":26,"key":"Boot"},{"floor":31,"key":"White Beast Statue"},{"floor":37,"key":"ReplayTheSpireMod:Ring of Collecting"},{"floor":42,"key":"RobotSpaceExplorer:FoglandsKnife"},{"floor":43,"key":"Ancient Tea Set"},{"floor":47,"key":"Darkstone Periapt"},{"floor":48,"key":"Pocketwatch"}],"event_choices":[{"damage_healed":0,"gold_gain":0,"player_choice":"1 cards matched","damage_taken":0,"max_hp_gain":0,"max_hp_loss":0,"event_name":"Match and Keep!","floor":4,"gold_loss":0,"cards_obtained":["RobotSpaceExplorer:LuckyFind"]},{"damage_healed":0,"gold_gain":75,"player_choice":"Gather Gold","damage_taken":11,"max_hp_gain":0,"max_hp_loss":0,"event_name":"World of Goop","floor":14,"gold_loss":0},{"damage_healed":0,"gold_gain":0,"player_choice":"Copied","damage_taken":0,"max_hp_gain":0,"max_hp_loss":0,"event_name":"Duplicator","floor":19,"gold_loss":0,"cards_obtained":["RobotSpaceExplorer:ScrapToss"]},{"damage_healed":0,"gold_gain":0,"player_choice":"Fight","damage_taken":0,"max_hp_gain":0,"max_hp_loss":0,"event_name":"Mysterious Sphere","floor":48,"gold_loss":0}],"is_beta":false,"boss_relics":[{"not_picked":["SacredBark","Snecko Heart"],"picked":"RobotSpaceExplorer:Reprocessor"},{"not_picked":["Painkiller Herb","Astrolabe"],"picked":"Sozu"}],"items_purged_floors":[20,38],"is_endless":false,"potions_floor_spawned":[2,6,11,13,18,31,33,35,36,39,41,42,45,46,47,48],"ascension_level":8}}