{"host":"792mtbovsoa03nb3","time":1610846833,"event":{"mods":["BaseMod","Conspire","Curses Come First","Dota2Spire","Halation","Hubris","Infinite Spire","Minty Spire (QoL Compilation)","Replay The Spire","StS++","StSLib"],"gold_per_floor":[115,38,53,72,72,107,107,123,146,71,81,95,95,115,115,115,115],"floor_reached":16,"language":"ENG","playtime":1090,"items_purged":["Strike_R"],"score":104,"play_id":"2081f686-c486-4a8e-9ae9-58fae178edfb","local_time":"20210116172713","is_ascension_mode":false,"campfire_choices":[{"data":"Combust","floor":7,"key":"SMITH"},{"data":"Armaments","floor":13,"key":"SMITH"},{"data":"Armaments","floor":15,"key":"SMITH"}],"circlet_count":0,"master_deck":["Strike_R","Strike_R","Strike_R","Strike_R","Defend_R","Defend_R","Defend_R","Defend_R","Bash","Thunderclap","Fire Breathing+1","Metallicize","Wild Strike","Combust+1","Armaments+1","Armaments+1"],"relics":["Burning Blood","Boot","Omamori"],"acts_visited":["Exordium"],"potions_floor_usage":[8,16],"damage_taken":[{"damage":10,"enemies":"Cultist","floor":1,"turns":4},{"damage":11,"enemies":"2 Louse","floor":3,"turns":3},{"damage":7,"enemies":"Jaw Worm","floor":4,"turns":5},{"damage":18,"enemies":"3 Sentries","floor":6,"turns":5},{"damage":17,"enemies":"Exordium Thugs","floor":8,"turns":3},{"damage":6,"enemies":"Exordium Wildlife","floor":11,"turns":4},{"damage":17,"enemies":"Looter","floor":12,"turns":3},{"damage":11,"enemies":"Lots of Slimes","floor":14,"turns":3},{"damage":33,"enemies":"The Guardian","floor":16,"turns":9}],"seed_played":"-1342856839209606071","potions_obtained":[{"floor":4,"key":"Weak Potion"},{"floor":14,"key":"Explosive Potion"}],"is_trial":false,"path_per_floor":["M","$","M","M","?","E","R","M","T","$","M","M","R","M","R","B"],"character_chosen":"IRONCLAD","items_purchased":["Fire Breathing"],"campfire_rested":0,"item_purchase_floors":[2],"current_hp_per_floor":[76,76,71,70,70,58,58,47,47,47,47,36,36,31,31,0,0],"gold":115,"neow_bonus":"RANDOM_COMMON_RELIC","is_daily":false,"chose_seed":false,"campfire_upgraded":3,"win_rate":0.0,"timestamp":1610846833,"path_taken":["M","?","M","M","?","E","R","M","T","?","?","M","R","M","R","BOSS"],"items_purchased_type":["Card"],"build_version":"2020-12-22","purchased_purges":1,"victory":false,"max_hp_per_floor":[80,80,80,80,80,80,80,80,80,80,80,80,80,80,80,80,80],"card_choices":[{"not_picked":["StSpp:Vengeance","Perfected Strike"],"picked":"Thunderclap","floor":1},{"not_picked":["Replay:Undeath\u0027s Touch","Sever Soul"],"picked":"Metallicize","floor":3},{"not_picked":["StSpp:Jab","ReplayTheSpireMod:Stacked"],"picked":"Wild Strike","floor":4},{"not_picked":["Entrench","Sword Boomerang"],"picked":"Combust","floor":6},{"not_picked":["Flex","Replay:Undeath\u0027s Touch"],"picked":"Armaments","floor":8},{"not_picked":["ReplayTheSpireMod:Strike From Hell","Heavy Blade","Replay:Undeath\u0027s Touch"],"picked":"SKIP","floor":11},{"not_picked":["Body Slam","Clash","Havoc"],"picked":"SKIP","floor":12},{"not_picked":["Hemokinesis","Evolve"],"picked":"Armaments","floor":14}],"player_experience":901722,"relics_obtained":[{"floor":6,"key":"Omamori"}],"event_choices":[{"damage_healed":0,"gold_gain":0,"player_choice":"Grow","damage_taken":0,"max_hp_gain":0,"max_hp_loss":0,"event_name":"Living Wall","floor":5,"gold_loss":0,"cards_upgraded":["Fire Breathing"]}],"is_beta":false,"boss_relics":[],"items_purged_floors":[10],"is_endless":false,"potions_floor_spawned":[4,14],"killed_by":"The Guardian","ascension_level":0}}