{"host":"1c52r9kaxdyo25eq","time":1610891926,"event":{"mods":["AchievementEnabler","BaseMod","Minty Spire (QoL Compilation)","Rare Cards Sparkle","SuperFastMode","everything is the same but u backflip on backflip"],"gold_per_floor":[116,130,130,141,161,161,0,19,19,19,30,30,30,44,44,44,44],"floor_reached":16,"language":"KOR","playtime":335,"items_purged":["Strike_G"],"score":188,"play_id":"45242778-b513-48cd-9b51-862cfbfbcd0e","local_time":"20210117225846","is_ascension_mode":true,"campfire_choices":[{"data":"Eviscerate","floor":6.0,"key":"SMITH"},{"floor":10.0,"key":"REST"},{"floor":15,"key":"REST"}],"circlet_count":0,"master_deck":["AscendersBane","Strike_G","Strike_G","Strike_G","Strike_G","Defend_G","Defend_G","Defend_G","Defend_G","Survivor+1","Neutralize","Acrobatics","Eviscerate+1","Calculated Gamble","Well Laid Plans","Acrobatics+1"],"relics":["Ring of the Snake","Potion Belt","Tough Bandages"],"acts_visited":["Exordium"],"potions_floor_usage":[14],"damage_taken":[{"damage":3.0,"enemies":"Cultist","floor":1.0,"turns":4.0},{"damage":0.0,"enemies":"2 Louse","floor":2.0,"turns":3.0},{"damage":6.0,"enemies":"Small Slimes","floor":4.0,"turns":2.0},{"damage":17.0,"enemies":"Exordium Wildlife","floor":5.0,"turns":6.0},{"damage":24.0,"enemies":"Large Slime","floor":8.0,"turns":8.0},{"damage":0,"enemies":"3 Louse","floor":11,"turns":3},{"damage":0,"enemies":"Lots of Slimes","floor":14,"turns":5},{"damage":0,"enemies":"Slime Boss","floor":16,"turns":3}],"seed_played":"-4429523278921044998","potions_obtained":[{"floor":2.0,"key":"SteroidPotion"},{"floor":4.0,"key":"Ancient Potion"},{"floor":11,"key":"PowerPotion"}],"is_trial":false,"path_per_floor":["M","M","T","M","M","R","$","M","T","R","M","$","?","M","R","B"],"character_chosen":"THE_SILENT","items_purchased":["Calculated Gamble"],"campfire_rested":2,"item_purchase_floors":[7],"current_hp_per_floor":[56,56,56,50,33,33,33,9,9,28,28,28,8,8,27,27,27],"gold":44,"neow_bonus":"TRANSFORM_CARD","is_daily":false,"chose_seed":false,"campfire_upgraded":1,"win_rate":0.0,"timestamp":1610891926,"path_taken":["M","M","?","M","?","R","$","M","T","R","?","$","?","M","R","BOSS"],"items_purchased_type":["Card"],"build_version":"2020-12-22","purchased_purges":1,"victory":false,"max_hp_per_floor":[66,66,66,66,66,66,66,66,66,66,66,66,66,66,66,66,66],"card_choices":[{"not_picked":["Cloak And Dagger","Dodge and Roll"],"picked":"Eviscerate","floor":1.0},{"not_picked":["Sucker Punch","Flying Knee","Backflip"],"picked":"SKIP","floor":2.0},{"not_picked":["Flying Knee","Finisher","Cloak And Dagger"],"picked":"SKIP","floor":4.0},{"not_picked":["Storm of Steel","Deflect","Dagger Spray"],"picked":"SKIP","floor":5.0},{"not_picked":["Deadly Poison","Noxious Fumes"],"picked":"Well Laid Plans","floor":8.0},{"not_picked":["Expertise","Cloak And Dagger"],"picked":"Acrobatics","floor":11},{"not_picked":["PiercingWail","Quick Slash","Deadly Poison"],"picked":"SKIP","floor":14}],"player_experience":590651,"relics_obtained":[{"floor":3.0,"key":"Potion Belt"},{"floor":9.0,"key":"Tough Bandages"}],"event_choices":[{"damage_healed":0,"gold_gain":0,"player_choice":"Entered Light","damage_taken":20,"max_hp_gain":0,"max_hp_loss":0,"event_name":"Shining Light","floor":13,"gold_loss":0,"cards_upgraded":["Survivor","Acrobatics"]}],"is_beta":false,"boss_relics":[],"items_purged_floors":[7],"is_endless":false,"potions_floor_spawned":[2,4,11],"killed_by":"Slime Boss","ascension_level":20}}