{"host":"2apb6gwm2fj4theg","time":1610899867,"event":{"mods":["2.2 Compatiblity","AlwaysNeverKeys","Ascension Reborn","BaseMod","ChefMod","Halation","Hubris","Infinite Spire","Ironclad Rager","Marked Mod","Minty Spire (QoL Compilation)","Replay The Spire","Shop Mod","Small Relic Pack","StSLib","The Animator","Unceasing Turn Reminder"],"gold_per_floor":[114,114,130,150,164,193,212,212,239,266,317,332,347,362,362,464,464,482,502,517,527,538,549,0,0,0,0,16,33,52,64,64,161,161,176,189,0,0,10,10,39,58,58,72,72,72,72],"floor_reached":46,"language":"ENG","playtime":3999,"items_purged":[],"score":551,"play_id":"1d582f4d-ffb2-45ef-938c-11ce964746f4","local_time":"20210117181107","is_ascension_mode":true,"campfire_choices":[{"floor":8.0,"key":"REST"},{"data":"True Grit","floor":15.0,"key":"SMITH"},{"floor":25.0,"key":"REST"},{"floor":27.0,"key":"REST"},{"floor":32.0,"key":"REST"},{"floor":40,"key":"REST"},{"floor":45,"key":"REST"}],"circlet_count":0,"master_deck":["Strike_R+1","Strike_R","Strike_R","Strike_R","Strike_R","Defend_R+1","Defend_R","Defend_R","Defend_R","Bash+1","Evolve","Iron Wave","Run Through","Wild Strike","Heavy Blade","Cleave","True Grit","Replay:Undeath\u0027s Touch","True Grit+1","Anger","Uppercut","Rage","Offering","CurseOfTheBell","Cleave","Armaments+1","Reckless Charge","Clothesline+1","Wild Strike","Pummel","Flex","Trip","Shrug It Off","Infernal Blade","Anger","Limit Break","Shame","hubris:MerchantsHand","Eclipse","Impatience","infinitespire:NeuralNetwork","Flex+1","infinitespire:FutureSight","Shrug It Off","Immolate","Spot Weakness"],"relics":["Burning Blood","Lantern","hubris:TenFootPole","Orichalcum","InkBottle","Calling Bell","Singing Bowl","Ice Cream","Pet Ghost","Kunai","hubris:BottledRain","ReplayTheSpireMod:SealedPack","Red Mask","SlaversCollar","Dead Branch","PreservedInsect","hubris:TinFlute"],"acts_visited":["Exordium","TheCity","TheBeyond"],"potions_floor_usage":[36,42,46,46],"damage_taken":[{"damage":1.0,"enemies":"Cultist","floor":1.0,"turns":3.0},{"damage":4.0,"enemies":"Jaw Worm","floor":3.0,"turns":3.0},{"damage":2.0,"enemies":"2 Louse","floor":4.0,"turns":4.0},{"damage":15.0,"enemies":"2 Fungi Beasts","floor":5.0,"turns":4.0},{"damage":16.0,"enemies":"3 Sentries","floor":6.0,"turns":9.0},{"damage":0.0,"enemies":"Red Slaver","floor":7.0,"turns":1.0},{"damage":47.0,"enemies":"Lagavulin","floor":10.0,"turns":7.0},{"damage":0.0,"enemies":"3 Louse","floor":12.0,"turns":1.0},{"damage":0.0,"enemies":"2 Fungi Beasts","floor":13.0,"turns":2.0},{"damage":4.0,"enemies":"Red Slaver","floor":14.0,"turns":3.0},{"damage":12.0,"enemies":"Slime Boss","floor":16.0,"turns":13.0},{"damage":7.0,"enemies":"Spheric Guardian","floor":18.0,"turns":3.0},{"damage":19.0,"enemies":"Shell Parasite","floor":19.0,"turns":6.0},{"damage":7.0,"enemies":"Snecko","floor":20.0,"turns":4.0},{"damage":15.0,"enemies":"3 Cultists","floor":21.0,"turns":6.0},{"damage":6.0,"enemies":"Centurion and Healer","floor":22.0,"turns":8.0},{"damage":30.0,"enemies":"Snake Plant","floor":23.0,"turns":5.0},{"damage":50.0,"enemies":"Snecko","floor":28.0,"turns":8.0},{"damage":6.0,"enemies":"Centurion and Healer","floor":29.0,"turns":6.0},{"damage":12.0,"enemies":"Shelled Parasite and Fungi","floor":30.0,"turns":4.0},{"damage":9.0,"enemies":"Snake Plant","floor":31.0,"turns":3.0},{"damage":20.0,"enemies":"Champ","floor":33.0,"turns":11.0},{"damage":44,"enemies":"3 Darklings","floor":35,"turns":8},{"damage":13,"enemies":"Orb Walker","floor":36,"turns":4},{"damage":9,"enemies":"Spire Growth","floor":39,"turns":4},{"damage":13,"enemies":"Giant Head","floor":41,"turns":6},{"damage":49,"enemies":"Writhing Mass","floor":42,"turns":5},{"damage":4,"enemies":"Transient","floor":44,"turns":5},{"damage":50,"enemies":"Spire Growth","floor":46,"turns":5}],"seed_played":"5431292180370202440","potions_obtained":[{"floor":3.0,"key":"ColorlessPotion"},{"floor":4.0,"key":"Fire Potion"},{"floor":10.0,"key":"SteroidPotion"},{"floor":13.0,"key":"Doom Potion"},{"floor":16.0,"key":"SkillPotion"},{"floor":18.0,"key":"Swift Potion"},{"floor":19.0,"key":"Block Potion"},{"floor":20.0,"key":"Death Potion"},{"floor":29.0,"key":"SteroidPotion"},{"floor":31.0,"key":"BlessingOfTheForge"},{"floor":39,"key":"Swift Potion"},{"floor":41,"key":"FearPotion"},{"floor":44,"key":"LiquidMemories"}],"is_trial":false,"path_per_floor":["M","?","M","M","M","E","M","R","T","E","?","M","M","M","R","B",null,"M","M","M","M","M","M","$","R","T","R","M","M","M","M","R","B",null,"M","M","?","AVR","M","R","E","M","T","M","R","M"],"character_chosen":"IRONCLAD","items_purchased":["Pummel","Flex","Kunai","Trip","Reflective Coating"],"campfire_rested":6,"item_purchase_floors":[24,24,24,24,24],"current_hp_per_floor":[80,64,66,70,61,51,57,80,80,39,23,29,35,37,37,31,80,79,66,67,58,58,34,34,58,58,82,38,40,34,31,56,42,84,46,41,41,41,40,66,59,16,16,18,44,0,0],"gold":72,"neow_bonus":"UPGRADE_CARD","is_daily":false,"chose_seed":false,"campfire_upgraded":1,"win_rate":0.0,"timestamp":1610899867,"path_taken":["M","?","M","M","M","E","M","R","T","E","?","M","M","M","R","BOSS","M","M","M","M","M","M","$","R","T","R","M","M","M","M","R","BOSS","M","M","?","AVR","M","R","E","M","T","M","R","M"],"items_purchased_type":["Card","Card","Relic","Card","Potion"],"build_version":"2020-12-22","purchased_purges":0,"victory":false,"max_hp_per_floor":[80,80,80,80,80,80,80,80,80,80,80,80,80,80,80,80,80,80,80,82,82,82,82,82,82,82,82,82,84,84,84,84,84,84,84,86,86,86,88,88,88,88,88,88,88,88,88],"card_choices":[{"not_picked":["Dual Wield","hubris:ReadiedAction"],"picked":"Evolve","floor":1.0},{"not_picked":["Warcry","Body Slam"],"picked":"Iron Wave","floor":3.0},{"not_picked":["Replay:Undeath\u0027s Touch","Life Link"],"picked":"Run Through","floor":4.0},{"not_picked":["Run Through","Body Slam"],"picked":"Wild Strike","floor":5.0},{"not_picked":["Exhume","Dual Wield"],"picked":"Heavy Blade","floor":6.0},{"not_picked":["Iron Wave","Havoc"],"picked":"Cleave","floor":7.0},{"not_picked":["hubris:ReadiedAction","Clothesline"],"picked":"True Grit","floor":10.0},{"not_picked":["Carnage","Flex"],"picked":"Replay:Undeath\u0027s Touch","floor":11.0},{"not_picked":["Shockwave","Searing Blow"],"picked":"True Grit","floor":11.0},{"not_picked":["Warcry","Run Through"],"picked":"Anger","floor":12.0},{"not_picked":["Flex","Clothesline"],"picked":"Uppercut","floor":13.0},{"not_picked":["Carnage","Armaments"],"picked":"Rage","floor":14.0},{"not_picked":["Immolate","Replay:Many Hands"],"picked":"Offering","floor":16.0},{"not_picked":["Flame Barrier","Sword Boomerang+1"],"picked":"Cleave","floor":18.0},{"not_picked":["Replay:Undeath\u0027s Touch+1","Shrug It Off"],"picked":"Armaments+1","floor":19.0},{"not_picked":["Shrug It Off+1","Clothesline","Entrench"],"picked":"Singing Bowl","floor":20.0},{"not_picked":["Flame Barrier","Rage"],"picked":"Reckless Charge","floor":21.0},{"not_picked":["Dual Wield","Carnage"],"picked":"Clothesline+1","floor":22.0},{"not_picked":["Cleave","Replay:Many Hands"],"picked":"Wild Strike","floor":23.0},{"not_picked":["Body Slam","Dark Embrace"],"picked":"Shrug It Off","floor":28.0},{"not_picked":["Flex","Carnage","Shrug It Off"],"picked":"Singing Bowl","floor":29.0},{"not_picked":["Perfected Strike","Carnage"],"picked":"Infernal Blade","floor":30.0},{"not_picked":["hubris:ReadiedAction","infinitespire:OneForAll+1"],"picked":"Anger","floor":31.0},{"not_picked":["Juggernaut","Reaper"],"picked":"Limit Break","floor":33.0},{"not_picked":["Dualcast","Eruption"],"picked":"hubris:MerchantsHand","floor":34.0},{"not_picked":["Feed","Impervious"],"picked":"Eclipse","floor":34.0},{"not_picked":["Survey Options","PanicButton"],"picked":"Impatience","floor":34.0},{"not_picked":["ReplayTheSpireMod:Black Plague","ReplayTheSpireMod:Echoes of Time"],"picked":"infinitespire:NeuralNetwork","floor":34.0},{"not_picked":["Clothesline","Anger+1"],"picked":"Flex+1","floor":35},{"not_picked":["Fire Breathing","Carnage","Battle Trance+1"],"picked":"Singing Bowl","floor":36},{"not_picked":["Iron Wave","Clothesline+1","Clash"],"picked":"Singing Bowl","floor":39},{"not_picked":["Clash+1","Replay:Undeath\u0027s Touch"],"picked":"Shrug It Off","floor":41},{"not_picked":["Pommel Strike","Flex+1"],"picked":"Immolate","floor":42},{"not_picked":["Iron Wave+1","Hemokinesis+1"],"picked":"Spot Weakness","floor":44}],"player_experience":615204,"relics_obtained":[{"floor":6.0,"key":"Lantern"},{"floor":9.0,"key":"hubris:TenFootPole"},{"floor":10.0,"key":"Orichalcum"},{"floor":11.0,"key":"InkBottle"},{"floor":17.0,"key":"Singing Bowl"},{"floor":17.0,"key":"Ice Cream"},{"floor":17.0,"key":"Pet Ghost"},{"floor":26.0,"key":"hubris:BottledRain"},{"floor":41,"key":"PreservedInsect"},{"floor":43,"key":"hubris:TinFlute"}],"event_choices":[{"damage_healed":0.0,"max_hp_gain":0.0,"max_hp_loss":0.0,"gold_gain":0.0,"event_name":"Shining Light","player_choice":"Entered Light","floor":2.0,"gold_loss":0.0,"damage_taken":16.0,"cards_upgraded":["Strike_R","Defend_R"]},{"damage_healed":0,"gold_gain":0,"player_choice":"Paid","damage_taken":0,"relics_obtained":["Red Mask"],"max_hp_gain":0,"max_hp_loss":0,"event_name":"Tomb of Lord Red Mask","floor":37,"gold_loss":189}],"is_beta":false,"boss_relics":[{"not_picked":["halation:Yufonium","Busted Crown"],"picked":"Calling Bell"},{"not_picked":["Runic Cube","Philosopher\u0027s Stone"],"picked":"ReplayTheSpireMod:SealedPack"}],"items_purged_floors":[],"is_endless":false,"potions_floor_spawned":[3,4,10,13,16,18,19,20,29,31,39,41,44],"killed_by":"Spire Growth","ascension_level":0}}