{"host":"2pmmafybkq7zb6na","time":1610875125,"event":{"mods":["AchievementEnabler","BaseMod","Colored Map","Highlight Path","Keyboard Shortcuts","Minty Spire (QoL Compilation)","Quick Restart","StSLib","SuperFastMode"],"gold_per_floor":[363,380,397,410,425,425,0,0,0,11,21,21,38,57,57,57,57],"floor_reached":16,"language":"KOR","playtime":703,"items_purged":["Strike_R"],"score":98,"play_id":"86992b35-edc4-4cde-81a4-1477d2aee998","local_time":"20210117181845","is_ascension_mode":false,"campfire_choices":[{"data":"Rampage","floor":6.0,"key":"SMITH"},{"data":"Strike_R","floor":12.0,"key":"PURGE"},{"floor":15,"key":"REST"}],"circlet_count":0,"master_deck":["Strike_R","Strike_R","Strike_R","Defend_R","Defend_R","Defend_R","Defend_R","Bash","Second Wind","Sword Boomerang","Body Slam","Rampage+1","Dark Embrace","Warcry","Battle Trance","Reckless Charge"],"relics":["Burning Blood","Peace Pipe","Darkstone Periapt"],"acts_visited":["Exordium"],"potions_floor_usage":[14],"damage_taken":[{"damage":0.0,"enemies":"Cultist","floor":1.0,"turns":4.0},{"damage":2.0,"enemies":"2 Louse","floor":2.0,"turns":4.0},{"damage":11.0,"enemies":"Jaw Worm","floor":3.0,"turns":4.0},{"damage":11.0,"enemies":"Blue Slaver","floor":4.0,"turns":5.0},{"damage":12.0,"enemies":"2 Fungi Beasts","floor":5.0,"turns":4.0},{"damage":26.0,"enemies":"Large Slime","floor":10.0,"turns":8.0},{"damage":11.0,"enemies":"Blue Slaver","floor":11.0,"turns":4.0},{"damage":12.0,"enemies":"Gremlin Gang","floor":13.0,"turns":6.0},{"damage":5,"enemies":"Looter","floor":14,"turns":3},{"damage":35,"enemies":"Hexaghost","floor":16,"turns":10}],"seed_played":"24233802892452996","potions_obtained":[{"floor":1.0,"key":"SneckoOil"},{"floor":4.0,"key":"GamblersBrew"},{"floor":5.0,"key":"DistilledChaos"},{"floor":10.0,"key":"FearPotion"}],"is_trial":false,"path_per_floor":["M","M","M","M","M","R","$","?","T","M","M","R","M","M","R","B"],"character_chosen":"IRONCLAD","items_purchased":["Warcry","Peace Pipe"],"campfire_rested":1,"item_purchase_floors":[7,7],"current_hp_per_floor":[62,66,61,56,50,50,50,50,50,30,25,25,19,20,44,9,9],"gold":57,"neow_bonus":"TWO_FIFTY_GOLD","is_daily":false,"chose_seed":false,"campfire_upgraded":1,"win_rate":0.0,"timestamp":1610875125,"path_taken":["M","M","M","M","?","R","$","?","T","M","M","R","M","?","R","BOSS"],"items_purchased_type":["Card","Relic"],"build_version":"2020-12-22","purchased_purges":1,"victory":false,"max_hp_per_floor":[80,80,80,80,80,80,80,80,80,80,80,80,80,80,80,80,80],"card_choices":[{"not_picked":["Anger","Perfected Strike"],"picked":"Second Wind","floor":1.0},{"not_picked":["Rage","Iron Wave"],"picked":"Sword Boomerang","floor":2.0},{"not_picked":["Twin Strike","Sever Soul"],"picked":"Body Slam","floor":3.0},{"not_picked":["Uppercut","Sword Boomerang"],"picked":"Rampage","floor":4.0},{"not_picked":["Rampage","Body Slam"],"picked":"Dark Embrace","floor":5.0},{"not_picked":["Body Slam","Sword Boomerang","Thunderclap"],"picked":"SKIP","floor":10.0},{"not_picked":["Thunderclap","Body Slam"],"picked":"Battle Trance","floor":11.0},{"not_picked":["Pommel Strike","Clothesline","Perfected Strike"],"picked":"SKIP","floor":13.0},{"not_picked":["Heavy Blade","Rampage"],"picked":"Reckless Charge","floor":14}],"player_experience":73686,"relics_obtained":[{"floor":9.0,"key":"Darkstone Periapt"}],"event_choices":[{"damage_healed":0.0,"max_hp_gain":0.0,"max_hp_loss":0.0,"gold_gain":0.0,"event_name":"Match and Keep!","player_choice":"0 cards matched","floor":8.0,"gold_loss":0.0,"damage_taken":0.0,"cards_obtained":[]}],"is_beta":false,"boss_relics":[],"items_purged_floors":[7],"is_endless":false,"potions_floor_spawned":[1,4,5,10],"killed_by":"Hexaghost","ascension_level":0}}