{"host":"h23hlq20ir8sps7h","time":1610883211,"event":{"mods":["Act Like it!","Aspiration","BaseMod","BetterRewards","Colored Map","Conspire","Energized Spire","Friendly Minions","GifTheSpireLib","Halation","Hubris","Ironclad Rager","Minty Spire (QoL Compilation)","Permanent Neow","Prisma Mod","Quarter Circle Forward PUNCH!","Quick Restart","Railgun Mod","Remilia??????","Replay The Spire","SCP261 Mod","Shop Mod","Spikes Relics","StSLib","Stuff the Spire","The Animator","The Hierophant","The Problem Sleuth","The Runesmith","The Sage","Trackpad","Wandering Minibosses","vexMod"],"gold_per_floor":[111,111,140,134,134,153,153,182,182,182,207,50,50,72,72,164,164,179,185,185,185,193,212,212,233,233,233,257,257,276,299,299,389,389,394,394,409,9,34,57,57,79,79,87,87,105,105,107,107,97],"floor_reached":51,"language":"ENG","playtime":5235,"items_purged":[],"score":933,"play_id":"3c3248bd-9ea4-4eab-9940-b6277f3d0d66","local_time":"20210117033331","daily_mods":["SealedDeck","Specialized","Heirloom","DeadlyEvents","Elite Swarm"],"is_ascension_mode":false,"campfire_choices":[{"data":"Runesmith:ArcReactor","floor":7,"key":"SMITH"},{"data":"Runesmith:DoubleUp","floor":10,"key":"SMITH"},{"data":"Runesmith:MetallurgicalResearch","floor":13,"key":"SMITH"},{"data":"Runesmith:MetallurgicalResearch","floor":15,"key":"SMITH"},{"data":"Runesmith:MetallurgicalResearch","floor":24,"key":"SMITH"},{"data":"Runesmith:UnlimitedPower","floor":27,"key":"SMITH"},{"data":"Runesmith:CraftPrismatica","floor":29,"key":"SMITH"},{"data":"Runesmith:MetallurgicalResearch","floor":32,"key":"SMITH"},{"data":"Runesmith:Superposition","floor":41,"key":"SMITH"},{"data":"Runesmith:CraftMedicinae","floor":47,"key":"SMITH"},{"data":"Runesmith:HammerThrow","floor":49,"key":"SMITH"}],"circlet_count":0,"master_deck":["Runesmith:Refine","Runesmith:Refine","Runesmith:Refine","Runesmith:Refine","Runesmith:Refine","Runesmith:PoweredAnvil+1","Runesmith:ChiselStab+1","Runesmith:ChiselStab","Runesmith:FrozenChisel","Runesmith:DoubleUp+1","Runesmith:Grindstone","Runesmith:Grindstone","Runesmith:Grindstone","Runesmith:EarthShield","Runesmith:EarthShield","Runesmith:CraftMagma","Runesmith:ArcReactor+1","Runesmith:CreatorForm","Runesmith:MetallurgicalResearch+1","Runesmith:GrandSlam+1","Runesmith:MetallurgicalResearch+1","Bandage Up","Runesmith:CraftMedicinae","Panacea","Runesmith:HammerTime+1","Runesmith:HeatedChisel+1","Runesmith:Firewall","Runesmith:CraftPrismatica+1","Runesmith:MetallurgicalResearch+1","Runesmith:GrandSlam","Runesmith:UnlimitedPower+1","Runesmith:ArcReactor","Runesmith:CraftMedicinae","Runesmith:ReplicatingBarrier","Runesmith:UnlimitedPower","Runesmith:MetallurgicalResearch","Runesmith:MetallurgicalResearch+1","Runesmith:ArcReactor","Runesmith:StaticCage+1","Runesmith:Superposition+1","Runesmith:Supernova","Runesmith:LastStand","Runesmith:CraftPrismatica","Runesmith:Supernova","Runesmith:CraftIndustria","Runesmith:CraftPrismatica","Runesmith:CraftMagma","Runesmith:MetallurgicalResearch","Runesmith:CraftMedicinae+1","Runesmith:HammerThrow+1"],"relics":["Runesmith:BrokenRuby","Lizard Tail","Replay:Mystery Machine","Bronze Scales","vexMod:HeadHunter","conspire:GlowingRock","halation:PrussianBluePaint","Happy Flower","qcfpunch:Duffel_Bag","Honey Jar","trackpad:AdjectivePendant","Regal Pillow","ShockBauble","White Beast Statue","halation:Toothbrush","BicycleWheel","hubris:SphereOfDissonance","Replay:Ringing Soul","CosmicIsotope","Whetstone","aspiration:HummingbirdHeart","Chameleon Ring","sagemod:Creepy_Carousel","StuffTheSpire:MayFlowers","hubris:Zylophone","Bottled Lightning"],"acts_visited":["Exordium","TheCity","TheBeyond"],"potions_floor_usage":[],"damage_taken":[{"damage":0,"enemies":"Small Slimes","floor":1,"turns":6},{"damage":0,"enemies":"conspire:MimicChest","floor":3,"turns":5},{"damage":0,"enemies":"2 Louse","floor":4,"turns":5},{"damage":0,"enemies":"Lagavulin","floor":6,"turns":7},{"damage":6,"enemies":"Gremlin Nob","floor":8,"turns":6},{"damage":21,"enemies":"Lagavulin","floor":11,"turns":9},{"damage":13,"enemies":"3 Sentries","floor":14,"turns":6},{"damage":12,"enemies":"The Guardian","floor":16,"turns":7},{"damage":0,"enemies":"3 Byrds","floor":18,"turns":3},{"damage":3,"enemies":"Spheric Guardian","floor":19,"turns":6},{"damage":20,"enemies":"Snecko","floor":22,"turns":8},{"damage":24,"enemies":"Book of Stabbing","floor":23,"turns":6},{"damage":24,"enemies":"Gremlin Leader","floor":25,"turns":7},{"damage":39,"enemies":"Book of Stabbing","floor":28,"turns":8},{"damage":4,"enemies":"conspire:SneckoGhost","floor":30,"turns":6},{"damage":15,"enemies":"Book of Stabbing","floor":31,"turns":4},{"damage":7,"enemies":"Automaton","floor":33,"turns":9},{"damage":0,"enemies":"3 Shapes","floor":35,"turns":6},{"damage":0,"enemies":"Orb Walker","floor":37,"turns":6},{"damage":18,"enemies":"Nemesis","floor":39,"turns":5},{"damage":20,"enemies":"Reptomancer","floor":40,"turns":7},{"damage":51,"enemies":"Nemesis","floor":42,"turns":9},{"damage":6,"enemies":"Transient","floor":44,"turns":5},{"damage":23,"enemies":"Reptomancer","floor":46,"turns":7},{"damage":18,"enemies":"Spire Growth","floor":48,"turns":7},{"damage":0,"enemies":"Replay:Hell Engine","floor":50,"turns":8}],"seed_played":"-784420067438404164","potions_obtained":[{"floor":4,"key":"Energy Potion"},{"floor":18,"key":"Energy Potion"},{"floor":23,"key":"Explosive Potion"},{"floor":28,"key":"SkillPotion"},{"floor":30,"key":"Reflective Coating"},{"floor":31,"key":"Adrenaline Potion"},{"floor":33,"key":"Explosive Potion"},{"floor":35,"key":"Regen Potion"},{"floor":37,"key":"PowerPotion"},{"floor":39,"key":"SCP261:GirlTearsPotion"},{"floor":40,"key":"Venom Potion"},{"floor":42,"key":"Ancient Potion"},{"floor":44,"key":"sagemod:Wine"},{"floor":46,"key":"Elixir"},{"floor":48,"key":"Dexterity Potion"}],"is_trial":true,"path_per_floor":["M","?","?","M","?","E","R","E","T","R","E","$","R","E","R","B",null,"M","M","?","?","M","E","R","E","T","R","E","R","E","E","R","B",null,"M","?","M","$","E","E","R","E","T","M","$","E","R","M","R","B",null],"character_chosen":"RUNESMITH_CLASS","items_purchased":["Happy Flower","Whetstone","aspiration:HummingbirdHeart"],"campfire_rested":0,"item_purchase_floors":[12,38,38],"current_hp_per_floor":[70,75,75,75,75,75,75,69,69,69,48,48,48,35,35,23,75,75,75,75,75,55,35,35,17,17,17,26,26,32,24,24,30,81,84,84,87,87,72,93,93,80,80,80,80,79,79,91,91,105],"gold":97,"neow_bonus":"","is_daily":false,"chose_seed":false,"campfire_upgraded":11,"win_rate":0.0,"timestamp":1610883211,"path_taken":["M","?","?","M","?","E","R","E","T","R","E","$","R","E","R","BOSS","M","M","?","?","M","E","R","E","T","R","E","R","E","?","R","BOSS","M","?","M","$","?","E","R","E","T","M","$","E","R","?","R","BOSS"],"items_purchased_type":["Relic","Relic","Relic"],"build_version":"2020-12-22","purchased_purges":0,"victory":true,"max_hp_per_floor":[70,75,75,75,75,75,75,75,75,75,75,75,75,75,75,75,75,75,75,75,75,75,75,75,75,75,75,75,75,75,78,78,81,81,84,84,87,87,90,93,93,96,96,99,99,102,102,105,105,105],"card_choices":[{"not_picked":["Runesmith:RuneHurl","Runesmith:MakeshiftArmor"],"picked":"Runesmith:CraftMagma","floor":1},{"not_picked":["Runesmith:Overpower","Runesmith:ShiftingStrike","Runesmith:Repurpose"],"picked":"SKIP","floor":4},{"not_picked":["Runesmith:DuctTape","Runesmith:CraftIndustria"],"picked":"Runesmith:ArcReactor","floor":6},{"not_picked":["Runesmith:Supernova","Runesmith:UnlimitedPower"],"picked":"Runesmith:CreatorForm","floor":8},{"not_picked":["Runesmith:CraftPrismatica","Runesmith:LightningRod"],"picked":"Runesmith:MetallurgicalResearch","floor":11},{"not_picked":["Runesmith:DuctTape","Runesmith:CreatorForm"],"picked":"Runesmith:GrandSlam","floor":11},{"not_picked":["Runesmith:CraftPrismatica","Runesmith:UnlimitedPower"],"picked":"Runesmith:MetallurgicalResearch","floor":14},{"not_picked":["Runesmith:DuctTape","Runesmith:UnlimitedPower","Runesmith:LightningRod"],"picked":"SKIP","floor":14},{"not_picked":[],"picked":"Bandage Up","floor":16},{"not_picked":["Runesmith:LightningRod","Runesmith:ReplicatingBarrier"],"picked":"Runesmith:CraftMedicinae","floor":16},{"not_picked":[],"picked":"Panacea","floor":18},{"not_picked":["Runesmith:PerfectChisel","Runesmith:UnstableHammer","Runesmith:Empowerment"],"picked":"Runesmith:HammerTime+1","floor":18},{"not_picked":["Runesmith:GoWithTheFlow","Runesmith:ChiselStab","Runesmith:CraftProtectio"],"picked":"Runesmith:HeatedChisel+1","floor":19},{"not_picked":["Runesmith:MakeshiftArmor","Runesmith:Retool","Runesmith:EarthShield"],"picked":"Runesmith:Firewall","floor":22},{"not_picked":["Runesmith:LightningRod","Runesmith:UnlimitedPower"],"picked":"Runesmith:CraftPrismatica","floor":23},{"not_picked":["Runesmith:DuctTape","Runesmith:CreatorForm","Runesmith:Supernova"],"picked":"Runesmith:MetallurgicalResearch","floor":23},{"not_picked":["Runesmith:CreatorForm","Runesmith:Duplicate"],"picked":"Runesmith:GrandSlam","floor":25},{"not_picked":["Runesmith:Supernova","Runesmith:CraftIndustria","Runesmith:CraftPrismatica"],"picked":"Runesmith:UnlimitedPower","floor":25},{"not_picked":["Runesmith:LastStand","Runesmith:Duplicate"],"picked":"Runesmith:ArcReactor","floor":28},{"not_picked":["Runesmith:GrandSlam","Runesmith:CreatorForm","Runesmith:UnlimitedPower"],"picked":"Runesmith:CraftMedicinae","floor":28},{"not_picked":["Runesmith:LastStand","Runesmith:CreatorForm"],"picked":"Runesmith:ReplicatingBarrier","floor":30},{"not_picked":["Runesmith:FissionHammer","Runesmith:LastStand","Runesmith:CraftIndustria"],"picked":"Runesmith:UnlimitedPower","floor":30},{"not_picked":["Runesmith:Supernova","Runesmith:CreatorForm"],"picked":"Runesmith:MetallurgicalResearch","floor":31},{"not_picked":["Runesmith:CraftPrismatica","Runesmith:DuctTape","Runesmith:LightningRod"],"picked":"Runesmith:MetallurgicalResearch","floor":31},{"not_picked":["Runesmith:GrandSlam","Runesmith:CraftMedicinae","Runesmith:LightningRod"],"picked":"Runesmith:ArcReactor","floor":33},{"not_picked":["Runesmith:EarthShield+1","Runesmith:Discharge","Runesmith:CraftMagma"],"picked":"Runesmith:StaticCage+1","floor":35},{"not_picked":["Runesmith:NanitesCloud+1","Runesmith:CraftIncendium","Runesmith:MakeshiftArmor"],"picked":"Runesmith:Superposition","floor":37},{"not_picked":["Runesmith:LastStand","Runesmith:UnlimitedPower"],"picked":"Runesmith:Supernova","floor":39},{"not_picked":["Runesmith:UnlimitedPower","Runesmith:Duplicate","Runesmith:DuctTape"],"picked":"Runesmith:LastStand","floor":39},{"not_picked":["Runesmith:UnlimitedPower","Runesmith:ReplicatingBarrier"],"picked":"Runesmith:CraftPrismatica","floor":40},{"not_picked":["Runesmith:FissionHammer","Runesmith:LastStand","Runesmith:DuctTape"],"picked":"Runesmith:Supernova","floor":40},{"not_picked":["Runesmith:GenerateForcefield","Runesmith:UnlimitedPower"],"picked":"Runesmith:CraftIndustria","floor":42},{"not_picked":["Runesmith:Duplicate","Runesmith:ArcReactor","Runesmith:Supernova"],"picked":"Runesmith:CraftPrismatica","floor":42},{"not_picked":["Runesmith:CraftProtectio","Runesmith:BackupBattery","Runesmith:ChaoticBlast"],"picked":"Runesmith:CraftMagma","floor":44},{"not_picked":["Runesmith:GenerateForcefield","Runesmith:DuctTape"],"picked":"Runesmith:MetallurgicalResearch","floor":46},{"not_picked":["Runesmith:LastStand","Runesmith:CraftPrismatica","Runesmith:UnlimitedPower"],"picked":"Runesmith:CraftMedicinae","floor":46},{"not_picked":["Runesmith:NanitesCloud","Runesmith:MakeshiftArmor","Runesmith:CraftObretio+1"],"picked":"Runesmith:HammerThrow","floor":48}],"player_experience":306083,"relics_obtained":[{"floor":3,"key":"Replay:Mystery Machine"},{"floor":6,"key":"Bronze Scales"},{"floor":8,"key":"vexMod:HeadHunter"},{"floor":9,"key":"conspire:GlowingRock"},{"floor":11,"key":"halation:PrussianBluePaint"},{"floor":14,"key":"qcfpunch:Duffel_Bag"},{"floor":19,"key":"trackpad:AdjectivePendant"},{"floor":22,"key":"Regal Pillow"},{"floor":23,"key":"ShockBauble"},{"floor":25,"key":"White Beast Statue"},{"floor":26,"key":"halation:Toothbrush"},{"floor":28,"key":"BicycleWheel"},{"floor":30,"key":"hubris:SphereOfDissonance"},{"floor":31,"key":"Replay:Ringing Soul"},{"floor":39,"key":"Chameleon Ring"},{"floor":40,"key":"sagemod:Creepy_Carousel"},{"floor":42,"key":"StuffTheSpire:MayFlowers"},{"floor":43,"key":"hubris:Zylophone"},{"floor":46,"key":"Bottled Lightning"}],"event_choices":[{"damage_healed":0,"gold_gain":0,"player_choice":"Donut","damage_taken":0,"max_hp_gain":5,"max_hp_loss":0,"event_name":"Big Fish","floor":2,"gold_loss":0},{"damage_healed":0,"gold_gain":0,"player_choice":"Disagree","damage_taken":0,"max_hp_gain":0,"max_hp_loss":0,"event_name":"conspire:LoneGhost","floor":5,"gold_loss":0},{"damage_healed":0,"gold_gain":0,"player_choice":"Ignored","damage_taken":0,"max_hp_gain":0,"max_hp_loss":0,"event_name":"NoteForYourself","floor":36,"gold_loss":0}],"is_beta":false,"boss_relics":[{"not_picked":["StuffTheSpire:RunicConfusion","Cursed Key"],"picked":"Honey Jar"},{"not_picked":["energizedSpire:MagnifyingGlass","Snecko Eye"],"picked":"CosmicIsotope"}],"items_purged_floors":[],"is_endless":false,"potions_floor_spawned":[4,8,18,23,28,30,31,33,35,37,39,40,42,44,46,48],"ascension_level":0}}