{"host":"ccw6t0i2dpm5wyxf","time":1610895108,"event":{"mods":["AchievementEnabler","BaseMod","Colored Map","Minty Spire (QoL Compilation)","Permanent Neow","SuperFastMode"],"gold_per_floor":[118,118,193,193,211,211,211,211,211,211,251,251,286,307,307,431,431,454,554,579,598,90,131,131,154,179,179,197,232,253,273,273,273,273],"floor_reached":33,"language":"ENG","playtime":798,"items_purged":["Defend_R"],"score":398,"play_id":"30e7d8a0-2cd0-441b-8591-b1fff7ab040d","local_time":"20210117085148","is_ascension_mode":true,"campfire_choices":[{"floor":6,"key":"REST"},{"floor":8,"key":"REST"},{"data":"Double Tap","floor":12,"key":"SMITH"},{"floor":15,"key":"REST"},{"floor":24,"key":"REST"},{"floor":27,"key":"REST"},{"floor":32,"key":"REST"}],"circlet_count":0,"master_deck":["Strike_R","Strike_R","Defend_R+1","Defend_R","Defend_R","Bash+1","Immolate+1","Searing Blow+1","Rupture+1","Sword Boomerang","Metallicize+1","Parasite","Double Tap+1","Fire Breathing","Heavy Blade","Impervious","Flame Barrier","Inflame","Fire Breathing+1","Blood for Blood","Flame Barrier+1","Clumsy","Reckless Charge+1","Sword Boomerang+1","Carnage+1","Wild Strike"],"relics":["Astrolabe","Golden Idol","Mango","Smiling Mask","Anchor","Cursed Key","Art of War","ClockworkSouvenir","Ancient Tea Set","Letter Opener","MealTicket","Vajra"],"acts_visited":["Exordium","TheCity"],"potions_floor_usage":[16,16,16,21,29,33],"damage_taken":[{"damage":7,"enemies":"Jaw Worm","floor":1,"turns":2},{"damage":0,"enemies":"Small Slimes","floor":5,"turns":2},{"damage":32,"enemies":"Lagavulin","floor":11,"turns":5},{"damage":27,"enemies":"Gremlin Nob","floor":13,"turns":4},{"damage":0,"enemies":"2 Louse","floor":14,"turns":2},{"damage":32,"enemies":"The Guardian","floor":16,"turns":5},{"damage":16,"enemies":"Chosen","floor":18,"turns":5},{"damage":20,"enemies":"3 Byrds","floor":20,"turns":5},{"damage":16,"enemies":"3 Cultists","floor":21,"turns":4},{"damage":3,"enemies":"Gremlin Leader","floor":23,"turns":6},{"damage":3,"enemies":"Shelled Parasite and Fungi","floor":25,"turns":4},{"damage":17,"enemies":"Snecko","floor":28,"turns":5},{"damage":32,"enemies":"Book of Stabbing","floor":29,"turns":5},{"damage":13,"enemies":"Centurion and Healer","floor":30,"turns":6},{"damage":8,"enemies":"Cultist and Chosen","floor":31,"turns":4},{"damage":48,"enemies":"Automaton","floor":33,"turns":6}],"seed_played":"4835143579079990308","potions_obtained":[{"floor":5,"key":"BlessingOfTheForge"},{"floor":11,"key":"Strength Potion"},{"floor":13,"key":"GamblersBrew"},{"floor":14,"key":"FearPotion"},{"floor":18,"key":"Fire Potion"},{"floor":21,"key":"ElixirPotion"},{"floor":23,"key":"Regen Potion"},{"floor":28,"key":"SmokeBomb"}],"is_trial":false,"path_per_floor":["M","?","?","?","M","R","?","R","T","?","E","R","E","M","R","B",null,"M","?","M","M","$","E","R","M","T","R","M","E","M","M","R","B"],"character_chosen":"IRONCLAD","items_purchased":["Art of War","ClockworkSouvenir","Ancient Tea Set"],"campfire_rested":6,"item_purchase_floors":[22,22,22],"current_hp_per_floor":[65,45,34,18,18,42,42,66,80,94,62,62,35,35,63,31,78,62,62,42,26,26,23,51,48,48,76,59,41,28,20,48,0,0],"gold":273,"neow_bonus":"BOSS_RELIC","is_daily":false,"chose_seed":false,"campfire_upgraded":1,"win_rate":0.0,"timestamp":1610895108,"path_taken":["M","?","?","?","M","R","?","R","T","?","E","R","E","M","R","BOSS","M","?","M","M","$","E","R","M","T","R","?","E","M","M","R","BOSS"],"items_purchased_type":["Relic","Relic","Relic"],"build_version":"2020-12-22","purchased_purges":1,"victory":false,"max_hp_per_floor":[80,80,80,80,80,80,80,80,94,94,94,94,94,94,94,94,94,94,94,94,94,94,94,94,94,94,94,94,94,94,94,94,94,94],"card_choices":[{"not_picked":["Shrug It Off","Thunderclap"],"picked":"Sword Boomerang","floor":1},{"not_picked":["Heavy Blade","Entrench"],"picked":"Metallicize","floor":5},{"not_picked":["Anger","Dark Embrace"],"picked":"Double Tap","floor":11},{"not_picked":["Clash","Shockwave"],"picked":"Fire Breathing","floor":13},{"not_picked":["Battle Trance","Clash"],"picked":"Heavy Blade","floor":14},{"not_picked":["Immolate","Exhume"],"picked":"Impervious","floor":16},{"not_picked":["Rage","Anger"],"picked":"Flame Barrier","floor":18},{"not_picked":["Havoc","Feel No Pain"],"picked":"Inflame","floor":20},{"not_picked":["True Grit+1","Perfected Strike"],"picked":"Fire Breathing+1","floor":21},{"not_picked":["Intimidate","Uppercut"],"picked":"Blood for Blood","floor":23},{"not_picked":["Shrug It Off+1","Pommel Strike+1"],"picked":"Flame Barrier+1","floor":25},{"not_picked":["Headbutt","Blood for Blood+1"],"picked":"Reckless Charge+1","floor":28},{"not_picked":["Clash","Havoc"],"picked":"Sword Boomerang+1","floor":29},{"not_picked":["Twin Strike+1","Brutality"],"picked":"Carnage+1","floor":30},{"not_picked":["Anger","Clash"],"picked":"Wild Strike","floor":31}],"player_experience":280486,"relics_obtained":[{"floor":9,"key":"Mango"},{"floor":11,"key":"Smiling Mask"},{"floor":13,"key":"Anchor"},{"floor":23,"key":"Letter Opener"},{"floor":26,"key":"MealTicket"},{"floor":29,"key":"Vajra"}],"event_choices":[{"damage_healed":0,"gold_gain":0,"player_choice":"Take Damage","damage_taken":20,"relics_obtained":["Golden Idol"],"max_hp_gain":0,"max_hp_loss":0,"event_name":"Golden Idol","floor":2,"gold_loss":0},{"damage_healed":0,"gold_gain":75,"player_choice":"Gather Gold","damage_taken":11,"max_hp_gain":0,"max_hp_loss":0,"event_name":"World of Goop","floor":3,"gold_loss":0},{"damage_healed":0,"gold_gain":0,"player_choice":"Entered Light","damage_taken":16,"max_hp_gain":0,"max_hp_loss":0,"event_name":"Shining Light","floor":4,"gold_loss":0,"cards_upgraded":["Bash","Defend_R"]},{"damage_healed":0,"gold_gain":0,"player_choice":"Grow","damage_taken":0,"max_hp_gain":0,"max_hp_loss":0,"event_name":"Living Wall","floor":7,"gold_loss":0,"cards_upgraded":["Metallicize"]},{"damage_healed":23,"gold_gain":0,"player_choice":"Healed and dodged fight","damage_taken":0,"max_hp_gain":0,"max_hp_loss":0,"event_name":"Mushrooms","floor":10,"gold_loss":0,"cards_obtained":["Parasite"]},{"damage_healed":0,"gold_gain":100,"player_choice":"Pray","damage_taken":0,"max_hp_gain":0,"max_hp_loss":0,"event_name":"Golden Shrine","floor":19,"gold_loss":0}],"is_beta":false,"boss_relics":[{"not_picked":["Fusion Hammer","Black Star"],"picked":"Cursed Key"}],"items_purged_floors":[22],"is_endless":false,"potions_floor_spawned":[5,11,13,14,18,21,23,28],"killed_by":"Automaton","ascension_level":7}}