{"host":"wwo1kwxjf4eyz37q","time":1610885480,"event":{"mods":["AchievementEnabler","BaseMod","Colored Map","Minty Spire (QoL Compilation)","Quick Restart","SuperFastMode"],"gold_per_floor":[118,218,235,21,21,64,93,134,134,157,176,216,216,256,256,360,360,376,26,54,63,83,83,107,107,116,136,153,153,188,205,205,315,315,331,349,449,461,86,119,94,129,210,210,220,245,295,295,295,295],"floor_reached":51,"language":"KOR","playtime":2710,"items_purged":["Strike_G","Strike_G","Injury"],"score":1277,"play_id":"1e08420c-9f6c-484f-98b2-4cf086a74377","local_time":"20210117211120","is_ascension_mode":true,"campfire_choices":[{"data":"Neutralize","floor":13.0,"key":"SMITH"},{"floor":15.0,"key":"REST"},{"data":"Catalyst","floor":23.0,"key":"SMITH"},{"data":"Night Terror","floor":25.0,"key":"SMITH"},{"data":"Noxious Fumes","floor":29.0,"key":"SMITH"},{"data":"Noxious Fumes","floor":32,"key":"SMITH"},{"data":"Apotheosis","floor":44,"key":"SMITH"},{"data":"Footwork","floor":49,"key":"SMITH"}],"circlet_count":0,"master_deck":["Strike_G","Strike_G","Strike_G","Defend_G","Defend_G","Defend_G","Defend_G","Defend_G","Survivor","Neutralize+1","Blur","Accuracy","Flash of Steel","Dagger Spray+1","Noxious Fumes+1","Flying Knee","PiercingWail","Calculated Gamble","Dodge and Roll","Skewer","Backflip","Night Terror+1","Backstab","Caltrops","Finesse","Backflip","Dodge and Roll","Escape Plan","Catalyst+1","Noxious Fumes+1","Well Laid Plans","Blur+1","Adrenaline","Master of Strategy","Apotheosis+1","Footwork+1","Regret","Escape Plan+1"],"relics":["Ring of the Snake","NeowsBlessing","CeramicFish","Mummified Hand","Snake Skull","MealTicket","Meat on the Bone","Cursed Key","Eternal Feather","Red Mask","Sozu","Bottled Tornado","Blood Vial","InkBottle","Kunai","Mango"],"acts_visited":["Exordium","TheCity","TheBeyond"],"potions_floor_usage":[31,50],"damage_taken":[{"damage":0.0,"enemies":"Cultist","floor":1.0,"turns":1.0},{"damage":0.0,"enemies":"Small Slimes","floor":3.0,"turns":1.0},{"damage":0.0,"enemies":"Gremlin Nob","floor":6.0,"turns":1.0},{"damage":2.0,"enemies":"2 Louse","floor":7.0,"turns":3.0},{"damage":15.0,"enemies":"3 Sentries","floor":8.0,"turns":8.0},{"damage":10.0,"enemies":"Large Slime","floor":10.0,"turns":6.0},{"damage":8.0,"enemies":"Gremlin Gang","floor":11.0,"turns":3.0},{"damage":9.0,"enemies":"Gremlin Nob","floor":12.0,"turns":4.0},{"damage":9.0,"enemies":"Lagavulin","floor":14.0,"turns":7.0},{"damage":0.0,"enemies":"The Guardian","floor":16.0,"turns":12.0},{"damage":26.0,"enemies":"2 Thieves","floor":18.0,"turns":3.0},{"damage":0.0,"enemies":"Spheric Guardian","floor":20.0,"turns":3.0},{"damage":22.0,"enemies":"Snecko","floor":22.0,"turns":8.0},{"damage":22.0,"enemies":"Cultist and Chosen","floor":24.0,"turns":6.0},{"damage":10.0,"enemies":"3 Cultists","floor":27.0,"turns":5.0},{"damage":16.0,"enemies":"Snecko","floor":28.0,"turns":5.0},{"damage":6.0,"enemies":"Masked Bandits","floor":30.0,"turns":3.0},{"damage":0,"enemies":"Cultist and Chosen","floor":31,"turns":4},{"damage":21,"enemies":"Automaton","floor":33,"turns":5},{"damage":12,"enemies":"3 Darklings","floor":35,"turns":7},{"damage":0,"enemies":"3 Shapes","floor":38,"turns":5},{"damage":5,"enemies":"Giant Head","floor":40,"turns":7},{"damage":0,"enemies":"Nemesis","floor":42,"turns":7},{"damage":25,"enemies":"Jaw Worm Horde","floor":45,"turns":4},{"damage":7,"enemies":"Maw","floor":46,"turns":5},{"damage":22,"enemies":"2 Orb Walkers","floor":47,"turns":5},{"damage":39,"enemies":"Awakened One","floor":50,"turns":13}],"seed_played":"-2684392058907230489","potions_obtained":[{"floor":1.0,"key":"Fire Potion"},{"floor":6.0,"key":"CunningPotion"},{"floor":7.0,"key":"LiquidBronze"},{"floor":12.0,"key":"BlessingOfTheForge"},{"floor":14.0,"key":"GhostInAJar"},{"floor":20.0,"key":"Strength Potion"},{"floor":22.0,"key":"FearPotion"},{"floor":24.0,"key":"PowerPotion"},{"floor":31,"key":"Fruit Juice"}],"is_trial":false,"path_per_floor":["M","?","M","$","?","E","M","E","T","M","M","E","R","E","R","B",null,"M","$","M","?","M","R","M","R","T","M","M","R","?","M","R","B",null,"M","?","?","M","$","E","$","E","T","R","M","M","?","?","R","B",null],"character_chosen":"THE_SILENT","items_purchased":["Flash of Steel","Dagger Spray","Backstab","Caltrops","Finesse","Backflip","Dodge and Roll","Bottled Tornado","Footwork"],"campfire_rested":1,"item_purchase_floors":[4,4,19,19,19,19,19,39,41],"current_hp_per_floor":[63,63,63,63,63,63,61,46,46,36,28,19,19,10,31,43,63,37,52,52,52,42,42,32,32,32,34,30,48,42,47,65,44,67,55,45,45,45,60,55,70,72,72,75,50,45,51,51,72,47],"gold":295,"neow_bonus":"THREE_ENEMY_KILL","is_daily":false,"chose_seed":false,"campfire_upgraded":7,"win_rate":0.0,"timestamp":1610885480,"path_taken":["M","?","?","$","?","E","M","E","T","?","M","E","R","E","R","BOSS","M","$","M","?","M","R","M","R","T","M","M","R","?","M","R","BOSS","M","?","?","M","$","E","$","E","T","R","M","?","?","?","R","BOSS"],"items_purchased_type":["Card","Card","Card","Card","Card","Card","Card","Relic","Card"],"build_version":"2020-12-22","purchased_purges":3,"victory":true,"max_hp_per_floor":[70,70,70,70,70,70,70,70,70,70,70,70,70,70,70,70,70,70,70,70,70,70,70,70,70,70,70,70,70,70,75,75,75,75,75,75,75,75,75,75,75,75,75,75,75,75,89,85,85,85],"card_choices":[{"not_picked":["Predator","Slice"],"picked":"Blur","floor":1.0},{"not_picked":["Accuracy","Endless Agony","Terror"],"picked":"SKIP","floor":3.0},{"not_picked":["Endless Agony","Terror"],"picked":"Accuracy","floor":3.0},{"not_picked":["PiercingWail","Deadly Poison"],"picked":"Noxious Fumes","floor":6.0},{"not_picked":["Bane","PiercingWail"],"picked":"Flying Knee","floor":7.0},{"not_picked":["Wraith Form v2","Deadly Poison"],"picked":"PiercingWail","floor":8.0},{"not_picked":["PiercingWail","Sucker Punch"],"picked":"Calculated Gamble","floor":10.0},{"not_picked":["Flying Knee","Wraith Form v2"],"picked":"Dodge and Roll","floor":11.0},{"not_picked":["Finisher","Terror"],"picked":"Skewer","floor":12.0},{"not_picked":["Sucker Punch","Deflect"],"picked":"Backflip","floor":14.0},{"not_picked":["Venomology","After Image"],"picked":"Night Terror","floor":16.0},{"not_picked":["Cloak And Dagger","Deadly Poison","Flying Knee"],"picked":"SKIP","floor":18.0},{"not_picked":["Cloak And Dagger","Deadly Poison","Flying Knee"],"picked":"SKIP","floor":18.0},{"not_picked":["Deadly Poison","PiercingWail+1"],"picked":"Escape Plan","floor":20.0},{"not_picked":["Storm of Steel","Bane"],"picked":"Noxious Fumes","floor":22.0},{"not_picked":["Slice","Underhanded Strike"],"picked":"Well Laid Plans","floor":24.0},{"not_picked":["Underhanded Strike+1","All Out Attack","Outmaneuver"],"picked":"SKIP","floor":27.0},{"not_picked":["Poisoned Stab","Prepared","Flying Knee"],"picked":"SKIP","floor":28.0},{"not_picked":["Slice","Cloak And Dagger+1"],"picked":"Blur+1","floor":30.0},{"not_picked":["Flying Knee","Poisoned Stab","Finisher"],"picked":"SKIP","floor":31},{"not_picked":["Envenom","Glass Knife"],"picked":"Adrenaline","floor":33},{"not_picked":["Underhanded Strike+1","Well Laid Plans","Reflex+1"],"picked":"SKIP","floor":35},{"not_picked":["Dark Shackles","Trip"],"picked":"Master of Strategy","floor":36},{"not_picked":["Enlightenment","Impatience"],"picked":"Apotheosis","floor":36},{"not_picked":["Flechettes","Poisoned Stab+1","Slice"],"picked":"SKIP","floor":38},{"not_picked":["Endless Agony+1","Blade Dance","Underhanded Strike"],"picked":"SKIP","floor":40},{"not_picked":["Envenom","Sucker Punch","Infinite Blades+1"],"picked":"SKIP","floor":42},{"not_picked":["Tactician","Poisoned Stab","Noxious Fumes+1"],"picked":"SKIP","floor":45},{"not_picked":["Backstab+1","Dagger Throw+1"],"picked":"Escape Plan+1","floor":46}],"player_experience":235055,"relics_obtained":[{"floor":6.0,"key":"CeramicFish"},{"floor":8.0,"key":"Mummified Hand"},{"floor":9.0,"key":"Snake Skull"},{"floor":12.0,"key":"MealTicket"},{"floor":14.0,"key":"Meat on the Bone"},{"floor":26.0,"key":"Eternal Feather"},{"floor":30.0,"key":"Red Mask"},{"floor":40,"key":"Blood Vial"},{"floor":42,"key":"InkBottle"},{"floor":43,"key":"Kunai"},{"floor":47,"key":"Mango"}],"event_choices":[{"damage_healed":0.0,"max_hp_gain":0.0,"max_hp_loss":0.0,"gold_gain":100.0,"event_name":"Golden Shrine","player_choice":"Pray","floor":2.0,"gold_loss":0.0,"damage_taken":0.0},{"damage_healed":0.0,"max_hp_gain":0.0,"max_hp_loss":0.0,"gold_gain":0.0,"event_name":"Accursed Blacksmith","player_choice":"Forge","floor":5.0,"gold_loss":0.0,"damage_taken":0.0,"cards_upgraded":["Dagger Spray"]},{"damage_healed":0.0,"max_hp_gain":0.0,"max_hp_loss":0.0,"gold_gain":0.0,"event_name":"The Library","player_choice":"Read","floor":21.0,"gold_loss":0.0,"damage_taken":0.0,"cards_obtained":["Catalyst"]},{"damage_healed":0.0,"max_hp_gain":0.0,"max_hp_loss":0.0,"gold_gain":0.0,"event_name":"Masked Bandits","player_choice":"Fought Bandits","floor":30.0,"gold_loss":0.0,"damage_taken":0.0},{"damage_healed":0,"gold_gain":0,"player_choice":"Memory 3","damage_taken":10,"max_hp_gain":0,"max_hp_loss":0,"event_name":"SensoryStone","floor":36,"gold_loss":0},{"damage_healed":0,"gold_gain":100,"player_choice":"Pray","damage_taken":0,"max_hp_gain":0,"max_hp_loss":0,"event_name":"Golden Shrine","floor":37,"gold_loss":0},{"damage_healed":0,"gold_gain":0,"player_choice":"Fight","damage_taken":0,"max_hp_gain":0,"max_hp_loss":0,"event_name":"Mysterious Sphere","floor":47,"gold_loss":0},{"damage_healed":0,"gold_gain":0,"player_choice":"Max HP","damage_taken":0,"max_hp_gain":0,"max_hp_loss":4,"event_name":"Winding Halls","floor":48,"gold_loss":0}],"is_beta":false,"boss_relics":[{"not_picked":["SlaversCollar","Calling Bell"],"picked":"Cursed Key"},{"not_picked":["Black Star","WristBlade"],"picked":"Sozu"}],"items_purged_floors":[4,19,39],"is_endless":false,"potions_floor_spawned":[1,6,7,12,14,20,22,24,31,35,40,47],"ascension_level":9}}