{"host":"appz8zkad29u9482","time":1610844292,"event":{"mods":["2.2 Compatiblity","Act Like it!","Aspiration","BaseMod","Beaked The Cultist","Better Altar","Better Match","Better Note","Better Skull","Better Third Choice","BetterRewards","CapriCore","Conspire","Disable Question Mark Monsters","Energized Spire","Gensokyo","GifTheSpireLib","Gold Saver","Halation","Hermit","Hubris","Infinite Spire","Jedi Mod","Luminous","Marisa????????","Minty Spire (QoL Compilation)","Permanent Neow","Reimu??????","Replay The Spire","Spicy Shops","StSLib","Strawberry Spire","Stuff the Spire","The Administrix","The Bug Knight","The Construct","The Cursed","The Florist","The Hierophant","The Immortal","The Servant 0.9.4","yUi"],"gold_per_floor":[984,1003,676,676,776,776,786,818,818,850,688,719,735,635,635,737,737,754,405,405,416,416,416,426,426,426,442,442,442,442,452,452,549,549,569,569,588,638,738,738,749,749,820,846,862,603,632,632,632],"floor_reached":48,"language":"ENG","playtime":3381,"items_purged":["HollowMod:ShadowDash","Normality","HollowMod:NailStrikeStart","HollowMod:NailStrikeStart"],"score":663,"play_id":"0f332d95-2de9-46f6-8826-63f9b93471ee","local_time":"20210116144452","is_ascension_mode":true,"campfire_choices":[{"data":"HollowMod:DashSlash","floor":6,"key":"SMITH"},{"data":"HollowMod:DashSlash","floor":15,"key":"SMITH"},{"data":"HollowMod:SoulEater","floor":23,"key":"SMITH"},{"floor":25,"key":"REST"},{"floor":28,"key":"REST"},{"data":"HollowMod:ZotesMagnificence","floor":30,"key":"SMITH"},{"data":"HollowMod:DashSlash","floor":32,"key":"SMITH"},{"data":"HollowMod:SlysStrikes","floor":40,"key":"SMITH"}],"circlet_count":0,"master_deck":["HollowMod:NailStrikeStart","HollowMod:QuickDashStart","HollowMod:QuickDashStart","HollowMod:QuickDashStart","HollowMod:QuickDashStart","HollowMod:FocusHealStart","HollowMod:PogoStrike","HollowMod:DashSlash+1","HollowMod:HeavyBlow","HollowMod:PureVessel","HollowMod:CornifersMapStart","HollowMod:DashSlash+1","Ghostly","HollowMod:ZotesMagnificence+1","HollowMod:SoulVessel","HollowMod:LifebloodCocoon","HollowMod:PureVessel","HollowMod:AwokenDreamNail","HollowMod:SoulEater+1","HollowMod:SoulStrike","HollowMod:SoulStrike","HollowMod:GrimmsGift+1","HollowMod:Hiveblood","HollowMod:LifebloodCocoon+1","HollowMod:DashSlash+1","HollowMod:SlysStrikes+1","HollowMod:GoodIntentions","AbeCurse","HollowMod:NewLittleFool+1","HollowMod:GoodIntentions+1","HollowMod:SoulSplash+1","HollowMod:theNailsmith","HollowMod:AwokenDreamNail"],"relics":["HollowMod:VesselMask","Iron Hammer","infinitespire:Bottled Soul","conspire:BottledYoYo","Prayer Wheel","halation:SwordOfLegend","jedi:cryingmask","jedi:bottledfury","conspire:SlowCooker","Orrery","strawberrySpire:TinySteamboat","StuffTheSpire:Experiment12","Philosopher\u0027s Stone","StuffTheSpire:EmeraldSignet","Abe\u0027s Treasure","infinitespire:Joker Card","Question Card","HollowMod:MantisClawRelic","halation:Komachan","Bird Faced Urn"],"acts_visited":["Exordium","TheCity","TheBeyond"],"potions_floor_usage":[12,18,24,27,33,33,33,42,45,47,48],"damage_taken":[{"damage":0,"enemies":"2 Louse","floor":1,"turns":3},{"damage":0,"enemies":"Cultist","floor":2,"turns":3},{"damage":0,"enemies":"Small Slimes","floor":7,"turns":3},{"damage":0,"enemies":"Gremlin Nob","floor":8,"turns":3},{"damage":0,"enemies":"HollowMod:MossKnight","floor":10,"turns":8},{"damage":13,"enemies":"3 Sentries","floor":12,"turns":6},{"damage":23,"enemies":"Exordium Wildlife","floor":13,"turns":4},{"damage":0,"enemies":"HollowMod:FalseKnight","floor":16,"turns":8},{"damage":15,"enemies":"3 Byrds","floor":18,"turns":6},{"damage":32,"enemies":"conspire:FuzzyDice","floor":21,"turns":7},{"damage":25,"enemies":"Shelled Parasite and Fungi","floor":24,"turns":6},{"damage":20,"enemies":"Cultist and Chosen","floor":27,"turns":5},{"damage":12,"enemies":"Snake Plant","floor":31,"turns":5},{"damage":46,"enemies":"Champ","floor":33,"turns":11},{"damage":14,"enemies":"3 Shapes","floor":35,"turns":6},{"damage":35,"enemies":"Orb Walker","floor":37,"turns":5},{"damage":30,"enemies":"Mind Bloom Boss Battle","floor":38,"turns":8},{"damage":31,"enemies":"Sphere and 2 Shapes","floor":41,"turns":5},{"damage":0,"enemies":"R_Hoarder","floor":44,"turns":8},{"damage":30,"enemies":"Jaw Worm Horde","floor":45,"turns":4},{"damage":39,"enemies":"Nemesis","floor":47,"turns":9},{"damage":24,"enemies":"Writhing Mass","floor":48,"turns":2}],"seed_played":"-8568030514876484455","potions_obtained":[{"floor":1,"key":"Swift Potion"},{"floor":7,"key":"SneckoOil"},{"floor":10,"key":"PowerPotion"},{"floor":13,"key":"Block Potion"},{"floor":18,"key":"Explosive Potion"},{"floor":27,"key":"SkillPotion"},{"floor":31,"key":"Energy Potion"},{"floor":33,"key":"FearPotion"},{"floor":37,"key":"Venom Potion"},{"floor":41,"key":"Fruit Juice"},{"floor":44,"key":"PowerPotion"},{"floor":45,"key":"Adrenaline Potion"}],"is_trial":false,"path_per_floor":["M","M","$","?","?","R","M","E","T","E","$","E","M","?","R","B",null,"M","$","?","M","$","R","M","R","T","M","R","T","R","M","R","B",null,"M","AVR","M","?","?","R","M","?","T","E","M","$","E","M"],"character_chosen":"THE_BUGKNIGHT","items_purchased":["Iron Hammer","jedi:cryingmask","Orrery","HollowMod:theNailsmith","halation:Komachan"],"campfire_rested":2,"item_purchase_floors":[3,11,19,46,46],"current_hp_per_floor":[75,75,75,57,57,57,63,63,63,73,73,66,53,53,59,59,75,60,60,60,28,28,37,12,37,37,17,42,42,42,30,30,9,75,61,61,41,53,53,62,31,36,36,64,34,34,15,0,0],"gold":632,"neow_bonus":"TRANSFORM_CARD","is_daily":false,"chose_seed":false,"campfire_upgraded":6,"win_rate":0.0,"timestamp":1610844292,"path_taken":["M","M","$","?","?","R","?","E","T","E","$","E","M","?","R","BOSS","M","$","?","M","$","R","M","R","T","M","R","?","R","?","R","BOSS","M","AVR","M","?","?","R","?","?","T","E","M","$","E","M"],"items_purchased_type":["Relic","Relic","Relic","Card","Relic"],"build_version":"2020-12-22","purchased_purges":4,"victory":false,"max_hp_per_floor":[75,75,75,75,75,75,75,75,75,75,75,75,75,75,75,75,75,75,75,75,75,75,75,75,75,75,75,75,75,75,75,75,75,75,75,75,75,75,75,75,75,80,80,80,80,80,80,80,80],"card_choices":[{"not_picked":["HollowMod:SharpenedNail","HollowMod:SiblingsShadow","HollowMod:NewLittleFool"],"picked":"SKIP","floor":1},{"not_picked":["HollowMod:LifebloodCocoon","HollowMod:SharpenedShadows"],"picked":"HollowMod:DashSlash","floor":2},{"not_picked":["HollowMod:DashSlash","HollowMod:FallenFury"],"picked":"HollowMod:HeavyBlow","floor":7},{"not_picked":["HollowMod:DescendingDark","HollowMod:GoodIntentions","HollowMod:VoidDash"],"picked":"SKIP","floor":8},{"not_picked":["HollowMod:GoodIntentions","HollowMod:DungDefenderAura"],"picked":"HollowMod:PureVessel","floor":10},{"not_picked":["HollowMod:MothsMistake","HollowMod:SiblingsSouls","HollowMod:InfectedCysts"],"picked":"SKIP","floor":12},{"not_picked":["HollowMod:SiblingsSouls","HollowMod:NewInfectedGuardian"],"picked":"HollowMod:CornifersMapStart","floor":13},{"not_picked":["HollowMod:SiblingsSouls","HollowMod:InfectedCysts"],"picked":"HollowMod:DashSlash","floor":13},{"not_picked":["HollowMod:NewInfectedGuardian","HollowMod:ElderbugsWisdom"],"picked":"HollowMod:ZotesMagnificence","floor":16},{"not_picked":["HollowMod:DreamGate","HollowMod:DescendingDark+1"],"picked":"HollowMod:SoulVessel","floor":18},{"not_picked":["HollowMod:SiblingsSouls","HollowMod:ShadowDash+1"],"picked":"HollowMod:LifebloodCocoon","floor":18},{"not_picked":["HollowMod:InfectedCysts+1","HollowMod:DescendingDark+1"],"picked":"HollowMod:PureVessel","floor":19},{"not_picked":["HollowMod:CycloneSlash+1","HollowMod:RecoilStrike"],"picked":"HollowMod:AwokenDreamNail","floor":19},{"not_picked":["HollowMod:SharpenedNail","HollowMod:VengefulSpirit"],"picked":"HollowMod:SoulEater","floor":19},{"not_picked":["HollowMod:DungDefenderAura","HollowMod:TaintedHusks"],"picked":"HollowMod:SoulStrike","floor":19},{"not_picked":["HollowMod:QuirrelsAssistance","HollowMod:NewGlowingWomb"],"picked":"HollowMod:SoulStrike","floor":19},{"not_picked":["HollowMod:VengefulSpirit","HollowMod:SiblingsSouls"],"picked":"HollowMod:GrimmsGift+1","floor":21},{"not_picked":["HollowMod:HeavyBlow+1","HollowMod:SiblingsSouls","HollowMod:VengefulVoid"],"picked":"SKIP","floor":21},{"not_picked":["HollowMod:GrimmsGift","HollowMod:InfectionAssault","HollowMod:LifebloodCocoon"],"picked":"SKIP","floor":24},{"not_picked":["HollowMod:CycloneSlash+1","HollowMod:DoubleDash","HollowMod:ChannelNail"],"picked":"SKIP","floor":24},{"not_picked":["HollowMod:VengefulSpirit","HollowMod:DescendingDark"],"picked":"HollowMod:Hiveblood","floor":27},{"not_picked":["HollowMod:SharpenedShadows","HollowMod:DoubleDash","HollowMod:QuirrelsAssistance"],"picked":"SKIP","floor":27},{"not_picked":["HollowMod:SharpenedNail","HollowMod:DoubleDash"],"picked":"HollowMod:LifebloodCocoon+1","floor":31},{"not_picked":["HollowMod:DescendingDark","HollowMod:BrokenVessel"],"picked":"HollowMod:DashSlash","floor":31},{"not_picked":["HollowMod:ElderbugsWisdom","HollowMod:LordofShades"],"picked":"HollowMod:SlysStrikes","floor":33},{"not_picked":["HollowMod:BaldurShell+1","HollowMod:CornifersMapStart"],"picked":"HollowMod:GoodIntentions","floor":35},{"not_picked":["HollowMod:NewLittleFool","HollowMod:BlackTendrils","HollowMod:WraithStrike+1"],"picked":"SKIP","floor":35},{"not_picked":["HollowMod:VengefulVoid+1","HollowMod:SiblingsSouls","HollowMod:WraithStrike"],"picked":"SKIP","floor":37},{"not_picked":["HollowMod:DescendingDark","HollowMod:InfectedCysts","HollowMod:BaldurShell"],"picked":"SKIP","floor":37},{"not_picked":["HollowMod:GrimmsGift+1","HollowMod:SoulVessel"],"picked":"HollowMod:NewLittleFool+1","floor":38},{"not_picked":["HollowMod:VengefulVoid","HollowMod:DashSlash"],"picked":"HollowMod:GoodIntentions+1","floor":41},{"not_picked":["HollowMod:NewInfectedGuardian","HollowMod:WraithStrike+1","HollowMod:SiblingsSouls"],"picked":"SKIP","floor":41},{"not_picked":["HollowMod:GrimmsGift","HollowMod:LordofShades","HollowMod:DreamGate","HollowMod:HeavyBlow"],"picked":"SKIP","floor":44},{"not_picked":["HollowMod:InfectedCysts+1","HollowMod:NewLittleFool","HollowMod:SoulStrike"],"picked":"HollowMod:SoulSplash+1","floor":45},{"not_picked":["HollowMod:TaintedHusks+1","HollowMod:MawleksShell","HollowMod:HowlingWraiths","HollowMod:SoulSplash+1"],"picked":"SKIP","floor":45},{"not_picked":["HollowMod:MothsMistake+1","HollowMod:ShadowDash+1","HollowMod:VengefulVoid"],"picked":"HollowMod:AwokenDreamNail","floor":47}],"player_experience":538614,"relics_obtained":[{"floor":8,"key":"conspire:BottledYoYo"},{"floor":9,"key":"Prayer Wheel"},{"floor":10,"key":"halation:SwordOfLegend"},{"floor":12,"key":"jedi:bottledfury"},{"floor":26,"key":"strawberrySpire:TinySteamboat"},{"floor":29,"key":"StuffTheSpire:Experiment12"},{"floor":38,"key":"infinitespire:Joker Card"},{"floor":43,"key":"Question Card"},{"floor":44,"key":"HollowMod:MantisClawRelic"},{"floor":47,"key":"Bird Faced Urn"}],"event_choices":[{"damage_healed":0,"gold_gain":0,"player_choice":"Relic ","damage_taken":18,"max_hp_gain":0,"max_hp_loss":0,"event_name":"betterThird:BetterScrap","floor":4,"gold_loss":0,"cards_obtained":["SandsOfTime"]},{"damage_healed":0,"gold_gain":100,"player_choice":"Gold","damage_taken":0,"max_hp_gain":0,"max_hp_loss":0,"event_name":"Wheel of Change","floor":5,"gold_loss":0},{"damage_healed":0,"gold_gain":0,"player_choice":"Argue","damage_taken":0,"max_hp_gain":0,"max_hp_loss":0,"event_name":"conspire:LoneGhost","floor":14,"gold_loss":0},{"damage_healed":0,"gold_gain":0,"player_choice":"Ignored","damage_taken":0,"max_hp_gain":0,"max_hp_loss":0,"event_name":"Ghosts","floor":20,"gold_loss":0},{"damage_healed":0,"gold_gain":0,"player_choice":"Fight","damage_taken":0,"max_hp_gain":0,"max_hp_loss":0,"event_name":"MindBloom","floor":38,"gold_loss":0},{"damage_healed":0,"gold_gain":100,"player_choice":"Pray","damage_taken":0,"max_hp_gain":0,"max_hp_loss":0,"event_name":"Golden Shrine","floor":39,"gold_loss":0},{"damage_healed":0,"gold_gain":0,"player_choice":"Bought 0 Potions","damage_taken":0,"max_hp_gain":0,"max_hp_loss":0,"event_name":"The Woman in Blue","floor":42,"gold_loss":0}],"is_beta":false,"boss_relics":[{"not_picked":["aspiration:SilentSkillbook","strawberrySpire:RottenAvocado"],"picked":"conspire:SlowCooker"},{"not_picked":["halation:Prosthetics","conspire:RunicOctahedron"],"picked":"Philosopher\u0027s Stone"}],"items_purged_floors":[3,11,19,19],"is_endless":false,"potions_floor_spawned":[1,7,10,13,18,27,31,33,37,41,44,45],"killed_by":"Writhing Mass","ascension_level":1}}