{"host":"3ykswgue17e1ycc2","time":1610890479,"event":{"mods":["BaseMod","Colored Powertips","Dark Map","Downfall","Minty Spire (QoL Compilation)","Quick Restart","Rare Cards Sparkle","StSLib"],"gold_per_floor":[199,216,236,252,263,292,292,292,305,366,366,366],"floor_reached":11,"language":"ENG","playtime":537,"items_purged":[],"score":75,"play_id":"6cc44704-991e-4d0e-b705-3e44bd87623f","local_time":"20210117203439","is_ascension_mode":false,"campfire_choices":[{"data":"sneckomod:Unknown","floor":1,"key":"SMITH"},{"data":"sneckomod:SnekBite","floor":8,"key":"SMITH"}],"circlet_count":0,"master_deck":["sneckomod:Strike","sneckomod:Strike","sneckomod:Strike","sneckomod:Defend","sneckomod:Defend","sneckomod:Defend","sneckomod:TailWhip","sneckomod:SnekBite+1","sneckomod:Unknown+1","sneckomod:Unknown","sneckomod:QuickBite","sneckomod:TrashToTreasure","sneckomod:IronFang","sneckomod:MasterEye","sneckomod:SnakeSap","sneckomod:UnknownRareSkill","sneckomod:WideSting"],"relics":["sneckomod:SneckoSoul","Potion Belt","Blue Candle","StrikeDummy"],"acts_visited":["Exordium"],"potions_floor_usage":[],"damage_taken":[{"damage":0,"enemies":"Small Slimes","floor":2,"turns":3},{"damage":16,"enemies":"Jaw Worm","floor":3,"turns":3},{"damage":6,"enemies":"Cultist","floor":4,"turns":2},{"damage":0,"enemies":"3 Louse","floor":5,"turns":3},{"damage":31,"enemies":"Lagavulin","floor":6,"turns":7},{"damage":2,"enemies":"2 Fungi Beasts","floor":9,"turns":3},{"damage":40,"enemies":"Lagavulin Event","floor":10,"turns":6},{"damage":11,"enemies":"3 Sentries","floor":11,"turns":2}],"seed_played":"-3805520621781153509","potions_obtained":[{"floor":3,"key":"SmokeBomb"},{"floor":6,"key":"Guardian:BlockOnCardUsePotion"},{"floor":9,"key":"SpeedPotion"}],"is_trial":false,"path_per_floor":["R","M","M","M","M","E","T","R","M","?","E"],"character_chosen":"THE_SNECKO","items_purchased":[],"campfire_rested":0,"item_purchase_floors":[],"current_hp_per_floor":[90,90,89,83,83,52,52,52,50,10,0,0],"gold":366,"neow_bonus":"HUNDRED_GOLD","is_daily":false,"chose_seed":false,"campfire_upgraded":2,"win_rate":0.0,"timestamp":1610890479,"path_taken":["R","M","M","M","M","E","T","R","M","?","E"],"items_purchased_type":[],"build_version":"2020-12-22","purchased_purges":0,"victory":false,"max_hp_per_floor":[90,90,90,90,90,90,90,90,90,90,90,90],"card_choices":[{"not_picked":["sneckomod:UnknownCommonSkill","sneckomod:DiceCrush"],"picked":"sneckomod:QuickBite","floor":2},{"not_picked":["sneckomod:QuickMove","sneckomod:RainOfDice"],"picked":"sneckomod:TrashToTreasure","floor":3},{"not_picked":["sneckomod:Unknown1Cost","sneckomod:UnknownCommonAttack"],"picked":"sneckomod:IronFang","floor":4},{"not_picked":["sneckomod:UnknownBlock","sneckomod:UnknownCommonAttack"],"picked":"sneckomod:MasterEye","floor":5},{"not_picked":["sneckomod:Unknown0Cost","sneckomod:UnknownUncommonSkill"],"picked":"sneckomod:SnakeSap","floor":6},{"not_picked":["sneckomod:ImprovisedAttack","sneckomod:DiceBlock"],"picked":"sneckomod:UnknownRareSkill","floor":9},{"not_picked":["sneckomod:QuickBite","sneckomod:UnknownUncommonAttack"],"picked":"sneckomod:WideSting","floor":10}],"player_experience":413603,"relics_obtained":[{"floor":6,"key":"Potion Belt"},{"floor":7,"key":"Blue Candle"},{"floor":10,"key":"StrikeDummy"}],"event_choices":[],"is_beta":false,"boss_relics":[],"items_purged_floors":[],"is_endless":false,"potions_floor_spawned":[3,6,9],"killed_by":"3 Sentries","ascension_level":0}}