{"host":"l60rmjjsfi0fipmi","time":1610925618,"event":{"mods":["BaseMod","Colored Map","DeckTracker","Highlight Path","Minty Spire (QoL Compilation)","StSLib","The Cursed","The Servant 0.9.4"],"gold_per_floor":[113,126,141,152,152,152,165,183,183,183,114,147,162,187,187,187,187],"floor_reached":16,"language":"ENG","playtime":847,"items_purged":[],"score":127,"play_id":"e437965c-ae86-4d4e-bb05-6c10dd21dd15","local_time":"20210117182018","is_ascension_mode":true,"campfire_choices":[{"data":"TheCursedMod:CursedBlade","floor":6,"key":"SMITH"},{"floor":15,"key":"REST"}],"circlet_count":0,"master_deck":["TheCursedMod:Strike_TheCursed","TheCursedMod:Strike_TheCursed","TheCursedMod:Strike_TheCursed","TheCursedMod:Defend_TheCursed","TheCursedMod:Defend_TheCursed","TheCursedMod:Defend_TheCursed","TheCursedMod:Defend_TheCursed","TheCursedMod:CursedWand","TheCursedMod:CleanUpWorkshop","TheCursedMod:Dregs","TheCursedMod:CircleOfAbyss","TheCursedMod:CursedShiv","TheCursedMod:CursedBlade+1","TheCursedMod:SpitefulPlan","TheCursedMod:Obscuration","TheCursedMod:Stigma","TheCursedMod:HellfireBreathing","TheCursedMod:Hemoplague","TheCursedMod:SurpriseAttack","TheCursedMod:Torture"],"relics":["TheCursedMod:BlackMagic101","StrikeDummy","Golden Idol","Shuriken"],"acts_visited":["Exordium"],"potions_floor_usage":[12,14,16],"damage_taken":[{"damage":0,"enemies":"Small Slimes","floor":1,"turns":4},{"damage":0,"enemies":"Cultist","floor":2,"turns":3},{"damage":0,"enemies":"Jaw Worm","floor":3,"turns":4},{"damage":20,"enemies":"Large Slime","floor":4,"turns":7},{"damage":11,"enemies":"Lots of Slimes","floor":7,"turns":3},{"damage":10,"enemies":"Exordium Thugs","floor":8,"turns":5},{"damage":14,"enemies":"3 Sentries","floor":12,"turns":4},{"damage":13,"enemies":"Blue Slaver","floor":13,"turns":4},{"damage":1,"enemies":"3 Louse","floor":14,"turns":2},{"damage":30,"enemies":"The Guardian","floor":16,"turns":6}],"seed_played":"3505886656858011374","potions_obtained":[{"floor":2,"key":"Strength Potion"},{"floor":5,"key":"ColorlessPotion"},{"floor":5,"key":"Swift Potion"},{"floor":12,"key":"GamblersBrew"}],"is_trial":false,"path_per_floor":["M","M","M","M","?","R","M","M","T","?","$","E","M","M","R","B"],"character_chosen":"THE_CURSED","items_purchased":["TheCursedMod:HellfireBreathing"],"campfire_rested":1,"item_purchase_floors":[11],"current_hp_per_floor":[75,75,75,55,55,55,44,34,34,34,34,20,7,6,26,0,0],"gold":187,"neow_bonus":"TRANSFORM_CARD","is_daily":false,"chose_seed":false,"campfire_upgraded":1,"win_rate":0.0,"timestamp":1610925618,"path_taken":["M","M","M","M","?","R","?","M","T","?","$","E","M","M","R","BOSS"],"items_purchased_type":["Card"],"build_version":"2020-12-22","purchased_purges":0,"victory":false,"max_hp_per_floor":[75,75,75,75,75,75,75,75,75,69,69,69,69,69,69,69,69],"card_choices":[{"not_picked":["TheCursedMod:VitalStrike","TheCursedMod:Stretching"],"picked":"TheCursedMod:CursedShiv","floor":1},{"not_picked":["TheCursedMod:WearCloak","TheCursedMod:CircleOfFlame"],"picked":"TheCursedMod:CursedBlade","floor":2},{"not_picked":["TheCursedMod:CircleOfFlame","TheCursedMod:WearCloak"],"picked":"TheCursedMod:SpitefulPlan","floor":3},{"not_picked":["TheCursedMod:CursedBlade","TheCursedMod:RavingStaff"],"picked":"TheCursedMod:Obscuration","floor":4},{"not_picked":["TheCursedMod:CursedSpellbook","TheCursedMod:Evocation"],"picked":"TheCursedMod:Stigma","floor":7},{"not_picked":["TheCursedMod:EmpowerCircles","TheCursedMod:CursedBlade","TheCursedMod:WearCloak"],"picked":"SKIP","floor":8},{"not_picked":["TheCursedMod:DarkBarrier","TheCursedMod:SmokeScreen"],"picked":"TheCursedMod:Hemoplague","floor":12},{"not_picked":["TheCursedMod:CircleOfWindfury","TheCursedMod:Stigma"],"picked":"TheCursedMod:SurpriseAttack","floor":13},{"not_picked":["TheCursedMod:CursedAmulet","TheCursedMod:FleshFromBone"],"picked":"TheCursedMod:Torture","floor":14}],"player_experience":468486,"relics_obtained":[{"floor":9,"key":"StrikeDummy"},{"floor":12,"key":"Shuriken"}],"event_choices":[{"damage_healed":0,"gold_gain":0,"player_choice":"Got Potions","damage_taken":0,"max_hp_gain":0,"max_hp_loss":0,"event_name":"Lab","floor":5,"gold_loss":0},{"damage_healed":0,"gold_gain":0,"player_choice":"Lose Max HP","damage_taken":0,"relics_obtained":["Golden Idol"],"max_hp_gain":0,"max_hp_loss":6,"event_name":"Golden Idol","floor":10,"gold_loss":0}],"is_beta":false,"boss_relics":[],"items_purged_floors":[],"is_endless":false,"potions_floor_spawned":[2,7,12],"killed_by":"The Guardian","ascension_level":4}}