{"host":"4g8vayc9pwrwu92h","time":1610871242,"event":{"mods":["Aspiration","BaseMod","Downfall","Marked Mod","Minty Spire (QoL Compilation)","Quick Restart","StSLib","The Jungle"],"gold_per_floor":[3019,3039,3039,3058,3077,3077,3106,2694,2776,2811,2811,2811,2867,2879,2879,2975,2975,2995,2995,2995,3009,3021,3046,2602,2602,2602],"floor_reached":25,"language":"ZHS","playtime":1416,"items_purged":["downfall:Haunted"],"score":266,"play_id":"17cd4001-cd82-48b5-a269-6db43c59fe41","local_time":"20210117161402","is_ascension_mode":true,"campfire_choices":[{"floor":6.0,"key":"RECALL"},{"data":"MarkedMod:GracefulMovements","floor":11.0,"key":"SMITH"},{"floor":15.0,"key":"REST"}],"circlet_count":0,"master_deck":["Strike_P+1","Strike_P+1","Strike_P+1","Strike_P+1","Defend_P+1","Defend_P+1","Defend_P+1","Defend_P+1","Eruption+1","Vigilance+1","MarkedMod:FirstStrike","FollowUp+1","PathToVictory+1","MarkedMod:PinPointDefense","PathToVictory","Wireheading","EmptyFist+1","MarkedMod:GracefulMovements+1","CurseOfTheBell","Weave+1","MarkedMod:SlowDance","WaveOfTheHand","Study+1","TalkToTheHand+1","Weave+1"],"relics":["PureWater","Ginger","Turnip","Ice Cream","Molten Egg 2","aspiration:DSix","Frozen Egg 2","Bag of Marbles","Calling Bell","Juzu Bracelet","GoldenEye","Orichalcum","SacredBark","Whetstone","Toxic Egg 2"],"acts_visited":["TheCity"],"potions_floor_usage":[25,25],"damage_taken":[{"damage":0.0,"enemies":"Small Slimes","floor":1.0,"turns":3.0},{"damage":0.0,"enemies":"Cultist","floor":2.0,"turns":2.0},{"damage":0.0,"enemies":"2 Louse","floor":4.0,"turns":1.0},{"damage":2.0,"enemies":"Large Slime","floor":5.0,"turns":4.0},{"damage":6.0,"enemies":"Lagavulin","floor":7.0,"turns":3.0},{"damage":12.0,"enemies":"3 Sentries","floor":10.0,"turns":7.0},{"damage":2.0,"enemies":"3 Sentries","floor":13.0,"turns":3.0},{"damage":16.0,"enemies":"Exordium Wildlife","floor":14.0,"turns":3.0},{"damage":5.0,"enemies":"The Guardian","floor":16.0,"turns":5.0},{"damage":0.0,"enemies":"Spheric Guardian","floor":18.0,"turns":2.0},{"damage":0.0,"enemies":"3 Byrds","floor":21.0,"turns":2.0},{"damage":19.0,"enemies":"Centurion and Healer","floor":22.0,"turns":6.0},{"damage":29.0,"enemies":"Slavers","floor":23.0,"turns":7.0},{"damage":10,"enemies":"Shelled Parasite and Fungi","floor":25,"turns":4}],"seed_played":"-2006378917388862464","potions_obtained":[{"floor":1.0,"key":"EntropicBrew"},{"floor":4.0,"key":"Energy Potion"},{"floor":10.0,"key":"Fire Potion"},{"floor":14.0,"key":"LiquidMemories"},{"floor":16.0,"key":"Dexterity Potion"},{"floor":18.0,"key":"LiquidBronze"},{"floor":23.0,"key":"bronze:BurnAndBuffPotion"}],"is_trial":false,"path_per_floor":["M","M","?","M","M","R","E","$","T","E","R","?","?","M","R","B",null,"M","?","?","M","M","E","$","M"],"character_chosen":"WATCHER","items_purchased":["EmptyFist+1","MarkedMod:GracefulMovements","aspiration:DSix","Weave+1","Toxic Egg 2","Fire Potion"],"campfire_rested":1,"item_purchase_floors":[8,8,8,24,24,24],"current_hp_per_floor":[72,72,58,58,56,56,50,50,50,38,38,38,36,20,41,36,72,72,72,72,72,53,24,24,14,14],"gold":2602,"neow_bonus":"THREE_CARDS","is_daily":false,"chose_seed":false,"campfire_upgraded":1,"win_rate":0.0,"timestamp":1610871242,"path_taken":["M","M","?","M","M","R","E","$","T","E","R","?","?","M","R","BOSS","M","?","?","M","M","E","$","M"],"items_purchased_type":["Card","Card","Relic","Card","Relic","Potion"],"build_version":"2020-12-22","purchased_purges":1,"victory":false,"max_hp_per_floor":[72,72,72,72,72,72,72,72,72,72,72,72,72,72,72,72,72,72,72,72,72,72,72,72,72,72],"card_choices":[{"not_picked":["EmptyBody","PathToVictory"],"picked":"MarkedMod:FirstStrike","floor":0.0},{"not_picked":["Wallop","Sanctity"],"picked":"FollowUp","floor":1.0},{"not_picked":["FearNoEvil","InnerPeace"],"picked":"PathToVictory","floor":2.0},{"not_picked":["DeceiveReality","ReachHeaven"],"picked":"MarkedMod:PinPointDefense","floor":4.0},{"not_picked":["CarveReality","CutThroughFate"],"picked":"PathToVictory","floor":5.0},{"not_picked":["ConjureBlade","PathToVictory"],"picked":"Wireheading","floor":7.0},{"not_picked":["MasterReality+1","EmptyFist+1","FlurryOfBlows+1"],"picked":"SKIP","floor":10.0},{"not_picked":["Swivel","Study+1"],"picked":"Weave+1","floor":13.0},{"not_picked":["Halt","WreathOfFlame","MarkedMod:PinPointDefense+1"],"picked":"SKIP","floor":14.0},{"not_picked":["Vault","Establishment+1"],"picked":"MarkedMod:SlowDance","floor":16.0},{"not_picked":["FollowUp+1","MarkedMod:GentlePulse"],"picked":"WaveOfTheHand","floor":18.0},{"not_picked":["Worship","InnerPeace+1","WaveOfTheHand"],"picked":"SKIP","floor":21.0},{"not_picked":["Meditate+1","Indignation","MarkedMod:FirstStrike"],"picked":"SKIP","floor":22.0},{"not_picked":["Conclude+1","FlurryOfBlows+1"],"picked":"TalkToTheHand+1","floor":23.0}],"player_experience":434182,"relics_obtained":[{"floor":7.0,"key":"Molten Egg 2"},{"floor":9.0,"key":"Frozen Egg 2"},{"floor":10.0,"key":"Bag of Marbles"},{"floor":12.0,"key":"Juzu Bracelet"},{"floor":12.0,"key":"GoldenEye"},{"floor":13.0,"key":"Orichalcum"},{"floor":23.0,"key":"Whetstone"}],"event_choices":[{"damage_healed":0.0,"max_hp_gain":0.0,"max_hp_loss":0.0,"gold_gain":0.0,"event_name":"Shining Light","player_choice":"Entered Light","floor":3.0,"gold_loss":0.0,"damage_taken":14.0,"cards_upgraded":["FollowUp","PathToVictory"]},{"damage_healed":0.0,"max_hp_gain":0.0,"max_hp_loss":0.0,"gold_gain":0.0,"event_name":"Dead Adventurer","player_choice":"Searched \u00271\u0027 times","floor":13.0,"gold_loss":0.0,"damage_taken":0.0},{"damage_healed":0.0,"max_hp_gain":0.0,"max_hp_loss":0.0,"gold_gain":0.0,"event_name":"The Library","player_choice":"Read","floor":19.0,"gold_loss":0.0,"damage_taken":0.0,"cards_obtained":["Study"]}],"is_beta":false,"boss_relics":[{"not_picked":["VioletLotus","Empty Cage"],"picked":"SacredBark"}],"items_purged_floors":[24],"is_endless":false,"potions_floor_spawned":[1,4,5,10,14,16,18,23],"killed_by":"Shelled Parasite and Fungi","ascension_level":3}}