{"host":"x3q4ieql2tr7v8o6","time":1610844873,"event":{"mods":["BaseMod","Bestiary","Better Altar","Better Match","Better Note","Better Sensory Stone","Better Skull","Better Third Choice","Colored Map","Colored Powertips","Curses Come First","Minty Spire (QoL Compilation)","StSLib"],"gold_per_floor":[116,134,134,134,134,134,114,114,137,183,213,225,257,269,281,367,379,407,432,119,137,137,137,137],"floor_reached":23,"language":"ENG","playtime":861,"items_purged":[],"score":425,"play_id":"72d2992f-f2e7-4fdd-b6a3-38b4616fe8dc","local_time":"20210117005433","is_ascension_mode":true,"campfire_choices":[{"data":"Backflip","floor":6,"key":"SMITH"},{"floor":8,"key":"REST"},{"floor":15,"key":"REST"}],"circlet_count":0,"master_deck":["AscendersBane","Survivor","Neutralize+1","Apotheosis+1","Backflip+1","Slice","Sucker Punch","Choke","Terror","A Thousand Cuts","Grand Finale","Malaise","Footwork","Crippling Poison","Concentrate","Riddle With Holes","Envenom","Dash","Wraith Form v2","Dodge and Roll","Catalyst","Flying Knee","Footwork","Good Instincts","Backstab"],"relics":["Ring of the Snake","MawBank","Bag of Marbles","Pandora\u0027s Box","Snake Skull"],"acts_visited":["Exordium","TheCity"],"potions_floor_usage":[16,19,23],"damage_taken":[{"damage":6,"enemies":"Cultist","floor":1,"turns":6},{"damage":1,"enemies":"Jaw Worm","floor":2,"turns":4},{"damage":0,"enemies":"Small Slimes","floor":3,"turns":4},{"damage":6,"enemies":"Exordium Thugs","floor":7,"turns":6},{"damage":4,"enemies":"Lagavulin","floor":10,"turns":9},{"damage":0,"enemies":"Gremlin Gang","floor":11,"turns":4},{"damage":12,"enemies":"Large Slime","floor":13,"turns":5},{"damage":0,"enemies":"Hexaghost","floor":16,"turns":8},{"damage":9,"enemies":"Shell Parasite","floor":18,"turns":6},{"damage":9,"enemies":"3 Byrds","floor":19,"turns":5},{"damage":24,"enemies":"Snake Plant","floor":21,"turns":6},{"damage":41,"enemies":"Book of Stabbing","floor":23,"turns":9}],"seed_played":"6053971395920517093","potions_obtained":[{"floor":2,"key":"Strength Potion"},{"floor":13,"key":"BlessingOfTheForge"},{"floor":16,"key":"AttackPotion"}],"is_trial":false,"path_per_floor":["M","M","M","?","?","R","M","R","T","E","M","$","M","?","R","B",null,"M","M","$","M","?","E"],"character_chosen":"THE_SILENT","items_purchased":["Footwork","Snake Skull","Good Instincts"],"campfire_rested":2,"item_purchase_floors":[20,20,20],"current_hp_per_floor":[53,52,52,52,52,52,46,60,60,56,56,56,44,41,59,59,60,51,42,42,18,30,0,0],"gold":137,"neow_bonus":"RANDOM_COLORLESS_2","is_daily":false,"chose_seed":false,"campfire_upgraded":1,"win_rate":0.0,"timestamp":1610844873,"path_taken":["M","M","?","?","?","R","?","R","T","E","?","$","M","?","R","BOSS","M","?","$","M","?","E"],"items_purchased_type":["Card","Relic","Card"],"build_version":"2020-12-22","purchased_purges":0,"victory":false,"max_hp_per_floor":[60,60,60,60,60,60,60,60,60,60,60,60,60,60,60,60,60,60,60,60,60,60,60,60],"card_choices":[{"not_picked":["Transmutation","Mayhem"],"picked":"Apotheosis","floor":0},{"not_picked":["PiercingWail","Blur"],"picked":"Backflip","floor":1},{"not_picked":["Infinite Blades","Dodge and Roll"],"picked":"Slice","floor":2},{"not_picked":["Finisher","Storm of Steel","Acrobatics"],"picked":"SKIP","floor":3},{"not_picked":["Underhanded Strike","Quick Slash"],"picked":"Sucker Punch","floor":7},{"not_picked":["PiercingWail","Underhanded Strike"],"picked":"Choke","floor":10},{"not_picked":["Dagger Throw","Slice"],"picked":"Terror","floor":11},{"not_picked":["Night Terror","Dagger Throw","Sucker Punch"],"picked":"SKIP","floor":13},{"not_picked":["Unload","Glass Knife"],"picked":"A Thousand Cuts","floor":16},{"not_picked":["Accuracy","Crippling Poison"],"picked":"Catalyst","floor":18},{"not_picked":["Heel Hook+1","Escape Plan"],"picked":"Flying Knee","floor":19},{"not_picked":["Flying Knee","Caltrops"],"picked":"Backstab","floor":21}],"player_experience":727882,"relics_obtained":[{"floor":9,"key":"MawBank"},{"floor":10,"key":"Bag of Marbles"}],"event_choices":[{"damage_healed":0,"gold_gain":0,"player_choice":"Grow","damage_taken":0,"max_hp_gain":0,"max_hp_loss":0,"event_name":"Living Wall","floor":4,"gold_loss":0,"cards_upgraded":["Apotheosis"]},{"damage_healed":0,"gold_gain":0,"player_choice":"Upgraded","damage_taken":0,"max_hp_gain":0,"max_hp_loss":0,"event_name":"Upgrade Shrine","floor":5,"gold_loss":0,"cards_upgraded":["Neutralize"]},{"damage_healed":0,"gold_gain":0,"player_choice":"Bought 0 Potions","damage_taken":0,"max_hp_gain":0,"max_hp_loss":0,"event_name":"The Woman in Blue","floor":14,"gold_loss":0},{"damage_healed":12,"gold_gain":0,"player_choice":"Heal","damage_taken":0,"max_hp_gain":0,"max_hp_loss":0,"event_name":"The Library","floor":22,"gold_loss":0}],"is_beta":false,"boss_relics":[{"not_picked":["Runic Pyramid","Velvet Choker"],"picked":"Pandora\u0027s Box"}],"items_purged_floors":[],"is_endless":false,"potions_floor_spawned":[2,3,13,16,18],"killed_by":"Book of Stabbing","ascension_level":15}}