{"host":"9hmnsypyq1c5u7i3","time":1610915471,"event":{"mods":["BaseMod","Bestiary","Hermit","Marisa????????","Minty Spire (QoL Compilation)","Quick Restart","Relic Stats","StSLib","The Cursed","The Hierophant"],"gold_per_floor":[16,16,36,49,65,65,94,168,194,212,229,229,244,259,259,338,338,356,356,374,389,125,158,170,213,251,277,289,301,350,379,391,403,403],"floor_reached":33,"language":"ENG","playtime":5503,"items_purged":["Strike_G"],"score":586,"play_id":"e1c6881c-dbbb-4840-bd9d-d995e36d0d7b","local_time":"20210117143111","is_ascension_mode":true,"campfire_choices":[{"floor":6.0,"key":"REST"},{"floor":12.0,"key":"REST"},{"floor":15.0,"key":"REST"},{"floor":24.0,"key":"REST"},{"floor":28.0,"key":"REST"},{"floor":32,"key":"REST"}],"circlet_count":0,"master_deck":["AscendersBane","Strike_G","Strike_G","Defend_G","Defend_G","Defend_G","Defend_G","Survivor","Neutralize","Bane","Well Laid Plans","Deadly Poison","Heel Hook","Dash","Dash","Corpse Explosion","All Out Attack","Noxious Fumes","Terror","After Image","Glass Knife","PiercingWail+1","Sucker Punch+1","PiercingWail","Catalyst","Parasite","Dash+1","Blur+1"],"relics":["Ring of the Snake","Girya","Bottled Tornado","Dream Catcher","Cursed Key","Art of War","MawBank","Strawberry"],"acts_visited":["Exordium","TheCity"],"potions_floor_usage":[33],"damage_taken":[{"damage":9.0,"enemies":"Cultist","floor":1.0,"turns":5.0},{"damage":1.0,"enemies":"Jaw Worm","floor":3.0,"turns":4.0},{"damage":1.0,"enemies":"2 Louse","floor":4.0,"turns":3.0},{"damage":8.0,"enemies":"Gremlin Gang","floor":5.0,"turns":6.0},{"damage":40.0,"enemies":"3 Sentries","floor":7.0,"turns":12.0},{"damage":1.0,"enemies":"Looter","floor":10.0,"turns":3.0},{"damage":3.0,"enemies":"Blue Slaver","floor":11.0,"turns":4.0},{"damage":4.0,"enemies":"Lots of Slimes","floor":13.0,"turns":3.0},{"damage":3.0,"enemies":"2 Fungi Beasts","floor":14.0,"turns":3.0},{"damage":23.0,"enemies":"The Guardian","floor":16.0,"turns":11.0},{"damage":10.0,"enemies":"Shell Parasite","floor":18.0,"turns":5.0},{"damage":0.0,"enemies":"3 Byrds","floor":20.0,"turns":2.0},{"damage":4.0,"enemies":"Cultist and Chosen","floor":21.0,"turns":6.0},{"damage":12.0,"enemies":"Book of Stabbing","floor":23.0,"turns":5.0},{"damage":43.0,"enemies":"Gremlin Leader","floor":25.0,"turns":6.0},{"damage":9.0,"enemies":"Snake Plant","floor":27.0,"turns":4.0},{"damage":13.0,"enemies":"Shelled Parasite and Fungi","floor":30.0,"turns":6.0},{"damage":9,"enemies":"Chosen and Byrds","floor":31,"turns":4},{"damage":40,"enemies":"Collector","floor":33,"turns":9}],"seed_played":"-726535459327272521","potions_obtained":[{"floor":5.0,"key":"LiquidBronze"},{"floor":7.0,"key":"Fire Potion"},{"floor":14.0,"key":"Block Potion"},{"floor":19.0,"key":"Fruit Juice"},{"floor":19.0,"key":"EssenceOfSteel"},{"floor":20.0,"key":"SteroidPotion"},{"floor":25.0,"key":"Weak Potion"},{"floor":27.0,"key":"ColorlessPotion"},{"floor":31,"key":"Swift Potion"}],"is_trial":false,"path_per_floor":["M","?","M","M","M","R","E","T","T","M","M","R","M","M","R","B",null,"M","?","M","M","$","E","R","E","T","M","R","?","M","M","R","B"],"character_chosen":"THE_SILENT","items_purchased":["PiercingWail","Art of War"],"campfire_rested":6,"item_purchase_floors":[22,22],"current_hp_per_floor":[50,50,49,48,40,59,19,19,19,18,15,34,30,27,46,23,55,45,50,50,46,46,34,55,19,19,10,33,33,20,11,34,0,0],"gold":403,"neow_bonus":"TRANSFORM_TWO_CARDS","is_daily":false,"chose_seed":false,"campfire_upgraded":0,"win_rate":0.0,"timestamp":1610915471,"path_taken":["M","?","?","M","?","R","E","?","T","M","M","R","M","M","R","BOSS","M","?","M","?","$","E","R","E","T","M","R","?","M","M","R","BOSS"],"items_purchased_type":["Card","Relic"],"build_version":"2020-12-22","purchased_purges":1,"victory":false,"max_hp_per_floor":[66,66,66,66,66,66,66,66,66,66,66,66,66,66,66,66,66,66,71,71,71,71,71,71,78,78,78,78,78,78,78,78,78,78],"relic_stats":{"Dream Catcher":5,"counters":[19,101],"Art of War":[3],"Cursed Key":1,"MawBank":120,"obtain_stats":[{"Girya":7,"Dream Catcher":9,"Strawberry":25,"Art of War":22,"Bottled Tornado":8,"Cursed Key":17,"MawBank":23,"Ring of the Snake":0},{"Girya":5,"Dream Catcher":5,"Strawberry":15,"Art of War":13,"Bottled Tornado":5,"Cursed Key":10,"MawBank":14,"Ring of the Snake":0},{"Girya":30,"Dream Catcher":30,"Strawberry":78,"Art of War":67,"Bottled Tornado":30,"Cursed Key":54,"MawBank":72,"Ring of the Snake":0}],"Ring of the Snake":[38]},"card_choices":[{"not_picked":["Underhanded Strike","Deflect"],"picked":"Deadly Poison","floor":1.0},{"not_picked":["Choke","Reflex"],"picked":"Heel Hook","floor":3.0},{"not_picked":["Slice","Underhanded Strike"],"picked":"Dash","floor":4.0},{"not_picked":["Bane","Well Laid Plans"],"picked":"Dash","floor":5.0},{"not_picked":["Die Die Die","Unload"],"picked":"Corpse Explosion","floor":7.0},{"not_picked":["Flying Knee","Blade Dance"],"picked":"All Out Attack","floor":10.0},{"not_picked":["Acrobatics","Backflip"],"picked":"Noxious Fumes","floor":11.0},{"not_picked":["Slice","Infinite Blades","Dash"],"picked":"SKIP","floor":13.0},{"not_picked":["Outmaneuver","Dagger Throw"],"picked":"Terror","floor":14.0},{"not_picked":["Escape Plan","Cloak And Dagger"],"picked":"After Image","floor":15.0},{"not_picked":["Die Die Die","Doppelganger"],"picked":"Glass Knife","floor":16.0},{"not_picked":["Acrobatics","Dodge and Roll"],"picked":"PiercingWail+1","floor":18.0},{"not_picked":["Predator","Outmaneuver"],"picked":"Sucker Punch+1","floor":20.0},{"not_picked":["Backflip","Reflex","Noxious Fumes"],"picked":"SKIP","floor":21.0},{"not_picked":["Reflex","Backflip"],"picked":"Catalyst","floor":23.0},{"not_picked":["Doppelganger","Acrobatics","Slice"],"picked":"SKIP","floor":25.0},{"not_picked":["Masterful Stab","Outmaneuver"],"picked":"Dash+1","floor":27.0},{"not_picked":["Backstab","Terror","Deadly Poison"],"picked":"SKIP","floor":30.0},{"not_picked":["Flying Knee+1","Deadly Poison","Underhanded Strike"],"picked":"SKIP","floor":31},{"not_picked":["Poisoned Stab","Bouncing Flask"],"picked":"Blur+1","floor":32}],"player_experience":862422,"relics_obtained":[{"floor":7.0,"key":"Girya"},{"floor":8.0,"key":"Bottled Tornado"},{"floor":9.0,"key":"Dream Catcher"},{"floor":23.0,"key":"MawBank"},{"floor":25.0,"key":"Strawberry"}],"event_choices":[{"cards_removed":["Defend_G"],"damage_healed":0.0,"max_hp_gain":0.0,"max_hp_loss":0.0,"gold_gain":0.0,"event_name":"Purifier","player_choice":"Purged","floor":2.0,"gold_loss":0.0,"damage_taken":0.0},{"damage_healed":0.0,"max_hp_gain":0.0,"max_hp_loss":0.0,"gold_gain":0.0,"event_name":"Lab","player_choice":"Got Potions","floor":19.0,"gold_loss":0.0,"damage_taken":0.0},{"damage_healed":0.0,"max_hp_gain":0.0,"max_hp_loss":0.0,"gold_gain":0.0,"event_name":"Vampires","player_choice":"Ignored","floor":29.0,"gold_loss":0.0,"damage_taken":0.0}],"is_beta":false,"boss_relics":[{"not_picked":["HoveringKite","Ring of the Serpent"],"picked":"Cursed Key"}],"items_purged_floors":[22],"is_endless":false,"potions_floor_spawned":[5,7,10,11,14,20,25,27,31],"killed_by":"Collector","ascension_level":20}}