{"host":"bb5r3ba2ig485dr2","time":1610881807,"event":{"mods":["Act Like it!","BaseMod","CapriCore","Chen","Curses Come First","Gensokyo","Hallownest","Koishi","Lobotomy","LobotomyExtend","Marisa（霧雨　魔理沙）","Minty Spire (QoL Compilation)","Random Character Button","Rare Cards Sparkle","Reimu（博??梦）","StSLib","Td1madao Mod","The Administrix","The Bug Knight","The Immortal","The Servant 0.9.4","The Wild Card"],"gold_per_floor":[114,114,134,148,148,148,161,195,245,275,295,295,295,310,310,411,411,431,143,143,158,158,158],"floor_reached":22,"language":"ENG","playtime":1281,"items_purged":[],"score":221,"play_id":"98ef23b8-6e7a-4e18-9d90-5546a3113710","local_time":"20210117121007","is_ascension_mode":false,"campfire_choices":[{"data":"HollowMod:CycloneSlash","floor":6,"key":"SMITH"},{"floor":13,"key":"REST"},{"data":"HollowMod:FocusHealStart","floor":15,"key":"SMITH"}],"circlet_count":0,"master_deck":["HollowMod:NailStrikeStart","HollowMod:NailStrikeStart","HollowMod:NailStrikeStart","HollowMod:NailStrikeStart","HollowMod:QuickDashStart","HollowMod:QuickDashStart","HollowMod:QuickDashStart","HollowMod:QuickDashStart","HollowMod:FocusHealStart+1","HollowMod:PogoStrike","HollowMod:DreamGate","HollowMod:DescendingDark","HollowMod:CycloneSlash+1","Injury","HollowMod:SiblingsShadow+1","HollowMod:InfectedCysts","HollowMod:LordofShades","HollowMod:BlackTendrils","Gensokyo:LockedMedkit","Gensokyo:MenInBlack+1","HollowMod:DashSlash"],"relics":["Philosopher\u0027s Stone","LetterFromLob","Toxic Egg 2","HollowMod:PaleOreRelic","Regal Pillow","Ancient Tea Set","White Beast Statue","HollowMod:VoidIdolRelic"],"acts_visited":["Gensokyo:Gensokyo","Gensokyo:Gensokyoer"],"potions_floor_usage":[8,10,14,16,16,18,21,21,22],"damage_taken":[{"damage":3,"enemies":"Gensokyo:Gryphon","floor":1,"turns":3},{"damage":0,"enemies":"Gensokyo:3_Fairies","floor":3,"turns":2},{"damage":0,"enemies":"Gensokyo:Python","floor":4,"turns":2},{"damage":0,"enemies":"Gensokyo:LivingMonolith","floor":7,"turns":2},{"damage":16,"enemies":"Gensokyo:Aya","floor":8,"turns":7},{"damage":0,"enemies":"Gensokyo:Cirno","floor":10,"turns":4},{"damage":11,"enemies":"Gensokyo:CorruptedTreant","floor":11,"turns":3},{"damage":8,"enemies":"Gensokyo:Gryphon_and_Rabbit","floor":14,"turns":3},{"damage":43,"enemies":"Gensokyo:Yukari","floor":16,"turns":9},{"damage":40,"enemies":"Gensokyo:Chomper","floor":18,"turns":5},{"damage":27,"enemies":"Gensokyo:CosmicMonolith","floor":21,"turns":6},{"damage":41,"enemies":"Gensokyo:Slime_Group","floor":22,"turns":4}],"seed_played":"-7910567407196977175","potions_obtained":[{"floor":1,"key":"BlessingOfTheForge"},{"floor":3,"key":"DuplicationPotion"},{"floor":10,"key":"Energy Potion"},{"floor":11,"key":"DistilledChaos"},{"floor":14,"key":"GrandPatriotsElixir:ReiMu"},{"floor":16,"key":"GamblersBrew"},{"floor":18,"key":"EntropicBrew"},{"floor":21,"key":"Ancient Potion"}],"is_trial":false,"path_per_floor":["M","?","M","M","?","R","M","E","T","E","M","T","R","M","R","B",null,"M","COS","?","M","M"],"character_chosen":"THE_BUGKNIGHT","items_purchased":[],"campfire_rested":1,"item_purchase_floors":[],"current_hp_per_floor":[72,72,72,72,72,72,72,56,56,56,45,45,75,67,67,34,75,35,35,35,33,0,0],"gold":158,"neow_bonus":"BOSS_RELIC","is_daily":false,"chose_seed":false,"campfire_upgraded":2,"win_rate":0.0,"timestamp":1610881807,"path_taken":["M","?","M","M","?","R","?","E","T","E","M","?","R","M","R","BOSS","M","COS","?","M","M"],"items_purchased_type":[],"build_version":"2020-12-22","purchased_purges":0,"victory":false,"max_hp_per_floor":[75,75,75,75,75,75,75,75,75,75,75,75,75,75,75,75,75,75,75,75,75,75,75],"card_choices":[{"not_picked":["HollowMod:SharpenedNail","HollowMod:HowlingWraiths"],"picked":"HollowMod:DreamGate","floor":1},{"not_picked":["HollowMod:TaintedHusks","HollowMod:MothsMistake"],"picked":"HollowMod:DescendingDark","floor":3},{"not_picked":["HollowMod:ShadowDash","HollowMod:PureNailStrike"],"picked":"HollowMod:CycloneSlash","floor":4},{"not_picked":["HollowMod:HowlingWraiths","HollowMod:CoiledNail","HollowMod:DesolateDive"],"picked":"SKIP","floor":7},{"not_picked":["HollowMod:SoulEater","HollowMod:VengefulSpirit"],"picked":"HollowMod:SiblingsShadow+1","floor":8},{"not_picked":["HollowMod:MonarchWings+1","HollowMod:InfectedAttack","HollowMod:ElderbugsWisdom"],"picked":"SKIP","floor":10},{"not_picked":["HollowMod:InfectionAssault","HollowMod:CrystalDash+1","HollowMod:SoulSplash+1"],"picked":"SKIP","floor":11},{"not_picked":["HollowMod:BrokenVessel","HollowMod:LifebloodCocoon+1"],"picked":"HollowMod:InfectedCysts","floor":14},{"not_picked":["HollowMod:theNailsmith+1","HollowMod:LifebloodCore+1"],"picked":"HollowMod:LordofShades","floor":16},{"not_picked":["HollowMod:PerfectDash+1","HollowMod:ShapeofUnn+1"],"picked":"HollowMod:BlackTendrils","floor":18},{"not_picked":["HollowMod:SoulEater+1","HollowMod:GreatSlash"],"picked":"HollowMod:DashSlash","floor":21}],"player_experience":244228,"relics_obtained":[{"floor":3,"key":"LetterFromLob"},{"floor":8,"key":"HollowMod:PaleOreRelic"},{"floor":9,"key":"Regal Pillow"},{"floor":10,"key":"Ancient Tea Set"},{"floor":12,"key":"White Beast Statue"}],"event_choices":[],"is_beta":false,"boss_relics":[{"not_picked":["Ectoplasm","SacredBark"],"picked":"HollowMod:VoidIdolRelic"}],"items_purged_floors":[],"is_endless":false,"potions_floor_spawned":[1,3,10,11,14,16,18,21],"killed_by":"Gensokyo:Slime_Group","ascension_level":0}}