{"host":"3oowddqpmj34xmzc","time":1610874042,"event":{"mods":["100% Spire Juice","2.2 Compatiblity","Act Like it!","Arknights The Spire","Aspiration","BaseMod","Better Third Choice","CapriCore","Conspire","Gensokyo","Gold Saver","Gremlin Mod","GungeonMod","Hallownest","Hermit","Koishi","Marisa£®ÏF”Í°°ƒß¿Ì…≥£©","Minty Spire (QoL Compilation)","Pale of the Ancients","Reimu£®≤©¿ˆ¡È√Œ£©","Relic Stats","Remilia£®¿Ÿ√◊¿Ú—«£©","Replay The Spire","Robot Space Explorer","Spicy Shops","StSLib","The Construct","The Gatherer","The Immortal","The Marked","The Poker Player","The Servant 0.9.4","The Vixen","WarShipGirlsR/’ΩΩ¢…Ÿ≈ÆR mod","Yakumo Yukari mod","Youmu£®ªÍ∆«—˝√Œ£©","Yuyuko","[GremlinLeader]The Maniac"],"gold_per_floor":[847,33,52,66,79,109,121,156,156,181,196,196,196,161,161,262,262,274,274,194,202,212,212,221,25,25,25,28,31,48,60,67,67,59,150,150,160,160,160,176,26,45,45,45,45,45,45,45,51,52,52,41],"floor_reached":53,"language":"ZHS","playtime":3883,"items_purged":["maniac:Strike","maniac:Strike","maniac:Strike+1"],"score":740,"play_id":"fc048773-6ebb-4222-9572-e88e2c8937f5","local_time":"20210117170042","is_ascension_mode":false,"campfire_choices":[{"data":"Apotheosis","floor":12.0,"key":"SMITH"},{"floor":15.0,"key":"REST"},{"data":"maniac:Deal","floor":23.0,"key":"SMITH"},{"data":"maniac:Deal+2","floor":27,"key":"SMITH"},{"floor":33,"key":"REST"},{"data":"maniac:Deal+3","floor":46,"key":"SMITH"},{"floor":48,"key":"REST"},{"data":"maniac:Deal+4","floor":51,"key":"SMITH"}],"circlet_count":0,"master_deck":["maniac:Defend","maniac:Defend","maniac:Defend","maniac:Defend","maniac:BurnBlood","maniac:AbyssShackle","maniac:BladesInCloak","Apotheosis+1","maniac:EndOfTheRoad","maniac:ArmToTheTeeth","maniac:BladeShoot","maniac:BladeShoot","Enlightenment","maniac:FoilArmor","maniac:ShelteringEdge","maniac:SeekerKnife+1","maniac:Retrospect","maniac:FoilArmor","maniac:Feint","maniac:Deal+5","maniac:PanickyParry+1","Hallownest:skillCityofTearsMap","maniac:DashForward+1","maniac:ColdHeart","maniac:SecretBackups+1","maniac:Deal+2","maniac:UntravelledPath+1","maniac:Quickdraw+1","DemoMod:Elimentaler","maniac:UntravelledPath+1","maniac:Precision","maniac:FoilArmor","Panache","maniac:BladeEnd","maniac:Precision+1","maniac:SeekerKnife","maniac:Reforge"],"relics":["maniac:DamagedAnvil","maniac:BrokenHorn","NeowsBlessing","Membership Card","Anchor","Letter Opener","Bottled Lightning","PreservedInsect","Ornamental Fan","Whetstone","Hallownest:DreamNailRelic","Black Star","DollysMirror","Guide Book","DemoMod:RatBoots","DemoMod:ResourcefulSack","DemoMod:PartiallyEatenCheese","Honey Jar","Empty Cage","CaptainsWheel","Lee\u0027s Waffle","Incense Burner","Centennial Puzzle","conspire:BottledYoYo","DemoMod:GlassGuonStoneRelic"],"acts_visited":["Hallownest:Greenpath","Hallownest:CityofTears","Hallownest:CityofTears","Hallownest:KingdomsEdge"],"potions_floor_usage":[35,35],"damage_taken":[{"damage":0.0,"enemies":"Hallownest:2_Tiktiks_and_1_Crawlid","floor":1.0,"turns":2.0},{"damage":0.0,"enemies":"Hallownest:2_MossCreeps","floor":3.0,"turns":1.0},{"damage":0.0,"enemies":"Hallownest:monsterHuskGuard","floor":4.0,"turns":1.0},{"damage":9.0,"enemies":"Hallownest:Guard_and_Warrior","floor":5.0,"turns":4.0},{"damage":0.0,"enemies":"Hallownest:eliteMossKnight","floor":6.0,"turns":6.0},{"damage":18.0,"enemies":"Hallownest:1_Baldur_1_Crawlid_1_Warrior","floor":7.0,"turns":6.0},{"damage":26.0,"enemies":"Hallownest:eliteCrystalGuardian","floor":8.0,"turns":6.0},{"damage":3.0,"enemies":"Hallownest:eliteMossKnight","floor":10.0,"turns":7.0},{"damage":0.0,"enemies":"Hallownest:monsterAspidMother","floor":11.0,"turns":4.0},{"damage":0.0,"enemies":"Hallownest:BossHornet","floor":16.0,"turns":10.0},{"damage":12.0,"enemies":"Hallownest:3_Youths","floor":18.0,"turns":6.0},{"damage":7.0,"enemies":"Hallownest:Guard_and_Sentry","floor":21.0,"turns":5.0},{"damage":0.0,"enemies":"Hallownest:monsterShrumalOgre","floor":22.0,"turns":5.0},{"damage":15.0,"enemies":"Hallownest:Warrior_and_Youth","floor":24.0,"turns":5.0},{"damage":0,"enemies":"DemoMod:4_Bullet_Kins_with_one_veteran","floor":28,"turns":6},{"damage":0,"enemies":"DemoMod:4_Bullet_Kins","floor":29,"turns":3},{"damage":0,"enemies":"DemoMod:Red_and_blue_shotgun_kin_with_gunsinger","floor":30,"turns":3},{"damage":0,"enemies":"DemoMod:2_Mousers","floor":31,"turns":5},{"damage":36,"enemies":"DemoMod:Veteran_shot_gun_kin_and_blue_shotgun_kin_with_gunsinger","floor":32,"turns":5},{"damage":3,"enemies":"DemoMod:ResourcefulRat","floor":35,"turns":12},{"damage":0,"enemies":"Hallownest:Shield_Heavy","floor":37,"turns":3},{"damage":11,"enemies":"Hallownest:3_Siblings","floor":40,"turns":4},{"damage":5,"enemies":"Hallownest:eliteCollector","floor":42,"turns":6},{"damage":0,"enemies":"Hallownest:Shield_Sturdy","floor":47,"turns":5},{"damage":0,"enemies":"Hallownest:2_Great","floor":49,"turns":5},{"damage":0,"enemies":"Hallownest:monsterPrimalAspid","floor":50,"turns":5},{"damage":0,"enemies":"Hallownest:Radiance","floor":52,"turns":10}],"seed_played":"7803551657756437509","potions_obtained":[{"floor":3.0,"key":"SkillPotion"},{"floor":4.0,"key":"LiquidBronze"},{"floor":5.0,"key":"Milkshake"},{"floor":7.0,"key":"SkillPotion"},{"floor":16.0,"key":"Block Potion"},{"floor":21.0,"key":"DemoMod:LeadSkinPotion"},{"floor":29,"key":"FearPotion"},{"floor":35,"key":"DistilledChaos"},{"floor":37,"key":"Dexterity Potion"},{"floor":47,"key":"Milkshake"}],"is_trial":false,"path_per_floor":["M","$","M","M","M","E","M","E","T","E","M","R","?","?","R","B",null,"M","?","?","M","M","R","M","$","T","R","M","M","M","M","M","R","B","B",null,"M","?","?","M","$","E","$","?","T","R","M","R","M","M","R","B",null],"character_chosen":"THE_MANIAC","items_purchased":["Apotheosis","Membership Card","maniac:EndOfTheRoad","DemoMod:GnawedKey","maniac:ArmToTheTeeth","Anchor","Letter Opener","maniac:BladeShoot","Enlightenment","DollysMirror","Guide Book","Panache","CaptainsWheel","Lee\u0027s Waffle"],"campfire_rested":3,"item_purchase_floors":[2,2,2,2,2,2,2,2,2,25,25,41,41,41],"current_hp_per_floor":[80,80,80,80,71,71,53,27,27,24,24,24,24,29,54,54,85,73,73,73,66,66,66,51,51,85,85,85,85,85,85,49,74,51,48,85,85,85,85,74,92,87,87,87,87,87,87,92,92,92,92,92],"gold":41,"neow_bonus":"THREE_ENEMY_KILL","is_daily":false,"chose_seed":false,"campfire_upgraded":5,"win_rate":0.0,"timestamp":1610874042,"path_taken":["M","$","M","M","M","E","M","E","T","E","M","R","?","?","R","BOSS","M","?","?","?","M","R","M","$","T","R","M","M","M","M","M","R","BOSS","BOSS","M","?","?","M","$","E","$","?","T","R","M","R","M","M","R","BOSS"],"items_purchased_type":["Card","Relic","Card","Relic","Card","Relic","Relic","Card","Card","Relic","Relic","Card","Relic","Relic"],"build_version":"2020-12-22","purchased_purges":3,"victory":true,"max_hp_per_floor":[80,80,80,80,80,80,80,80,80,80,80,80,80,85,85,85,85,85,85,85,85,85,85,85,85,85,85,85,85,85,85,85,85,85,85,85,85,85,85,85,92,92,92,92,92,92,92,92,92,92,92,92],"relic_stats":{"Lee\u0027s Waffle":18,"Centennial Puzzle":[0],"counters":[28,149],"Ornamental Fan":[176],"PreservedInsect":81,"Black Star":1,"Letter Opener":[135],"Whetstone":["maniac:Strike","maniac:SeekerKnife"],"obtain_stats":[{"DemoMod:GlassGuonStoneRelic":3,"Hallownest:DreamNailRelic":13,"Incense Burner":42,"Whetstone":10,"Empty Cage":36,"maniac:BrokenHorn":0,"Centennial Puzzle":42,"DollysMirror":25,"Honey Jar":36,"DemoMod:GnawedKey":2,"maniac:DamagedAnvil":0,"Lee\u0027s Waffle":41,"NeowsBlessing":0,"Guide Book":25,"DemoMod:PartiallyEatenCheese":36,"PreservedInsect":8,"DemoMod:RatBoots":36,"Letter Opener":2,"Anchor":2,"CaptainsWheel":41,"Ornamental Fan":9,"Black Star":17,"conspire:BottledYoYo":45,"Membership Card":2,"Bottled Lightning":6,"DemoMod:ResourcefulSack":36},{"DemoMod:GlassGuonStoneRelic":2,"Hallownest:DreamNailRelic":9,"Incense Burner":24,"Whetstone":8,"Empty Cage":21,"maniac:BrokenHorn":0,"Centennial Puzzle":24,"DollysMirror":14,"Honey Jar":21,"DemoMod:GnawedKey":1,"maniac:DamagedAnvil":0,"Lee\u0027s Waffle":23,"NeowsBlessing":0,"Guide Book":14,"DemoMod:PartiallyEatenCheese":21,"PreservedInsect":7,"DemoMod:RatBoots":21,"Letter Opener":1,"Anchor":1,"CaptainsWheel":23,"Ornamental Fan":7,"Black Star":10,"conspire:BottledYoYo":24,"Membership Card":1,"Bottled Lightning":5,"DemoMod:ResourcefulSack":21},{"DemoMod:GlassGuonStoneRelic":3,"Hallownest:DreamNailRelic":37,"Incense Burner":124,"Whetstone":33,"Empty Cage":111,"maniac:BrokenHorn":0,"Centennial Puzzle":124,"DollysMirror":68,"Honey Jar":111,"DemoMod:GnawedKey":2,"maniac:DamagedAnvil":0,"Lee\u0027s Waffle":118,"NeowsBlessing":0,"Guide Book":68,"DemoMod:PartiallyEatenCheese":111,"PreservedInsect":26,"DemoMod:RatBoots":111,"Letter Opener":2,"Anchor":2,"CaptainsWheel":118,"Ornamental Fan":26,"Black Star":47,"conspire:BottledYoYo":124,"Membership Card":2,"Bottled Lightning":14,"DemoMod:ResourcefulSack":111}]},"card_choices":[{"not_picked":["maniac:ExpectedMoves","maniac:ListenToNone"],"picked":"maniac:BladesInCloak","floor":1.0},{"not_picked":["maniac:Intimidate","maniac:Refine"],"picked":"maniac:FoilArmor","floor":3.0},{"not_picked":["maniac:TorturousScreams","maniac:WardAndDefend"],"picked":"maniac:ShelteringEdge","floor":4.0},{"not_picked":["maniac:Confront","maniac:WardAndDefend"],"picked":"maniac:SeekerKnife","floor":5.0},{"not_picked":["maniac:Intimidate","maniac:UntravelledPath"],"picked":"maniac:Retrospect","floor":6.0},{"not_picked":["maniac:DashForward","maniac:GlassScratch","maniac:Refine"],"picked":"SKIP","floor":7.0},{"not_picked":["maniac:Traceback","maniac:MeleeStrike","maniac:ShiftingShadows"],"picked":"SKIP","floor":8.0},{"not_picked":["maniac:BladesInCloak","maniac:Confront"],"picked":"maniac:FoilArmor","floor":10.0},{"not_picked":["maniac:SpectralKnives","maniac:Intimidate"],"picked":"maniac:Feint","floor":11.0},{"not_picked":["maniac:FanTheHammer","maniac:HammerDown"],"picked":"maniac:Deal","floor":16.0},{"not_picked":["maniac:GlassScratch","maniac:WitnessTrueSorcery+1"],"picked":"maniac:PanickyParry+1","floor":18.0},{"not_picked":["maniac:WardAndDefend","maniac:Assassinate"],"picked":"maniac:DashForward+1","floor":21.0},{"not_picked":["maniac:BladeShoot","maniac:ShelteringEdge+1"],"picked":"maniac:ColdHeart","floor":22.0},{"not_picked":["maniac:WardAndDefend","maniac:Quickdraw"],"picked":"maniac:SecretBackups+1","floor":24.0},{"not_picked":["maniac:UniversalPerception","maniac:DashForward","maniac:BladesInCloak+1"],"picked":"SKIP","floor":28},{"not_picked":["maniac:PerceiveDanger","maniac:SpectralKnives+1"],"picked":"maniac:UntravelledPath+1","floor":29},{"not_picked":["maniac:FindAShortcut+1","maniac:ListenToNone+1","maniac:UntravelledPath+1"],"picked":"SKIP","floor":30},{"not_picked":["maniac:UntravelledPath+1","maniac:ManipulatedFaith+1"],"picked":"maniac:Quickdraw+1","floor":31},{"not_picked":["maniac:WardAndDefend+1","maniac:Intimidate+1","maniac:Assassinate+1"],"picked":"SKIP","floor":32},{"not_picked":[],"picked":"DemoMod:Elimentaler","floor":35},{"not_picked":["maniac:MeleeStrike","maniac:PanickyParry"],"picked":"maniac:UntravelledPath+1","floor":36},{"not_picked":["maniac:PanickyParry+1","maniac:Confront","maniac:UndyingDesire+1"],"picked":"maniac:Precision","floor":37},{"not_picked":["maniac:ShelteringEdge+1","maniac:ShiftingShadows","maniac:Confront"],"picked":"maniac:FoilArmor","floor":40},{"not_picked":["maniac:DashForward","maniac:UndyingDesire","maniac:ManipulatedFaith"],"picked":"maniac:BladeEnd","floor":42},{"not_picked":["maniac:DashForward","maniac:FindAShortcut","maniac:Intimidate"],"picked":"maniac:Precision+1","floor":47},{"not_picked":["maniac:BladesInCloak","maniac:SpectralKnives+1","maniac:BladeShoot"],"picked":"maniac:SeekerKnife","floor":49},{"not_picked":["maniac:UntravelledPath+1","maniac:TwistedEddies","maniac:ShelteringEdge+1"],"picked":"maniac:Reforge","floor":50}],"player_experience":241420,"relics_obtained":[{"floor":6.0,"key":"Bottled Lightning"},{"floor":8.0,"key":"PreservedInsect"},{"floor":9.0,"key":"Ornamental Fan"},{"floor":10.0,"key":"Whetstone"},{"floor":36,"key":"DemoMod:RatBoots"},{"floor":36,"key":"DemoMod:ResourcefulSack"},{"floor":36,"key":"DemoMod:PartiallyEatenCheese"},{"floor":36,"key":"Honey Jar"},{"floor":36,"key":"Empty Cage"},{"floor":42,"key":"Incense Burner"},{"floor":42,"key":"Centennial Puzzle"},{"floor":45,"key":"conspire:BottledYoYo"}],"event_choices":[],"is_beta":false,"boss_relics":[{"not_picked":["aspiration:RunicSpoon","Astrolabe"],"picked":"Black Star"},{"not_picked":[]}],"items_purged_floors":[2,25,41],"is_endless":false,"potions_floor_spawned":[3,4,5,7,16,21,29,30,35,37,47],"ascension_level":0}}