{"host":"0tyekvnd8380d52o","time":1610845091,"event":{"mods":["Act Like it!","Arknights The Spire","BaseMod","Gensokyo","Marisa£®ÏF”Í°°ƒß¿Ì…≥£©","Minty Spire (QoL Compilation)","Reimu£®≤©¿ˆ¡È√Œ£©","Shop Mod","StSLib","The Servant 0.9.4","simple"],"gold_per_floor":[114,125,125,125,25,55,55,69,93,108,131,144,162,192,192,293,293,306,306,183,183,58,58,75,75,147,147,167,167,167,167],"floor_reached":30,"language":"ZHS","playtime":1160,"items_purged":["Defend_Lin:ReiMu","Strike_Lin:ReiMu","Strike_Lin:ReiMu"],"score":263,"play_id":"ee3f299e-5a60-4294-a311-b8da13fe6d48","local_time":"20210117085811","is_ascension_mode":false,"campfire_choices":[{"data":"PrayRite:ReiMu","floor":7,"key":"SMITH"},{"data":"DependentForm:ReiMu","floor":15,"key":"SMITH"},{"data":"Shading:ReiMu","floor":23,"key":"SMITH"},{"data":"Gathering:ReiMu","floor":25,"key":"SMITH"},{"floor":29,"key":"REST"}],"circlet_count":0,"master_deck":["Strike_Lin:ReiMu","Strike_Lin:ReiMu","Defend_Lin:ReiMu+1","Defend_Lin:ReiMu","NB:ReiMu","Stagnation:ReiMu","OrbThrow:ReiMu+1","CareerPray:ReiMu","Amulet:ReiMu","SubcavityInstant:ReiMu","PrayRite:ReiMu+1","SpringWay:ReiMu","SafetyPray:ReiMu","RainPray2:ReiMu","Crusade:ReiMu","DependentForm:ReiMu+1","Shading:ReiMu+1","CareerPray:ReiMu","EmergencyTakeOff:ReiMu","Gathering:ReiMu+1","EmergencyTakeOff:ReiMu+1"],"relics":["ShineYinYang:ReiMu","NeowsBlessing","Happy Flower","Odd Mushroom","Bottled Lightning","Nilry\u0027s Codex","MutagenicStrength","Shuriken"],"acts_visited":["Exordium","TheCity"],"potions_floor_usage":[30,30],"damage_taken":[{"damage":0,"enemies":"Small Slimes","floor":1,"turns":1},{"damage":0,"enemies":"2 Louse","floor":2,"turns":1},{"damage":0,"enemies":"Gremlin Nob","floor":6,"turns":1},{"damage":0,"enemies":"Cultist","floor":8,"turns":3},{"damage":5,"enemies":"Large Slime","floor":10,"turns":6},{"damage":10,"enemies":"The Mushroom Lair","floor":11,"turns":3},{"damage":2,"enemies":"3 Louse","floor":12,"turns":3},{"damage":1,"enemies":"Exordium Wildlife","floor":13,"turns":4},{"damage":1,"enemies":"Lagavulin","floor":14,"turns":6},{"damage":20,"enemies":"Hexaghost","floor":16,"turns":10},{"damage":27,"enemies":"Chosen","floor":18,"turns":7},{"damage":5,"enemies":"Spheric Guardian","floor":24,"turns":3},{"damage":27,"enemies":"Snake Plant","floor":28,"turns":5},{"damage":29,"enemies":"Book of Stabbing","floor":30,"turns":5}],"seed_played":"-8234742830497470925","potions_obtained":[{"floor":11,"key":"FairyPotion"},{"floor":13,"key":"Energy Potion"},{"floor":14,"key":"GamblersBrew"},{"floor":16,"key":"MagicPotion:ReiMu"}],"is_trial":false,"path_per_floor":["M","M","?","?","$","E","R","M","T","M","?","M","M","E","R","B",null,"M","?","$","?","$","R","M","R","T","?","M","R","E"],"character_chosen":"REIMU","items_purchased":["SubcavityInstant:ReiMu","EmergencyTakeOff:ReiMu"],"campfire_rested":1,"item_purchase_floors":[5,20],"current_hp_per_floor":[65,65,52,52,52,52,52,52,52,47,37,35,34,33,33,13,65,38,22,22,22,22,22,17,17,17,17,10,29,0,0],"gold":167,"neow_bonus":"THREE_ENEMY_KILL","is_daily":false,"chose_seed":false,"campfire_upgraded":4,"win_rate":0.0,"timestamp":1610845091,"path_taken":["M","M","?","?","$","E","R","M","T","?","?","M","M","E","R","BOSS","M","?","$","?","?","R","?","R","T","?","?","R","E"],"items_purchased_type":["Card","Card"],"build_version":"2020-12-22","purchased_purges":3,"victory":false,"max_hp_per_floor":[65,65,65,65,65,65,65,65,65,65,65,65,65,65,65,65,65,65,65,65,65,65,65,65,65,65,65,65,65,65,65],"card_choices":[{"not_picked":["Enchanting:ReiMu","DoubleButterfly:ReiMu"],"picked":"OrbThrow:ReiMu","floor":1},{"not_picked":["FantasyBorder:ReiMu","AlertArray:ReiMu"],"picked":"CareerPray:ReiMu","floor":2},{"not_picked":["SubcavityInstant:ReiMu","Revelation:ReiMu"],"picked":"PrayRite:ReiMu","floor":6},{"not_picked":["SpreadBorder2:ReiMu","CareerPray:ReiMu"],"picked":"SpringWay:ReiMu","floor":8},{"not_picked":["WonderfulDomain:ReiMu","TightArray:ReiMu"],"picked":"SafetyPray:ReiMu","floor":10},{"not_picked":["MikOfLucky:ReiMu","ShadowOfCrow2:ReiMu"],"picked":"RainPray2:ReiMu","floor":11},{"not_picked":["RainPray2:ReiMu","MikOfLucky:ReiMu"],"picked":"Crusade:ReiMu","floor":12},{"not_picked":["SafetyPray:ReiMu","MikOfLucky:ReiMu","Meditation:ReiMu"],"picked":"SKIP","floor":13},{"not_picked":["InherentArray:ReiMu","HakureiPhantom:ReiMu"],"picked":"DependentForm:ReiMu","floor":14},{"not_picked":["BlastKick2:ReiMu","Free:ReiMu"],"picked":"Shading:ReiMu","floor":16},{"not_picked":["UpKicking:ReiMu+1","MountainWay:ReiMu"],"picked":"CareerPray:ReiMu","floor":18},{"not_picked":["RainPray2:ReiMu","TakeOff:ReiMu"],"picked":"Gathering:ReiMu","floor":24},{"not_picked":["RainPray2:ReiMu","YinYangSign:ReiMu"],"picked":"EmergencyTakeOff:ReiMu+1","floor":28}],"player_experience":191696,"relics_obtained":[{"floor":6,"key":"Happy Flower"},{"floor":11,"key":"Odd Mushroom"},{"floor":14,"key":"Bottled Lightning"},{"floor":19,"key":"Nilry\u0027s Codex"},{"floor":26,"key":"Shuriken"}],"event_choices":[{"damage_healed":0,"gold_gain":0,"player_choice":"Entered Light","damage_taken":13,"max_hp_gain":0,"max_hp_loss":0,"event_name":"Shining Light","floor":3,"gold_loss":0,"cards_upgraded":["OrbThrow:ReiMu","Defend_Lin:ReiMu"]},{"damage_healed":0,"gold_gain":0,"cards_transformed":["Defend_Lin:ReiMu"],"player_choice":"Transformed","damage_taken":0,"max_hp_gain":0,"max_hp_loss":0,"event_name":"Transmorgrifier","floor":4,"gold_loss":0,"cards_obtained":["Amulet:ReiMu"]},{"damage_healed":0,"gold_gain":0,"player_choice":"Fought Mushrooms","damage_taken":0,"max_hp_gain":0,"max_hp_loss":0,"event_name":"Mushrooms","floor":11,"gold_loss":0},{"damage_healed":0,"gold_gain":0,"player_choice":"Obtained Book","damage_taken":16,"max_hp_gain":0,"max_hp_loss":0,"event_name":"Cursed Tome","floor":19,"gold_loss":0},{"damage_healed":0,"gold_gain":0,"player_choice":"Inject Mutagens","damage_taken":0,"relics_obtained":["MutagenicStrength"],"max_hp_gain":0,"max_hp_loss":0,"event_name":"Drug Dealer","floor":21,"gold_loss":0},{"damage_healed":0,"gold_gain":0,"player_choice":"Ignored","damage_taken":0,"max_hp_gain":0,"max_hp_loss":0,"event_name":"NoteForYourself","floor":27,"gold_loss":0}],"is_beta":false,"boss_relics":[{"not_picked":["Astrolabe","Calling Bell"],"picked":"ShineYinYang:ReiMu"}],"items_purged_floors":[5,20,22],"is_endless":false,"potions_floor_spawned":[11,13,14,16,18],"killed_by":"Book of Stabbing","ascension_level":0}}