{"host":"u9h06qdlnp3wgzsw","time":1610857506,"event":{"mods":["BaseMod","Downfall","Hermit","Minty Spire (QoL Compilation)","Rare Cards Sparkle","Shop Mod","StSLib","The Hierophant"],"gold_per_floor":[117,136,136,61,61,61,100,121,170,173,189,189,189,208,208,328,328,353,3,3,3,3,3,38,137,137,151,166,166,166,184,184,303,303,368,368,368,368,701,807,831,831,857,57,57,57],"floor_reached":45,"language":"ENG","playtime":4094,"items_purged":["Injury","Doubt"],"score":657,"play_id":"6429208e-3d87-4a6a-a0db-1c2a78279bbb","local_time":"20210116232506","is_ascension_mode":false,"campfire_choices":[{"data":"hierophant:ChurchCoffers","floor":6,"key":"SMITH"},{"floor":13,"key":"REST"},{"floor":15,"key":"REST"},{"floor":23,"key":"REST"},{"floor":32,"key":"REST"},{"floor":42,"key":"REST"}],"circlet_count":0,"master_deck":["hierophant:Strike_Hierophant+1","hierophant:Strike_Hierophant+1","hierophant:Strike_Hierophant+1","hierophant:Punish+1","hierophant:Defend_Hierophant+1","hierophant:Defend_Hierophant+1","hierophant:Defend_Hierophant+1","hierophant:Defend_Hierophant+1","hierophant:ChurchCoffers+1","hierophant:Kindle+1","hierophant:Smite+1","hierophant:HammerAndAnvil+1","hierophant:TollTheBells+1","hierophant:Flagellation+1","hierophant:Invocation+1","hierophant:Smite+1","Shame","hierophant:Smite+1","Ghostly+1","Ghostly+1","Ghostly+1","Ghostly+1","Ghostly+1","hierophant:HammerAndAnvil+1","hierophant:OrnateJavelin+1","hierophant:BulkyChest+1","hierophant:FlamingChariot+1","hierophant:Patience","Parasite"],"relics":["hierophant:PropheticMaskRelic","hexamod:BolsterEngine","Strawberry","Fusion Hammer","Bottled Flame","Blue Candle","Enchiridion","Dream Catcher","Du-Vu Doll","Cursed Key","Mark of the Bloom","Oddly Smooth Stone","Happy Flower","Peace Pipe","Gremlin Horn","MerchantsRug"],"acts_visited":["Exordium","TheCity","TheBeyond"],"potions_floor_usage":[10,16,16,24,33,33,45,45],"damage_taken":[{"damage":0,"enemies":"2 Louse","floor":1,"turns":1},{"damage":10,"enemies":"Small Slimes","floor":2,"turns":2},{"damage":21,"enemies":"Lagavulin","floor":7,"turns":6},{"damage":0,"enemies":"Cultist","floor":8,"turns":4},{"damage":0,"enemies":"Looter","floor":10,"turns":2},{"damage":6,"enemies":"Blue Slaver","floor":11,"turns":4},{"damage":11,"enemies":"Exordium Wildlife","floor":14,"turns":4},{"damage":71,"enemies":"The Guardian","floor":16,"turns":15},{"damage":13,"enemies":"3 Byrds","floor":18,"turns":5},{"damage":40,"enemies":"Gremlin Leader","floor":24,"turns":5},{"damage":1,"enemies":"Spheric Guardian","floor":27,"turns":3},{"damage":9,"enemies":"Snake Plant","floor":28,"turns":5},{"damage":0,"enemies":"Centurion and Healer","floor":31,"turns":5},{"damage":51,"enemies":"Collector","floor":33,"turns":12},{"damage":7,"enemies":"3 Darklings","floor":35,"turns":3},{"damage":12,"enemies":"Nemesis","floor":40,"turns":6},{"damage":40,"enemies":"Giant Head","floor":45,"turns":8}],"seed_played":"6562488630124518417","potions_obtained":[{"floor":2,"key":"FairyPotion"},{"floor":8,"key":"Strength Potion"},{"floor":12,"key":"EssenceOfSteel"},{"floor":12,"key":"Guardian:BlockOnCardUsePotion"},{"floor":16,"key":"GamblersBrew"},{"floor":18,"key":"LiquidMemories"},{"floor":31,"key":"Dexterity Potion"},{"floor":35,"key":"LiquidMemories"}],"is_trial":false,"path_per_floor":["M","M","?","$","?","R","E","M","T","M","M","?","R","M","R","B",null,"M","$","?","?","$","R","E","?","T","M","M","?","?","M","R","B",null,"M","?","?","?","?","E","T","R","T","$","E"],"character_chosen":"HIEROPHANT","items_purchased":["Fruit Juice","Bottled Flame","Peace Pipe","Gremlin Horn","Swift Potion","MerchantsRug"],"campfire_rested":5,"item_purchase_floors":[19,19,44,44,44,44],"current_hp_per_floor":[75,65,65,65,65,65,44,44,51,51,45,45,69,58,82,11,82,69,69,69,53,53,77,42,42,42,41,32,32,43,43,43,12,43,36,36,36,36,36,24,24,24,24,24,0,0],"gold":57,"neow_bonus":"ONE_RANDOM_RARE_CARD","is_daily":false,"chose_seed":false,"campfire_upgraded":1,"win_rate":0.0,"timestamp":1610857506,"path_taken":["M","M","?","$","?","R","E","M","T","M","M","?","R","M","R","BOSS","M","$","?","?","$","R","E","?","T","?","M","?","?","M","R","BOSS","M","?","?","?","?","E","?","R","T","$","E"],"items_purchased_type":["Potion","Relic","Relic","Relic","Potion","Relic"],"build_version":"2020-12-22","purchased_purges":2,"victory":false,"max_hp_per_floor":[75,75,75,75,75,75,75,75,82,82,82,82,82,82,82,82,82,82,82,82,82,82,82,87,87,87,87,87,43,43,43,43,43,43,43,43,41,41,41,41,41,41,41,41,41,41],"card_choices":[{"not_picked":["hierophant:Sermon","hierophant:HolyVerse"],"picked":"hierophant:Smite","floor":1},{"not_picked":["hierophant:Racketeering","hierophant:Sermon"],"picked":"hierophant:HammerAndAnvil","floor":2},{"not_picked":["hierophant:Purify","hierophant:RepressedViolence","hierophant:PassingBell"],"picked":"SKIP","floor":7},{"not_picked":["hierophant:Flagellation","hierophant:Refuge"],"picked":"hierophant:TollTheBells","floor":8},{"not_picked":["hierophant:Shelter","hierophant:AuricBeam","hierophant:HammerAndAnvil"],"picked":"SKIP","floor":10},{"not_picked":["hierophant:Empathy","hierophant:Remorse","hierophant:Dazzle"],"picked":"SKIP","floor":11},{"not_picked":["hierophant:WrathOfGod","hierophant:Purify"],"picked":"hierophant:Flagellation","floor":14},{"not_picked":["hierophant:DeathKnell","hierophant:LocustPlague"],"picked":"hierophant:Invocation","floor":16},{"not_picked":["hierophant:Purify+1","hierophant:Remorse+1"],"picked":"hierophant:Smite","floor":18},{"not_picked":["hierophant:Sermon","hierophant:MorningPrayer","hierophant:MintersHammer"],"picked":"SKIP","floor":24},{"not_picked":["hierophant:Doubloon","hierophant:Rebuild","hierophant:AuricBeam"],"picked":"SKIP","floor":27},{"not_picked":["hierophant:Upheaval","hierophant:Purify"],"picked":"hierophant:Smite","floor":28},{"not_picked":["hierophant:Encroach+1","hierophant:Refuge"],"picked":"hierophant:HammerAndAnvil","floor":31},{"not_picked":["hierophant:RustyCrate+1","hierophant:Blessing"],"picked":"hierophant:OrnateJavelin","floor":32},{"not_picked":["hierophant:Levitation","hierophant:AuricForm"],"picked":"hierophant:BulkyChest","floor":33},{"not_picked":["hierophant:SolarFlare+1","hierophant:Prophecy+1"],"picked":"hierophant:FlamingChariot+1","floor":35},{"not_picked":["hierophant:RecallFunds+1","hierophant:Doubloon"],"picked":"hierophant:Patience","floor":40}],"player_experience":772504,"relics_obtained":[{"floor":7,"key":"hexamod:BolsterEngine"},{"floor":9,"key":"Strawberry"},{"floor":21,"key":"Enchiridion"},{"floor":24,"key":"Dream Catcher"},{"floor":26,"key":"Du-Vu Doll"},{"floor":40,"key":"MealTicket"},{"floor":41,"key":"Oddly Smooth Stone"},{"floor":43,"key":"Happy Flower"}],"event_choices":[{"damage_healed":0,"gold_gain":0,"player_choice":"Take Wound","damage_taken":0,"relics_obtained":["Golden Idol"],"max_hp_gain":0,"max_hp_loss":0,"event_name":"Golden Idol","floor":3,"gold_loss":0,"cards_obtained":["Injury"]},{"damage_healed":0,"gold_gain":0,"player_choice":"Grow","damage_taken":0,"max_hp_gain":0,"max_hp_loss":0,"event_name":"Living Wall","floor":5,"gold_loss":0,"cards_upgraded":["hierophant:Kindle"]},{"damage_healed":0,"gold_gain":0,"player_choice":"Got Potions","damage_taken":0,"max_hp_gain":0,"max_hp_loss":0,"event_name":"Lab","floor":12,"gold_loss":0},{"damage_healed":0,"gold_gain":0,"player_choice":"Stole Relic","damage_taken":0,"relics_obtained":["Blue Candle"],"max_hp_gain":0,"max_hp_loss":0,"event_name":"Addict","floor":20,"gold_loss":0,"cards_obtained":["Shame"]},{"damage_healed":0,"gold_gain":0,"player_choice":"Obtained Book","damage_taken":16,"max_hp_gain":0,"max_hp_loss":0,"event_name":"Cursed Tome","floor":21,"gold_loss":0},{"damage_healed":0,"gold_gain":99,"player_choice":"Stole From Cult","damage_taken":0,"max_hp_gain":0,"max_hp_loss":0,"event_name":"Nest","floor":25,"gold_loss":0},{"damage_healed":0,"gold_gain":0,"player_choice":"Became a Ghost","damage_taken":0,"max_hp_gain":0,"max_hp_loss":44,"event_name":"Ghosts","floor":29,"gold_loss":0,"cards_obtained":["Ghostly","Ghostly","Ghostly","Ghostly","Ghostly"]},{"damage_healed":14,"gold_gain":0,"player_choice":"Heal","damage_taken":0,"max_hp_gain":0,"max_hp_loss":0,"event_name":"The Library","floor":30,"gold_loss":0},{"damage_healed":0,"gold_gain":0,"player_choice":"Upgrade","damage_taken":0,"relics_obtained":["Mark of the Bloom"],"max_hp_gain":0,"max_hp_loss":0,"event_name":"MindBloom","floor":36,"gold_loss":0,"cards_upgraded":["hierophant:Strike_Hierophant","hierophant:Strike_Hierophant","hierophant:Strike_Hierophant","hierophant:Strike_Hierophant","hierophant:Punish","hierophant:Defend_Hierophant","hierophant:Defend_Hierophant","hierophant:Defend_Hierophant","hierophant:Defend_Hierophant","hierophant:Smite","hierophant:HammerAndAnvil","hierophant:TollTheBells","hierophant:Flagellation","hierophant:Invocation","hierophant:Smite","hierophant:Smite","Ghostly","Ghostly","Ghostly","Ghostly","Ghostly","hierophant:HammerAndAnvil","hierophant:OrnateJavelin","hierophant:BulkyChest"]},{"damage_healed":0,"gold_gain":0,"player_choice":"Max HP","damage_taken":0,"max_hp_gain":0,"max_hp_loss":2,"event_name":"Winding Halls","floor":37,"gold_loss":0},{"cards_removed":["hierophant:Strike_Hierophant"],"damage_healed":0,"gold_gain":0,"player_choice":"Removed Attack","damage_taken":0,"max_hp_gain":0,"max_hp_loss":0,"event_name":"Falling","floor":38,"gold_loss":0},{"damage_healed":0,"gold_gain":333,"player_choice":"Gave Idol","damage_taken":0,"max_hp_gain":0,"max_hp_loss":0,"event_name":"The Moai Head","floor":39,"relics_lost":["Golden Idol"],"gold_loss":0}],"is_beta":false,"boss_relics":[{"not_picked":["SlaversCollar","Snecko Eye"],"picked":"Fusion Hammer"},{"not_picked":["Sozu","Astrolabe"],"picked":"Cursed Key"}],"items_purged_floors":[4,44],"is_endless":false,"potions_floor_spawned":[2,8,16,18,31,35],"killed_by":"Giant Head","ascension_level":0}}