{"host":"cdcsem0stf6rethc","time":1610884480,"event":{"mods":["AchievementEnabler","BaseMod","Colored Map","Highlight Path","Minty Spire (QoL Compilation)","StSLib","The Animator"],"gold_per_floor":[130,152,196,371,382,416,416,416,416,416,427,66,84,84,84,84,84],"floor_reached":16,"language":"ENG","playtime":686,"items_purged":["animator:Strike"],"score":100,"play_id":"5d0c1ba1-4144-4d2c-a047-2f7b49721248","local_time":"20210117195440","is_ascension_mode":false,"campfire_choices":[{"data":"animator:Layla","floor":7,"key":"SMITH"},{"data":"animator:HiiragiShinya","floor":10,"key":"SMITH"},{"floor":15,"key":"REST"}],"circlet_count":0,"master_deck":["animator:Strike_HitsugiNoChaika","animator:Strike","animator:Strike","animator:Defend","animator:Defend","animator:Defend","animator:AcuraAkari","animator:Gillette","animator:Fredrika","animator:HiiragiShinya+1","Doubt","animator:Layla+1","animator:AcuraAkari","animator:Viivi"],"relics":["animator:LivingPicture","animator:TheMissingPiece","NeowsBlessing","Matryoshka","Juzu Bracelet","InkBottle","Frozen Egg 2","Golden Idol"],"acts_visited":["Exordium"],"potions_floor_usage":[16,16],"damage_taken":[{"damage":0,"enemies":"Cultist","floor":1,"turns":1},{"damage":0,"enemies":"2 Louse","floor":2,"turns":1},{"damage":0,"enemies":"Jaw Worm","floor":5,"turns":1},{"damage":39,"enemies":"Lagavulin","floor":6,"turns":8},{"damage":14,"enemies":"Lots of Slimes","floor":11,"turns":5},{"damage":7,"enemies":"Looter","floor":13,"turns":2},{"damage":35,"enemies":"Slime Boss","floor":16,"turns":5}],"seed_played":"82690914037933834","potions_obtained":[{"floor":1,"key":"SkillPotion"},{"floor":2,"key":"Strength Potion"}],"is_trial":false,"path_per_floor":["M","M","?","?","M","E","R","?","T","R","M","$","M","?","R","B"],"character_chosen":"THE_ANIMATOR","items_purchased":["animator:Viivi","Frozen Egg 2"],"campfire_rested":1,"item_purchase_floors":[12,12],"current_hp_per_floor":[66,66,66,66,66,28,28,33,33,33,19,19,12,12,32,0,0],"gold":84,"neow_bonus":"THREE_ENEMY_KILL","is_daily":false,"chose_seed":true,"campfire_upgraded":2,"win_rate":0.0,"timestamp":1610884480,"path_taken":["M","?","?","?","M","E","R","?","T","R","M","$","M","?","R","BOSS"],"items_purchased_type":["Card","Relic"],"build_version":"2020-12-22","purchased_purges":1,"victory":false,"max_hp_per_floor":[66,66,66,66,66,67,67,72,72,72,72,72,72,67,67,67,67],"card_choices":[{"not_picked":["animator:Gillette","animator:MasamiIwasawa"],"picked":"animator:Fredrika","floor":1},{"not_picked":["animator:MikuIzayoi","animator:Rider"],"picked":"animator:HiiragiShinya","floor":2},{"not_picked":["animator:Yusa","animator:Wiz","animator:Tohya"],"picked":"SKIP","floor":5},{"not_picked":["animator:Gillette","animator:AcuraAkari"],"picked":"animator:Layla","floor":6},{"not_picked":["animator:Mitsurugi","animator:YoshinoHimekawa"],"picked":"animator:AcuraAkari","floor":11},{"not_picked":["animator:Marielle","animator:Yui","animator:Yusa"],"picked":"SKIP","floor":13}],"player_experience":204952,"relics_obtained":[{"floor":6,"key":"Matryoshka"},{"floor":9,"key":"Juzu Bracelet"},{"floor":9,"key":"InkBottle"}],"event_choices":[{"damage_healed":0,"gold_gain":175,"player_choice":"AGREE","damage_taken":0,"max_hp_gain":0,"max_hp_loss":0,"event_name":"Liars Game","floor":4,"gold_loss":0,"cards_obtained":["Doubt"]},{"damage_healed":0,"gold_gain":0,"player_choice":"Donut","damage_taken":0,"max_hp_gain":5,"max_hp_loss":0,"event_name":"Big Fish","floor":8,"gold_loss":0},{"damage_healed":0,"gold_gain":0,"player_choice":"Lose Max HP","damage_taken":0,"relics_obtained":["Golden Idol"],"max_hp_gain":0,"max_hp_loss":5,"event_name":"Golden Idol","floor":14,"gold_loss":0}],"is_beta":false,"boss_relics":[],"items_purged_floors":[12],"is_endless":false,"potions_floor_spawned":[1,2],"killed_by":"Slime Boss","ascension_level":0}}