{"host":"ccw6t0i2dpm5wyxf","time":1610877955,"event":{"mods":["BaseMod","Colored Map","Minty Spire (QoL Compilation)","Permanent Neow"],"gold_per_floor":[99,99,99,99,14,14,14,14,14,14,14,14,14,14,14,14,14,0,0,0,0,0,0],"floor_reached":22,"language":"ENG","playtime":823,"items_purged":[],"score":239,"play_id":"3a206fc9-008f-4d00-81b7-d2a090733812","local_time":"20210117040555","is_ascension_mode":true,"campfire_choices":[{"data":"Unload","floor":7,"key":"SMITH"},{"floor":13,"key":"REST"},{"data":"Cloak And Dagger","floor":15,"key":"SMITH"}],"circlet_count":0,"master_deck":["Strike_G","Strike_G","Strike_G","Strike_G","Strike_G","Defend_G+1","Defend_G","Defend_G","Defend_G","Defend_G","Survivor+1","Neutralize+1","Deadly Poison+1","Blur","Escape Plan","Backflip+1","Unload+1","Distraction","Leg Sweep","Cloak And Dagger+1","Storm of Steel","Outmaneuver+1","Finisher+1","Decay"],"relics":["Ectoplasm","War Paint","Blue Candle","Kunai","Orichalcum","Pen Nib","HoveringKite","Nilry\u0027s Codex"],"acts_visited":["Exordium","TheCity"],"potions_floor_usage":[6,6,16,22],"damage_taken":[{"damage":4,"enemies":"2 Louse","floor":1,"turns":3},{"damage":0,"enemies":"Jaw Worm","floor":3,"turns":3},{"damage":0,"enemies":"3 Sentries","floor":6,"turns":10},{"damage":8,"enemies":"Lagavulin","floor":8,"turns":5},{"damage":2,"enemies":"Small Slimes","floor":11,"turns":3},{"damage":0,"enemies":"Exordium Wildlife","floor":14,"turns":3},{"damage":3,"enemies":"Slime Boss","floor":16,"turns":16},{"damage":17,"enemies":"2 Thieves","floor":18,"turns":4},{"damage":14,"enemies":"Spheric Guardian","floor":20,"turns":4},{"damage":32,"enemies":"Centurion and Healer","floor":22,"turns":5}],"seed_played":"-8100391301929115671","potions_obtained":[{"floor":1,"key":"Fire Potion"},{"floor":3,"key":"SkillPotion"},{"floor":8,"key":"DistilledChaos"},{"floor":18,"key":"SkillPotion"}],"is_trial":false,"path_per_floor":["M","?","M","?","$","E","R","E","T","T","M","?","R","M","R","B",null,"M","?","M","?","M"],"character_chosen":"THE_SILENT","items_purchased":["Escape Plan","Backflip"],"campfire_rested":1,"item_purchase_floors":[5,5],"current_hp_per_floor":[66,52,52,52,52,52,52,44,44,44,42,35,56,56,56,53,70,53,37,23,23,0,0],"gold":0,"neow_bonus":"BOSS_RELIC","is_daily":false,"chose_seed":false,"campfire_upgraded":2,"win_rate":0.0,"timestamp":1610877955,"path_taken":["M","?","M","?","?","E","R","E","T","?","M","?","R","M","R","BOSS","M","?","M","?","M"],"items_purchased_type":["Card","Card"],"build_version":"2020-12-22","purchased_purges":0,"victory":false,"max_hp_per_floor":[70,70,70,70,70,70,70,70,70,70,70,70,70,70,70,70,70,70,70,70,70,70,70],"card_choices":[{"not_picked":["Distraction","Quick Slash"],"picked":"Deadly Poison","floor":1},{"not_picked":["Finisher","Skewer"],"picked":"Blur","floor":3},{"not_picked":["Cloak And Dagger","Deadly Poison"],"picked":"Unload","floor":6},{"not_picked":["Blade Dance","Cloak And Dagger"],"picked":"Distraction","floor":8},{"not_picked":["Deflect","Bouncing Flask"],"picked":"Leg Sweep","floor":11},{"not_picked":["Poisoned Stab","Bane"],"picked":"Cloak And Dagger","floor":14},{"not_picked":["Die Die Die","Tools of the Trade"],"picked":"Storm of Steel","floor":16},{"not_picked":["Backflip+1","Sucker Punch"],"picked":"Outmaneuver+1","floor":18},{"not_picked":["Bane","Masterful Stab"],"picked":"Finisher+1","floor":20}],"player_experience":263745,"relics_obtained":[{"floor":6,"key":"War Paint"},{"floor":8,"key":"Blue Candle"},{"floor":9,"key":"Kunai"},{"floor":10,"key":"Orichalcum"},{"floor":19,"key":"Nilry\u0027s Codex"}],"event_choices":[{"damage_healed":0,"gold_gain":0,"player_choice":"Entered Light","damage_taken":14,"max_hp_gain":0,"max_hp_loss":0,"event_name":"Shining Light","floor":2,"gold_loss":0,"cards_upgraded":["Survivor","Neutralize"]},{"damage_healed":0,"gold_gain":0,"player_choice":"Grow","damage_taken":0,"max_hp_gain":0,"max_hp_loss":0,"event_name":"Living Wall","floor":4,"gold_loss":0,"cards_upgraded":["Deadly Poison"]},{"damage_healed":0,"gold_gain":0,"player_choice":"Success","damage_taken":7,"relics_obtained":["Pen Nib"],"max_hp_gain":0,"max_hp_loss":0,"event_name":"Scrap Ooze","floor":12,"gold_loss":0},{"damage_healed":0,"gold_gain":0,"player_choice":"Obtained Book","damage_taken":16,"max_hp_gain":0,"max_hp_loss":0,"event_name":"Cursed Tome","floor":19,"gold_loss":0},{"damage_healed":0,"gold_gain":0,"player_choice":"Smashed Altar","damage_taken":0,"max_hp_gain":0,"max_hp_loss":0,"event_name":"Forgotten Altar","floor":21,"gold_loss":0,"cards_obtained":["Decay"]}],"is_beta":false,"boss_relics":[{"not_picked":["Snecko Eye","Busted Crown"],"picked":"HoveringKite"}],"items_purged_floors":[],"is_endless":false,"potions_floor_spawned":[1,3,8,18],"killed_by":"Centurion and Healer","ascension_level":2}}