{"host":"wmg3fl10arlg3jig","time":1610846841,"event":{"mods":["BaseMod","Better Match","Better Note","BetterRewards","Colored Powertips","MarisaÅiñ∂âJÅ@ñÇóùçπÅj","Mimic Mod","Minty Spire (QoL Compilation)","Permanent Neow","Quick Restart","Shop Mod","StSLib","Td1madao Mod","The Animator","The Jungle"],"gold_per_floor":[112,125,140,140,140,171,191,191,242,242,273,102,120,151,151,247,247,262,172,183,133,171,171,24,24,24,43,43,76,24,24,24,125,125,136,153,173,51,61,61,61,61,61,61,61,61,71,87,87,87,87,87,10,39,39,39],"floor_reached":55,"language":"ENG","playtime":1668,"items_purged":["Defend_R","Jack Of All Trades+1"],"score":730,"play_id":"2d59ff4c-8daf-4f5d-bd58-33e37e84fced","local_time":"20210116192721","is_ascension_mode":false,"campfire_choices":[{"data":"Perfected Strike","floor":8.0,"key":"SMITH"},{"data":"Bash","floor":15.0,"key":"SMITH"},{"floor":23.0,"key":"RECALL"},{"data":"Strike_R","floor":25.0,"key":"SMITH"},{"data":"Strike_R","floor":28.0,"key":"SMITH"},{"data":"Perfected Strike","floor":32.0,"key":"SMITH"},{"floor":40.0,"key":"REST"},{"floor":42.0,"key":"REST"},{"data":"Strike_R","floor":46.0,"key":"SMITH"},{"data":"Perfected Strike","floor":49.0,"key":"SMITH"},{"data":"Strike_R","floor":52.0,"key":"SMITH"}],"circlet_count":0,"master_deck":["Strike_R+1","Strike_R","Strike_R+1","Strike_R+1","Strike_R+1","Defend_R+1","Bash+1","Perfected Strike+1","Dual Wield+1","Battle Trance+1","Perfected Strike+1","Strike_R+1","Perfected Strike+1","Madness+1","Madness+1","Perfected Strike+1"],"relics":["Burning Blood","Toxic Egg 2","Orichalcum","War Paint","Shuriken","Snecko Eye","Membership Card","Blue Candle","Vajra","Philosopher\u0027s Stone","DollysMirror","HornCleat","Brimstone","Pear"],"acts_visited":["Exordium","TheCity","TheBeyond","TheEnding"],"potions_floor_usage":[54],"damage_taken":[{"damage":6.0,"enemies":"Cultist","floor":1.0,"turns":3.0},{"damage":5.0,"enemies":"2 Louse","floor":2.0,"turns":2.0},{"damage":11.0,"enemies":"Small Slimes","floor":3.0,"turns":3.0},{"damage":0.0,"enemies":"Gremlin Nob","floor":6.0,"turns":2.0},{"damage":9.0,"enemies":"Blue Slaver","floor":7.0,"turns":3.0},{"damage":17.0,"enemies":"Lagavulin","floor":11.0,"turns":4.0},{"damage":4.0,"enemies":"Looter","floor":13.0,"turns":2.0},{"damage":16.0,"enemies":"3 Sentries","floor":14.0,"turns":5.0},{"damage":36.0,"enemies":"The Guardian","floor":16.0,"turns":9.0},{"damage":24.0,"enemies":"Spheric Guardian","floor":18.0,"turns":4.0},{"damage":10.0,"enemies":"3 Byrds","floor":20.0,"turns":2.0},{"damage":2.0,"enemies":"Snecko","floor":22.0,"turns":3.0},{"damage":8.0,"enemies":"Cultist and Chosen","floor":27.0,"turns":4.0},{"damage":7.0,"enemies":"Slavers","floor":29.0,"turns":4.0},{"damage":33.0,"enemies":"Collector","floor":33.0,"turns":3.0},{"damage":11.0,"enemies":"3 Darklings","floor":35.0,"turns":3.0},{"damage":16.0,"enemies":"3 Shapes","floor":36.0,"turns":2.0},{"damage":39.0,"enemies":"Writhing Mass","floor":37.0,"turns":4.0},{"damage":9.0,"enemies":"Sphere and 2 Shapes","floor":39.0,"turns":3.0},{"damage":0.0,"enemies":"Transient","floor":47.0,"turns":5.0},{"damage":9.0,"enemies":"4 Shapes","floor":48.0,"turns":3.0},{"damage":31.0,"enemies":"Time Eater","floor":50.0,"turns":4.0},{"damage":22,"enemies":"Shield and Spear","floor":54,"turns":3},{"damage":79,"enemies":"The Heart","floor":55,"turns":3}],"seed_played":"552416456802051888","potions_obtained":[{"floor":0.0,"key":"AttackPotion"},{"floor":0.0,"key":"LiquidMemories"},{"floor":0.0,"key":"EssenceOfSteel"},{"floor":3.0,"key":"SteroidPotion"},{"floor":7.0,"key":"Strength Potion"},{"floor":13.0,"key":"Swift Potion"},{"floor":16.0,"key":"Energy Potion"},{"floor":20.0,"key":"Weak Potion"},{"floor":27.0,"key":"ColorlessPotion"},{"floor":36.0,"key":"SpeedPotion"},{"floor":39.0,"key":"BlessingOfTheForge"},{"floor":48.0,"key":"Energy Potion"}],"is_trial":false,"path_per_floor":["M","M","M","?","?","E","M","R","T","T","E","$","M","E","R","B",null,"M","?","M","?","M","R","$","R","T","M","R","E","$","?","R","B",null,"M","M","M","$","M","R","?","R","T","?","?","R","M","M","R","B",null,"R","$","E","B"],"character_chosen":"IRONCLAD","items_purchased":["Jack Of All Trades+1","Membership Card","Perfected Strike","PowerPotion","DollysMirror","Brimstone"],"campfire_rested":2,"item_purchase_floors":[12,24,30,30,38,53],"current_hp_per_floor":[80,80,75,68,73,79,76,76,76,76,65,65,67,57,57,27,85,67,67,63,63,67,67,67,67,67,65,65,64,64,64,64,37,85,80,70,37,37,34,59,48,73,73,73,73,73,79,76,76,51,85,85,85,79,0,0],"gold":39,"neow_bonus":"THREE_SMALL_POTIONS","is_daily":false,"chose_seed":false,"campfire_upgraded":8,"win_rate":0.0,"timestamp":1610846841,"path_taken":["M","?","M","?","?","E","M","R","T","?","E","$","M","E","R","BOSS","M","?","M","?","M","R","$","R","T","M","R","E","?","?","R","BOSS","M","?","M","$","M","R","?","R","T","?","?","R","?","M","R","BOSS","R","$","E","BOSS"],"items_purchased_type":["Card","Relic","Card","Potion","Relic","Relic"],"build_version":"2020-12-22","purchased_purges":2,"victory":false,"max_hp_per_floor":[80,80,80,80,85,85,85,85,85,85,85,85,85,85,85,85,85,85,85,85,85,85,85,85,85,85,85,85,85,85,85,85,85,85,85,85,85,85,85,85,85,85,85,85,85,85,85,85,85,85,85,85,85,95,95,95],"card_choices":[{"not_picked":["Warcry","Intimidate"],"picked":"Perfected Strike","floor":1.0},{"not_picked":["True Grit","Barricade","Disarm"],"picked":"SKIP","floor":2.0},{"not_picked":["Havoc","True Grit","Wild Strike"],"picked":"SKIP","floor":3.0},{"not_picked":["Reckless Charge","Iron Wave","Clothesline"],"picked":"SKIP","floor":6.0},{"not_picked":["Headbutt","Entrench+1","Twin Strike"],"picked":"SKIP","floor":7.0},{"not_picked":["Cleave","Flex+1"],"picked":"Dual Wield+1","floor":11.0},{"not_picked":["Thunderclap","Combust"],"picked":"Offering+1","floor":13.0},{"not_picked":["Reaper","Pommel Strike","Havoc+1"],"picked":"SKIP","floor":14.0},{"not_picked":["Intimidate+1","Perfected Strike"],"picked":"Battle Trance+1","floor":18.0},{"not_picked":["Clash","Shrug It Off+1","Uppercut"],"picked":"SKIP","floor":20.0},{"not_picked":["Rampage","Clothesline","Sword Boomerang+1"],"picked":"SKIP","floor":22.0},{"not_picked":["Rampage","Clothesline","Sword Boomerang+1"],"picked":"SKIP","floor":22.0},{"not_picked":["Anger","Inflame","Twin Strike"],"picked":"SKIP","floor":27.0},{"not_picked":["Clothesline","Double Tap+1","True Grit+1"],"picked":"SKIP","floor":29.0},{"not_picked":["Cleave","Heavy Blade+1","Flex+1"],"picked":"SKIP","floor":35.0},{"not_picked":["Second Wind+1","True Grit+1","Twin Strike"],"picked":"SKIP","floor":36.0},{"not_picked":["Clash+1","Rampage","Battle Trance+1"],"picked":"SKIP","floor":37.0},{"not_picked":["Havoc+1","Battle Trance+1","Armaments+1"],"picked":"SKIP","floor":39.0},{"not_picked":["Sword Boomerang+1","Havoc+1"],"picked":"Perfected Strike","floor":47.0},{"not_picked":["Demon Form","Havoc+1","Power Through+1"],"picked":"SKIP","floor":48.0},{"not_picked":["Sentinel+1","Iron Wave+1","Pummel"],"picked":"SKIP","floor":54}],"player_experience":256928,"relics_obtained":[{"floor":6.0,"key":"Toxic Egg 2"},{"floor":9.0,"key":"Orichalcum"},{"floor":11.0,"key":"War Paint"},{"floor":14.0,"key":"Shuriken"},{"floor":26.0,"key":"Blue Candle"},{"floor":29.0,"key":"Vajra"},{"floor":43.0,"key":"HornCleat"},{"floor":54,"key":"Pear"}],"event_choices":[{"cards_removed":["Defend_R"],"damage_healed":0.0,"max_hp_gain":0.0,"max_hp_loss":0.0,"gold_gain":0.0,"event_name":"Golden Wing","player_choice":"Card Removal","floor":4.0,"gold_loss":0.0,"damage_taken":7.0},{"damage_healed":0.0,"max_hp_gain":5.0,"max_hp_loss":0.0,"gold_gain":0.0,"event_name":"Big Fish","player_choice":"Donut","floor":5.0,"gold_loss":0.0,"damage_taken":0.0},{"cards_removed":["Defend_R"],"damage_healed":0.0,"max_hp_gain":0.0,"max_hp_loss":0.0,"gold_gain":0.0,"event_name":"Designer","player_choice":"Upgrade and Remove","floor":19.0,"gold_loss":90.0,"damage_taken":0.0,"cards_upgraded":["Strike_R"]},{"damage_healed":0.0,"max_hp_gain":0.0,"max_hp_loss":0.0,"gold_gain":0.0,"event_name":"The Joust","player_choice":"Bet on Owner","floor":21.0,"gold_loss":50.0,"damage_taken":0.0},{"cards_removed":["Defend_R"],"damage_healed":0.0,"max_hp_gain":0.0,"max_hp_loss":0.0,"gold_gain":0.0,"event_name":"betterNote:BetterNote","player_choice":"Take \u0026 Give","floor":31.0,"gold_loss":0.0,"damage_taken":0.0,"cards_obtained":["Strike_R"]},{"damage_healed":0.0,"max_hp_gain":0.0,"max_hp_loss":0.0,"gold_gain":0.0,"event_name":"Winding Halls","player_choice":"Embrace Madness","floor":41.0,"gold_loss":0.0,"damage_taken":11.0,"cards_obtained":["Madness","Madness"]},{"damage_healed":0.0,"max_hp_gain":0.0,"max_hp_loss":0.0,"gold_gain":0.0,"event_name":"SensoryStone","player_choice":"Memory 1","floor":44.0,"gold_loss":0.0,"damage_taken":0.0},{"cards_removed":["Offering"],"damage_healed":0.0,"max_hp_gain":0.0,"max_hp_loss":0.0,"gold_gain":0.0,"event_name":"Falling","player_choice":"Removed Skill","floor":45.0,"gold_loss":0.0,"damage_taken":0.0}],"is_beta":false,"boss_relics":[{"not_picked":["Runic Dome","Busted Crown"],"picked":"Snecko Eye"},{"not_picked":["SacredBark","SlaversCollar"],"picked":"Philosopher\u0027s Stone"}],"items_purged_floors":[12,38],"is_endless":false,"potions_floor_spawned":[3,7,13,16,20,27,36,39,48],"killed_by":"The Heart","ascension_level":0}}