{"host":"792mtbovsoa03nb3","time":1610844250,"event":{"mods":["BaseMod","Conspire","Curses Come First","Dota2Spire","Halation","Hubris","Infinite Spire","Minty Spire (QoL Compilation)","Replay The Spire","StS++","StSLib"],"gold_per_floor":[118,118,118,118,136,166,202,202,202,231,40,51,51,68,68,171,171,181,201,201,216,227,227,227,242,242,242,307,319,319,344,344,344,344],"floor_reached":33,"language":"ENG","playtime":1787,"items_purged":["Strike_R"],"score":279,"play_id":"60882763-716d-4bae-8ba6-163e850a8b50","local_time":"20210116164410","is_ascension_mode":false,"campfire_choices":[{"data":"Seeing Red","floor":8.0,"key":"SMITH"},{"data":"Power Through","floor":15.0,"key":"SMITH"},{"data":"Infernal Blade","floor":23.0,"key":"SMITH"},{"floor":27.0,"key":"REST"},{"floor":32,"key":"REST"}],"circlet_count":0,"master_deck":["Strike_R","Strike_R","Defend_R","Cleave","Clash","Seeing Red+1","Clash","Power Through+1","Sever Soul","Evolve","ReplayTheSpireMod:LeadingStrike+1","Disarm","Immolate","Doubt","Infernal Blade+1","Feel No Pain","Flex+1","hubris:ReadiedAction+1","Dark Embrace","Pot Of Greed","Pot Of Greed","Flame Barrier"],"relics":["Burning Blood","Centennial Puzzle","halation:StarCompass","King of Hearts","ReplayTheSpireMod:Shallot","halation:OrihimeAndHikoboshiSamaAndTears","Kintsugi","Nloth\u0027s Gift","hubris:MobiusCoin","Grinning Jar"],"acts_visited":[],"potions_floor_usage":[33],"damage_taken":[{"damage":5.0,"enemies":"Small Slimes","floor":1.0,"turns":3.0},{"damage":6.0,"enemies":"Jaw Worm","floor":5.0,"turns":3.0},{"damage":13.0,"enemies":"3 Sentries","floor":6.0,"turns":6.0},{"damage":47.0,"enemies":"conspire:MimicChest","floor":7.0,"turns":7.0},{"damage":43.0,"enemies":"Lagavulin","floor":10.0,"turns":7.0},{"damage":0.0,"enemies":"2 Louse","floor":12.0,"turns":2.0},{"damage":2.0,"enemies":"2 Fungi Beasts","floor":14.0,"turns":1.0},{"damage":17.0,"enemies":"The Guardian","floor":16.0,"turns":19.0},{"damage":53.0,"enemies":"3 Byrds","floor":18.0,"turns":5.0},{"damage":17.0,"enemies":"2 Thieves","floor":19.0,"turns":4.0},{"damage":5.0,"enemies":"Chosen and Byrds","floor":21.0,"turns":5.0},{"damage":6.0,"enemies":"Snecko","floor":22.0,"turns":4.0},{"damage":12.0,"enemies":"Shelled Parasite and Fungi","floor":25.0,"turns":5.0},{"damage":35.0,"enemies":"Sentry and Sphere","floor":28.0,"turns":8.0},{"damage":5.0,"enemies":"Snake Plant","floor":29.0,"turns":5.0},{"damage":9.0,"enemies":"Chosen and Byrds","floor":30.0,"turns":7.0},{"damage":34,"enemies":"Nightmare","floor":31,"turns":9},{"damage":33,"enemies":"Pondfish","floor":33,"turns":7}],"seed_played":"3690055791443778740","potions_obtained":[{"floor":7.0,"key":"conspire:TimeTravelPotion"},{"floor":10.0,"key":"Adrenaline Potion"},{"floor":12.0,"key":"FairyPotion"},{"floor":14.0,"key":"Swift Potion"},{"floor":19.0,"key":"Dexterity Potion"},{"floor":21.0,"key":"Block Potion"},{"floor":28.0,"key":"Block Potion"}],"is_trial":false,"path_per_floor":["M","?","?","?","M","E","?","R","T","E","$","M","?","M","R","B",null,"M","M","?","M","M","R","?","M","T","R","M","M","M","NM","R","B"],"character_chosen":"IRONCLAD","items_purchased":["Sever Soul","Evolve"],"campfire_rested":2,"item_purchase_floors":[11,11],"current_hp_per_floor":[80,80,80,80,80,73,32,32,32,12,12,18,18,22,22,11,80,33,22,22,23,23,23,23,17,17,41,12,13,10,7,31,0,0],"gold":344,"neow_bonus":"RANDOM_COMMON_RELIC","is_daily":false,"chose_seed":false,"campfire_upgraded":3,"win_rate":0.0,"timestamp":1610844250,"path_taken":["M","?","?","?","M","E","?","R","T","E","$","M","?","?","R","BOSS","M","M","?","?","M","R","?","M","T","R","?","M","M","NM","R","BOSS"],"items_purchased_type":["Card","Card"],"build_version":"2020-12-22","purchased_purges":1,"victory":false,"max_hp_per_floor":[80,80,80,80,80,80,80,80,80,80,80,80,80,80,80,80,80,80,80,80,80,80,80,80,80,80,80,80,80,80,80,80,80,80],"card_choices":[{"not_picked":["Heavy Blade","Sword Boomerang"],"picked":"Cleave","floor":1.0},{"not_picked":["Headbutt","Run Through"],"picked":"Clash","floor":5.0},{"not_picked":["conspire:Charge","Anger"],"picked":"Seeing Red","floor":6.0},{"not_picked":["Seeing Red","Anger"],"picked":"Clash","floor":7.0},{"not_picked":["Feel No Pain","Pommel Strike"],"picked":"Power Through","floor":10.0},{"not_picked":["Warcry","Hemokinesis"],"picked":"ReplayTheSpireMod:LeadingStrike","floor":12.0},{"not_picked":["Havoc","Anger"],"picked":"Disarm","floor":14.0},{"not_picked":["Limit Break","Exhume"],"picked":"Immolate","floor":16.0},{"not_picked":["Pommel Strike+1","Headbutt"],"picked":"Infernal Blade","floor":18.0},{"not_picked":["Run Through+1","Abandon"],"picked":"Feel No Pain","floor":19.0},{"not_picked":["Twin Strike+1","Heavy Blade+1"],"picked":"hubris:ReadiedAction+1","floor":21.0},{"not_picked":["Havoc","Pommel Strike+1"],"picked":"Dark Embrace","floor":22.0},{"not_picked":["Whirlwind+1","Flex","Pummel"],"picked":"SKIP","floor":25.0},{"not_picked":["Warcry","ReplayTheSpireMod:Corrosion Curse","Heavy Blade"],"picked":"SKIP","floor":28.0},{"not_picked":["Clothesline","Body Slam","ReplayTheSpireMod:Strike From Hell"],"picked":"SKIP","floor":29.0},{"not_picked":["StSpp:TheBiggerTheyAre+1","Perfected Strike","ReplayTheSpireMod:Strike From Hell"],"picked":"SKIP","floor":30},{"not_picked":["Battle Trance","Life Link"],"picked":"Flame Barrier","floor":31}],"player_experience":898472,"relics_obtained":[{"floor":6.0,"key":"King of Hearts"},{"floor":7.0,"key":"Art of War"},{"floor":9.0,"key":"ReplayTheSpireMod:Shallot"},{"floor":10.0,"key":"halation:OrihimeAndHikoboshiSamaAndTears"},{"floor":26.0,"key":"hubris:MobiusCoin"},{"floor":31,"key":"Grinning Jar"}],"event_choices":[{"damage_healed":0.0,"max_hp_gain":0.0,"max_hp_loss":0.0,"gold_gain":0.0,"event_name":"Accursed Blacksmith","player_choice":"Forge","floor":13.0,"gold_loss":0.0,"damage_taken":0.0,"cards_upgraded":["ReplayTheSpireMod:LeadingStrike"]},{"cards_removed":["hubris:Envy"],"damage_healed":0.0,"max_hp_gain":0.0,"max_hp_loss":0.0,"gold_gain":0.0,"event_name":"NoteForYourself","player_choice":"Took Card","floor":20.0,"gold_loss":0.0,"damage_taken":0.0,"cards_obtained":["Flex"]},{"damage_healed":0.0,"max_hp_gain":0.0,"max_hp_loss":0.0,"gold_gain":0.0,"event_name":"N\u0027loth","player_choice":"Traded Relic","floor":24.0,"relics_lost":["Art of War"],"gold_loss":0.0,"damage_taken":0.0,"relics_obtained":["Nloth\u0027s Gift"]}],"is_beta":false,"boss_relics":[{"not_picked":["halation:Yufonium","Philosopher\u0027s Stone"],"picked":"Kintsugi"}],"items_purged_floors":[11],"is_endless":false,"potions_floor_spawned":[7,10,12,14,19,21,28],"killed_by":"Pondfish","ascension_level":0}}