{"host":"a3oe3gstxz77c7qu","time":1610879917,"event":{"mods":["2.2 Compatiblity","Act Like it!","Astrologer","BaseMod","Bestiary","Better Altar","Better Match","Better Note","Better Skull","Better Third Choice","Block Reminder","Curses Come First","Custom Start","Dark Map","Downfall","Fox Events","Friendly Minions","GifTheSpireLib","Hallownest","Hermit","Jorbs\u0027s Wanderer Trilogy","Lobotomy","LobotomyExtend","Marisa????????","Minty Spire (QoL Compilation)","Permanent Neow","Quick Restart","Relic Stats","StSLib","The Bug Knight","The Cursed","The Disciple","The Jungle","Uncapped","Unknown Chances","Wandering Minibosses"],"gold_per_floor":[99,139,218,259,259,259,309,109,166,76,113,113,113,263,304,304,304,304],"floor_reached":16,"language":"ENG","playtime":909,"items_purged":["Regret"],"score":103,"play_id":"18e54a0e-28ee-4eea-872e-54d642ab1c67","local_time":"20210117103837","is_ascension_mode":true,"campfire_choices":[{"data":"HandOfGreed","floor":1.0,"key":"SMITH"},{"floor":6.0,"key":"RECALL"},{"data":"champ:BerserkerStyle","floor":8,"key":"SMITH"},{"floor":12,"key":"REST"}],"circlet_count":1,"master_deck":["champ:Strike","champ:Strike","champ:Strike","champ:Defend","champ:Defend","champ:Defend","champ:Execute","champ:Taunt+1","HandOfGreed+1","champ:BerserkersShout","champ:BerserkerStyle+1","champ:BladeFlurry+1","champ:ArenaPreparation+1","downfall:Malfunctioning","champ:BringItOn"],"relics":["champ:ChampionCrown","LetterFromLob","Circlet","downfall:HeartBlessingBlue","downfall:HeartBlessingRed","Anchor","downfall:GremlinWheel"],"acts_visited":["Exordium"],"potions_floor_usage":[14,14,16],"damage_taken":[{"damage":10.0,"enemies":"Jaw Worm","floor":2.0,"turns":4.0},{"damage":40.0,"enemies":"Colosseum Slavers","floor":3.0,"turns":8.0},{"damage":29.0,"enemies":"Cultist","floor":4.0,"turns":4.0},{"damage":127,"enemies":"HollowMod:MossKnight","floor":9,"turns":12},{"damage":36,"enemies":"downfall:FleeingMerchant","floor":10,"turns":4},{"damage":26,"enemies":"2 Louse","floor":11,"turns":3},{"damage":32,"enemies":"2 Louse","floor":14,"turns":4},{"damage":49,"enemies":"Red Slaver","floor":15,"turns":5},{"damage":76,"enemies":"IC_STATUS_ARCHETYPE","floor":16,"turns":4}],"seed_played":"-8087371906973940422","potions_obtained":[{"floor":2.0,"key":"bronze:BurnAndBuffPotion"},{"floor":3.0,"key":"Energy Potion"},{"floor":15,"key":"SteroidPotion"}],"is_trial":false,"path_per_floor":["R","M","?","M","?","R","T","R","E","$","M","R","?","?","M","B"],"character_chosen":"THE_CHAMP","items_purchased":[],"campfire_rested":1,"item_purchase_floors":[],"current_hp_per_floor":[90,90,70,66,66,66,66,76,34,32,32,62,62,47,41,0,0,0],"gold":304,"neow_bonus":"RANDOM_COLORLESS_2","is_daily":false,"chose_seed":false,"campfire_upgraded":2,"win_rate":0.0,"timestamp":1610879917,"path_taken":["R","M","?","M","?","R","T","R","E","$","?","R","?","?","M","BOSS"],"items_purchased_type":[],"build_version":"2020-12-22","purchased_purges":1,"victory":false,"max_hp_per_floor":[90,90,90,90,90,90,90,100,100,100,100,100,100,100,100,100,100,100],"relic_stats":{"counters":[9,48],"obtain_stats":[{"Anchor":9,"downfall:GremlinWheel":14,"downfall:HeartBlessingRed":8,"downfall:HeartBlessingBlue":8,"Circlet":0,"champ:ChampionCrown":0,"LetterFromLob":2,"foxEvents:LuckyCharm":3},{"Anchor":4,"downfall:GremlinWheel":7,"downfall:HeartBlessingRed":3,"downfall:HeartBlessingBlue":3,"Circlet":0,"champ:ChampionCrown":0,"LetterFromLob":1,"foxEvents:LuckyCharm":2},{"Anchor":28,"downfall:GremlinWheel":39,"downfall:HeartBlessingRed":16,"downfall:HeartBlessingBlue":16,"Circlet":0,"champ:ChampionCrown":0,"LetterFromLob":4,"foxEvents:LuckyCharm":12}]},"card_choices":[{"not_picked":["Mayhem","Transmutation"],"picked":"HandOfGreed","floor":0.0},{"not_picked":["champ:RapidStrikes","champ:GutPunch"],"picked":"champ:BerserkersShout","floor":2.0},{"not_picked":["champ:Parry","champ:GladiatorStyle"],"picked":"champ:BerserkerStyle","floor":4.0},{"not_picked":["champ:RapidStrikes","champ:BringItOn"],"picked":"champ:BladeFlurry","floor":9},{"not_picked":["champ:BerserkersShout","champ:FanOfKnives"],"picked":"champ:ArenaPreparation","floor":10},{"not_picked":["champ:IronFortress","champ:TornadoPunch","champ:Haymaker"],"picked":"SKIP","floor":11},{"not_picked":["champ:SetATrap","champ:PreciseThrust"],"picked":"champ:BringItOn","floor":15}],"player_experience":1039656,"relics_obtained":[{"floor":2.0,"key":"LetterFromLob"},{"floor":3.0,"key":"foxEvents:LuckyCharm"},{"floor":9,"key":"Anchor"},{"floor":14,"key":"downfall:GremlinWheel"}],"event_choices":[],"is_beta":false,"boss_relics":[],"items_purged_floors":[10],"is_endless":false,"potions_floor_spawned":[2,3,15],"killed_by":"IC_STATUS_ARCHETYPE","ascension_level":1}}