{"host":"hzyv8pm5uot6l4n9","time":1610913389,"event":{"mods":["Act Like it!","Aspiration","BaseMod","Better Note","Better Third Choice","BetterRewards","Conspire","Dota2Spire","Energized Spire","GifTheSpireLib","Halation","Hallownest","Marisa????????","Minty Spire (QoL Compilation)","QueenMod","Quick Restart","Replay The Spire","StSLib","Stuff the Spire","The Cursed","The Dragon Tamer","The Servant 0.9.4","vexMod"],"gold_per_floor":[113,113,113,129,141,141,141],"floor_reached":6,"language":"ENG","playtime":188,"items_purged":[],"score":41,"play_id":"ec378cef-a46d-4dd4-b375-2f7051c187c9","local_time":"20210117205629","is_ascension_mode":true,"campfire_choices":[],"circlet_count":0,"master_deck":["TheCursedMod:Strike_TheCursed","TheCursedMod:Strike_TheCursed","TheCursedMod:Strike_TheCursed","TheCursedMod:Strike_TheCursed","TheCursedMod:Defend_TheCursed","TheCursedMod:Defend_TheCursed","TheCursedMod:Defend_TheCursed","TheCursedMod:Defend_TheCursed","TheCursedMod:CursedWand","TheCursedMod:CleanUpWorkshop","TheCursedMod:Dregs","TheCursedMod:CursedAmulet","TheCursedMod:SmokeScreen","TheCursedMod:CursedStaff"],"relics":["TheCursedMod:BlackMagic101","NeowsBlessing"],"acts_visited":["Exordium"],"potions_floor_usage":[],"damage_taken":[{"damage":0,"enemies":"Hallownest:2_MossCreeps","floor":1,"turns":1},{"damage":0,"enemies":"Hallownest:2_Baldur","floor":4,"turns":1},{"damage":0,"enemies":"Hallownest:monsterHuskGuard","floor":5,"turns":1},{"damage":27,"enemies":"Hallownest:eliteMossKnight","floor":6,"turns":8}],"seed_played":"-6280620598750013027","potions_obtained":[],"is_trial":false,"path_per_floor":["M","?","?","M","M","E"],"character_chosen":"THE_CURSED","items_purchased":[],"campfire_rested":0,"item_purchase_floors":[],"current_hp_per_floor":[75,75,65,65,65,38,38],"gold":141,"neow_bonus":"THREE_ENEMY_KILL","is_daily":false,"chose_seed":false,"campfire_upgraded":0,"win_rate":0.0,"timestamp":1610913389,"path_taken":["M","?","?","M","?","E"],"items_purchased_type":[],"build_version":"2020-12-22","purchased_purges":0,"victory":false,"max_hp_per_floor":[75,75,75,75,75,75,75],"card_choices":[{"not_picked":["TheCursedMod:FleshFromBone","TheCursedMod:BlessingInDisguise"],"picked":"TheCursedMod:CursedAmulet","floor":1},{"not_picked":["TheCursedMod:ReleasedKnowledge","TheCursedMod:ShockAndAwe"],"picked":"TheCursedMod:SmokeScreen","floor":4},{"not_picked":["TheCursedMod:CircleOfCorruption","TheCursedMod:BlessingInDisguise"],"picked":"TheCursedMod:CursedStaff","floor":5}],"player_experience":516830,"relics_obtained":[],"event_choices":[{"damage_healed":0,"gold_gain":0,"player_choice":"Leave","damage_taken":0,"max_hp_gain":0,"max_hp_loss":0,"event_name":"conspire:Investor","floor":2,"gold_loss":0}],"is_beta":false,"boss_relics":[],"items_purged_floors":[],"is_endless":false,"potions_floor_spawned":[],"killed_by":"Hallownest:eliteMossKnight","ascension_level":3}}