{"host":"z0tqw7lu1gwakzxm","time":1610852309,"event":{"mods":["BaseMod","DeckTracker","Lobotomy","Minty Spire (QoL Compilation)","StSLib","slay the spire mod where everything is the same but ironclad has a cowboy hat"],"gold_per_floor":[118,133,133,123,113,113,188,59,136,115,70,70,94,81,81,156,156,143,103,103,72,72,72,102,114,171,201,213,176,113,125,137,149,149],"floor_reached":33,"language":"ENG","playtime":1676,"items_purged":[],"score":300,"play_id":"2c54c8fd-aa71-427d-af2e-b75c875b63f8","local_time":"20210116215829","is_ascension_mode":false,"campfire_choices":[{"floor":6,"key":"REST"},{"floor":12,"key":"REST"},{"data":"Dark Shackles","floor":15,"key":"SMITH"},{"data":"Reaper","floor":23,"key":"SMITH"},{"floor":25,"key":"REST"},{"floor":28,"key":"REST"},{"data":"Disarm","floor":32,"key":"SMITH"}],"circlet_count":0,"master_deck":["Strike_R","Strike_R","Strike_R+1","Defend_R","Defend_R","Defend_R","Defend_R","Freischutz","Anger","BeautyBeast","Disarm+1","CENSORED","Thunderclap","MeatLantern","Sword Boomerang+1","Anger","Woodsman","Flex","Funeral","Carnage","Armaments","Thunderclap","VoidDream","Rudolta","Flex+1","BlueStar","Shrug It Off","DespairKnight","Evolve+1","NakedNest","Iron Wave+1","OldLady","Sword Boomerang+1","NothingThere","Cleave"],"relics":["Burning Blood","CogitoBucket","Mummified Hand","Juzu Bracelet","LuminousBracelet","Whetstone","Empty Cage","AdjustmentMirror","Oddly Smooth Stone","MawBank","Nunchaku","Red Mask"],"acts_visited":["Exordium","TheCity"],"potions_floor_usage":[13,14,16,18,21,24,24,24,33],"damage_taken":[{"damage":0,"enemies":"Small Slimes","floor":1,"turns":3},{"damage":5,"enemies":"Cultist","floor":2,"turns":4},{"damage":0,"enemies":"Jaw Worm","floor":4,"turns":3},{"damage":0,"enemies":"2 Fungi Beasts","floor":5,"turns":2},{"damage":18,"enemies":"Gremlin Nob","floor":10,"turns":2},{"damage":70,"enemies":"Exordium Thugs","floor":11,"turns":1},{"damage":4,"enemies":"Lagavulin","floor":13,"turns":5},{"damage":0,"enemies":"Large Slime","floor":14,"turns":1},{"damage":114,"enemies":"Hexaghost","floor":16,"turns":12},{"damage":42,"enemies":"Shell Parasite","floor":18,"turns":5},{"damage":62,"enemies":"2 Thieves","floor":21,"turns":6},{"damage":65,"enemies":"Book of Stabbing","floor":24,"turns":3},{"damage":138,"enemies":"Sentry and Sphere","floor":27,"turns":8},{"damage":5,"enemies":"Masked Bandits","floor":29,"turns":4},{"damage":16,"enemies":"Shelled Parasite and Fungi","floor":30,"turns":1},{"damage":439,"enemies":"Collector","floor":33,"turns":24}],"seed_played":"5172072531497597413","potions_obtained":[{"floor":2,"key":"Explosive Potion"},{"floor":11,"key":"SteroidPotion"},{"floor":13,"key":"DuplicationPotion"},{"floor":14,"key":"Fruit Juice"},{"floor":19,"key":"Regen Potion"},{"floor":19,"key":"BlessingOfTheForge"},{"floor":19,"key":"Energy Potion"},{"floor":21,"key":"FearPotion"},{"floor":30,"key":"Explosive Potion"}],"is_trial":false,"path_per_floor":["M","M","?","M","M","R","?","$","T","E","M","R","E","M","R","B",null,"M","?","$","M","?","R","E","R","T","M","R","?","M","$","R","B"],"character_chosen":"IRONCLAD","items_purchased":["Anger","Dark Shackles"],"campfire_rested":4,"item_purchase_floors":[8,8],"current_hp_per_floor":[80,80,72,78,80,80,69,69,69,64,53,81,87,100,100,79,100,100,100,100,100,100,100,72,100,100,72,100,100,100,100,100,0,0],"gold":149,"neow_bonus":"","is_daily":false,"chose_seed":false,"campfire_upgraded":3,"win_rate":0.0,"timestamp":1610852309,"path_taken":["M","M","?","M","?","R","?","$","T","E","M","R","E","M","R","BOSS","M","?","?","M","?","R","E","R","T","M","R","?","M","$","R","BOSS"],"items_purchased_type":["Card","Card"],"build_version":"2020-12-22","purchased_purges":0,"victory":false,"max_hp_per_floor":[80,80,80,80,80,80,80,80,80,80,95,95,95,100,100,100,100,100,100,100,100,100,100,100,100,100,100,100,100,100,100,100,90,90],"card_choices":[{"not_picked":["BlackSwan","Alriune"],"picked":"Freischutz","floor":1},{"not_picked":["Sword Boomerang","Body Slam"],"picked":"Anger","floor":1},{"not_picked":["SpiderBud","CrumblingArmor"],"picked":"BeautyBeast","floor":2},{"not_picked":["Twin Strike","Dropkick"],"picked":"Disarm","floor":2},{"not_picked":["LaLuna","GalaxyChild"],"picked":"CENSORED","floor":4},{"not_picked":["Intimidate","Heavy Blade"],"picked":"Thunderclap","floor":4},{"not_picked":["LongBird","Murderer"],"picked":"MeatLantern","floor":5},{"not_picked":["Heavy Blade","Second Wind"],"picked":"Sword Boomerang","floor":5},{"not_picked":["CherryBlossoms","UniverseFragment"],"picked":"Woodsman","floor":10},{"not_picked":["Perfected Strike","Clothesline"],"picked":"Flex","floor":10},{"not_picked":["CherryBlossoms","QueenBee"],"picked":"Funeral","floor":11},{"not_picked":["Havoc","Pommel Strike"],"picked":"Carnage","floor":11},{"not_picked":["SpiderBud","BodiesMountain","PunishingBird"],"picked":"Singing Bowl","floor":13},{"not_picked":["VoidDream","UniverseFragment"],"picked":"Scorched","floor":13},{"not_picked":["Thunderclap","Havoc"],"picked":"Armaments","floor":13},{"not_picked":["Carnage","Blood for Blood"],"picked":"Thunderclap","floor":14},{"not_picked":["CherryBlossoms","SpiderBud","WallGazer"],"picked":"Singing Bowl","floor":16},{"not_picked":["PunishingBird","FairyFestival"],"picked":"VoidDream","floor":16},{"not_picked":["Brutality","Exhume"],"picked":"Reaper","floor":16},{"not_picked":["MHz","OSAHOGD","Variant"],"picked":"Singing Bowl","floor":18},{"not_picked":["SpiderBud","PunishingBird"],"picked":"Rudolta","floor":18},{"not_picked":["Sever Soul","Reckless Charge"],"picked":"Flex+1","floor":18},{"not_picked":["LittlePrince","Variant"],"picked":"BlueStar","floor":21},{"not_picked":["Iron Wave","Blood for Blood"],"picked":"Shrug It Off","floor":21},{"not_picked":["FieryBird","SpiderBud"],"picked":"DespairKnight","floor":24},{"not_picked":["Reckless Charge","Impervious"],"picked":"Evolve+1","floor":24},{"not_picked":["OSAHOGD","ShyLook"],"picked":"NakedNest","floor":27},{"not_picked":["Body Slam","Rupture"],"picked":"Iron Wave+1","floor":27},{"not_picked":["Yin","OSAHOGD"],"picked":"OldLady","floor":29},{"not_picked":["Armaments+1","Clash"],"picked":"Sword Boomerang+1","floor":29},{"not_picked":["Porccubus","SnowQueen"],"picked":"NothingThere","floor":30},{"not_picked":["Armaments","Sword Boomerang"],"picked":"Cleave","floor":30}],"player_experience":332681,"relics_obtained":[{"floor":9,"key":"Mummified Hand"},{"floor":10,"key":"Juzu Bracelet"},{"floor":13,"key":"Whetstone"},{"floor":24,"key":"MawBank"},{"floor":26,"key":"Nunchaku"},{"floor":29,"key":"Red Mask"}],"event_choices":[{"damage_healed":0,"gold_gain":0,"player_choice":"Damaged","damage_taken":8,"max_hp_gain":0,"max_hp_loss":0,"event_name":"Wheel of Change","floor":3,"gold_loss":0},{"damage_healed":0,"gold_gain":75,"player_choice":"Gather Gold","damage_taken":11,"max_hp_gain":0,"max_hp_loss":0,"event_name":"World of Goop","floor":7,"gold_loss":0},{"damage_healed":0,"gold_gain":0,"player_choice":"Bought 3 Potions","damage_taken":0,"max_hp_gain":0,"max_hp_loss":0,"event_name":"The Woman in Blue","floor":19,"gold_loss":0},{"damage_healed":0,"gold_gain":0,"player_choice":"Opened","damage_taken":0,"relics_obtained":["Oddly Smooth Stone"],"max_hp_gain":0,"max_hp_loss":0,"event_name":"The Mausoleum","floor":22,"gold_loss":0},{"damage_healed":0,"gold_gain":0,"player_choice":"Fought Bandits","damage_taken":0,"max_hp_gain":0,"max_hp_loss":0,"event_name":"Masked Bandits","floor":29,"gold_loss":0}],"is_beta":false,"boss_relics":[{"not_picked":["Philosopher\u0027s Stone","Runic Dome"],"picked":"Empty Cage"}],"items_purged_floors":[],"is_endless":false,"potions_floor_spawned":[2,11,13,14,21,30],"killed_by":"Collector","ascension_level":0}}