{"host":"d85gwtocd8go8gx0","time":1610861687,"event":{"mods":["BaseMod","Highlight Path","Minty Spire (QoL Compilation)","Permanent Neow","Quick Restart","UnlockEverythingMod"],"gold_per_floor":[117,192,192,34,48,48,74,93,117,117,134,134,164,177,177,254,254,274,274,48,48,58,58,58],"floor_reached":23,"language":"ENG","playtime":1332,"items_purged":["Writhe"],"score":398,"play_id":"7cbd5d1e-eaeb-417d-b676-e1ed76dbd236","local_time":"20210116213447","is_ascension_mode":true,"campfire_choices":[{"floor":6.0,"key":"REST"},{"floor":10.0,"key":"REST"},{"floor":12.0,"key":"REST"},{"floor":15,"key":"REST"}],"circlet_count":0,"master_deck":["AscendersBane","Strike_P","Strike_P","Strike_P","Strike_P","Defend_P","Defend_P","Defend_P","Defend_P","Eruption+1","Vigilance","Weave","ThirdEye","FollowUp","Crescendo","Perseverance","Conclude","Protect","SpiritShield","JustLucky","Evaluate","DevaForm","JustLucky","LessonLearned","Shame","FollowUp+1"],"relics":["PureWater","ClockworkSouvenir","Dream Catcher","Toy Ornithopter","Vajra","Cursed Key","Yang","Mummified Hand"],"acts_visited":["Exordium","TheCity"],"potions_floor_usage":[22,23],"damage_taken":[{"damage":11.0,"enemies":"2 Louse","floor":1.0,"turns":2.0},{"damage":2.0,"enemies":"Jaw Worm","floor":5.0,"turns":4.0},{"damage":47.0,"enemies":"Lagavulin","floor":7.0,"turns":11.0},{"damage":0.0,"enemies":"Cultist","floor":8.0,"turns":2.0},{"damage":7.0,"enemies":"Looter","floor":11.0,"turns":4.0},{"damage":21.0,"enemies":"3 Sentries","floor":13.0,"turns":8.0},{"damage":11,"enemies":"Exordium Thugs","floor":14,"turns":4},{"damage":9,"enemies":"Hexaghost","floor":16,"turns":9},{"damage":3,"enemies":"Spheric Guardian","floor":18,"turns":6},{"damage":53,"enemies":"Shell Parasite","floor":22,"turns":7},{"damage":21,"enemies":"Gremlin Leader","floor":23,"turns":5}],"seed_played":"5169487857703892287","potions_obtained":[{"floor":1.0,"key":"Dexterity Potion"},{"floor":7.0,"key":"GamblersBrew"},{"floor":16,"key":"Fire Potion"}],"is_trial":false,"path_per_floor":["M","?","?","$","M","R","E","M","T","R","M","R","E","M","R","B",null,"M","?","$","?","M","E"],"character_chosen":"WATCHER","items_purchased":["ClockworkSouvenir","LessonLearned"],"campfire_rested":4,"item_purchase_floors":[4,20],"current_hp_per_floor":[50,39,39,39,37,57,10,10,10,30,23,43,22,11,31,22,57,54,54,54,54,6,0,0],"gold":58,"neow_bonus":"UPGRADE_CARD","is_daily":false,"chose_seed":false,"campfire_upgraded":0,"win_rate":0.0,"timestamp":1610861687,"path_taken":["M","?","?","?","M","R","E","M","T","R","?","R","E","M","R","BOSS","M","?","$","?","?","E"],"items_purchased_type":["Relic","Card"],"build_version":"2020-12-22","purchased_purges":1,"victory":false,"max_hp_per_floor":[68,68,68,68,68,68,68,68,68,68,68,68,68,68,68,68,68,68,68,68,68,68,68,68],"card_choices":[{"not_picked":["FlyingSleeves","Protect"],"picked":"Weave","floor":1.0},{"not_picked":["BowlingBash","MentalFortress"],"picked":"ThirdEye","floor":5.0},{"not_picked":["EmptyFist","Prostrate"],"picked":"FollowUp","floor":7.0},{"not_picked":["DeceiveReality","Halt"],"picked":"Crescendo","floor":8.0},{"not_picked":["InnerPeace","Prostrate"],"picked":"Perseverance","floor":10.0},{"not_picked":["TalkToTheHand","Worship"],"picked":"Conclude","floor":11.0},{"not_picked":["Evaluate","TalkToTheHand"],"picked":"Protect","floor":12.0},{"not_picked":["BowlingBash","Study"],"picked":"SpiritShield","floor":13.0},{"not_picked":["EmptyFist","Prostrate"],"picked":"JustLucky","floor":14},{"not_picked":["Adaptation","PathToVictory"],"picked":"Evaluate","floor":15},{"not_picked":["Omniscience","Scrawl"],"picked":"DevaForm","floor":16},{"not_picked":["CarveReality","WreathOfFlame"],"picked":"JustLucky","floor":18},{"not_picked":["BowlingBash","WaveOfTheHand+1"],"picked":"FollowUp+1","floor":22}],"player_experience":18597,"relics_obtained":[{"floor":7.0,"key":"Dream Catcher"},{"floor":9.0,"key":"Toy Ornithopter"},{"floor":13.0,"key":"Vajra"}],"event_choices":[{"damage_healed":0.0,"max_hp_gain":0.0,"max_hp_loss":0.0,"gold_gain":75.0,"event_name":"World of Goop","player_choice":"Gather Gold","floor":2.0,"gold_loss":0.0,"damage_taken":11.0},{"damage_healed":0.0,"max_hp_gain":0.0,"max_hp_loss":0.0,"gold_gain":0.0,"event_name":"Golden Wing","player_choice":"Ignored","floor":3.0,"gold_loss":0.0,"damage_taken":0.0},{"damage_healed":0,"gold_gain":0,"player_choice":"Opened","damage_taken":0,"relics_obtained":["Yang"],"max_hp_gain":0,"max_hp_loss":0,"event_name":"The Mausoleum","floor":19,"gold_loss":0,"cards_obtained":["Writhe"]},{"damage_healed":0,"gold_gain":0,"player_choice":"Stole Relic","damage_taken":0,"relics_obtained":["Mummified Hand"],"max_hp_gain":0,"max_hp_loss":0,"event_name":"Addict","floor":21,"gold_loss":0,"cards_obtained":["Shame"]}],"is_beta":false,"boss_relics":[{"not_picked":["Runic Pyramid","Black Star"],"picked":"Cursed Key"}],"items_purged_floors":[20],"is_endless":false,"potions_floor_spawned":[1,7,16,18],"killed_by":"Gremlin Leader","ascension_level":20}}