{"host":"u94b8se4p65mmtuf","time":1610918877,"event":{"mods":["BaseMod","Hubris","Infinite Spire","Jorbs\u0027s Wanderer Trilogy","Minty Spire (QoL Compilation)","Replay The Spire","StSLib","SuperFastMode","The Animator","The Jungle"],"gold_per_floor":[118,118,118,129,145,145,70,87,110,110,123,73,98,113,113,211,211,221,221,238,337,356,383,383,716,716,746,761,778,778,778,778,778,778],"floor_reached":33,"language":"ENG","playtime":1139,"items_purged":["Strike_R","Strike_R"],"score":322,"play_id":"d98933ec-cea2-4b2f-935a-5177af0ae8db","local_time":"20210117162757","is_ascension_mode":true,"campfire_choices":[{"data":"True Grit","floor":6,"key":"SMITH"},{"data":"Shockwave","floor":10,"key":"SMITH"},{"data":"ReplayTheSpireMod:Strike From Hell","floor":15,"key":"SMITH"},{"floor":24,"key":"REST"},{"data":"Disarm","floor":30,"key":"SMITH"},{"data":"Spot Weakness","floor":32,"key":"SMITH"}],"circlet_count":0,"master_deck":["Strike_R","Strike_R","Strike_R","Defend_R","Defend_R","Defend_R+1","Bash+1","Shockwave+1","Spot Weakness+1","True Grit+1","Flame Barrier","Dropkick","ReplayTheSpireMod:Strike From Hell+1","Immolate","Disarm+1","hubris:CleavingFinish+1","Spot Weakness"],"relics":["Burning Blood","infinitespire:Satchel","hubris:TenFootPole","Electric Blood","infinitespire:CheckeredPen","Regal Pillow","Old Coin","infinitespire:EmpoweringShard","Blue Candle","MutagenicStrength"],"acts_visited":["Exordium","TheCity"],"potions_floor_usage":[14,33],"damage_taken":[{"damage":1,"enemies":"Cultist","floor":1,"turns":4},{"damage":6,"enemies":"Small Slimes","floor":4,"turns":4},{"damage":8,"enemies":"Jaw Worm","floor":5,"turns":3},{"damage":4,"enemies":"3 Louse","floor":8,"turns":4},{"damage":7,"enemies":"Blue Slaver","floor":11,"turns":5},{"damage":23,"enemies":"3 Sentries","floor":13,"turns":8},{"damage":21,"enemies":"Gremlin Gang","floor":14,"turns":5},{"damage":18,"enemies":"The Guardian","floor":16,"turns":8},{"damage":15,"enemies":"3 Byrds","floor":18,"turns":3},{"damage":4,"enemies":"Chosen","floor":20,"turns":3},{"damage":19,"enemies":"Centurion and Healer","floor":22,"turns":3},{"damage":29,"enemies":"Gremlin Leader","floor":23,"turns":6},{"damage":21,"enemies":"Slavers","floor":25,"turns":3},{"damage":11,"enemies":"Book of Stabbing","floor":27,"turns":4},{"damage":15,"enemies":"Shelled Parasite and Fungi","floor":28,"turns":3},{"damage":11,"enemies":"Snecko","floor":29,"turns":4},{"damage":43,"enemies":"Pondfish","floor":33,"turns":8}],"seed_played":"-1275832426623748507","potions_obtained":[{"floor":1,"key":"SteroidPotion"},{"floor":5,"key":"Weak Potion"},{"floor":8,"key":"EssenceOfSteel"},{"floor":20,"key":"Reflective Coating"},{"floor":29,"key":"SteroidPotion"}],"is_trial":false,"path_per_floor":["M","?","?","M","M","R","$","M","T","R","M","?","E","M","R","B",null,"M","AVR","M","?","M","E","R","E","T","E","M","M","R","?","R","B"],"character_chosen":"IRONCLAD","items_purchased":[],"campfire_rested":1,"item_purchase_floors":[],"current_hp_per_floor":[80,80,80,80,78,78,78,80,80,80,79,79,62,47,47,35,80,71,71,73,73,60,37,76,61,61,56,47,42,42,42,42,0,0],"gold":778,"neow_bonus":"RANDOM_EVENT","is_daily":false,"chose_seed":false,"campfire_upgraded":5,"win_rate":0.0,"timestamp":1610918877,"path_taken":["M","?","?","M","M","R","$","M","T","R","M","?","E","M","R","BOSS","M","AVR","M","?","M","E","R","E","T","E","M","M","R","?","R","BOSS"],"items_purchased_type":[],"build_version":"2020-12-22","purchased_purges":2,"victory":false,"max_hp_per_floor":[80,80,80,80,80,80,80,80,80,80,80,80,80,80,80,80,80,80,80,80,80,80,80,80,80,80,80,80,80,80,80,80,80,80],"card_choices":[{"not_picked":["Anger","Shrug It Off"],"picked":"Shockwave","floor":1},{"not_picked":["Bloodletting","Heavy Blade"],"picked":"Spot Weakness","floor":4},{"not_picked":["Dark Embrace","Clash"],"picked":"True Grit","floor":5},{"not_picked":["Evolve","Perfected Strike"],"picked":"Flame Barrier","floor":8},{"not_picked":["Headbutt","Rupture","hubris:SharpeningStone"],"picked":"SKIP","floor":11},{"not_picked":["Pommel Strike","Clash"],"picked":"Dropkick","floor":13},{"not_picked":["Havoc","True Grit"],"picked":"ReplayTheSpireMod:Strike From Hell","floor":14},{"not_picked":["Eclipse","Fiend Fire"],"picked":"Immolate","floor":16},{"not_picked":["Perfected Strike","Ghostly Armor","Warcry"],"picked":"SKIP","floor":18},{"not_picked":["Clash","Headbutt"],"picked":"Disarm","floor":20},{"not_picked":["Perfected Strike","Bloodletting+1","Iron Wave"],"picked":"SKIP","floor":22},{"not_picked":["Berserk","Clash","Warcry"],"picked":"SKIP","floor":23},{"not_picked":["Wild Strike","Warcry"],"picked":"hubris:CleavingFinish+1","floor":25},{"not_picked":["Clothesline","Heavy Blade","Shockwave"],"picked":"SKIP","floor":27},{"not_picked":["Berserk","Havoc"],"picked":"Spot Weakness","floor":28},{"not_picked":["Hemokinesis","ReplayTheSpireMod:Stacked","Searing Blow"],"picked":"SKIP","floor":29}],"player_experience":113902,"relics_obtained":[{"floor":9,"key":"infinitespire:Satchel"},{"floor":13,"key":"hubris:TenFootPole"},{"floor":23,"key":"Regal Pillow"},{"floor":25,"key":"Old Coin"},{"floor":26,"key":"infinitespire:EmpoweringShard"},{"floor":27,"key":"Blue Candle"}],"event_choices":[{"damage_healed":0,"gold_gain":0,"player_choice":"Grow","damage_taken":0,"max_hp_gain":0,"max_hp_loss":0,"event_name":"Living Wall","floor":2,"gold_loss":0,"cards_upgraded":["Bash"]},{"damage_healed":0,"gold_gain":0,"player_choice":"Ignored","damage_taken":0,"max_hp_gain":0,"max_hp_loss":0,"event_name":"Liars Game","floor":3,"gold_loss":0},{"cards_removed":["Defend_R"],"damage_healed":0,"gold_gain":0,"player_choice":"Card Removal","damage_taken":0,"max_hp_gain":0,"max_hp_loss":0,"event_name":"The Cleric","floor":12,"gold_loss":50},{"damage_healed":0,"gold_gain":99,"player_choice":"Stole From Cult","damage_taken":0,"max_hp_gain":0,"max_hp_loss":0,"event_name":"Nest","floor":21,"gold_loss":0},{"damage_healed":0,"gold_gain":0,"player_choice":"Inject Mutagens","damage_taken":0,"relics_obtained":["MutagenicStrength"],"max_hp_gain":0,"max_hp_loss":0,"event_name":"Drug Dealer","floor":31,"gold_loss":0}],"is_beta":false,"boss_relics":[{"not_picked":["Sozu","hubris:HollowSoul"],"picked":"Electric Blood"}],"items_purged_floors":[7,19],"is_endless":false,"potions_floor_spawned":[1,5,8,20,23,25,29],"killed_by":"Pondfish","ascension_level":1}}