{"host":"8v536rckjlpi3bq3","time":1610865246,"event":{"mods":["100% Spire Juice","ATMod(阿瑾Mod)","Act Like it!","Aspiration","BaseMod","Colored Powertips","Conspire","Dota2Spire","Energized Spire","Gensokyo","Hallownest","HololiveMod","Jedi Mod","Koishi","KomeijiMod","Lobotomy","LobotomyExtend","Luminous","Marisa（F雨　魔理沙）","Minty Spire (QoL Compilation)","MostiFishMod","Relic Stats","Replay The Spire","Spicy Shops","StSLib","TestMod","The Blackbeard","The Bladedancer","The Hierophant","The Jungle","WarShipGirlsR/战舰少女R mod","Youmu（魂魄妖梦）","[GremlinLeader]The Maniac","vexMod","【功能Mod】混沌之环修复补丁","【功能Mod】聪明的最终Boss","【角色mod】十八桐人","【遗物卡牌】REMEMod","篝火指南"],"gold_per_floor":[118,72,22,39,63,115,27,41,94,22,74,74,88,138,138,138,138],"floor_reached":16,"language":"ZHS","playtime":1379,"items_purged":[],"score":120,"play_id":"b7754248-a0c0-420c-b088-d514e9b21d4c","local_time":"20210117143406","is_ascension_mode":false,"campfire_choices":[{"floor":12.0,"key":"REST"},{"floor":15,"key":"REST"}],"circlet_count":0,"master_deck":["Moonworks:Strike","Moonworks:Strike","Moonworks:Strike","Moonworks:Strike","Moonworks:Defend","Moonworks:Defend","Moonworks:Defend","Moonworks:Defend","Moonworks:Ambush","Moonworks:LongDistanceShot","REME_BodyOfCthun+1","AT_OneInchPunch","Wellcheers","Moonworks:CookingTime","Moonworks:JonathanRush","conspire:SpireCoStock","ShyLook","Moonworks:LulusLuckyEgg","OSAHOGD","Moonworks:EvilSpyWorkPreparation","OldLady","Moonworks:Bloodlust","CrumblingArmor","Moonworks:Dinner","Moonworks:RagingMadness","QueenBee","Moonworks:LulusLuckyEgg+1","FairyFestival","Moonworks:AngelHand+1","UniverseFragment","Moonworks:TacticalRetreat+1"],"relics":["Moonworks:BrokenBomb","Moonworks:Homemark","DaveBox","REME_ComplimentaryCards","testmod-TestBox","AT_ATBox","BrkXgEgg","testmod-Hope","CogitoBucket","SynthV:TestCard","LetterFromLob","AT_Manta","Toxic Egg 2","vexMod:FocusSash","BehaviorAdjustment","Anchor","AT_TimeSand"],"acts_visited":["Gensokyo:Gensokyo"],"potions_floor_usage":[14,16],"damage_taken":[{"damage":0.0,"enemies":"Gensokyo:2_Kodama","floor":1.0,"turns":3.0},{"damage":7.0,"enemies":"Gensokyo:3_Fairies","floor":4.0,"turns":6.0},{"damage":18.0,"enemies":"Gensokyo:Python","floor":5.0,"turns":5.0},{"damage":12.0,"enemies":"Gensokyo:Aya","floor":6.0,"turns":5.0},{"damage":5.0,"enemies":"Gensokyo:Kitsune","floor":8.0,"turns":2.0},{"damage":13.0,"enemies":"Gensokyo:Cirno","floor":11.0,"turns":5.0},{"damage":36.0,"enemies":"Gensokyo:LivingMonolith","floor":13.0,"turns":4.0},{"damage":26,"enemies":"Gensokyo:Aya","floor":14,"turns":5},{"damage":56,"enemies":"Gensokyo:Kokoro","floor":16,"turns":6}],"seed_played":"7066828036726875762","potions_obtained":[{"floor":4.0,"key":"LiquidMemories"},{"floor":5.0,"key":"jedi:holywater"},{"floor":11.0,"key":"testmod-TestPotion"},{"floor":14,"key":"SkillPotion"}],"is_trial":false,"path_per_floor":["M","$","?","M","M","E","COS","M","T","$","E","R","M","E","R","B"],"character_chosen":"THE_STARBREAKER","items_purchased":["Moonworks:JonathanRush","Moonworks:RagingMadness"],"campfire_rested":2,"item_purchase_floors":[2,10],"current_hp_per_floor":[60,60,60,59,47,38,38,38,38,38,37,55,25,16,34,0,0],"gold":138,"neow_bonus":"","is_daily":false,"chose_seed":false,"campfire_upgraded":0,"win_rate":0.0,"timestamp":1610865246,"path_taken":["M","?","?","?","M","E","COS","?","T","?","E","R","M","E","R","BOSS"],"items_purchased_type":["Card","Card"],"build_version":"2020-12-22","purchased_purges":0,"victory":false,"max_hp_per_floor":[60,60,60,60,60,60,60,60,60,60,60,60,60,60,60,60,60],"relic_stats":{"counters":[10,42],"obtain_stats":[{"testmod-TestBox":0,"AT_ATBox":0,"DaveBox":0,"AT_Manta":6,"BrkXgEgg":0,"AT_TimeSand":16,"vexMod:FocusSash":13,"CogitoBucket":0,"Anchor":14,"SynthV:TestCard":1,"Moonworks:Homemark":0,"testmod-Hope":0,"BehaviorAdjustment":13,"LetterFromLob":1,"Toxic Egg 2":11,"Moonworks:BrokenBomb":0,"REME_ComplimentaryCards":0},{"testmod-TestBox":0,"AT_ATBox":0,"DaveBox":0,"AT_Manta":4,"BrkXgEgg":0,"AT_TimeSand":10,"vexMod:FocusSash":8,"CogitoBucket":0,"Anchor":9,"SynthV:TestCard":1,"Moonworks:Homemark":0,"testmod-Hope":0,"BehaviorAdjustment":8,"LetterFromLob":1,"Toxic Egg 2":6,"Moonworks:BrokenBomb":0,"REME_ComplimentaryCards":0},{"testmod-TestBox":0,"AT_ATBox":0,"DaveBox":0,"AT_Manta":19,"BrkXgEgg":0,"AT_TimeSand":37,"vexMod:FocusSash":28,"CogitoBucket":0,"Anchor":36,"SynthV:TestCard":3,"Moonworks:Homemark":0,"testmod-Hope":0,"BehaviorAdjustment":31,"LetterFromLob":3,"Toxic Egg 2":26,"Moonworks:BrokenBomb":0,"REME_ComplimentaryCards":0}]},"card_choices":[{"not_picked":["SpiderBud","Bloodbath"],"picked":"Wellcheers","floor":1.0},{"not_picked":["Moonworks:BigBangBell","Moonworks:TreasureThief"],"picked":"Moonworks:CookingTime","floor":1.0},{"not_picked":["Scorched","MHz"],"picked":"ShyLook","floor":4.0},{"not_picked":["Moonworks:NicePresent","Moonworks:Assault","Moonworks:DevilHand","Moonworks:IndiscriminateFireSupport"],"picked":"Moonworks:LulusLuckyEgg","floor":4.0},{"not_picked":["OldLady","BlackSwan"],"picked":"OSAHOGD","floor":5.0},{"not_picked":["Moonworks:JonathanRush","Moonworks:MeltingMemories+1","Moonworks:Assault","Moonworks:ScrambledEve"],"picked":"Moonworks:EvilSpyWorkPreparation","floor":5.0},{"not_picked":["MHz","LittleHelper"],"picked":"OldLady","floor":6.0},{"not_picked":["Moonworks:JonathanRush","Moonworks:CastOff","Moonworks:AngelHand","Moonworks:ImmovableObject"],"picked":"Moonworks:Bloodlust","floor":6.0},{"not_picked":["WallGazer","Bloodbath"],"picked":"CrumblingArmor","floor":8.0},{"not_picked":["Moonworks:Assault","Moonworks:Poppoformation","Moonworks:LulusLuckyEgg","Moonworks:BigMagnum"],"picked":"Moonworks:Dinner","floor":8.0},{"not_picked":["Scarecrow","CherryBlossoms"],"picked":"QueenBee","floor":11.0},{"not_picked":["Moonworks:HolyNight+1","Moonworks:FinalBattle+1","Moonworks:NicePresent+1","Moonworks:IndiscriminateFireSupport"],"picked":"Moonworks:LulusLuckyEgg+1","floor":11.0},{"not_picked":["Scarecrow","Woodsman"],"picked":"FairyFestival","floor":13.0},{"not_picked":["Moonworks:Assault","Moonworks:NicePresent+1","Moonworks:UnluckyCharm+1","Moonworks:Accelerator+1"],"picked":"Moonworks:AngelHand+1","floor":13.0},{"not_picked":["SpiderBud","GreedKing"],"picked":"UniverseFragment","floor":14},{"not_picked":["Moonworks:NicePresent+1","Moonworks:ImOnFire+1","Moonworks:LulusLuckyEgg+1","Moonworks:MeltingMemories+1"],"picked":"Moonworks:TacticalRetreat+1","floor":14}],"player_experience":259683,"relics_obtained":[{"floor":1.0,"key":"SynthV:TestCard"},{"floor":1.0,"key":"LetterFromLob"},{"floor":6.0,"key":"AT_Manta"},{"floor":11.0,"key":"Toxic Egg 2"},{"floor":14,"key":"Anchor"}],"event_choices":[{"damage_healed":0.0,"max_hp_gain":0.0,"max_hp_loss":0.0,"gold_gain":0.0,"event_name":"conspire:Investor","player_choice":"Invest 1","floor":3.0,"gold_loss":0.0,"damage_taken":0.0}],"is_beta":false,"boss_relics":[],"items_purged_floors":[],"is_endless":false,"potions_floor_spawned":[4,5,11,14],"killed_by":"Gensokyo:Kokoro","ascension_level":0}}