{"host":"660cfmsallpwcpow","time":1610909388,"event":{"mods":["Arknights The Spire","Ascension Reborn","Aspiration","BaseMod","BetterRewards","Colored Map","Colored Powertips","Conspire","Hubris","Infinite Spire","Minty Spire (QoL Compilation)","Replay The Spire","StSLib","The Marked","The Valiant","The Wild Card"],"gold_per_floor":[61,61,76,51,51,51,51,79,105,139,153,153,180,130,130,225,225,238,238,238,238,255,283,283,283,283,315,76,95,95,112,112,213,213,225,225,242,242,242,261,276,326,351,367,367,367,378,410,410,410,410],"floor_reached":50,"language":"ENG","playtime":3158,"items_purged":["Shame"],"score":576,"play_id":"144a3653-94ca-497e-a7ec-461b71d39040","local_time":"20210117124948","is_ascension_mode":true,"campfire_choices":[{"data":"InsightfulPrayer","floor":6.0,"key":"SMITH"},{"data":"Decimate","floor":12.0,"key":"SMITH"},{"data":"Uprising","floor":15.0,"key":"SMITH"},{"floor":24.0,"key":"REST"},{"data":"DangerousSmash","floor":30.0,"key":"SMITH"},{"data":"Meaballize","floor":32.0,"key":"SMITH"},{"data":"Overburn","floor":46,"key":"SMITH"},{"data":"infinitespire:Execution","floor":49,"key":"SMITH"}],"circlet_count":0,"master_deck":["Strike_Valiant","Strike_Valiant","Strike_Valiant","Strike_Valiant","Defend_Valiant","Defend_Valiant","Defend_Valiant","Defend_Valiant","BlindingLight","MinorHealing","MinorHealing","Decimate+1","InsightfulPrayer+8","Meaballize+1","DivineFavor","Uprising+1","DangerousSmash+1","SoulStrain","infinitespire:FutureSight","SeekAnswers","Meaballize+1","DivineFavor+1","Overburn+1","Chainer+1","DivineFavor+1","Madness","Madness","SoulStrain","Zen","infinitespire:Execution+1","CurseOfTheBell","CurseOfTheBell"],"relics":["Cross Pendant","NeowsBlessing","WarpedTongs","aspiration:HiddenCompartment","Dream Catcher","Snack Pack","Orb Of Light","infinitespire:Cupcake","aspiration:HummingbirdHeart","SlaversCollar","Ice Cream","Quantum Egg","Replay:Mystery Machine","Eternal Feather","Replay:PocketPolymizer","Bag of Preparation","Calling Bell","Juzu Bracelet","hubris:AstralHammer","aspiration:SeaSaltIceCream","Calling Bell","Shuriken"],"acts_visited":["Exordium","TheCity","TheBeyond"],"potions_floor_usage":[48,50],"damage_taken":[{"damage":0.0,"enemies":"2 Louse","floor":1.0,"turns":1.0},{"damage":1.0,"enemies":"Cultist","floor":3.0,"turns":1.0},{"damage":0.0,"enemies":"Lagavulin","floor":8.0,"turns":1.0},{"damage":38.0,"enemies":"3 Sentries","floor":10.0,"turns":11.0},{"damage":11.0,"enemies":"Small Slimes","floor":11.0,"turns":5.0},{"damage":11.0,"enemies":"Replay:BlueRogue","floor":13.0,"turns":7.0},{"damage":58.0,"enemies":"Fading Forest","floor":16.0,"turns":11.0},{"damage":14.0,"enemies":"Spheric Guardian","floor":18.0,"turns":4.0},{"damage":24.0,"enemies":"conspire:FuzzyDice","floor":22.0,"turns":8.0},{"damage":92.0,"enemies":"Nightmare","floor":23.0,"turns":10.0},{"damage":46.0,"enemies":"Book of Stabbing","floor":27.0,"turns":5.0},{"damage":21.0,"enemies":"Centurion and Healer","floor":29.0,"turns":7.0},{"damage":14.0,"enemies":"3 Cultists","floor":31.0,"turns":5.0},{"damage":136.0,"enemies":"conspire:MysteriousRune","floor":33.0,"turns":15.0},{"damage":11.0,"enemies":"Orb Walker","floor":35.0,"turns":4.0},{"damage":0.0,"enemies":"3 Shapes","floor":37.0,"turns":6.0},{"damage":12.0,"enemies":"3 Darklings","floor":40.0,"turns":6.0},{"damage":57.0,"enemies":"Spire Growth","floor":41.0,"turns":6.0},{"damage":0.0,"enemies":"Mind Bloom Boss Battle","floor":42.0,"turns":2.0},{"damage":40.0,"enemies":"Sphere and 2 Shapes","floor":44.0,"turns":5.0},{"damage":36,"enemies":"Jaw Worm Horde","floor":47,"turns":4},{"damage":20,"enemies":"Giant Head","floor":48,"turns":3},{"damage":161,"enemies":"infinitespire:MassOfShapes","floor":50,"turns":8}],"seed_played":"-4932804731881641426","potions_obtained":[{"floor":11.0,"key":"Strength Potion"},{"floor":13.0,"key":"Dexterity Potion"},{"floor":33.0,"key":"Energy Potion"},{"floor":35.0,"key":"Flashbang"},{"floor":47,"key":"Explosive Potion"},{"floor":48,"key":"Languid Potion"}],"is_trial":false,"path_per_floor":["M","?","M","$","?","R","?","E","T","E","M","R","E","?","R_BF","B",null,"M","?","?","AVR","M","NM","R","?","T","E","$","M","R","M","R","B",null,"M","?","M","?","?","M","M","?","T","M","AVR","R","M","E","R","B"],"character_chosen":"TheValiant","items_purchased":["Meaballize","Eternal Feather"],"campfire_rested":1,"item_purchase_floors":[4,28],"current_hp_per_floor":[100,100,99,99,99,99,99,99,99,87,97,97,93,93,93,83,100,86,86,100,100,84,30,60,60,60,36,36,65,77,100,100,16,100,99,99,100,100,87,100,69,76,76,98,98,100,96,98,100,0,0],"gold":410,"neow_bonus":"THREE_ENEMY_KILL","is_daily":false,"chose_seed":false,"campfire_upgraded":7,"win_rate":0.0,"timestamp":1610909388,"path_taken":["M","?","?","$","?","R","?","E","T","E","M","R","E","?","R_BF","BOSS","M","?","?","AVR","M","NM","R","?","T","E","?","?","R","M","R","BOSS","M","?","M","?","?","M","M","?","T","M","AVR","R","M","E","R","BOSS"],"items_purchased_type":["Card","Relic"],"build_version":"2020-12-22","purchased_purges":1,"victory":false,"max_hp_per_floor":[100,100,100,100,100,100,100,100,100,100,100,100,100,100,100,100,100,100,100,100,100,100,100,100,100,100,100,100,100,100,100,100,100,100,100,100,100,100,100,100,100,100,100,100,100,100,100,100,100,100,100],"card_choices":[{"not_picked":["QuickSiphon","Meaballize"],"picked":"Decimate","floor":1.0},{"not_picked":["ZealousPersecution","Guardian"],"picked":"InsightfulPrayer","floor":3.0},{"not_picked":["AlmightySmite","Desperation","Cleanse"],"picked":"SKIP","floor":8.0},{"not_picked":["CombatDance","FlashOfAnger"],"picked":"DivineFavor","floor":10.0},{"not_picked":["TearSoul","TakeAim","SeekAnswers"],"picked":"SKIP","floor":11.0},{"not_picked":["QuickSiphon","TearSoul"],"picked":"Uprising","floor":13.0},{"not_picked":["DeadlyPlay","Bombastic"],"picked":"DangerousSmash","floor":16.0},{"not_picked":["TakeAim","ZealousPersecution"],"picked":"SoulStrain","floor":18.0},{"not_picked":["QuickSiphon","CombatStance+1","RecklessSmite"],"picked":"SKIP","floor":22.0},{"not_picked":["ZealousSmite","DelvingPrayer+1","CombatDance"],"picked":"SKIP","floor":23.0},{"not_picked":["DeadlyPlay","Decimate+1"],"picked":"SeekAnswers","floor":24.0},{"not_picked":["ZealousPersecution","Zen"],"picked":"Meaballize+1","floor":27.0},{"not_picked":["AlmightySmite","HolyLight+1"],"picked":"DivineFavor+1","floor":29.0},{"not_picked":["Sharpen","MightForm","Vindication+1"],"picked":"SKIP","floor":31.0},{"not_picked":["WeakForm","TempoMaster"],"picked":"Overburn","floor":33.0},{"not_picked":["Radiance","MightBracer"],"picked":"Chainer+1","floor":35.0},{"not_picked":["QuickSiphon","Meaballize+1"],"picked":"DivineFavor+1","floor":37.0},{"not_picked":["DivineFavor","Decimate","ReduceToNothing"],"picked":"SKIP","floor":40.0},{"not_picked":["MightForm+1","WideSmite","PiercingStab+1"],"picked":"SKIP","floor":41.0},{"not_picked":["Desperation","PiercingStab+1"],"picked":"SoulStrain","floor":42.0},{"not_picked":["Guardian","WideSmite"],"picked":"Zen","floor":44.0},{"not_picked":["CombatStance+1","UnyieldingZeal+1","Meaballize+1"],"picked":"SKIP","floor":47},{"not_picked":["MightBracer","ItsSmitingTime+1","Meaballize+1"],"picked":"SKIP","floor":48}],"player_experience":181245,"relics_obtained":[{"floor":8.0,"key":"aspiration:HiddenCompartment"},{"floor":9.0,"key":"Dream Catcher"},{"floor":10.0,"key":"Snack Pack"},{"floor":13.0,"key":"Orb Of Light"},{"floor":23.0,"key":"Ice Cream"},{"floor":26.0,"key":"Quantum Egg"},{"floor":27.0,"key":"Replay:Mystery Machine"},{"floor":42.0,"key":"Replay:PocketPolymizer"},{"floor":43.0,"key":"Bag of Preparation"},{"floor":45.0,"key":"Juzu Bracelet"},{"floor":45.0,"key":"hubris:AstralHammer"},{"floor":45.0,"key":"aspiration:SeaSaltIceCream"},{"floor":48,"key":"Shuriken"}],"event_choices":[{"damage_healed":0.0,"max_hp_gain":0.0,"max_hp_loss":0.0,"gold_gain":0.0,"event_name":"Accursed Blacksmith","player_choice":"Rummage","floor":2.0,"gold_loss":0.0,"damage_taken":0.0,"relics_obtained":["WarpedTongs"],"cards_obtained":["Pain"]},{"damage_healed":0.0,"max_hp_gain":0.0,"max_hp_loss":0.0,"gold_gain":0.0,"event_name":"conspire:LoneGhost","player_choice":"Disagree","floor":5.0,"gold_loss":0.0,"damage_taken":0.0},{"cards_removed":["Pain"],"damage_healed":0.0,"max_hp_gain":0.0,"max_hp_loss":0.0,"gold_gain":0.0,"event_name":"The Cleric","player_choice":"Card Removal","floor":14.0,"gold_loss":50.0,"damage_taken":0.0},{"damage_healed":33.0,"max_hp_gain":0.0,"max_hp_loss":0.0,"gold_gain":0.0,"event_name":"The Library","player_choice":"Heal","floor":20.0,"gold_loss":0.0,"damage_taken":0.0},{"cards_removed":["Strike_Valiant"],"damage_healed":0.0,"max_hp_gain":0.0,"max_hp_loss":0.0,"gold_gain":0.0,"event_name":"Falling","player_choice":"Removed Attack","floor":36.0,"gold_loss":0.0,"damage_taken":0.0},{"damage_healed":0.0,"max_hp_gain":0.0,"max_hp_loss":0.0,"gold_gain":0.0,"event_name":"Tomb of Lord Red Mask","player_choice":"Ignored","floor":38.0,"gold_loss":0.0,"damage_taken":0.0},{"damage_healed":0.0,"max_hp_gain":0.0,"max_hp_loss":0.0,"gold_gain":0.0,"event_name":"Winding Halls","player_choice":"Embrace Madness","floor":39.0,"gold_loss":0.0,"damage_taken":13.0,"cards_obtained":["Madness","Madness"]},{"damage_healed":0.0,"max_hp_gain":0.0,"max_hp_loss":0.0,"gold_gain":0.0,"event_name":"MindBloom","player_choice":"Fight","floor":42.0,"gold_loss":0.0,"damage_taken":0.0}],"is_beta":false,"boss_relics":[{"not_picked":["Replay:Drink Me","hubris:RunicObelisk"],"picked":"infinitespire:Cupcake"},{"not_picked":["Ring of Chaos","aspiration:WatcherSkillbook","Blade Of Legend"]}],"items_purged_floors":[21],"is_endless":true,"potions_floor_spawned":[11,13,16,22,27,31,33,35,47,48],"killed_by":"infinitespire:MassOfShapes","ascension_level":0}}