{"host":"pfy6u49v5s5r680p","time":1610872027,"event":{"mods":["BaseMod","Colored Map","DeckTracker","Highlight Path","Keyboard Shortcuts","Minty Spire (QoL Compilation)","Permanent Neow","Quick Restart","StSLib","SuperFastMode","everything is the same but u backflip on backflip"],"gold_per_floor":[112,39,51,70,86,86,96,106,106,130,168,200,55,66,66,168,168,78,78,78],"floor_reached":19,"language":"KOR","playtime":689,"items_purged":[],"score":173,"play_id":"df56f249-59ab-4131-a3fd-6fe214790a5c","local_time":"20210117172707","is_ascension_mode":false,"campfire_choices":[{"data":"Capacitor","floor":6,"key":"SMITH"},{"floor":15,"key":"REST"}],"circlet_count":0,"master_deck":["Strike_B","Strike_B","Strike_B","Strike_B","Defend_B","Defend_B","Defend_B","Defend_B","Zap","Dualcast","Streamline","Capacitor+1","Ball Lightning","Coolheaded","Glacier","Self Repair","Hologram","Redo","Loop","Machine Learning","Leap+1"],"relics":["Cracked Core","Potion Belt","MawBank","Question Card","Regal Pillow","Runic Pyramid"],"acts_visited":["Exordium","TheCity"],"potions_floor_usage":[3,7,8,8,11,16,16,16,19],"damage_taken":[{"damage":1,"enemies":"Jaw Worm","floor":1,"turns":3},{"damage":0,"enemies":"2 Louse","floor":3,"turns":2},{"damage":8,"enemies":"Small Slimes","floor":4,"turns":3},{"damage":6,"enemies":"Looter","floor":5,"turns":4},{"damage":5,"enemies":"Exordium Wildlife","floor":7,"turns":5},{"damage":14,"enemies":"2 Fungi Beasts","floor":8,"turns":4},{"damage":11,"enemies":"Blue Slaver","floor":10,"turns":5},{"damage":7,"enemies":"Lagavulin","floor":11,"turns":8},{"damage":23,"enemies":"Exordium Thugs","floor":12,"turns":4},{"damage":6,"enemies":"Exordium Wildlife","floor":14,"turns":3},{"damage":27,"enemies":"Hexaghost","floor":16,"turns":10},{"damage":58,"enemies":"2 Thieves","floor":18,"turns":5},{"damage":32,"enemies":"3 Byrds","floor":19,"turns":4}],"seed_played":"-897674707520925075","potions_obtained":[{"floor":3,"key":"EntropicBrew"},{"floor":7,"key":"AttackPotion"},{"floor":8,"key":"Dexterity Potion"},{"floor":10,"key":"ColorlessPotion"},{"floor":14,"key":"AttackPotion"}],"is_trial":false,"path_per_floor":["M","$","M","M","M","R","M","M","T","M","E","M","$","M","R","B",null,"M","M"],"character_chosen":"DEFECT","items_purchased":["Capacitor","Regal Pillow"],"campfire_rested":1,"item_purchase_floors":[2,13],"current_hp_per_floor":[74,74,74,66,60,60,55,48,48,44,44,21,21,22,59,42,75,24,0,0],"gold":78,"neow_bonus":"RANDOM_COMMON_RELIC","is_daily":false,"chose_seed":false,"campfire_upgraded":1,"win_rate":0.0,"timestamp":1610872027,"path_taken":["M","$","M","M","M","R","M","M","T","M","E","M","$","M","R","BOSS","M","M"],"items_purchased_type":["Card","Relic"],"build_version":"2020-12-22","purchased_purges":0,"victory":false,"max_hp_per_floor":[75,75,75,75,75,75,75,75,75,75,75,75,75,75,75,75,75,75,75,75],"card_choices":[{"not_picked":["Barrage","Gash"],"picked":"Streamline","floor":1},{"not_picked":["Blizzard","Conserve Battery"],"picked":"Ball Lightning","floor":3},{"not_picked":["Compile Driver","Steam Power"],"picked":"Coolheaded","floor":4},{"not_picked":["Gash","Redo"],"picked":"Glacier","floor":5},{"not_picked":["Leap","Cold Snap"],"picked":"Self Repair","floor":7},{"not_picked":["Double Energy","Streamline"],"picked":"Hologram","floor":8},{"not_picked":["Sweeping Beam","Barrage"],"picked":"Redo","floor":10},{"not_picked":["Chaos","Coolheaded","FTL"],"picked":"SKIP","floor":11},{"not_picked":["Sweeping Beam","Go for the Eyes","Stack"],"picked":"Loop","floor":12},{"not_picked":["Rainbow","Creative AI","Biased Cognition"],"picked":"Machine Learning","floor":16},{"not_picked":["Go for the Eyes","Beam Cell","Streamline"],"picked":"Leap+1","floor":18}],"player_experience":147764,"relics_obtained":[{"floor":9,"key":"MawBank"},{"floor":11,"key":"Question Card"}],"event_choices":[],"is_beta":false,"boss_relics":[{"not_picked":["SlaversCollar","Calling Bell"],"picked":"Runic Pyramid"}],"items_purged_floors":[],"is_endless":false,"potions_floor_spawned":[3,7,8,10,14],"killed_by":"3 Byrds","ascension_level":0}}