{"host":"dyzdf8svqmiivg97","time":1610896184,"event":{"mods":["AchievementEnabler","BaseMod","Colored Map","DeckTracker","Minty Spire (QoL Compilation)","Permanent Neow","Quick Restart","Rare Cards Sparkle","SuperFastMode"],"gold_per_floor":[117,117,132,57,57,57,57,57,109,109,134,134,165,178,178,274,274,290,290,310,235,259,259,273,273,273,297,111,111,127,152,152,251,251,271,294,310,310,323,323,323,344,344,219,240,240,260,260,260,260],"floor_reached":51,"language":"KOR","playtime":1776,"items_purged":["Strike_P","Regret","Injury"],"score":1222,"play_id":"c0c5f09e-d6bb-4ad9-8361-ca7d3fdacd21","local_time":"20210118000944","is_ascension_mode":true,"campfire_choices":[{"data":"Eruption","floor":6,"key":"SMITH"},{"data":"TalkToTheHand","floor":8,"key":"SMITH"},{"floor":12,"key":"REST"},{"data":"Adaptation","floor":15,"key":"SMITH"},{"data":"Vault","floor":23,"key":"SMITH"},{"data":"MentalFortress","floor":25,"key":"SMITH"},{"data":"EmptyFist","floor":29,"key":"SMITH"},{"data":"MentalFortress","floor":32,"key":"SMITH"},{"data":"Scrawl","floor":40,"key":"SMITH"},{"floor":49,"key":"REST"}],"circlet_count":0,"master_deck":["AscendersBane","Strike_P+1","Strike_P+1","Defend_P+1","Defend_P+1","Defend_P+1","Eruption+1","Vigilance+1","TalkToTheHand+1","BowlingBash+1","Adaptation+1","CutThroughFate+1","MentalFortress+1","Indignation+1","Vault+1","EmptyFist+1","InnerPeace+1","FlurryOfBlows+1","MentalFortress+1","FearNoEvil+1","Scrawl+1","EmptyMind+1"],"relics":["PureWater","FossilizedHelix","Dream Catcher","Golden Idol","War Paint","Eternal Feather","Cursed Key","Question Card","SacredBark","InkBottle","Mark of the Bloom"],"acts_visited":["Exordium","TheCity","TheBeyond"],"potions_floor_usage":[27,30,35,50],"damage_taken":[{"damage":0,"enemies":"2 Louse","floor":1,"turns":2},{"damage":0,"enemies":"Jaw Worm","floor":3,"turns":2},{"damage":0,"enemies":"Small Slimes","floor":11,"turns":2},{"damage":26,"enemies":"Lagavulin","floor":13,"turns":4},{"damage":0,"enemies":"3 Louse","floor":14,"turns":3},{"damage":4,"enemies":"The Guardian","floor":16,"turns":10},{"damage":0,"enemies":"3 Byrds","floor":18,"turns":6},{"damage":0,"enemies":"Spheric Guardian","floor":20,"turns":4},{"damage":11,"enemies":"Centurion and Healer","floor":22,"turns":6},{"damage":0,"enemies":"Snake Plant","floor":24,"turns":4},{"damage":6,"enemies":"Chosen and Byrds","floor":27,"turns":7},{"damage":0,"enemies":"Snecko","floor":30,"turns":4},{"damage":0,"enemies":"Centurion and Healer","floor":31,"turns":4},{"damage":25,"enemies":"Champ","floor":33,"turns":11},{"damage":0,"enemies":"3 Shapes","floor":35,"turns":5},{"damage":0,"enemies":"3 Darklings","floor":36,"turns":4},{"damage":0,"enemies":"Transient","floor":37,"turns":7},{"damage":0,"enemies":"Sphere and 2 Shapes","floor":39,"turns":3},{"damage":0,"enemies":"3 Darklings","floor":42,"turns":4},{"damage":0,"enemies":"Transient","floor":45,"turns":6},{"damage":0,"enemies":"Maw","floor":47,"turns":7},{"damage":12,"enemies":"Donu and Deca","floor":50,"turns":7}],"seed_played":"2504384028312462566","potions_obtained":[{"floor":13,"key":"Swift Potion"},{"floor":14,"key":"LiquidBronze"},{"floor":16,"key":"Ambrosia"},{"floor":27,"key":"DistilledChaos"},{"floor":31,"key":"SteroidPotion"},{"floor":36,"key":"SkillPotion"},{"floor":46,"key":"Ambrosia"}],"is_trial":false,"path_per_floor":["M","?","M","?","$","R","?","R","T","?","M","R","E","M","R","B",null,"M","?","M","$","M","R","M","R","T","M","$","R","M","M","R","B",null,"M","M","M","?","M","R","?","M","T","$","M","?","M","?","R","B",null],"character_chosen":"WATCHER","items_purchased":["MentalFortress"],"campfire_rested":2,"item_purchase_floors":[28],"current_hp_per_floor":[61,43,43,43,43,43,43,43,43,36,36,54,28,28,37,33,55,55,55,55,55,44,53,53,62,62,56,56,62,62,62,62,37,56,56,56,56,56,56,62,62,62,62,62,62,62,62,62,62,50],"gold":260,"neow_bonus":"ONE_RARE_RELIC","is_daily":false,"chose_seed":false,"campfire_upgraded":8,"win_rate":0.0,"timestamp":1610896184,"path_taken":["M","?","M","?","$","R","?","R","T","?","M","R","E","M","R","BOSS","M","?","M","$","M","R","M","R","T","M","$","R","M","M","R","BOSS","M","M","M","?","M","R","?","M","T","$","M","?","?","?","R","BOSS"],"items_purchased_type":["Card"],"build_version":"2020-12-22","purchased_purges":3,"victory":true,"max_hp_per_floor":[68,68,68,68,68,68,62,62,62,62,62,62,62,62,62,62,62,62,62,62,62,62,62,62,62,62,62,62,62,62,62,62,62,62,62,62,62,62,62,62,62,62,62,62,62,62,62,62,62,62],"card_choices":[{"not_picked":["Crescendo","Wireheading"],"picked":"TalkToTheHand","floor":1},{"not_picked":["Crescendo","Study"],"picked":"BowlingBash","floor":3},{"not_picked":["Vengeance","Consecrate"],"picked":"Adaptation","floor":11},{"not_picked":["Collect","BattleHymn"],"picked":"CutThroughFate","floor":12},{"not_picked":["Prostrate","CutThroughFate"],"picked":"MentalFortress","floor":13},{"not_picked":["JustLucky","ClearTheMind"],"picked":"Indignation","floor":14},{"not_picked":["Omniscience","Ragnarok"],"picked":"Vault","floor":16},{"not_picked":["Halt","CrushJoints"],"picked":"EmptyFist","floor":18},{"not_picked":["Vengeance","SashWhip","FlyingSleeves"],"picked":"SKIP","floor":20},{"not_picked":["EmptyBody","SashWhip","Evaluate"],"picked":"SKIP","floor":22},{"not_picked":["Evaluate","Prostrate","Protect+1"],"picked":"SKIP","floor":24},{"not_picked":["Pray","BowlingBash","WaveOfTheHand"],"picked":"FlurryOfBlows","floor":27},{"not_picked":["FlyingSleeves","Pray","Consecrate"],"picked":"FearNoEvil","floor":30},{"not_picked":["SashWhip","Protect","Devotion","FlurryOfBlows"],"picked":"SKIP","floor":31},{"not_picked":["CarveReality+1","PathToVictory","Vengeance","EmptyMind"],"picked":"SKIP","floor":35},{"not_picked":["EmptyFist","SashWhip","BowlingBash+1","Consecrate"],"picked":"SKIP","floor":36},{"not_picked":["CrushJoints","FollowUp","BowlingBash"],"picked":"Scrawl","floor":37},{"not_picked":["Meditate","WindmillStrike","EmptyBody","Vengeance"],"picked":"SKIP","floor":39},{"not_picked":["EmptyBody","Swivel","FollowUp","JustLucky"],"picked":"SKIP","floor":42},{"not_picked":["Prostrate+1","Protect","Worship","ClearTheMind"],"picked":"SKIP","floor":45},{"not_picked":["Crescendo+1","ForeignInfluence","SashWhip+1","CutThroughFate"],"picked":"SKIP","floor":47},{"not_picked":["CutThroughFate","ClearTheMind","WheelKick"],"picked":"EmptyMind+1","floor":49}],"player_experience":648384,"relics_obtained":[{"floor":9,"key":"War Paint"},{"floor":13,"key":"Eternal Feather"},{"floor":26,"key":"Question Card"},{"floor":43,"key":"InkBottle"}],"event_choices":[{"damage_healed":0,"gold_gain":0,"player_choice":"Success","damage_taken":18,"relics_obtained":["Dream Catcher"],"max_hp_gain":0,"max_hp_loss":0,"event_name":"Scrap Ooze","floor":2,"gold_loss":0},{"cards_removed":["Writhe"],"damage_healed":0,"gold_gain":0,"player_choice":"Card Removal","damage_taken":0,"max_hp_gain":0,"max_hp_loss":0,"event_name":"The Cleric","floor":4,"gold_loss":75},{"damage_healed":0,"gold_gain":0,"player_choice":"Lose Max HP","damage_taken":0,"relics_obtained":["Golden Idol"],"max_hp_gain":0,"max_hp_loss":6,"event_name":"Golden Idol","floor":7,"gold_loss":0},{"cards_removed":["Strike_P"],"damage_healed":0,"gold_gain":0,"player_choice":"Card Removal","damage_taken":7,"max_hp_gain":0,"max_hp_loss":0,"event_name":"Golden Wing","floor":10,"gold_loss":0},{"damage_healed":0,"gold_gain":0,"player_choice":"Read","damage_taken":0,"max_hp_gain":0,"max_hp_loss":0,"event_name":"The Library","floor":19,"gold_loss":0,"cards_obtained":["InnerPeace"]},{"damage_healed":0,"gold_gain":0,"player_choice":"Memory 1","damage_taken":0,"max_hp_gain":0,"max_hp_loss":0,"event_name":"SensoryStone","floor":38,"gold_loss":0},{"cards_removed":["Defend_P"],"damage_healed":0,"gold_gain":0,"player_choice":"Removed Skill","damage_taken":0,"max_hp_gain":0,"max_hp_loss":0,"event_name":"Falling","floor":41,"gold_loss":0},{"damage_healed":0,"gold_gain":0,"player_choice":"Got Potions","damage_taken":0,"max_hp_gain":0,"max_hp_loss":0,"event_name":"Lab","floor":46,"gold_loss":0},{"damage_healed":0,"gold_gain":0,"player_choice":"Upgrade","damage_taken":0,"relics_obtained":["Mark of the Bloom"],"max_hp_gain":0,"max_hp_loss":0,"event_name":"MindBloom","floor":48,"gold_loss":0,"cards_upgraded":["Strike_P","Strike_P","Defend_P","Defend_P","BowlingBash","CutThroughFate","Indignation","InnerPeace","FlurryOfBlows","FearNoEvil"]}],"is_beta":false,"boss_relics":[{"not_picked":["HolyWater","Pandora\u0027s Box"],"picked":"Cursed Key"},{"not_picked":["Velvet Choker","Snecko Eye"],"picked":"SacredBark"}],"items_purged_floors":[21,28,44],"is_endless":false,"potions_floor_spawned":[13,14,16,18,22,27,31,36,42,47],"ascension_level":19}}