{"host":"4rvakrj1idbgia3f","time":1610847068,"event":{"mods":["BaseMod","Colored Map","Colored Powertips","DeckTracker","Highlight Path","Minty Spire (QoL Compilation)","Random Character Button","StSLib"],"gold_per_floor":[111,111,111,130,55,55,86,112,193,209,241,241,258,293,293,368,368,379,211,229,246,264,264,264,264,288,308,308,339,339,164,164,235,235,254,254,279,279,73,73,104,104,104,115,143,143,169,188,188,188],"floor_reached":49,"language":"JPN","playtime":3576,"items_purged":["Strike_B","Decay","Parasite"],"score":1318,"play_id":"8809a08b-d187-45bf-afb1-728d4a1f47cd","local_time":"20210117103108","is_ascension_mode":true,"campfire_choices":[{"data":"Glacier","floor":6,"key":"SMITH"},{"data":"Zap","floor":12,"key":"SMITH"},{"data":"Static Discharge","floor":15,"key":"SMITH"},{"data":"Defragment","floor":23,"key":"SMITH"},{"data":"Capacitor","floor":25,"key":"SMITH"},{"data":"Fission","floor":30,"key":"SMITH"},{"data":"Defragment","floor":32,"key":"SMITH"},{"data":"White Noise","floor":40,"key":"SMITH"},{"data":"Seek","floor":42,"key":"SMITH"},{"floor":46,"key":"REST"}],"circlet_count":0,"master_deck":["AscendersBane","Defend_B","Defend_B","Zap+1","Dualcast","Undo","Glacier+1","Cold Snap","Ball Lightning","Hologram","Static Discharge+1","Seek+1","Cold Snap","Capacitor+1","Coolheaded","Hologram+1","Conserve Battery","Defragment+1","Defragment+1","Fission+1","White Noise+1","Core Surge","Melter+1","FTL+1","Undo+1","Impatience","Buffer","Coolheaded","Clumsy","Capacitor+1","Electrodynamics","White Noise"],"relics":["Cracked Core","NeowsBlessing","Strawberry","DataDisk","Question Card","Unceasing Top","Nunchaku","Cursed Key","Lantern","Thread and Needle","Astrolabe","Turnip","Shovel","Singing Bowl","Dream Catcher"],"acts_visited":["Exordium","TheCity","TheBeyond"],"potions_floor_usage":[14,20,29],"damage_taken":[{"damage":0,"enemies":"Small Slimes","floor":1,"turns":1},{"damage":0,"enemies":"2 Louse","floor":4,"turns":1},{"damage":0,"enemies":"Gremlin Nob","floor":7,"turns":1},{"damage":0,"enemies":"Cultist","floor":10,"turns":4},{"damage":4,"enemies":"Lagavulin","floor":11,"turns":7},{"damage":0,"enemies":"Large Slime","floor":13,"turns":8},{"damage":8,"enemies":"Gremlin Nob","floor":14,"turns":5},{"damage":46,"enemies":"Hexaghost","floor":16,"turns":9},{"damage":11,"enemies":"2 Thieves","floor":18,"turns":3},{"damage":0,"enemies":"3 Byrds","floor":20,"turns":5},{"damage":0,"enemies":"Sentry and Sphere","floor":21,"turns":9},{"damage":19,"enemies":"Shelled Parasite and Fungi","floor":22,"turns":9},{"damage":0,"enemies":"Centurion and Healer","floor":27,"turns":13},{"damage":25,"enemies":"Gremlin Leader","floor":29,"turns":6},{"damage":0,"enemies":"Collector","floor":33,"turns":18},{"damage":0,"enemies":"Orb Walker","floor":35,"turns":5},{"damage":0,"enemies":"Mind Bloom Boss Battle","floor":37,"turns":5},{"damage":2,"enemies":"Giant Head","floor":41,"turns":14},{"damage":13,"enemies":"3 Shapes","floor":44,"turns":5},{"damage":38,"enemies":"Reptomancer","floor":45,"turns":7},{"damage":0,"enemies":"Giant Head","floor":47,"turns":12},{"damage":0,"enemies":"Maw","floor":48,"turns":8}],"seed_played":"-950196535401959376","potions_obtained":[{"floor":1,"key":"Explosive Potion"},{"floor":4,"key":"Weak Potion"},{"floor":27,"key":"LiquidMemories"},{"floor":37,"key":"Regen Potion"},{"floor":45,"key":"Energy Potion"}],"is_trial":false,"path_per_floor":["M","?","?","M","?","R","E","T","T","M","E","R","M","E","R","B",null,"M","$","M","M","M","R","?","R","T","M","?","E","R","$","R","B",null,"M","?","?","?","$","R","E","R","T","M","E","R","E","M","R"],"character_chosen":"DEFECT","items_purchased":["Capacitor","Coolheaded","White Noise","Buffer"],"campfire_rested":1,"item_purchase_floors":[19,19,31,39],"current_hp_per_floor":[64,57,57,57,57,57,64,64,64,64,60,60,60,52,52,6,60,49,49,49,49,30,30,30,30,30,30,30,5,5,5,5,5,60,60,60,60,60,60,60,58,58,58,45,7,29,29,31,31,31],"gold":188,"neow_bonus":"THREE_ENEMY_KILL","is_daily":false,"chose_seed":false,"campfire_upgraded":9,"win_rate":0.0,"timestamp":1610847068,"path_taken":["M","?","?","M","?","R","E","?","T","M","E","R","M","E","R","BOSS","M","$","M","?","M","R","?","R","T","M","?","E","R","$","R","BOSS","M","?","?","?","$","R","E","R","T","M","E","R","E","M","R"],"items_purchased_type":["Card","Card","Card","Card"],"build_version":"2020-12-22","purchased_purges":3,"victory":false,"max_hp_per_floor":[71,71,71,71,71,71,78,78,78,78,78,78,78,78,78,78,78,78,78,78,78,78,78,78,78,78,78,78,78,78,78,78,78,78,78,78,78,78,75,75,75,75,75,75,75,75,75,77,77,77],"card_choices":[{"not_picked":["White Noise","Rebound"],"picked":"Undo","floor":1},{"not_picked":["Leap","Storm"],"picked":"Glacier","floor":4},{"not_picked":["White Noise","Capacitor"],"picked":"Cold Snap","floor":7},{"not_picked":["Leap","Steam","Sweeping Beam"],"picked":"Ball Lightning","floor":10},{"not_picked":["Barrage","Streamline","Rebound","Auto Shields"],"picked":"SKIP","floor":11},{"not_picked":["Streamline","Conserve Battery","Steam"],"picked":"Hologram","floor":13},{"not_picked":["Auto Shields","Lockon","Seek"],"picked":"Static Discharge","floor":14},{"not_picked":["Meteor Strike","Multi-Cast","All For One"],"picked":"Seek","floor":16},{"not_picked":["Stack","Rip and Tear","Gash"],"picked":"Cold Snap","floor":18},{"not_picked":["Cold Snap+1","Go for the Eyes","Steam+1"],"picked":"Hologram+1","floor":20},{"not_picked":["Steam Power","Consume","Hello World"],"picked":"Conserve Battery","floor":21},{"not_picked":["Scrape","Steam+1","Turbo+1"],"picked":"Defragment","floor":22},{"not_picked":["Leap","Recycle","Turbo"],"picked":"Defragment","floor":27},{"not_picked":["Genetic Algorithm","Doom and Gloom","Static Discharge"],"picked":"Fission","floor":29},{"not_picked":["Thunder Strike","Rainbow","Hyperbeam"],"picked":"Core Surge","floor":33},{"not_picked":["Redo","Sunder+1","Cold Snap","Barrage"],"picked":"SKIP","floor":35},{"not_picked":["Secret Weapon","Enlightenment","Deep Breath"],"picked":"Impatience","floor":36},{"not_picked":["Conserve Battery","Sweeping Beam","Compile Driver+1"],"picked":"Coolheaded","floor":41},{"not_picked":["Stack+1","Rebound","Storm+1"],"picked":"Capacitor+1","floor":44},{"not_picked":["FTL","Beam Cell","Go for the Eyes"],"picked":"Electrodynamics","floor":45},{"not_picked":["Streamline","Turbo","Steam Power"],"picked":"White Noise","floor":47},{"not_picked":["Stack","Fusion","Heatsinks","Barrage"],"picked":"Singing Bowl","floor":48}],"player_experience":2042431,"relics_obtained":[{"floor":7,"key":"Strawberry"},{"floor":8,"key":"DataDisk"},{"floor":9,"key":"Question Card"},{"floor":11,"key":"Unceasing Top"},{"floor":14,"key":"Nunchaku"},{"floor":26,"key":"Lantern"},{"floor":29,"key":"Thread and Needle"},{"floor":37,"key":"Turnip"},{"floor":41,"key":"Shovel"},{"floor":45,"key":"Singing Bowl"},{"floor":47,"key":"Dream Catcher"}],"event_choices":[{"cards_removed":["Defend_B"],"damage_healed":0,"gold_gain":0,"player_choice":"Card Removal","damage_taken":7,"max_hp_gain":0,"max_hp_loss":0,"event_name":"Golden Wing","floor":2,"gold_loss":0},{"damage_healed":0,"gold_gain":0,"player_choice":"Ignored","damage_taken":0,"max_hp_gain":0,"max_hp_loss":0,"event_name":"Shining Light","floor":3,"gold_loss":0},{"cards_removed":["Strike_B"],"damage_healed":0,"gold_gain":0,"player_choice":"Card Removal","damage_taken":0,"max_hp_gain":0,"max_hp_loss":0,"event_name":"The Cleric","floor":5,"gold_loss":75},{"damage_healed":0,"gold_gain":0,"player_choice":"Ignored","damage_taken":0,"max_hp_gain":0,"max_hp_loss":0,"event_name":"Ghosts","floor":24,"gold_loss":0},{"damage_healed":0,"gold_gain":0,"player_choice":"Smashed Altar","damage_taken":0,"max_hp_gain":0,"max_hp_loss":0,"event_name":"Forgotten Altar","floor":28,"gold_loss":0,"cards_obtained":["Decay"]},{"damage_healed":0,"gold_gain":0,"player_choice":"Memory 1","damage_taken":0,"max_hp_gain":0,"max_hp_loss":0,"event_name":"SensoryStone","floor":36,"gold_loss":0},{"damage_healed":0,"gold_gain":0,"player_choice":"Fight","damage_taken":0,"max_hp_gain":0,"max_hp_loss":0,"event_name":"MindBloom","floor":37,"gold_loss":0},{"damage_healed":0,"gold_gain":0,"player_choice":"Ignored","damage_taken":0,"max_hp_gain":0,"max_hp_loss":0,"event_name":"Mysterious Sphere","floor":38,"gold_loss":0}],"is_beta":false,"boss_relics":[{"not_picked":["Tiny House","SacredBark"],"picked":"Cursed Key"},{"not_picked":["Snecko Eye","Philosopher\u0027s Stone"],"picked":"Astrolabe"}],"items_purged_floors":[19,31,39],"is_endless":false,"potions_floor_spawned":[1,4,10,11,13,27,37,45,48],"ascension_level":20}}