{"host":"vm8b3ptwl81uq21f","time":1610923773,"event":{"mods":["Aspiration","BaseMod","BetterRewards","Colored Map","Colored Powertips","GifTheSpireLib","Googly Eyes","GungeonMod","Halation","Hubris","Infinite Spire","Minty Spire (QoL Compilation)","Quick Restart","Rare Cards Sparkle","Replay The Spire","Shop Mod","Spicy Shops","StSLib","Stuff the Spire","The IronCluck","[IsaacMod]????"],"gold_per_floor":[110,110,59,59,59,88,88,123,175,192,223,237,269,285,285,357,357,376,53,53,70,70,70,103,103,103,120,154,154,224,224,224,296,296,316,316,335,335,335,335,365,384,384,384,415,415,415,415,415,415],"floor_reached":51,"language":"ENG","playtime":1867,"items_purged":["DemoMod:Defend_Huntress","StuffTheSpire:Incursion","DemoMod:CrossBow"],"score":1709,"play_id":"9b133c16-b446-4ed8-a976-380a2713c34a","local_time":"20210117174933","is_ascension_mode":true,"campfire_choices":[{"data":"hubris:Fate","floor":15,"key":"SMITH"},{"data":"DemoMod:BSG","floor":23,"key":"SMITH"},{"data":"DemoMod:ManualReload","floor":25,"key":"SMITH"},{"data":"StuffTheSpire:ClusterCrunch","floor":32,"key":"PURGE"},{"data":"Panache","floor":40,"key":"SMITH"},{"data":"StuffTheSpire:BrainWave","floor":47,"key":"SMITH"},{"data":"DemoMod:FeignSurrender","floor":49,"key":"SMITH"}],"circlet_count":0,"master_deck":["AscendersBane","DemoMod:Roll","DemoMod:ManualReload+1","DemoMod:ProbeStrike","DemoMod:HardPowerCard","DemoMod:HardPowerCard","hubris:Fate+1","DemoMod:HardPowerCard","DemoMod:DirectionalPad","DemoMod:BSG+1","hubris:Insight+1","Panache+1","Corpse Explosion+1","DemoMod:Replace+1","DemoMod:BalloonGun","DemoMod:Eureka","DemoMod:HardPowerCard+1","DemoMod:FeignSurrender+1","StuffTheSpire:BrainWave+1"],"relics":["DemoMod:Dog","HushsDoor","BloodDonationMachine","NeowsBlessing","TuHaoJin","DeathBook","StuffTheSpire:RubySignet","PreservedInsect","halation:SwordOfLegend","aspiration:Lifesprig","Replay:Drink Me","GuppysHairball","Blue Doll","Empty Cage","infinitespire:EmpoweringShard","Anchor","Bottled Flame","aspiration:Stabinomicon","War Paint","DemoMod:Unsteady","SlaversCollar","DemoMod:ElasticCartridgeClip","Replay:Bottled Snecko","DemoMod:PinkGuonStone","Mercury Hourglass","halation:PinkSoulGem"],"acts_visited":["Exordium","TheCity","TheBeyond"],"potions_floor_usage":[21],"damage_taken":[{"damage":0,"enemies":"2 Louse","floor":1,"turns":1},{"damage":0,"enemies":"3 Sentries","floor":6,"turns":2},{"damage":0,"enemies":"Lagavulin","floor":8,"turns":1},{"damage":0,"enemies":"Cultist","floor":10,"turns":1},{"damage":0,"enemies":"Gremlin Nob","floor":11,"turns":2},{"damage":0,"enemies":"Small Slimes","floor":12,"turns":4},{"damage":0,"enemies":"3 Sentries","floor":13,"turns":3},{"damage":0,"enemies":"3 Louse","floor":14,"turns":1},{"damage":0,"enemies":"Slime Boss","floor":16,"turns":5},{"damage":0,"enemies":"Chosen","floor":18,"turns":1},{"damage":0,"enemies":"2 Thieves","floor":21,"turns":5},{"damage":0,"enemies":"Slavers","floor":24,"turns":2},{"damage":0,"enemies":"Chosen and Byrds","floor":27,"turns":3},{"damage":0,"enemies":"Book of Stabbing","floor":28,"turns":3},{"damage":0,"enemies":"Replay:Snechameleon","floor":30,"turns":1},{"damage":0,"enemies":"hubris:MusketHawk","floor":33,"turns":1},{"damage":0,"enemies":"3 Darklings","floor":35,"turns":2},{"damage":0,"enemies":"Orb Walker","floor":37,"turns":1},{"damage":0,"enemies":"R_Hoarder","floor":41,"turns":4},{"damage":0,"enemies":"4 Shapes","floor":42,"turns":1},{"damage":0,"enemies":"Reptomancer","floor":45,"turns":1},{"damage":0,"enemies":"Donu and Deca","floor":50,"turns":1}],"seed_played":"-837243197295254450","potions_obtained":[{"floor":6,"key":"Fire Potion"},{"floor":10,"key":"ColorlessPotion"},{"floor":13,"key":"FearPotion"},{"floor":21,"key":"Strength Potion"}],"is_trial":false,"path_per_floor":["M","?","$","?","?","E","?","E","T","M","E","M","E","M","R","B",null,"M","$","?","M","AVR","R","E","R","T","M","E","?","E","?","R_BF","B",null,"M","?","M","AVR","?","R","E","M","T","?","E","?","R","?","R","B",null],"character_chosen":"HUNTRESS","items_purchased":["DemoMod:HardPowerCard","hubris:Insight","GuppysHairball","Blue Doll","Panache","DemoMod:Eureka"],"campfire_rested":0,"item_purchase_floors":[3,17,17,19,19,34],"current_hp_per_floor":[63,63,63,63,45,45,45,45,45,45,45,45,45,45,54,54,36,36,36,36,36,36,36,36,36,36,36,36,36,36,36,36,36,32,32,32,32,32,32,32,32,32,39,39,39,36,36,36,36,36],"gold":415,"neow_bonus":"THREE_ENEMY_KILL","is_daily":false,"chose_seed":false,"campfire_upgraded":6,"win_rate":0.0,"timestamp":1610923773,"path_taken":["M","?","$","?","?","E","?","E","T","M","E","M","E","M","R","BOSS","M","$","?","M","AVR","R","E","R","T","M","E","?","E","?","R_BF","BOSS","M","?","?","AVR","?","R","E","M","T","?","E","?","R","?","R","BOSS"],"items_purchased_type":["Card","Card","Relic","Relic","Card","Card"],"build_version":"2020-12-22","purchased_purges":3,"victory":true,"max_hp_per_floor":[70,70,70,70,70,70,70,70,70,70,70,70,70,70,70,70,36,36,36,36,36,36,36,36,36,36,36,36,36,36,36,36,36,32,32,32,32,32,32,32,32,32,39,39,39,36,36,36,36,36],"card_choices":[{"not_picked":["DemoMod:MachoBrace","DemoMod:AC15"],"picked":"DemoMod:ProbeStrike","floor":1},{"not_picked":["infinitespire:Collect","infinitespire:Starlight"],"picked":"hubris:Fate","floor":5},{"not_picked":["DemoMod:StickyCrossBow","DemoMod:RadGun","DemoMod:Ejector"],"picked":"SKIP","floor":6},{"not_picked":["DemoMod:HungryBullets","DemoMod:ChanceBullets","DemoMod:SAA"],"picked":"SKIP","floor":8},{"not_picked":["Bomb","DemoMod:CursedBullets"],"picked":"DemoMod:HardPowerCard","floor":10},{"not_picked":["DemoMod:HuntsMan","DemoMod:MachoBrace"],"picked":"DemoMod:DirectionalPad","floor":11},{"not_picked":["DemoMod:Polaris","DemoMod:GunShield"],"picked":"DemoMod:BSG","floor":12},{"not_picked":["DemoMod:LifeOrb","DemoMod:PotionOfGunFriendShip","DemoMod:HungryBullets"],"picked":"SKIP","floor":13},{"not_picked":["DemoMod:GunShield","DemoMod:GunstockTap","DemoMod:PracticeMakesPerfect"],"picked":"SKIP","floor":14},{"not_picked":["DemoMod:BlankBullets","DemoMod:Desperate"],"picked":"DemoMod:FullFirepower","floor":16},{"not_picked":["DemoMod:MegaHand+1","DemoMod:Casey","DemoMod:StickyCrossBow"],"picked":"SKIP","floor":18},{"not_picked":["DemoMod:DoubleSwitch","DemoMod:SAA+1","DemoMod:Casey+1"],"picked":"SKIP","floor":21},{"not_picked":["DemoMod:AC15+1","DemoMod:Casey","DemoMod:PracticeMakesPerfect"],"picked":"SKIP","floor":24},{"not_picked":["DemoMod:MegaHand","DemoMod:Casey","DemoMod:GunShield"],"picked":"SKIP","floor":27},{"not_picked":["DemoMod:AC15","DemoMod:DoubleSwitch","DemoMod:BattleInHaste"],"picked":"SKIP","floor":27},{"not_picked":["DemoMod:MegaHand","DemoMod:GunstockTap","DemoMod:BattleInHaste"],"picked":"SKIP","floor":28},{"not_picked":["DemoMod:Unity","DemoMod:SAA"],"picked":"DemoMod:Replace","floor":30},{"not_picked":["DemoMod:FinishedGun","DemoMod:BlackHoleGun"],"picked":"DemoMod:BalloonGun","floor":33},{"not_picked":["DemoMod:DoubleSwitch","DemoMod:MachoBrace","DemoMod:HuntsMan+1"],"picked":"SKIP","floor":35},{"not_picked":["DemoMod:TeaPot+1","DemoMod:HighKaliber","DemoMod:DirectionalPad+1"],"picked":"SKIP","floor":37},{"not_picked":["DemoMod:StickyCrossBow","DemoMod:FeignSurrender"],"picked":"DemoMod:HardPowerCard+1","floor":41},{"not_picked":["DemoMod:LifeOrb","DemoMod:EasyReloadBullets"],"picked":"DemoMod:FeignSurrender","floor":42},{"not_picked":["DemoMod:Slinger","DemoMod:HuntsMan","DemoMod:DoubleVision"],"picked":"SKIP","floor":45}],"player_experience":355535,"relics_obtained":[{"floor":6,"key":"TuHaoJin"},{"floor":8,"key":"DeathBook"},{"floor":8,"key":"StuffTheSpire:RubySignet"},{"floor":9,"key":"PreservedInsect"},{"floor":11,"key":"halation:SwordOfLegend"},{"floor":13,"key":"aspiration:Lifesprig"},{"floor":24,"key":"Anchor"},{"floor":26,"key":"Bottled Flame"},{"floor":28,"key":"aspiration:Stabinomicon"},{"floor":30,"key":"War Paint"},{"floor":41,"key":"Replay:Bottled Snecko"},{"floor":43,"key":"DemoMod:PinkGuonStone"},{"floor":45,"key":"Mercury Hourglass"}],"event_choices":[{"damage_healed":0,"gold_gain":0,"player_choice":"Bought 0 Potions","damage_taken":0,"max_hp_gain":0,"max_hp_loss":0,"event_name":"The Woman in Blue","floor":2,"gold_loss":0},{"damage_healed":0,"gold_gain":0,"player_choice":"Forge","damage_taken":0,"max_hp_gain":0,"max_hp_loss":0,"event_name":"Accursed Blacksmith","floor":36,"gold_loss":0,"cards_upgraded":["DemoMod:Replace"]}],"is_beta":false,"boss_relics":[{"not_picked":["Black Star","hubris:GrandSneckoEye"],"picked":"Replay:Drink Me"},{"not_picked":[]},{"not_picked":["aspiration:IroncladSkillbook","aspiration:RunicSpoon"],"picked":"SlaversCollar"},{"not_picked":[]}],"items_purged_floors":[17,22,38],"is_endless":false,"potions_floor_spawned":[6,10,11,13,18,21,30,33,42],"ascension_level":13}}