{"host":"byo4257mpp7krjml","time":1610851115,"event":{"mods":["BaseMod","Beaked The Cultist","Colored Map","Dio Mod","Googly Eyes","Hermit","Infinite Spire","Mad Scientist","Minty Spire (QoL Compilation)","Replay The Spire","StSLib","The Hayseed","The IronCluck","The Mystic"],"gold_per_floor":[110,130,130,78,88,117,128,147,147,160,180,180,208,267,267,370,370,370,370,370,69,69,69,69,69,69,69,69,69,69,69,69,69,69,69,69,69,69,69,69,69,69,69,69,69,69,69,69,69,69,69,69,20,20,20],"floor_reached":56,"language":"ENG","playtime":23732,"items_purged":["dioMod:RoadRoller"],"score":1334,"play_id":"46870f32-5dfd-4b9e-91d2-6ee367acf583","local_time":"20210116213835","is_ascension_mode":false,"campfire_choices":[{"data":"dioMod:ZaWarudo","floor":12,"key":"SMITH"},{"floor":15,"key":"REST"},{"data":"Bite","floor":23,"key":"SMITH"},{"data":"TheSimpletonMod:Haymaker","floor":29,"key":"SMITH"},{"data":"dioMod:CutDeep","floor":32,"key":"SMITH"},{"data":"dioMod:Refresh","floor":41,"key":"SMITH"},{"data":"Pot Of Greed","floor":45,"key":"SMITH"},{"floor":49,"key":"RECALL"},{"data":"infinitespire:Fortify","floor":52,"key":"SMITH"}],"circlet_count":0,"master_deck":["dioMod:Strike","dioMod:Strike","dioMod:Strike","dioMod:Strike","Bite+1","dioMod:Defend","dioMod:Defend","dioMod:Defend","dioMod:Defend","Hallucinations","Survey Options+1","infinitespire:Fortify+1","TheSimpletonMod:Haymaker+1","dioMod:CautiousMuda","dioMod:DaggerSpree","dioMod:LaserVision","dioMod:TheWalk","dioMod:ZaWarudo+1","dioMod:Muda","dioMod:CutDeep+1","dioMod:Muda","dioMod:DaggerToss","dioMod:Hiss","dioMod:ZaWarudo+1","dioMod:Hiss+1","Pot Of Greed+1","Pot Of Greed","Pot Of Greed","dioMod:DominatingPresence","dioMod:DaggerSpree+1","ReplayTheSpireMod:Echoes of Time","dioMod:Muda+1","dioMod:Refresh+1","dioMod:SecretPlan+1","dioMod:Muda+1","infinitespire:Execution+1","dioMod:SecretPlan+1","dioMod:DarkRebirth+1"],"relics":["ReplayTheSpireMod:SealedPack","infinitespire:BottledMercury","Ornamental Fan","Bottled Flame","Ectoplasm","Grinning Jar","Sling","Bronze Scales","Kunai","Blood Vial","infinitespire:EvilPickle","Busted Crown","Bird Faced Urn","Replay:Wax Seal","Anchor","Toxic Egg 2","infinitespire:CursedDice","Lantern"],"acts_visited":["Exordium","TheCity","TheBeyond","TheEnding"],"potions_floor_usage":[50,55,55],"damage_taken":[{"damage":7,"enemies":"2 Louse","floor":1,"turns":4},{"damage":0,"enemies":"Small Slimes","floor":2,"turns":3},{"damage":6,"enemies":"Cultist","floor":5,"turns":3},{"damage":58,"enemies":"Lagavulin","floor":6,"turns":7},{"damage":13,"enemies":"Red Slaver","floor":7,"turns":3},{"damage":0,"enemies":"Exordium Thugs","floor":8,"turns":4},{"damage":2,"enemies":"2 Fungi Beasts","floor":10,"turns":4},{"damage":0,"enemies":"Red Slaver","floor":11,"turns":1},{"damage":14,"enemies":"Gremlin Nob","floor":13,"turns":3},{"damage":30,"enemies":"Hexaghost","floor":16,"turns":9},{"damage":0,"enemies":"3 Byrds","floor":18,"turns":4},{"damage":7,"enemies":"Shell Parasite","floor":20,"turns":4},{"damage":11,"enemies":"Snake Plant","floor":22,"turns":4},{"damage":8,"enemies":"Book of Stabbing","floor":25,"turns":4},{"damage":0,"enemies":"3 Cultists","floor":28,"turns":2},{"damage":0,"enemies":"Gremlin Leader","floor":30,"turns":2},{"damage":8,"enemies":"Centurion and Healer","floor":31,"turns":4},{"damage":12,"enemies":"Pondfish","floor":33,"turns":8},{"damage":11,"enemies":"3 Darklings","floor":35,"turns":3},{"damage":0,"enemies":"Mind Bloom Boss Battle","floor":36,"turns":2},{"damage":10,"enemies":"3 Shapes","floor":38,"turns":3},{"damage":0,"enemies":"Writhing Mass","floor":39,"turns":5},{"damage":15,"enemies":"beaked:SuperParasite","floor":40,"turns":3},{"damage":0,"enemies":"Nemesis","floor":42,"turns":3},{"damage":13,"enemies":"Maw","floor":46,"turns":5},{"damage":28,"enemies":"Sphere and 2 Shapes","floor":47,"turns":4},{"damage":5,"enemies":"Replay:Hell Engine","floor":50,"turns":3},{"damage":0,"enemies":"Shield and Spear","floor":54,"turns":4},{"damage":86,"enemies":"Kars","floor":55,"turns":7}],"seed_played":"8914730635073004100","potions_obtained":[{"floor":6,"key":"Strength Potion"},{"floor":8,"key":"Swift Potion"},{"floor":11,"key":"Energy Potion"},{"floor":18,"key":"CultistPotion"},{"floor":42,"key":"Cursed Concoction"}],"is_trial":false,"path_per_floor":["M","M","?","$","M","E","M","M","T","M","M","R","E","?","R","B",null,"M","?","M","$","M","R","AVR","E","T","$","M","R","E","M","R","B",null,"M","?","?","M","M","E","R","E","T","AVR","R","M","M","T","R","B",null,"R","$","E","B",null],"character_chosen":"THE_DEFAULT","items_purchased":["dioMod:LaserVision","Grinning Jar","dioMod:DominatingPresence","FearPotion"],"campfire_rested":1,"item_purchase_floors":[4,21,21,53],"current_hp_per_floor":[68,74,74,74,69,17,8,16,16,22,22,22,14,14,36,14,75,75,75,70,70,65,65,65,64,64,64,68,68,74,75,75,75,75,73,75,75,70,75,69,69,75,75,75,75,70,49,49,49,54,75,75,75,75,15],"gold":20,"neow_bonus":"BOSS_RELIC","is_daily":false,"chose_seed":false,"campfire_upgraded":7,"win_rate":0.0,"timestamp":1610851115,"path_taken":["M","M","?","$","M","E","M","M","T","M","M","R","E","?","R","BOSS","M","?","M","$","M","R","AVR","E","T","?","M","R","E","?","R","BOSS","M","?","?","M","M","E","R","E","T","AVR","R","?","M","?","R","BOSS","R","$","E","BOSS"],"items_purchased_type":["Card","Relic","Card","Potion"],"build_version":"2020-12-22","purchased_purges":1,"victory":true,"max_hp_per_floor":[75,75,75,75,75,75,75,75,75,75,75,75,75,75,75,75,75,75,75,75,75,75,75,75,75,75,75,75,75,75,75,75,75,75,75,75,75,75,75,75,75,75,75,75,75,75,75,75,75,75,75,75,75,75,75],"card_choices":[{"not_picked":["dioMod:Refresh","dioMod:GoldVial"],"picked":"dioMod:RoadRoller","floor":0},{"not_picked":["Blind","Dark Shackles"],"picked":"Survey Options","floor":0},{"not_picked":["infinitespire:NeuralNetwork","infinitespire:FinalStrike"],"picked":"infinitespire:Fortify","floor":0},{"not_picked":["MadScienceMod:PoweredStrike","mysticmod:ArcaneDodge"],"picked":"TheSimpletonMod:Haymaker","floor":0},{"not_picked":["dioMod:FlyAway","dioMod:ComboFever"],"picked":"dioMod:CautiousMuda","floor":1},{"not_picked":["dioMod:CutDeep","dioMod:VengefulMuda"],"picked":"dioMod:DaggerSpree","floor":2},{"not_picked":["dioMod:LaserVision","dioMod:WRYYY"],"picked":"dioMod:TheWalk","floor":5},{"not_picked":["dioMod:BlendIn","dioMod:Muda"],"picked":"dioMod:ZaWarudo","floor":6},{"not_picked":["dioMod:DisarmingVoice","dioMod:BloodSplash"],"picked":"dioMod:Muda","floor":7},{"not_picked":["dioMod:ComposedMuda","dioMod:BloodSplash"],"picked":"dioMod:CutDeep","floor":8},{"not_picked":["dioMod:DarkRebirth","dioMod:VengefulMuda"],"picked":"dioMod:Muda","floor":10},{"not_picked":["dioMod:CutDeep","dioMod:HeavyLifting"],"picked":"dioMod:DaggerToss","floor":11},{"not_picked":["dioMod:FlyAway","dioMod:SadisticLaugh"],"picked":"dioMod:Hiss","floor":13},{"not_picked":["dioMod:GoldVial","dioMod:PhantomBlood"],"picked":"dioMod:ZaWarudo","floor":16},{"not_picked":["dioMod:DarkRebirth+1","dioMod:Roundabout"],"picked":"dioMod:Hiss+1","floor":18},{"not_picked":["dioMod:Hiss","dioMod:Roundabout","dioMod:WRYYY"],"picked":"SKIP","floor":20},{"not_picked":["dioMod:ComboFever","dioMod:StreetSign"],"picked":"dioMod:DaggerSpree+1","floor":22},{"not_picked":["dioMod:HeavyLifting+1","dioMod:PhantomBlood"],"picked":"dioMod:Muda+1","floor":25},{"not_picked":["dioMod:ComboFever","dioMod:BloodShield","dioMod:CautiousMuda+1"],"picked":"SKIP","floor":28},{"not_picked":["dioMod:Freeze","dioMod:ComposedMuda","dioMod:Diversion"],"picked":"SKIP","floor":30},{"not_picked":["dioMod:CoffinBath","dioMod:ComposedMuda","dioMod:StreetSign"],"picked":"SKIP","floor":31},{"not_picked":["dioMod:PathToHeaven","dioMod:Despair"],"picked":"dioMod:Refresh","floor":33},{"not_picked":["dioMod:Roundabout+1"],"picked":"SKIP","floor":35},{"not_picked":[],"picked":"dioMod:SecretPlan+1","floor":36},{"not_picked":[],"picked":"dioMod:Muda+1","floor":38},{"not_picked":["dioMod:WRYYY"],"picked":"SKIP","floor":39},{"not_picked":["dioMod:RoadRoller"],"picked":"SKIP","floor":40},{"not_picked":["dioMod:BloodSplash"],"picked":"SKIP","floor":42},{"not_picked":[],"picked":"dioMod:SecretPlan+1","floor":46},{"not_picked":["dioMod:BloodSplash+1"],"picked":"SKIP","floor":47},{"not_picked":[],"picked":"dioMod:DarkRebirth+1","floor":54}],"player_experience":115392,"relics_obtained":[{"floor":6,"key":"infinitespire:BottledMercury"},{"floor":9,"key":"Ornamental Fan"},{"floor":13,"key":"Bottled Flame"},{"floor":25,"key":"Bronze Scales"},{"floor":26,"key":"Kunai"},{"floor":30,"key":"Blood Vial"},{"floor":36,"key":"Bird Faced Urn"},{"floor":40,"key":"Replay:Wax Seal"},{"floor":42,"key":"Anchor"},{"floor":43,"key":"Toxic Egg 2"},{"floor":54,"key":"Lantern"}],"event_choices":[{"damage_healed":0,"gold_gain":0,"player_choice":"Grow","damage_taken":0,"max_hp_gain":0,"max_hp_loss":0,"event_name":"Living Wall","floor":3,"gold_loss":0,"cards_upgraded":["Survey Options"]},{"damage_healed":0,"gold_gain":59,"player_choice":"Gained Gold","damage_taken":0,"max_hp_gain":0,"max_hp_loss":0,"event_name":"Golden Wing","floor":14,"gold_loss":0},{"damage_healed":0,"gold_gain":0,"player_choice":"Upgraded","damage_taken":0,"max_hp_gain":0,"max_hp_loss":0,"event_name":"Upgrade Shrine","floor":19,"gold_loss":0,"cards_upgraded":["dioMod:ZaWarudo"]},{"damage_healed":0,"gold_gain":0,"player_choice":"Fight","damage_taken":0,"max_hp_gain":0,"max_hp_loss":0,"event_name":"MindBloom","floor":36,"gold_loss":0},{"damage_healed":0,"gold_gain":0,"player_choice":"Ignored","damage_taken":0,"max_hp_gain":0,"max_hp_loss":0,"event_name":"SecretPortal","floor":37,"gold_loss":0}],"is_beta":false,"boss_relics":[{"not_picked":["ChewingGum","ReplayTheSpireMod:Onyx Gauntlets"],"picked":"Ectoplasm"},{"not_picked":["Honey Jar","Runic Pyramid"],"picked":"Busted Crown"}],"items_purged_floors":[21],"is_endless":false,"potions_floor_spawned":[6,8,11,16,18,20,25,28,35,38,40,42,54],"ascension_level":0}}