{"host":"tmgdm9kau0qip004","time":1610923839,"event":{"mods":["BaseMod","Downfall","KinomotoSakuraMod(ƒæ÷Æ±æ”£)","Marisa£®ÏF”Í°°ƒß¿Ì…≥£©","Minty Spire (QoL Compilation)","READ ME - Guardian Mod","Reimu£®≤©¿ˆ¡È√Œ£©","Remilia£®¿Ÿ√◊¿Ú—«£©","StSLib","The Senshi","Youmu£®ªÍ∆«—˝√Œ£©","Yuyuko","vexMod"],"gold_per_floor":[115,90,90,107,126,126,141,141,189,201,201,221,251,216,216,312,312,330,330,330,330],"floor_reached":20,"language":"ZHS","playtime":853,"items_purged":[],"score":174,"play_id":"970ceed4-79aa-4837-8fb7-deca7e29a512","local_time":"20210118065039","is_ascension_mode":false,"campfire_choices":[{"floor":6.0,"key":"RECALL"},{"data":"ClowCardTheBig","floor":8,"key":"SMITH"},{"data":"ClowCardTheWatery","floor":11,"key":"SMITH"},{"data":"ClowCardTheLittle","floor":15,"key":"SMITH"}],"circlet_count":0,"master_deck":["SakuraCardTheBig+","ClowCardTheSword","ClowCardTheSword","ClowCardTheSword","ClowCardTheSword+1","ClowCardTheShield+1","ClowCardTheShield","ClowCardTheShield","ClowCardTheShield","SpellCardSeal+1","SpellCardRelease","ClowCardTheWatery+1","ClowCardTheMist+1","ClowCardTheFreeze+1","ClowCardTheErase+1","ClowCardTheShot+1","ClowCardTheLittle+1","ClowCardTheTwin+1","ClowCardTheMaze"],"relics":["KSMOD_SealedBook","KSMOD_SealedWand","NeowsBlessing","Molten Egg 2","Juzu Bracelet","vexMod:ImprovementManual"],"acts_visited":["Exordium","TheCity"],"potions_floor_usage":[16,16,16,18],"damage_taken":[{"damage":0.0,"enemies":"2 Louse","floor":1.0,"turns":1.0},{"damage":0.0,"enemies":"Small Slimes","floor":4.0,"turns":1.0},{"damage":0.0,"enemies":"Cultist","floor":5.0,"turns":1.0},{"damage":10,"enemies":"3 Louse","floor":7,"turns":3},{"damage":13,"enemies":"2 Fungi Beasts","floor":10,"turns":4},{"damage":4,"enemies":"Exordium Wildlife","floor":12,"turns":3},{"damage":13,"enemies":"Gremlin Nob","floor":13,"turns":4},{"damage":23,"enemies":"The Guardian","floor":16,"turns":8},{"damage":24,"enemies":"Shell Parasite","floor":18,"turns":5}],"seed_played":"628632881814376420","potions_obtained":[{"floor":1.0,"key":"LiquidMemories"},{"floor":4.0,"key":"Strength Potion"},{"floor":12,"key":"Energy Potion"},{"floor":13,"key":"Slimebound:ThreeZeroPotion"},{"floor":18,"key":"Fruit Juice"}],"is_trial":false,"path_per_floor":["M","?","?","M","M","R","M","R","T","M","R","M","E","?","R","B",null,"M","?","$"],"character_chosen":"KINOMOTOSAKURA","items_purchased":[],"campfire_rested":0,"item_purchase_floors":[],"current_hp_per_floor":[70,70,70,70,70,70,60,60,60,47,47,43,30,47,47,24,70,51,37,37,37],"gold":330,"neow_bonus":"THREE_ENEMY_KILL","is_daily":false,"chose_seed":false,"campfire_upgraded":3,"win_rate":0.0,"timestamp":1610923839,"path_taken":["M","?","?","M","M","R","M","R","T","M","R","?","E","?","R","BOSS","M","?","$"],"items_purchased_type":[],"build_version":"2020-12-22","purchased_purges":0,"victory":false,"max_hp_per_floor":[70,70,70,70,70,70,70,70,70,70,70,70,70,70,70,70,70,75,80,80,80],"card_choices":[{"not_picked":["ClowCardTheEarthy","ClowCardTheDream"],"picked":"ClowCardTheWatery","floor":1.0},{"not_picked":["ClowCardTheIllusion","ClowCardTheLibra"],"picked":"ClowCardTheMist","floor":4.0},{"not_picked":["ClowCardTheArrow+1","ClowCardTheMaze"],"picked":"ClowCardTheFreeze+1","floor":5.0},{"not_picked":["ClowCardTheFloat","ClowCardTheFlower"],"picked":"ClowCardTheBig","floor":7},{"not_picked":["ClowCardTheLight","ClowCardTheArrow+1"],"picked":"ClowCardTheErase+1","floor":10},{"not_picked":["ClowCardTheMove","ClowCardTheLoop"],"picked":"ClowCardTheShot+1","floor":12},{"not_picked":["ClowCardTheLoop","ClowCardTheWatery"],"picked":"ClowCardTheLittle","floor":13},{"not_picked":["ClowCardTheDash","ClowCardTheReturn"],"picked":"ClowCardTheTwin","floor":16},{"not_picked":["ClowCardTheCloud","ClowCardTheDream+1"],"picked":"ClowCardTheMaze","floor":18}],"player_experience":124688,"relics_obtained":[{"floor":13,"key":"Juzu Bracelet"}],"event_choices":[{"damage_healed":0.0,"max_hp_gain":0.0,"max_hp_loss":0.0,"gold_gain":0.0,"event_name":"The Woman in Blue","player_choice":"Bought 0 Potions","floor":3.0,"gold_loss":0.0,"damage_taken":0.0},{"damage_healed":17,"gold_gain":0,"player_choice":"Healed","damage_taken":0,"max_hp_gain":0,"max_hp_loss":0,"event_name":"The Cleric","floor":14,"gold_loss":35},{"damage_healed":0,"gold_gain":0,"player_choice":"Shed Blood","damage_taken":19,"max_hp_gain":5,"max_hp_loss":0,"event_name":"Forgotten Altar","floor":19,"gold_loss":0}],"is_beta":false,"boss_relics":[{"not_picked":["vexMod:MegatonBomb","vexMod:TanglingVine"],"picked":"vexMod:ImprovementManual"}],"items_purged_floors":[],"is_endless":false,"potions_floor_spawned":[1,4,12,13,18],"ascension_level":0}}