{"host":"gg","time":1610856824,"event":{"mods":["BaseMod","Colored Map","Googly Eyes","Minty Spire (QoL Compilation)","Permanent Neow","Relic Stats","The IronCluck"],"gold_per_floor":[116,132,57,132,132,164,164,164,164,195,195,223,234,234,234,234,234],"floor_reached":16,"language":"ENG","playtime":2152,"items_purged":[],"score":332,"play_id":"b89c5e3d-a960-4a65-9850-4af6aab0c77d","local_time":"20210116201344","is_ascension_mode":true,"campfire_choices":[{"data":"TalkToTheHand","floor":8,"key":"SMITH"},{"data":"SandsOfTime","floor":15,"key":"SMITH"}],"circlet_count":0,"master_deck":["AscendersBane","Strike_P","Strike_P","Strike_P","Defend_P","Defend_P","Defend_P","Eruption","Vigilance","SashWhip","Wallop","TalkToTheHand+1","Meditate","SandsOfTime+1","EmptyFist","ThirdEye"],"relics":["Snecko Eye","Lantern","Calipers","Du-Vu Doll","Mummified Hand"],"acts_visited":["Exordium"],"potions_floor_usage":[10,12,16],"damage_taken":[{"damage":3,"enemies":"2 Louse","floor":1,"turns":2},{"damage":7,"enemies":"Small Slimes","floor":2,"turns":4},{"damage":16,"enemies":"Gremlin Nob","floor":6,"turns":3},{"damage":0,"enemies":"Lagavulin","floor":10,"turns":5},{"damage":0,"enemies":"3 Sentries","floor":12,"turns":3},{"damage":0,"enemies":"Jaw Worm","floor":13,"turns":2},{"damage":27,"enemies":"Hexaghost","floor":16,"turns":9}],"seed_played":"-8629176294352253483","potions_obtained":[{"floor":2,"key":"FearPotion"},{"floor":6,"key":"LiquidBronze"},{"floor":10,"key":"BlessingOfTheForge"},{"floor":12,"key":"BottledMiracle"}],"is_trial":false,"path_per_floor":["M","M","?","?","$","E","?","R","T","E","?","E","M","?","R","B"],"character_chosen":"WATCHER","items_purchased":[],"campfire_rested":0,"item_purchase_floors":[],"current_hp_per_floor":[58,51,51,40,40,24,24,24,24,24,24,24,24,24,24,0,0],"gold":234,"neow_bonus":"BOSS_RELIC","is_daily":false,"chose_seed":false,"campfire_upgraded":2,"win_rate":0.0,"timestamp":1610856824,"path_taken":["M","M","?","?","?","E","?","R","T","E","?","E","?","?","R","BOSS"],"items_purchased_type":[],"build_version":"2020-12-18","purchased_purges":0,"victory":false,"max_hp_per_floor":[68,68,68,68,68,68,68,68,68,68,68,68,68,68,68,68,68],"relic_stats":{"counters":[7,28],"Mummified Hand":[0],"Snecko Eye":[35,50,47,46],"obtain_stats":[{"Du-Vu Doll":10,"Lantern":6,"Calipers":9,"Mummified Hand":12,"Snecko Eye":0,"PureWater":0},{"Du-Vu Doll":4,"Lantern":3,"Calipers":3,"Mummified Hand":5,"Snecko Eye":0,"PureWater":0},{"Du-Vu Doll":14,"Lantern":9,"Calipers":9,"Mummified Hand":17,"Snecko Eye":0,"PureWater":0}]},"card_choices":[{"not_picked":["Protect","FollowUp"],"picked":"SashWhip","floor":1},{"not_picked":["LikeWater","CutThroughFate"],"picked":"Wallop","floor":2},{"not_picked":["EmptyFist","Wallop"],"picked":"TalkToTheHand","floor":6},{"not_picked":["Conclude","LikeWater"],"picked":"Meditate","floor":10},{"not_picked":["Protect","JustLucky"],"picked":"EmptyFist","floor":12},{"not_picked":["SignatureMove","Vengeance"],"picked":"ThirdEye","floor":13}],"player_experience":1216718,"relics_obtained":[{"floor":6,"key":"Lantern"},{"floor":9,"key":"Calipers"},{"floor":10,"key":"Du-Vu Doll"},{"floor":12,"key":"Mummified Hand"}],"event_choices":[{"cards_removed":["Defend_P"],"damage_healed":0,"gold_gain":0,"player_choice":"Card Removal","damage_taken":0,"max_hp_gain":0,"max_hp_loss":0,"event_name":"The Cleric","floor":3,"gold_loss":75},{"damage_healed":0,"gold_gain":75,"player_choice":"Gather Gold","damage_taken":11,"max_hp_gain":0,"max_hp_loss":0,"event_name":"World of Goop","floor":4,"gold_loss":0},{"damage_healed":0,"gold_gain":0,"player_choice":"Ignored","damage_taken":0,"max_hp_gain":0,"max_hp_loss":0,"event_name":"Golden Wing","floor":7,"gold_loss":0},{"damage_healed":0,"gold_gain":0,"cards_transformed":["Strike_P"],"player_choice":"Transformed","damage_taken":0,"max_hp_gain":0,"max_hp_loss":0,"event_name":"Transmorgrifier","floor":11,"gold_loss":0,"cards_obtained":["SandsOfTime"]},{"damage_healed":0,"gold_gain":0,"player_choice":"Ignored","damage_taken":0,"max_hp_gain":0,"max_hp_loss":0,"event_name":"Liars Game","floor":14,"gold_loss":0}],"is_beta":true,"boss_relics":[],"items_purged_floors":[],"is_endless":false,"potions_floor_spawned":[2,6,10,12],"killed_by":"Hexaghost","ascension_level":20}}