{"host":"kw4o7b3ro2ktmmbe","time":1610927286,"event":{"mods":["BaseMod","Evolution","Minty Spire (QoL Compilation)","StSLib"],"gold_per_floor":[109,109,109,122,197,197,222,222,222,222,11,11,59,105,105,211,211,229,303,33,51,86,86,86,86],"floor_reached":24,"language":"ENG","playtime":1990,"items_purged":[],"score":388,"play_id":"f81d8ba1-c913-43cf-ab6f-0aaa99624473","local_time":"20210118124806","is_ascension_mode":true,"campfire_choices":[{"data":"Wish","floor":8.0,"key":"SMITH"},{"data":"SandsOfTime","floor":10.0,"key":"SMITH"},{"data":"LikeWater","floor":12.0,"key":"SMITH"},{"floor":15.0,"key":"REST"},{"floor":23,"key":"REST"}],"circlet_count":0,"master_deck":["AscendersBane","FollowUp","FollowUp","FollowUp","FollowUp","Evaluate","Defend_P","Defend_P","Defend_P","Vigilance","SandsOfTime+1","Wish+1","LikeWater+1","FearNoEvil","Weave","Wish","LikeWater"],"relics":["PureWater","EVO:Axolotl","FaceOfCleric","Smiling Mask","Regal Pillow","Blood Vial","Sozu","Frozen Egg 2"],"acts_visited":["Exordium","TheCity"],"potions_floor_usage":[18],"damage_taken":[{"damage":3.0,"enemies":"2 Louse","floor":1.0,"turns":2.0},{"damage":0.0,"enemies":"Cultist","floor":4.0,"turns":4.0},{"damage":8.0,"enemies":"Lagavulin","floor":7.0,"turns":6.0},{"damage":0.0,"enemies":"Small Slimes","floor":13.0,"turns":3.0},{"damage":19.0,"enemies":"Exordium Wildlife","floor":14.0,"turns":5.0},{"damage":21.0,"enemies":"Slime Boss","floor":16.0,"turns":12.0},{"damage":28,"enemies":"2 Thieves","floor":18,"turns":4},{"damage":28,"enemies":"3 Byrds","floor":19,"turns":8},{"damage":1,"enemies":"Snecko","floor":21,"turns":9},{"damage":13,"enemies":"Snake Plant","floor":22,"turns":8},{"damage":58,"enemies":"Gremlin Leader","floor":24,"turns":4}],"seed_played":"-382255444737708627","potions_obtained":[{"floor":1.0,"key":"BottledMiracle"},{"floor":13.0,"key":"LiquidMemories"},{"floor":16.0,"key":"CultistPotion"}],"is_trial":false,"path_per_floor":["M","?","?","M","?","?","E","R","T","R","$","R","M","M","R","B",null,"M","M","$","M","M","R","E"],"character_chosen":"WATCHER","items_purchased":["Blood Vial","LikeWater","Frozen Egg 2"],"campfire_rested":2,"item_purchase_floors":[11,11,20],"current_hp_per_floor":[64,57,57,58,47,47,40,40,40,40,40,40,43,27,65,47,71,46,21,21,23,13,52,0,0],"gold":86,"neow_bonus":"TEN_PERCENT_HP_BONUS","is_daily":false,"chose_seed":false,"campfire_upgraded":3,"win_rate":0.0,"timestamp":1610927286,"path_taken":["M","?","?","?","?","?","E","R","T","R","?","R","M","M","R","BOSS","M","M","$","?","M","R","E"],"items_purchased_type":["Relic","Card","Relic"],"build_version":"2020-12-22","purchased_purges":0,"victory":false,"max_hp_per_floor":[74,74,74,75,75,75,76,76,76,76,76,76,77,78,78,79,79,80,81,81,82,83,83,83,83],"card_choices":[{"not_picked":["Indignation","CutThroughFate","ThirdEye"],"picked":"SKIP","floor":1.0},{"not_picked":["FearNoEvil","FlyingSleeves"],"picked":"SandsOfTime","floor":4.0},{"not_picked":["EmptyBody","Protect"],"picked":"Wish","floor":7.0},{"not_picked":["Sanctity","PathToVictory"],"picked":"FearNoEvil","floor":13.0},{"not_picked":["ClearTheMind","Prostrate"],"picked":"Weave","floor":14.0},{"not_picked":["Scrawl","Vault"],"picked":"Wish","floor":16.0},{"not_picked":["Wallop","WaveOfTheHand+1","Evaluate"],"picked":"SKIP","floor":18},{"not_picked":["Perseverance+1","Fasting2"],"picked":"LikeWater","floor":19},{"not_picked":["PathToVictory","FlyingSleeves","Evaluate"],"picked":"SKIP","floor":21},{"not_picked":["Halt","ClearTheMind","ThirdEye"],"picked":"SKIP","floor":22}],"player_experience":1812134,"relics_obtained":[{"floor":7.0,"key":"Smiling Mask"},{"floor":9.0,"key":"Regal Pillow"}],"event_choices":[{"cards_removed":["Eruption"],"damage_healed":0.0,"max_hp_gain":0.0,"max_hp_loss":0.0,"gold_gain":0.0,"event_name":"Golden Wing","player_choice":"Card Removal","floor":2.0,"gold_loss":0.0,"damage_taken":7.0},{"damage_healed":0.0,"max_hp_gain":0.0,"max_hp_loss":0.0,"gold_gain":0.0,"event_name":"FaceTrader","player_choice":"Trade","floor":3.0,"gold_loss":0.0,"damage_taken":0.0,"relics_obtained":["FaceOfCleric"]},{"damage_healed":0.0,"max_hp_gain":0.0,"max_hp_loss":0.0,"gold_gain":75.0,"event_name":"World of Goop","player_choice":"Gather Gold","floor":5.0,"gold_loss":0.0,"damage_taken":11.0},{"damage_healed":0.0,"max_hp_gain":0.0,"max_hp_loss":0.0,"gold_gain":0.0,"event_name":"Liars Game","player_choice":"Ignored","floor":6.0,"gold_loss":0.0,"damage_taken":0.0}],"is_beta":false,"boss_relics":[{"not_picked":["Astrolabe","Philosopher\u0027s Stone"],"picked":"Sozu"}],"items_purged_floors":[],"is_endless":false,"potions_floor_spawned":[1,13,16,19,22],"killed_by":"Gremlin Leader","ascension_level":17}}