{"host":"u1dfzl6o6mfmauc3","time":1610844936,"event":{"mods":["2.2 Compatiblity","AchievementEnabler","Bard","BaseMod","Block Reminder","Challenge The Spire","Dark Map","Hermit","Minty Spire (QoL Compilation)","Relic Stats","Robot Space Explorer","StSLib","The Cursed","The Disciple"],"gold_per_floor":[117,127,52,66,80,80,94,104,104,104,119,19,39,39,39,134,134,148,161,36,36,36,36,56,76,154,154,154],"floor_reached":27,"language":"ENG","playtime":549,"items_purged":["TheCursedMod:Wield","TheCursedMod:CleanUpWorkshop","TheCursedMod:CircleOfAbyss"],"score":284,"play_id":"02d4adb8-96f6-4d1a-9e54-b366c416ee68","local_time":"20210116195536","is_ascension_mode":false,"campfire_choices":[{"data":"TheCursedMod:CircleOfWindfury","floor":6,"key":"SMITH"},{"data":"TheCursedMod:CircleOfCorruption","floor":15,"key":"SMITH"},{"data":"TheCursedMod:CircleOfCorruption","floor":23,"key":"SMITH"}],"circlet_count":0,"master_deck":["Finesse","TheCursedMod:Stretching","TheCursedMod:Stretching","TheCursedMod:CircleOfCorruption+1","TheCursedMod:CircleOfCorruption+1","TheCursedMod:CircleOfWindfury+1"],"relics":["Busted Crown"],"acts_visited":["Exordium","TheCity"],"potions_floor_usage":[18,18,27,27,27],"damage_taken":[{"damage":0,"enemies":"Small Slimes","floor":1,"turns":1},{"damage":0,"enemies":"2 Louse","floor":2,"turns":2},{"damage":0,"enemies":"Cultist","floor":4,"turns":1},{"damage":0,"enemies":"Looter","floor":5,"turns":2},{"damage":0,"enemies":"2 Fungi Beasts","floor":7,"turns":2},{"damage":0,"enemies":"3 Louse","floor":8,"turns":3},{"damage":0,"enemies":"Exordium Wildlife","floor":11,"turns":1},{"damage":9,"enemies":"Red Slaver","floor":13,"turns":2},{"damage":0,"enemies":"Hexaghost","floor":16,"turns":1},{"damage":0,"enemies":"2 Thieves","floor":18,"turns":2},{"damage":0,"enemies":"Spheric Guardian","floor":19,"turns":1},{"damage":0,"enemies":"Snake Plant","floor":24,"turns":1},{"damage":0,"enemies":"Centurion and Healer","floor":25,"turns":1},{"damage":76,"enemies":"Slavers","floor":27,"turns":4}],"seed_played":"-2949534017571489103","potions_obtained":[{"floor":2,"key":"Block Potion"},{"floor":7,"key":"Block Potion"},{"floor":16,"key":"Weak Potion"},{"floor":24,"key":"Explosive Potion"},{"floor":25,"key":"ColorlessPotion"}],"is_trial":false,"path_per_floor":["M","M","$","M","M","R","M","M","T","?","M","$","M","?","R","B",null,"M","M","$","?","$","R","M","M","T","E"],"character_chosen":"THE_CURSED","items_purchased":[],"campfire_rested":0,"item_purchase_floors":[],"current_hp_per_floor":[75,75,75,75,75,75,75,75,75,68,68,68,59,75,75,75,75,75,75,75,75,75,75,75,75,75,0,0],"gold":154,"neow_bonus":"BOSS_RELIC","is_daily":false,"chose_seed":false,"campfire_upgraded":3,"win_rate":0.0,"timestamp":1610844936,"path_taken":["M","M","$","M","M","R","M","M","T","?","M","$","M","?","R","BOSS","M","M","$","?","$","R","M","?","T","E"],"items_purchased_type":[],"build_version":"2020-12-22","purchased_purges":3,"victory":false,"max_hp_per_floor":[75,75,75,75,75,75,75,75,75,75,75,75,75,75,75,75,75,75,75,75,75,75,75,75,75,75,75,75],"relic_stats":{"Busted Crown":26,"counters":[14,24],"obtain_stats":[{"Busted Crown":0,"TheCursedMod:PinkPellets":0},{"Busted Crown":0,"TheCursedMod:PinkPellets":0},{"Busted Crown":0,"TheCursedMod:PinkPellets":0}]},"card_choices":[{"not_picked":["TheCursedMod:Obscuration"],"picked":"SKIP","floor":1},{"not_picked":["TheCursedMod:Wield"],"picked":"SKIP","floor":2},{"not_picked":["TheCursedMod:SpitefulStrike"],"picked":"SKIP","floor":4},{"not_picked":["TheCursedMod:CursedShiv"],"picked":"SKIP","floor":5},{"not_picked":["TheCursedMod:CursedShiv"],"picked":"SKIP","floor":7},{"not_picked":["TheCursedMod:CircleOfFocus"],"picked":"SKIP","floor":8},{"not_picked":["TheCursedMod:FleshFromBone"],"picked":"SKIP","floor":11},{"not_picked":["TheCursedMod:SmokeScreen"],"picked":"SKIP","floor":13},{"not_picked":["TheCursedMod:FleshFromBone"],"picked":"SKIP","floor":18},{"not_picked":["TheCursedMod:ManaBullet+1"],"picked":"SKIP","floor":19},{"not_picked":["TheCursedMod:PrepareRite+1"],"picked":"SKIP","floor":24},{"not_picked":["TheCursedMod:CursedSpellbook"],"picked":"SKIP","floor":25}],"player_experience":88544,"relics_obtained":[],"event_choices":[{"cards_removed":["TheCursedMod:CursedWand"],"damage_healed":0,"gold_gain":0,"player_choice":"Card Removal","damage_taken":7,"max_hp_gain":0,"max_hp_loss":0,"event_name":"Golden Wing","floor":10,"gold_loss":0},{"damage_healed":25,"gold_gain":0,"player_choice":"Banana","damage_taken":0,"max_hp_gain":0,"max_hp_loss":0,"event_name":"Big Fish","floor":14,"gold_loss":0},{"damage_healed":0,"gold_gain":0,"player_choice":"Ignored","damage_taken":0,"max_hp_gain":0,"max_hp_loss":0,"event_name":"Duplicator","floor":21,"gold_loss":0}],"is_beta":false,"boss_relics":[{"not_picked":["Cursed Key","TheCursedMod:FourLeafCloverCharm","Black Star"]}],"items_purged_floors":[3,12,20],"is_endless":false,"potions_floor_spawned":[2,7,13,16,24,25],"killed_by":"Slavers","ascension_level":0}}