{"host":"bfxnw9us3ok3sr4c","time":1610926969,"event":{"mods":["Act Like it!","BaseMod","BetterRewards","Colored Map","Colored Powertips","Downfall","Hallownest","Hubris","Infinite Spire","Minty Spire (QoL Compilation)","StSLib","The Cursed"],"gold_per_floor":[99,118,118,118,131,31,31,1455,1355,1388,1405,1405,1405,1440,1451,1555,1555,1455,1473,1473,1473,1473,1486,1486,809,835,847,859,889,2047,2057,2070,2166,2166,2166,2177,2187,2187,2203,1870,1870,1870,1870,1489,1509,1059,1059,1087,1107,1107,1107,1134,506,506,506,506],"floor_reached":57,"language":"ENG","playtime":6423,"items_purged":["Regret","Pride","Slimebound:PressTheAttack"],"score":1430,"play_id":"9828828c-5aee-4845-8142-ca2793a7557e","local_time":"20210118024249","is_ascension_mode":false,"campfire_choices":[{"floor":1.0,"key":"RECALL"},{"data":"Slimebound:Split","floor":6.0,"key":"SMITH"},{"data":"Slimebound:Repurpose","floor":9.0,"key":"SMITH"},{"data":"Slimebound:RallyTheTroops","floor":13.0,"key":"SMITH"},{"data":"Slimebound:OneTwoCombo","floor":18.0,"key":"SMITH"},{"data":"1","floor":35.0,"key":"LIFT"},{"data":"2","floor":42.0,"key":"LIFT"},{"data":"3","floor":54,"key":"LIFT"}],"circlet_count":0,"master_deck":["Slimebound:Strike_Slimebound","Slimebound:Tackle","Slimebound:Defend_Slimebound","Slimebound:Defend_Slimebound","Slimebound:Split+1","Slimebound:CorrosiveSpit","Slimebound:ForwardTackle","Slimebound:Repurpose+1","Slimebound:SplitLeeching","Slimebound:SpikyOuterGoop","Slimebound:SplitMire","Slimebound:RainOfGoop","Slimebound:LevelUp","Swift Strike","Slimebound:ComboTackle","Slimebound:RallyTheTroops+1","Slimebound:FlameTackle","Slimebound:HauntingLick","Slimebound:OneTwoCombo+1","Slimebound:LivingWall","Slimebound:OneTwoCombo+1","Slimebound:MegaLick+1","Slimebound:PrepareCrush+1","Slimebound:FormOfPuddle+1","Slimebound:FinishingTackle+1","Slimebound:GoopSpray","Slimebound:Gluttony","Slimebound:Schlurp","Enlightenment","Slimebound:GoopTackle","expansioncontent:QuickStudy","Slimebound:Nibble+1","Slimebound:LeechEnergy","Slimebound:AcidTongue","Slimebound:Equalize","Apotheosis","Slimebound:Grow","Slimebound:PressTheAttack","Slimebound:DouseInSlime","Slimebound:SlimeSpikes+1","expansioncontent:StudyTheSpire","Slimebound:RollThrough+1","Slimebound:DisruptingSlam+1","Slimebound:MassFeed+1","Slimebound:PressTheAttack+1","Slimebound:LeechingTouch+1","Slimebound:Chomp+1","Sadistic Nature","Slimebound:SelfFormingGoo","Slimebound:SplitBruiser"],"relics":["Slimebound:AbsorbEndCombat","Ginger","hubris:PeanutButter","downfall:HeartBlessingRed","Meat on the Bone","downfall:HeartBlessingBlue","hubris:ToyBattleship","Gremlin Horn","Black Star","downfall:HeartBlessingGreen","Girya","DollysMirror","Astrolabe","infinitespire:Bottled Soul","StrikeDummy","Eternal Feather","Art of War","Omamori","Pear","Bag of Preparation","infinitespire:PuzzleCube","HornCleat","Sling","hubris:ScarierMask","WarpedTongs","Molten Egg 2","Membership Card","Boot","HandDrill","Orichalcum","Bottled Flame","Bird Faced Urn","hubris:DeckOfHolding","Oddly Smooth Stone","Pen Nib","Bronze Scales","FossilizedHelix","Strange Spoon"],"acts_visited":["Exordium","TheCity","TheBeyond","TheEnding"],"potions_floor_usage":[50,50,50,50,56,56,56,56,56,56],"damage_taken":[{"damage":11.0,"enemies":"2 Louse","floor":2.0,"turns":2.0},{"damage":0.0,"enemies":"Jaw Worm","floor":5.0,"turns":3.0},{"damage":0.0,"enemies":"downfall:FleeingMerchant","floor":8.0,"turns":4.0},{"damage":0.0,"enemies":"Lagavulin","floor":10.0,"turns":2.0},{"damage":0.0,"enemies":"Cultist","floor":11.0,"turns":2.0},{"damage":0.0,"enemies":"Gremlin Nob","floor":14.0,"turns":2.0},{"damage":0.0,"enemies":"Exordium Wildlife","floor":15.0,"turns":2.0},{"damage":17.0,"enemies":"IC_STATUS_ARCHETYPE","floor":16.0,"turns":3.0},{"damage":0.0,"enemies":"Shell Parasite","floor":19.0,"turns":2.0},{"damage":22.0,"enemies":"3 Byrds","floor":23.0,"turns":3.0},{"damage":0.0,"enemies":"downfall:FleeingMerchant","floor":25.0,"turns":4.0},{"damage":0.0,"enemies":"Gremlin Leader","floor":26.0,"turns":2.0},{"damage":3.0,"enemies":"Snake Plant","floor":27.0,"turns":2.0},{"damage":9.0,"enemies":"3 Cultists","floor":28.0,"turns":3.0},{"damage":0.0,"enemies":"Slavers","floor":29.0,"turns":2.0},{"damage":0.0,"enemies":"Shelled Parasite and Fungi","floor":31.0,"turns":2.0},{"damage":0.0,"enemies":"Cultist and Chosen","floor":32.0,"turns":2.0},{"damage":3.0,"enemies":"SI_MIRROR_ARCHETYPE","floor":33.0,"turns":3.0},{"damage":0.0,"enemies":"3 Darklings","floor":36.0,"turns":2.0},{"damage":0.0,"enemies":"3 Shapes","floor":37.0,"turns":2.0},{"damage":0.0,"enemies":"Writhing Mass","floor":39.0,"turns":2.0},{"damage":0.0,"enemies":"4 Shapes","floor":45.0,"turns":2.0},{"damage":0.0,"enemies":"Giant Head","floor":48.0,"turns":4.0},{"damage":1.0,"enemies":"Maw","floor":49.0,"turns":4.0},{"damage":17,"enemies":"WA_ARCHETYPE_DIVINITY","floor":50,"turns":4},{"damage":19,"enemies":"downfall:CharBossMerchant","floor":52,"turns":5},{"damage":0,"enemies":"downfall:NeowBoss","floor":55,"turns":7},{"damage":67,"enemies":"downfall:NeowBossFinal","floor":56,"turns":8}],"seed_played":"-748420087929682912","potions_obtained":[{"floor":10.0,"key":"Slimebound:SlimyTonguePotion"},{"floor":14.0,"key":"Energy Potion"},{"floor":15.0,"key":"LiquidMemories"},{"floor":16.0,"key":"SpeedPotion"},{"floor":23.0,"key":"Slimebound:SpawnSlimePotion"},{"floor":27.0,"key":"AttackPotion"},{"floor":29.0,"key":"ColorlessPotion"},{"floor":36.0,"key":"DuplicationPotion"},{"floor":49.0,"key":"EntropicBrew"}],"is_trial":false,"path_per_floor":["R","M","?","?","M","R","T","$","R","E","M","?","R","E","M","B",null,"R","M","?","AVR","?","M","T","$","E","M","M","E","$","M","M","B",null,"R","M","M","?","M","?","T","R","?","$","M","$","?","E","M","B",null,"E","$","R","B","B",null],"character_chosen":"SLIMEBOUND","items_purchased":["Meat on the Bone","Slimebound:PressTheAttack","Slimebound:SplitMire","Slimebound:RainOfGoop","Slimebound:LevelUp","Swift Strike","Slimebound:ComboTackle","Slimebound:SlimedPotion","AttackPotion","Slimebound:Gluttony","StrikeDummy","Eternal Feather","Slimebound:Schlurp","Enlightenment","Slimebound:GoopTackle","expansioncontent:QuickStudy","SkillPotion","Fire Potion","Apotheosis","infinitespire:PuzzleCube","HornCleat","Sling","ColorlessPotion","Strength Potion","Slimebound:Grow","Membership Card","expansioncontent:StudyTheSpire","Slimebound:RollThrough+1","Boot","Slimebound:SpawnSlimePotion","HandDrill","Orichalcum","Slimebound:MassFeed+1","SkillPotion","Bottled Flame","Slimebound:PressTheAttack+1","Bronze Scales","FossilizedHelix","Strange Spoon","Slimebound:Chomp+1","Sadistic Nature","Slimebound:SelfFormingGoo","Slimebound:SplitBruiser","EntropicBrew","DuplicationPotion","Fire Potion"],"campfire_rested":0,"item_purchase_floors":[8,8,8,8,8,8,8,8,8,25,25,25,25,25,25,25,25,25,30,30,30,30,30,30,30,44,44,44,44,44,46,46,46,46,46,46,53,53,53,53,53,53,53,53,53,53],"current_hp_per_floor":[65,55,52,52,53,53,53,55,65,68,70,70,70,72,73,60,75,75,75,75,75,75,55,55,64,69,68,62,78,78,85,85,85,85,85,85,85,85,85,96,96,96,96,96,96,96,96,96,96,85,96,94,94,96,96,54],"gold":506,"neow_bonus":"TRANSFORM_CARD","is_daily":false,"chose_seed":false,"campfire_upgraded":4,"win_rate":0.0,"timestamp":1610926969,"path_taken":["R","M","?","?","M","R","T","$","R","E","M","?","R","E","M","BOSS","R","M","?","AVR","?","M","T","$","E","M","M","E","?","M","M","BOSS","R","M","M","?","?","?","T","R","?","?","M","$","?","E","M","BOSS","E","$","R","BOSS","BOSS"],"items_purchased_type":["Relic","Card","Card","Card","Card","Card","Card","Potion","Potion","Card","Relic","Relic","Card","Card","Card","Card","Potion","Potion","Card","Relic","Relic","Relic","Potion","Potion","Card","Relic","Card","Card","Relic","Potion","Relic","Relic","Card","Potion","Relic","Card","Relic","Relic","Relic","Card","Card","Card","Card","Potion","Potion","Potion"],"build_version":"2020-12-22","purchased_purges":3,"victory":true,"max_hp_per_floor":[65,65,65,65,65,65,65,65,75,75,75,75,75,75,75,75,75,75,75,75,75,75,75,75,75,75,75,75,85,85,85,85,85,85,85,85,85,85,85,96,96,96,96,96,96,96,96,96,96,96,96,96,96,96,96,96],"card_choices":[{"not_picked":["Slimebound:GoopSpray","Slimebound:SplitBruiser"],"picked":"Slimebound:Repurpose","floor":2.0},{"not_picked":["Slimebound:GoopSpray","Slimebound:SplitAcid"],"picked":"Slimebound:SplitLeeching","floor":5.0},{"not_picked":["Slimebound:DuplicatedForm","Slimebound:ForwardTackle"],"picked":"Slimebound:SpikyOuterGoop","floor":8.0},{"not_picked":["Slimebound:LeechEnergy","Slimebound:SplitAcid"],"picked":"Slimebound:RallyTheTroops","floor":10.0},{"not_picked":["Slimebound:Prepare","Slimebound:LeechEnergy"],"picked":"Slimebound:FlameTackle","floor":11.0},{"not_picked":["Slimebound:RainOfGoop","Slimebound:SplitMire","Slimebound:PressTheAttack"],"picked":"SKIP","floor":14.0},{"not_picked":["Slimebound:SlimeSpikes","Slimebound:ServeAndProtect"],"picked":"Slimebound:HauntingLick","floor":15.0},{"not_picked":["Slimebound:Overexert","Slimebound:WasteNot"],"picked":"Slimebound:OneTwoCombo","floor":16.0},{"not_picked":["Slimebound:RollThrough","Slimebound:ComboTackle"],"picked":"Slimebound:LivingWall","floor":19.0},{"not_picked":["Slimebound:HauntingLick","Slimebound:SplitAcid"],"picked":"Slimebound:FinishingTackle+1","floor":23.0},{"not_picked":["Slimebound:SplitBruiser","Slimebound:HauntingLick"],"picked":"Slimebound:GoopSpray","floor":25.0},{"not_picked":["Slimebound:SlimeBarrage","Slimebound:SelfFormingGoo"],"picked":"Slimebound:Nibble+1","floor":26.0},{"not_picked":["Slimebound:GoopSpray","Slimebound:SplitAcid"],"picked":"Slimebound:LeechEnergy","floor":27.0},{"not_picked":["Slimebound:HauntingLick","Slimebound:ForwardTackle"],"picked":"Slimebound:AcidTongue","floor":28.0},{"not_picked":["Slimebound:SplitLeeching","Slimebound:Dissolve"],"picked":"Slimebound:Equalize","floor":29.0},{"not_picked":["Slimebound:LeechEnergy","Slimebound:BestDefense"],"picked":"Slimebound:PressTheAttack","floor":31.0},{"not_picked":["Slimebound:FlameTackle","Slimebound:LevelUp","Slimebound:LivingWall"],"picked":"SKIP","floor":32.0},{"not_picked":["Slimebound:PrepareCrush","Slimebound:DuplicatedForm"],"picked":"Slimebound:DouseInSlime","floor":33.0},{"not_picked":["Slimebound:ComboTackle","Slimebound:DivideAndConquer+1","Slimebound:Schlurp+1"],"picked":"SKIP","floor":36.0},{"not_picked":["Slimebound:LivingWall+1","Slimebound:GrowthPunch"],"picked":"Slimebound:SlimeSpikes+1","floor":37.0},{"not_picked":["Slimebound:AcidTongue+1","Slimebound:PressTheAttack","Slimebound:GoopSpray"],"picked":"SKIP","floor":39.0},{"not_picked":["Slimebound:GrowthPunch+1","Slimebound:Replication"],"picked":"Slimebound:DisruptingSlam+1","floor":45.0},{"not_picked":["Slimebound:LivingWall","Slimebound:ProtectTheBoss","Slimebound:Repurpose"],"picked":"SKIP","floor":48.0},{"not_picked":["Slimebound:RollThrough+1","Slimebound:LivingWall+1"],"picked":"Slimebound:LeechingTouch+1","floor":49.0},{"not_picked":["Slimebound:ComboTackle+1","Slimebound:FirmFortitude","Slimebound:Equalize+1"],"picked":"SKIP","floor":52}],"player_experience":275565,"relics_obtained":[{"floor":10.0,"key":"hubris:ToyBattleship"},{"floor":14.0,"key":"Gremlin Horn"},{"floor":24.0,"key":"infinitespire:Bottled Soul"},{"floor":26.0,"key":"Art of War"},{"floor":26.0,"key":"Omamori"},{"floor":29.0,"key":"Pear"},{"floor":29.0,"key":"Bag of Preparation"},{"floor":41.0,"key":"Molten Egg 2"},{"floor":48.0,"key":"Bird Faced Urn"},{"floor":48.0,"key":"hubris:DeckOfHolding"},{"floor":52,"key":"Oddly Smooth Stone"},{"floor":52,"key":"Pen Nib"}],"event_choices":[{"damage_healed":0.0,"max_hp_gain":0.0,"max_hp_loss":0.0,"gold_gain":0.0,"event_name":"Scrap Ooze","player_choice":"Success","floor":3.0,"gold_loss":0.0,"damage_taken":3.0,"relics_obtained":["Ginger"]},{"damage_healed":0.0,"max_hp_gain":0.0,"max_hp_loss":0.0,"gold_gain":0.0,"event_name":"Big Fish","player_choice":"Box","floor":4.0,"gold_loss":0.0,"damage_taken":0.0,"relics_obtained":["hubris:PeanutButter"],"cards_obtained":["Regret"]},{"damage_healed":0.0,"max_hp_gain":0.0,"max_hp_loss":0.0,"gold_gain":0.0,"event_name":"Addict","player_choice":"Stole Relic","floor":20.0,"gold_loss":0.0,"damage_taken":0.0,"relics_obtained":["Girya"],"cards_obtained":["Pride"]},{"damage_healed":0.0,"max_hp_gain":0.0,"max_hp_loss":0.0,"gold_gain":0.0,"event_name":"Accursed Blacksmith","player_choice":"Rummage","floor":38.0,"gold_loss":0.0,"damage_taken":0.0,"relics_obtained":["WarpedTongs"],"cards_obtained":["Pain"]},{"damage_healed":0.0,"max_hp_gain":0.0,"max_hp_loss":0.0,"gold_gain":0.0,"event_name":"NoteForYourself","player_choice":"Ignored","floor":47.0,"gold_loss":0.0,"damage_taken":0.0}],"is_beta":false,"boss_relics":[{"not_picked":["Philosopher\u0027s Stone","hubris:GrandSneckoEye"],"picked":"Black Star"},{"not_picked":["SlaversCollar","hubris:TerracottaHorce"],"picked":"hubris:ScarierMask"}],"items_purged_floors":[8,21,46],"is_endless":false,"potions_floor_spawned":[10,14,15,16,23,27,29,32,33,36,48,49],"ascension_level":0}}