{"host":"yzi164syo8zv6plh","time":1610914880,"event":{"mods":["Arknights The Spire","BaseMod","Chen","Marisa£®ÏF”Í°°ƒß¿Ì…≥£©","Minty Spire (QoL Compilation)","Onozuka Komachi Mod","Reimu£®≤©¿ˆ¡È√Œ£©","Remilia£®¿Ÿ√◊¿Ú—«£©","StSLib","The Administrix","Yakumo Yukari mod","Youmu£®ªÍ∆«—˝√Œ£©","Yuyuko"],"gold_per_floor":[113,63,63,30,30,58,58,78,105,137,137,151,180,193,193,294,294,310,324,334,334,354,354,354],"floor_reached":23,"language":"ZHS","playtime":1057,"items_purged":[],"score":200,"play_id":"299fa059-45cb-4751-a1ea-10601fe65868","local_time":"20210118042120","is_ascension_mode":true,"campfire_choices":[{"data":"ats:Emotion Absorption","floor":7,"key":"SMITH"},{"data":"ats:Guardian Obelisk","floor":11,"key":"SMITH"},{"data":"ats:Part Time Job","floor":15,"key":"SMITH"}],"circlet_count":0,"master_deck":["ats:Strike C","ats:Strike G","ats:Armor Crushing Shot","ats:Defend","ats:Defend","ats:Defend","ats:Emotion Absorption+1","ats:Guardian Obelisk+1","ats:Composite Medical Shells","ats:Ignite","ats:Soul Absorption","ats:Charging Defense","ats:Part Time Job+1","ats:Volcano","ats:Hammer On","ats:Very Hot Blade","ats:Apocalypse","ats:Very Hot Blade+1"],"relics":["ats:Sanity","NeowsBlessing","ats:Originium","Torii","Blue Candle","Happy Flower","Coffee Dripper"],"acts_visited":["Exordium","TheCity"],"potions_floor_usage":[13,16,16,16,22,23],"damage_taken":[{"damage":0,"enemies":"2 Louse","floor":1,"turns":1},{"damage":0,"enemies":"Lagavulin","floor":6,"turns":2},{"damage":0,"enemies":"Small Slimes","floor":8,"turns":2},{"damage":39,"enemies":"Gremlin Nob","floor":10,"turns":5},{"damage":1,"enemies":"Cultist","floor":12,"turns":4},{"damage":11,"enemies":"Lagavulin","floor":13,"turns":8},{"damage":0,"enemies":"2 Fungi Beasts","floor":14,"turns":5},{"damage":21,"enemies":"The Guardian","floor":16,"turns":17},{"damage":1,"enemies":"Chosen","floor":18,"turns":6},{"damage":32,"enemies":"2 Thieves","floor":19,"turns":5},{"damage":35,"enemies":"Cultist and Chosen","floor":20,"turns":7},{"damage":9,"enemies":"Snake Plant","floor":22,"turns":4},{"damage":27,"enemies":"Slavers","floor":23,"turns":2}],"seed_played":"-2339027877305743787","potions_obtained":[{"floor":6,"key":"SpeedPotion"},{"floor":10,"key":"CultistPotion"},{"floor":12,"key":"DuplicationPotion"},{"floor":13,"key":"SkillPotion"},{"floor":19,"key":"Block Potion"},{"floor":22,"key":"Ancient Potion"}],"is_trial":false,"path_per_floor":["M","?","?","$","?","E","R","M","T","E","R","M","E","M","R","B",null,"M","M","M","?","M","E"],"character_chosen":"DOCTOR_CLASS","items_purchased":["ats:Composite Medical Shells"],"campfire_rested":0,"item_purchase_floors":[4],"current_hp_per_floor":[72,72,65,65,65,65,65,65,65,26,26,25,14,20,20,59,72,72,47,24,24,28,3,3],"gold":354,"neow_bonus":"THREE_ENEMY_KILL","is_daily":false,"chose_seed":false,"campfire_upgraded":3,"win_rate":0.0,"timestamp":1610914880,"path_taken":["M","?","?","$","?","E","R","M","T","E","R","M","E","M","R","BOSS","M","M","M","?","M","E"],"items_purchased_type":["Card"],"build_version":"2020-12-22","purchased_purges":0,"victory":false,"max_hp_per_floor":[72,72,72,72,72,72,72,72,72,72,72,72,72,72,72,72,72,72,72,72,72,72,72,72],"card_choices":[{"not_picked":["ats:Apocalypse","ats:Directed Diagnosis"],"picked":"ats:Guardian Obelisk","floor":1},{"not_picked":["ats:Curse Doll","ats:Support Order"],"picked":"ats:Ignite","floor":6},{"not_picked":["ats:Childhood Dance","ats:Shell Defense"],"picked":"ats:Soul Absorption","floor":8},{"not_picked":["ats:Automatic Cover","ats:Curse Doll"],"picked":"ats:Charging Defense","floor":10},{"not_picked":["ats:Childhood Dance","ats:Assault Order","ats:Powerful Strike"],"picked":"SKIP","floor":12},{"not_picked":["ats:Hook Shot","ats:Shadow Raid"],"picked":"ats:Part Time Job","floor":13},{"not_picked":["ats:Shell Defense","ats:Cat Scratch","ats:Explosion Area Strengthen"],"picked":"SKIP","floor":14},{"not_picked":["ats:Fractured Body","ats:Disruption Kick"],"picked":"ats:Volcano","floor":16},{"not_picked":["ats:Explosion Area Strengthen","ats:Shell Defense"],"picked":"ats:Hammer On","floor":18},{"not_picked":["ats:Leaping Hammer","ats:Explosion Area Strengthen"],"picked":"ats:Very Hot Blade","floor":19},{"not_picked":["ats:Revitalization","ats:Magnetic Hammer","ats:Apocalypse"],"picked":"SKIP","floor":20},{"not_picked":["ats:Revitalization","ats:Magnetic Hammer"],"picked":"ats:Apocalypse","floor":20},{"not_picked":["ats:Curse Doll","ats:Song Of Battle+1"],"picked":"ats:Very Hot Blade+1","floor":22}],"player_experience":284931,"relics_obtained":[{"floor":6,"key":"ats:Originium"},{"floor":6,"key":"Torii"},{"floor":10,"key":"ats:Originium"},{"floor":10,"key":"Blue Candle"},{"floor":13,"key":"ats:Originium"},{"floor":13,"key":"Happy Flower"}],"event_choices":[{"cards_removed":["ats:Strike V"],"damage_healed":0,"gold_gain":0,"player_choice":"Card Removal","damage_taken":0,"max_hp_gain":0,"max_hp_loss":0,"event_name":"The Cleric","floor":2,"gold_loss":50},{"cards_removed":["ats:Defend"],"damage_healed":0,"gold_gain":0,"player_choice":"Card Removal","damage_taken":7,"max_hp_gain":0,"max_hp_loss":0,"event_name":"Golden Wing","floor":3,"gold_loss":0},{"cards_removed":["ats:Strike S"],"damage_healed":0,"gold_gain":0,"player_choice":"Purged","damage_taken":0,"max_hp_gain":0,"max_hp_loss":0,"event_name":"Purifier","floor":21,"gold_loss":0}],"is_beta":false,"boss_relics":[{"not_picked":["Pandora\u0027s Box","SlaversCollar"],"picked":"Coffee Dripper"}],"items_purged_floors":[],"is_endless":false,"potions_floor_spawned":[6,10,12,13,19,22],"killed_by":"Slavers","ascension_level":1}}