{"host":"ii5w5xfjx95sugaa","time":1610863659,"event":{"mods":["AchievementEnabler","BaseMod","Colored Powertips","Custom Start","Decade(王小明)","Minty Spire (QoL Compilation)","Permanent Neow","Quick Restart","SOS（斯巴达之子）","StSLib","The Bladedancer"],"gold_per_floor":[99,114,33,208,208,208,208,208,235,235,235,235,278,227,227,355,355,371,371,286,286,286,286,286,302,302,77,77,111,11,35,35,160,160,178,178,238,238,48,48,86,100,100,100,100,100,100],"floor_reached":48,"language":"ZHS","playtime":2447,"items_purged":["Normality","RideBooker_Skill_3+1"],"score":736,"play_id":"ddac19d9-a5d3-4740-8fda-5bc23292f8ec","local_time":"20210117140739","is_ascension_mode":false,"campfire_choices":[{"data":"NMDAZYYGL","floor":6.0,"key":"SMITH"},{"data":"KamenRide","floor":10.0,"key":"SMITH"},{"data":"FormRideBasshaa","floor":12.0,"key":"SMITH"},{"data":"RideBooker","floor":15.0,"key":"SMITH"},{"data":"DenO_Climax","floor":23.0,"key":"SMITH"},{"data":"DecadeViolentEmotion","floor":28.0,"key":"SMITH"},{"data":"KamenRideKuuga","floor":32.0,"key":"SMITH"},{"floor":40.0,"key":"REST"}],"circlet_count":0,"master_deck":["Decade_Attack+1","Decade_Attack+1","Decade_Attack+1","Decade_Attack+1","KamenRide+1","Decade_SpecialSkill","Decade_Defend+1","Decade_Defend+1","Decade_Defend+1","Decade_Defend+1","NMDAZYYGL+1","FormRideBasshaa+1","Blade_Slash","Decade_Defend3","DecadeViolentEmotion+1","Decade_Defend2","UnarmedAttack5","KamenRideKuuga+1","RideBooker+1","DenO_Climax+1","Kiva_Swallow","KamenRideKabuto","RideBooker_Skill_1+1","UnarmedAttack5","AutoVajin+1","RideBooker_Skill_1+1","Hibiki_Attack2","FormRideGaruru","FormRideTitan+1","Kabuto_ClockUp","DecadeViolentEmotion+1","Dragreder+1","RideBooker_Skill_2+1","Panache","Apotheosis","Hibiki_Attack3","Hibiki_Attack1","RideBooker_Skill_2","RideBooker_Skill_1+1"],"relics":["Decadriver","TOEIDeficitBill","Golden Idol","War Paint","Juzu Bracelet","Cursed Key","Bag of Preparation","MutagenicStrength","Orichalcum","OrangePellets","Vajra","Fusion Hammer","Gambling Chip","Blue Candle","Ice Cream","Spirit Poop"],"acts_visited":["Exordium","TheCity","TheBeyond"],"potions_floor_usage":[47],"damage_taken":[{"damage":1.0,"enemies":"Jaw Worm","floor":1.0,"turns":3.0},{"damage":0.0,"enemies":"Small Slimes","floor":2.0,"turns":2.0},{"damage":0.0,"enemies":"Cultist","floor":5.0,"turns":1.0},{"damage":0.0,"enemies":"Large Slime","floor":8.0,"turns":2.0},{"damage":12.0,"enemies":"3 Sentries","floor":13.0,"turns":5.0},{"damage":48.0,"enemies":"The Guardian","floor":16.0,"turns":9.0},{"damage":5.0,"enemies":"Chosen","floor":18.0,"turns":2.0},{"damage":15.0,"enemies":"Shell Parasite","floor":19.0,"turns":4.0},{"damage":0.0,"enemies":"Snake Plant","floor":21.0,"turns":1.0},{"damage":8.0,"enemies":"Centurion and Healer","floor":25.0,"turns":3.0},{"damage":0.0,"enemies":"Book of Stabbing","floor":29.0,"turns":1.0},{"damage":0.0,"enemies":"Sentry and Sphere","floor":31.0,"turns":4.0},{"damage":8.0,"enemies":"Champ","floor":33.0,"turns":6.0},{"damage":7.0,"enemies":"3 Darklings","floor":35.0,"turns":4.0},{"damage":5.0,"enemies":"2 Orb Walkers","floor":37.0,"turns":4.0},{"damage":0.0,"enemies":"Giant Head","floor":41.0,"turns":1.0},{"damage":0,"enemies":"Orb Walker","floor":42,"turns":1},{"damage":0,"enemies":"Transient","floor":45,"turns":1},{"damage":9,"enemies":"Donu and Deca","floor":47,"turns":7}],"seed_played":"7306072026333779575","potions_obtained":[{"floor":2.0,"key":"Explosive Potion"},{"floor":13.0,"key":"AttackPotion"},{"floor":18.0,"key":"EssenceOfSteel"}],"is_trial":false,"path_per_floor":["M","M","$","?","M","R","?","M","T","R","?","R","E","$","R","B",null,"M","M","?","M","?","R","?","M","T","$","R","E","$","M","R","B",null,"M","?","?","?","$","R","E","M","T","?","M","?","B",null],"character_chosen":"Decade","items_purchased":["Decade_Defend3","RideBooker","OrangePellets","Apotheosis"],"campfire_rested":1,"item_purchase_floors":[3,14,27,39],"current_hp_per_floor":[69,69,69,69,69,69,65,65,65,65,65,65,57,57,57,24,65,60,55,55,55,55,55,55,47,47,47,47,47,47,47,47,65,65,63,63,65,65,65,65,65,65,65,62,62,62,62],"gold":100,"neow_bonus":"ONE_RANDOM_RARE_CARD","is_daily":false,"chose_seed":false,"campfire_upgraded":7,"win_rate":0.0,"timestamp":1610863659,"path_taken":["M","M","$","?","M","R","?","?","T","R","?","R","E","$","R","BOSS","M","M","?","M","?","R","?","M","T","?","R","E","$","M","R","BOSS","M","?","?","?","$","R","E","M","T","?","M","?","BOSS"],"items_purchased_type":["Card","Card","Relic","Card"],"build_version":"2020-12-22","purchased_purges":2,"victory":true,"max_hp_per_floor":[70,70,70,70,70,70,65,65,65,65,65,65,65,65,65,65,65,65,65,65,65,65,65,65,65,65,65,65,65,65,65,65,65,65,65,65,65,65,65,65,65,65,65,62,62,62,62],"card_choices":[{"not_picked":["Blade_Slash","Hibiki_Attack3"],"picked":"FormRideBasshaa","floor":1.0},{"not_picked":["FormRideBasshaa","FormRideGaruru"],"picked":"RideBooker_Skill_3","floor":1.0},{"not_picked":["FormRideGaruru","UnarmedAttack1"],"picked":"Blade_Slash","floor":2.0},{"not_picked":["Blade_Beat","Decade_Invisible","FormRideJack"],"picked":"SKIP","floor":2.0},{"not_picked":["KamenRideDecade","Decade_Defend3"],"picked":"DecadeViolentEmotion","floor":5.0},{"not_picked":["FormRideTitan","UnarmedAttack1"],"picked":"Decade_Defend2","floor":8.0},{"not_picked":["DenO_Rod","UnarmedAttack1"],"picked":"UnarmedAttack5","floor":13.0},{"not_picked":["Hibiki_Attack1","FormRideStorm"],"picked":"KamenRideKuuga","floor":13.0},{"not_picked":["DecadeViolentEmotion","FormRideAxel"],"picked":"DenO_Climax","floor":16.0},{"not_picked":["NMDAZYYGL","Hibiki_FEVER"],"picked":"Kiva_Swallow","floor":16.0},{"not_picked":["DenO_Rod","AttackRide+1"],"picked":"KamenRideKabuto","floor":18.0},{"not_picked":["Blade_Beat","AttackRide"],"picked":"RideBooker_Skill_1+1","floor":19.0},{"not_picked":["FormRideFlame","FormRideStorm","Blade_Slash"],"picked":"SKIP","floor":19.0},{"not_picked":["Hibiki_Attack3","RideBooker"],"picked":"UnarmedAttack5","floor":21.0},{"not_picked":["FormRideAxel","Hibiki_Attack1"],"picked":"AutoVajin+1","floor":25.0},{"not_picked":["RideBooker_Skill_2","UnarmedAttack7"],"picked":"RideBooker_Skill_1+1","floor":25.0},{"not_picked":["Hibiki_Attack3","FormRideDogga+1"],"picked":"Hibiki_Attack2","floor":29.0},{"not_picked":["KamenRideDecade","UnarmedAttack7"],"picked":"FormRideGaruru","floor":31.0},{"not_picked":["Hibiki_Attack3+1","FormRideBasshaa"],"picked":"FormRideTitan+1","floor":31.0},{"not_picked":["Kiva_Eat","UnarmedAttack9"],"picked":"Kabuto_ClockUp","floor":33.0},{"not_picked":["Kiva_Swallow","Kuuga_Rising"],"picked":"DecadeViolentEmotion","floor":33.0},{"not_picked":["Blade_Beat+1","FormRideDragon"],"picked":"Dragreder+1","floor":35.0},{"not_picked":["Decade_Defend2+1","UnarmedAttack1","Kiva_Frozen+1"],"picked":"SKIP","floor":35.0},{"not_picked":["Kiva_Frozen+1","FormRideDogga"],"picked":"RideBooker_Skill_2+1","floor":37.0},{"not_picked":["Magnetism","Purity"],"picked":"Panache","floor":38.0},{"not_picked":["RideBooker_Skill_1+1","DragShield"],"picked":"Hibiki_Attack3","floor":41.0},{"not_picked":["Dragreder","KamenRideDecade"],"picked":"Hibiki_Attack1","floor":42},{"not_picked":["UnarmedAttack5+1","Blade_Slash+1"],"picked":"RideBooker_Skill_2","floor":42},{"not_picked":["UnarmedAttack5","Decade_Defend3"],"picked":"RideBooker_Skill_1+1","floor":45}],"player_experience":113482,"relics_obtained":[{"floor":9.0,"key":"War Paint"},{"floor":13.0,"key":"Juzu Bracelet"},{"floor":26.0,"key":"Orichalcum"},{"floor":29.0,"key":"Vajra"},{"floor":37.0,"key":"Gambling Chip"},{"floor":41.0,"key":"Blue Candle"},{"floor":43,"key":"Ice Cream"}],"event_choices":[{"damage_healed":0.0,"max_hp_gain":0.0,"max_hp_loss":0.0,"gold_gain":175.0,"event_name":"Liars Game","player_choice":"AGREE","floor":4.0,"gold_loss":0.0,"damage_taken":0.0,"cards_obtained":["Doubt"]},{"damage_healed":0.0,"max_hp_gain":0.0,"max_hp_loss":5.0,"gold_gain":0.0,"event_name":"Golden Idol","player_choice":"Lose Max HP","floor":7.0,"gold_loss":0.0,"damage_taken":0.0,"relics_obtained":["Golden Idol"]},{"cards_removed":["Doubt"],"damage_healed":0.0,"max_hp_gain":0.0,"max_hp_loss":0.0,"gold_gain":0.0,"event_name":"Purifier","player_choice":"Purged","floor":11.0,"gold_loss":0.0,"damage_taken":0.0},{"damage_healed":0.0,"max_hp_gain":0.0,"max_hp_loss":0.0,"gold_gain":0.0,"event_name":"Addict","player_choice":"Obtained Relic","floor":20.0,"gold_loss":85.0,"damage_taken":0.0,"relics_obtained":["Bag of Preparation"]},{"damage_healed":0.0,"max_hp_gain":0.0,"max_hp_loss":0.0,"gold_gain":0.0,"event_name":"Back to Basics","player_choice":"Simplicity","floor":22.0,"gold_loss":0.0,"damage_taken":0.0,"cards_upgraded":["Decade_Attack","Decade_Attack","Decade_Attack","Decade_Attack","Decade_Defend","Decade_Defend","Decade_Defend"]},{"damage_healed":0.0,"max_hp_gain":0.0,"max_hp_loss":0.0,"gold_gain":0.0,"event_name":"Drug Dealer","player_choice":"Inject Mutagens","floor":24.0,"gold_loss":0.0,"damage_taken":0.0,"relics_obtained":["MutagenicStrength"]},{"damage_healed":0.0,"max_hp_gain":0.0,"max_hp_loss":0.0,"gold_gain":0.0,"event_name":"Accursed Blacksmith","player_choice":"Forge","floor":36.0,"gold_loss":0.0,"damage_taken":0.0,"cards_upgraded":["DecadeViolentEmotion"]},{"damage_healed":0.0,"max_hp_gain":0.0,"max_hp_loss":0.0,"gold_gain":0.0,"event_name":"Mysterious Sphere","player_choice":"Fight","floor":37.0,"gold_loss":0.0,"damage_taken":0.0},{"damage_healed":0.0,"max_hp_gain":0.0,"max_hp_loss":0.0,"gold_gain":0.0,"event_name":"SensoryStone","player_choice":"Memory 1","floor":38.0,"gold_loss":0.0,"damage_taken":0.0},{"cards_removed":["Parasite"],"damage_healed":0,"gold_gain":0,"player_choice":"Offered Curse","damage_taken":0,"relics_obtained":["Spirit Poop"],"max_hp_gain":0,"max_hp_loss":0,"event_name":"Bonfire Elementals","floor":44,"gold_loss":0},{"damage_healed":0,"gold_gain":0,"player_choice":"Took Portal","damage_taken":0,"max_hp_gain":0,"max_hp_loss":0,"event_name":"SecretPortal","floor":46,"gold_loss":0}],"is_beta":false,"boss_relics":[{"not_picked":["SlaversCollar","Velvet Choker"],"picked":"Cursed Key"},{"not_picked":["Coffee Dripper","Empty Cage"],"picked":"Fusion Hammer"}],"items_purged_floors":[27,30],"is_endless":false,"potions_floor_spawned":[2,13,18,25],"ascension_level":0}}