{"host":"wmg3fl10arlg3jig","time":1610850381,"event":{"mods":["BaseMod","Better Match","Better Note","BetterRewards","Colored Powertips","MarisaÅiñ∂âJÅ@ñÇóùçπÅj","Mimic Mod","Minty Spire (QoL Compilation)","Permanent Neow","Quick Restart","Shop Mod","StSLib","Td1madao Mod","The Animator","The Jungle"],"gold_per_floor":[118,131,147,47,64,64,79,79,105,150,174,186,198,243,255,359,371,414,426,333,383,414,414,203,203,203,203,252,252,277,287,287,378,378,394,394,11,11,42,42,68,68,68],"floor_reached":42,"language":"ENG","playtime":1433,"items_purged":["Strike_MRS","Strike_MRS","Strike_MRS+1","FairyDestructionRay","UpSweep"],"score":1174,"play_id":"01308915-0497-449f-84cf-9e9d212d8a26","local_time":"20210116202621","is_ascension_mode":true,"campfire_choices":[{"data":"GalacticHalo","floor":6.0,"key":"SMITH"},{"data":"MasterSpark","floor":8.0,"key":"SMITH"},{"floor":13.0,"key":"REST"},{"floor":15.0,"key":"REST"},{"data":"GalacticHalo","floor":23.0,"key":"SMITH"},{"data":"EnergyFlow","floor":27.0,"key":"SMITH"},{"floor":29.0,"key":"REST"},{"floor":32.0,"key":"REST"},{"data":"GalacticHalo","floor":40.0,"key":"SMITH"}],"circlet_count":0,"master_deck":["AscendersBane","Defend_MRS+1","Defend_MRS+1","Defend_MRS+1","Defend_MRS+1","MasterSpark+1","GalacticHalo+1","EnergyFlow+1","WitchOfGreed","GalacticHalo+1","Madness","GalacticHalo+1","Master of Strategy"],"relics":["MiniHakkero","Omamori","MerchantsRug","Bag of Marbles","Orrery","Unceasing Top","MawBank","Happy Flower","Calling Bell","Smiling Mask","Question Card","FossilizedHelix","ClockworkSouvenir","Nunchaku","Runic Dome","TheAbacus","Juzu Bracelet"],"acts_visited":["Exordium","TheCity","TheBeyond"],"potions_floor_usage":[42],"damage_taken":[{"damage":0.0,"enemies":"Cultist","floor":1.0,"turns":2.0},{"damage":1.0,"enemies":"Small Slimes","floor":2.0,"turns":2.0},{"damage":0.0,"enemies":"2 Louse","floor":3.0,"turns":1.0},{"damage":5.0,"enemies":"Gremlin Gang","floor":5.0,"turns":2.0},{"damage":7.0,"enemies":"Exordium Wildlife","floor":7.0,"turns":3.0},{"damage":6.0,"enemies":"Lagavulin","floor":10.0,"turns":6.0},{"damage":0.0,"enemies":"3 Louse","floor":11.0,"turns":1.0},{"damage":0.0,"enemies":"2 Fungi Beasts","floor":14.0,"turns":4.0},{"damage":13.0,"enemies":"Hexaghost","floor":16.0,"turns":6.0},{"damage":9.0,"enemies":"Spheric Guardian","floor":18.0,"turns":4.0},{"damage":4.0,"enemies":"Shell Parasite","floor":22.0,"turns":6.0},{"damage":0.0,"enemies":"Book of Stabbing","floor":28.0,"turns":4.0},{"damage":9.0,"enemies":"Chosen and Byrds","floor":30.0,"turns":6.0},{"damage":10.0,"enemies":"Snake Plant","floor":31.0,"turns":4.0},{"damage":24.0,"enemies":"Automaton","floor":33.0,"turns":6.0},{"damage":0.0,"enemies":"Orb Walker","floor":35.0,"turns":4.0},{"damage":0.0,"enemies":"3 Shapes","floor":39.0,"turns":6.0},{"damage":8.0,"enemies":"Transient","floor":41.0,"turns":6.0},{"damage":14,"enemies":"3 Darklings","floor":42,"turns":7}],"seed_played":"3792953158401511098","potions_obtained":[{"floor":1.0,"key":"GamblersBrew"},{"floor":3.0,"key":"Block Potion"},{"floor":7.0,"key":"Swift Potion"},{"floor":14.0,"key":"FearPotion"},{"floor":16.0,"key":"FearPotion"},{"floor":18.0,"key":"DuplicationPotion"},{"floor":31.0,"key":"DuplicationPotion"},{"floor":33.0,"key":"ShroomBrew"},{"floor":33.0,"key":"Ancient Potion"},{"floor":35.0,"key":"Dexterity Potion"},{"floor":39.0,"key":"PowerPotion"},{"floor":41.0,"key":"Swift Potion"},{"floor":41.0,"key":"Dexterity Potion"}],"is_trial":false,"path_per_floor":["M","M","M","$","M","R","M","R","T","E","M","?","R","M","R","B",null,"M","?","$","?","M","R","$","?","T","R","E","R","M","M","R","B",null,"M","?","$","?","M","R","M","M"],"character_chosen":"MARISA","items_purchased":["Omamori","MerchantsRug","Bag of Marbles","Orrery","Explosive Potion","GalacticHalo","ClockworkSouvenir","GalacticHalo","TheAbacus","Juzu Bracelet"],"campfire_rested":4,"item_purchase_floors":[0,0,0,0,0,20,24,37,37,37],"current_hp_per_floor":[35,34,34,34,29,29,22,22,22,16,16,16,37,37,58,45,64,55,55,55,48,44,44,44,58,58,58,58,70,61,51,70,46,64,64,51,51,51,51,51,43,29,29],"gold":68,"neow_bonus":"","is_daily":false,"chose_seed":false,"campfire_upgraded":5,"win_rate":0.0,"timestamp":1610850381,"path_taken":["M","M","M","$","?","R","M","R","T","E","M","?","R","M","R","BOSS","M","?","$","?","?","R","$","?","T","R","E","R","M","M","R","BOSS","M","?","$","?","M","R","M","M"],"items_purchased_type":["Relic","Relic","Relic","Relic","Potion","Card","Relic","Card","Relic","Relic"],"build_version":"2020-12-22","purchased_purges":5,"victory":false,"max_hp_per_floor":[70,70,70,70,70,70,70,70,70,70,70,70,70,70,70,70,70,70,70,70,70,70,70,70,70,70,70,70,70,70,70,70,70,70,70,70,70,70,70,70,70,70,70],"card_choices":[{"not_picked":["EnergyFlow","WitchOfGreed"],"picked":"GalacticHalo","floor":0.0},{"not_picked":["BinaryStars","SporeBomb"],"picked":"FairyDestructionRay","floor":0.0},{"not_picked":["DeepEcoloBomb","Acceleration","ChargingUp"],"picked":"SKIP","floor":1.0},{"not_picked":["GrandCross","SporeBomb","UnstableBomb"],"picked":"SKIP","floor":2.0},{"not_picked":["UnstableBomb","OpenUniverse","6A"],"picked":"SKIP","floor":3.0},{"not_picked":["MilkyWay","UnstableBomb","6A"],"picked":"SKIP","floor":5.0},{"not_picked":["EscapeVelocity","SporeBomb","GravityBeat"],"picked":"SKIP","floor":7.0},{"not_picked":["EnergyFlow","6A","WitchLeyline"],"picked":"SKIP","floor":10.0},{"not_picked":["6A","WitchLeyline"],"picked":"EnergyFlow","floor":10.0},{"not_picked":["MilkyWay","MysteriousBeam","SuperPerseids"],"picked":"SKIP","floor":11.0},{"not_picked":["PowerUp","NonDirectionalLaser","BlazingStar"],"picked":"SKIP","floor":14.0},{"not_picked":["SuperPerseids","DragonMeteor","GravityBeat+1","NonDirectionalLaser"],"picked":"SKIP","floor":18.0},{"not_picked":["MeteoricShower","LuminesStrike","ShootTheMoon","MagicAbsorber"],"picked":"SKIP","floor":22.0},{"not_picked":["GrandCross","SprinkleStarSeal+1","Occultation","OneTimeOff+1"],"picked":"SKIP","floor":28.0},{"not_picked":["Acceleration","OrrerysSun+1","GrandCross","ShootingEcho"],"picked":"SKIP","floor":30.0},{"not_picked":["6A","MagicChant","LuminesStrike","GrandCross"],"picked":"SKIP","floor":31.0},{"not_picked":["GravityBeat","Acceleration","FairyDestructionRay+1","EventHorizon"],"picked":"SKIP","floor":35.0},{"not_picked":["GravityBeat","Acceleration","FairyDestructionRay+1","EventHorizon"],"picked":"SKIP","floor":35.0},{"not_picked":["UnstableBomb","RefractionSpark","MysteriousBeam","DarkSpark"],"picked":"SKIP","floor":39.0},{"not_picked":["DragonMeteor","OrrerysSun","ManaConvection+1","ShootingEcho"],"picked":"SKIP","floor":41.0}],"player_experience":260039,"relics_obtained":[{"floor":9.0,"key":"MawBank"},{"floor":10.0,"key":"Happy Flower"},{"floor":17.0,"key":"Smiling Mask"},{"floor":17.0,"key":"Question Card"},{"floor":17.0,"key":"FossilizedHelix"},{"floor":28.0,"key":"Nunchaku"}],"event_choices":[{"damage_healed":0.0,"max_hp_gain":0.0,"max_hp_loss":0.0,"gold_gain":0.0,"cards_transformed":["Strike_MRS"],"event_name":"Transmorgrifier","player_choice":"Transformed","floor":12.0,"gold_loss":0.0,"damage_taken":0.0,"cards_obtained":["WitchOfGreed"]},{"damage_healed":0.0,"max_hp_gain":0.0,"max_hp_loss":0.0,"gold_gain":0.0,"event_name":"Back to Basics","player_choice":"Simplicity","floor":19.0,"gold_loss":0.0,"damage_taken":0.0,"cards_upgraded":["Strike_MRS","Defend_MRS","Defend_MRS","Defend_MRS","Defend_MRS"]},{"damage_healed":0.0,"max_hp_gain":0.0,"max_hp_loss":0.0,"gold_gain":50.0,"event_name":"FaceTrader","player_choice":"Touch","floor":21.0,"gold_loss":0.0,"damage_taken":7.0},{"damage_healed":14.0,"max_hp_gain":0.0,"max_hp_loss":0.0,"gold_gain":0.0,"event_name":"The Library","player_choice":"Heal","floor":25.0,"gold_loss":0.0,"damage_taken":0.0},{"damage_healed":0.0,"max_hp_gain":0.0,"max_hp_loss":0.0,"gold_gain":0.0,"event_name":"Winding Halls","player_choice":"Embrace Madness","floor":36.0,"gold_loss":0.0,"damage_taken":13.0,"cards_obtained":["Madness","Madness"]},{"damage_healed":0.0,"max_hp_gain":0.0,"max_hp_loss":0.0,"gold_gain":0.0,"cards_transformed":["Madness"],"event_name":"Transmorgrifier","player_choice":"Transformed","floor":38.0,"gold_loss":0.0,"damage_taken":0.0,"cards_obtained":["Master of Strategy"]}],"is_beta":false,"boss_relics":[{"not_picked":["ExperimentalFamiliar","Ectoplasm"],"picked":"Calling Bell"},{"not_picked":["Snecko Eye","SlaversCollar"],"picked":"Runic Dome"}],"items_purged_floors":[0,4,20,24,37],"is_endless":false,"potions_floor_spawned":[1,2,3,7,22,31,33,35,41],"killed_by":"3 Darklings","ascension_level":18}}