{"host":"q9718omregw4er46","time":1610864464,"event":{"mods":["BaseMod","Bestiary","Colored Powertips","Minty Spire (QoL Compilation)","Quick Restart","Relic Stats"],"gold_per_floor":[359,373,59,72,72,102,118,145,171,96,96,129,145,177,177,249,249,261,311,38,38,50,50,75,89,115,131,156,174,274,304,304,380,380,397,416,416,431,431,431,431,431],"floor_reached":41,"language":"ENG","playtime":1790,"items_purged":["Strike_P","Strike_P"],"score":987,"play_id":"c3846b58-d6a9-45a1-a52d-e23bc49aaee9","local_time":"20210117112104","is_ascension_mode":true,"campfire_choices":[{"floor":11.0,"key":"REST"},{"data":"TalkToTheHand","floor":15.0,"key":"SMITH"},{"data":"Halt","floor":23.0,"key":"SMITH"},{"floor":32.0,"key":"REST"},{"floor":40.0,"key":"REST"}],"circlet_count":0,"master_deck":["AscendersBane","Eruption","Vigilance","Consecrate+1","Tantrum","FollowUp","WheelKick","TalkToTheHand+1","FearNoEvil","Halt+1","DevaForm","FlurryOfBlows","FlurryOfBlows+1","ThirdEye+1","Ragnarok+1","Writhe","TalkToTheHand+1","FlurryOfBlows+1","LessonLearned+1","Omniscience","Sanctity+1","Omniscience","WaveOfTheHand+1","Nirvana","ConjureBlade","CutThroughFate+1","Halt+1"],"relics":["PureWater","Question Card","Orichalcum","Centennial Puzzle","Boot","Bronze Scales","Darkstone Periapt","Cursed Key","Lee\u0027s Waffle","Kunai","Molten Egg 2","MealTicket","Dead Branch","Mummified Hand","Singing Bowl","Pandora\u0027s Box"],"acts_visited":["Exordium","TheCity","TheBeyond"],"potions_floor_usage":[41],"damage_taken":[{"damage":2.0,"enemies":"2 Louse","floor":1.0,"turns":4.0},{"damage":1.0,"enemies":"Cultist","floor":2.0,"turns":4.0},{"damage":7.0,"enemies":"Small Slimes","floor":4.0,"turns":3.0},{"damage":19.0,"enemies":"Gremlin Nob","floor":6.0,"turns":3.0},{"damage":0.0,"enemies":"Looter","floor":7.0,"turns":2.0},{"damage":39.0,"enemies":"Lagavulin","floor":8.0,"turns":8.0},{"damage":2.0,"enemies":"3 Sentries","floor":12.0,"turns":3.0},{"damage":3.0,"enemies":"Exordium Thugs","floor":13.0,"turns":2.0},{"damage":2.0,"enemies":"Gremlin Nob","floor":14.0,"turns":3.0},{"damage":18.0,"enemies":"The Guardian","floor":16.0,"turns":8.0},{"damage":18.0,"enemies":"Shell Parasite","floor":18.0,"turns":4.0},{"damage":0.0,"enemies":"Chosen","floor":22.0,"turns":3.0},{"damage":8.0,"enemies":"Book of Stabbing","floor":24.0,"turns":3.0},{"damage":6.0,"enemies":"Shelled Parasite and Fungi","floor":25.0,"turns":3.0},{"damage":2.0,"enemies":"3 Cultists","floor":27.0,"turns":4.0},{"damage":17.0,"enemies":"Gremlin Leader","floor":28.0,"turns":3.0},{"damage":0.0,"enemies":"Snecko","floor":29.0,"turns":2.0},{"damage":10.0,"enemies":"Colosseum Slavers","floor":30.0,"turns":3.0},{"damage":2.0,"enemies":"Colosseum Nobs","floor":30.0,"turns":2.0},{"damage":23.0,"enemies":"Slavers","floor":31.0,"turns":3.0},{"damage":9.0,"enemies":"Collector","floor":33.0,"turns":6.0},{"damage":46.0,"enemies":"3 Shapes","floor":35.0,"turns":3.0},{"damage":14.0,"enemies":"3 Darklings","floor":36.0,"turns":3.0},{"damage":0.0,"enemies":"Writhing Mass","floor":38.0,"turns":4.0},{"damage":26,"enemies":"Sphere and 2 Shapes","floor":41,"turns":2}],"seed_played":"-3436403492276384576","potions_obtained":[{"floor":2.0,"key":"SteroidPotion"},{"floor":4.0,"key":"Regen Potion"},{"floor":8.0,"key":"Weak Potion"},{"floor":12.0,"key":"SkillPotion"},{"floor":16.0,"key":"SkillPotion"},{"floor":18.0,"key":"Weak Potion"},{"floor":22.0,"key":"Explosive Potion"},{"floor":24.0,"key":"DistilledChaos"},{"floor":30.0,"key":"Fire Potion"},{"floor":31.0,"key":"Weak Potion"},{"floor":36.0,"key":"SteroidPotion"}],"is_trial":false,"path_per_floor":["M","M","$","M","?","E","M","E","T","$","R","E","M","E","R","B",null,"M","?","$","?","M","R","E","M","T","M","E","M","?","E","R","B",null,"M","M","?","M","?","R","M"],"character_chosen":"WATCHER","items_purchased":["Tantrum","Question Card","Lee\u0027s Waffle"],"campfire_rested":3,"item_purchase_floors":[3,3,20],"current_hp_per_floor":[59,58,58,51,51,32,32,8,8,8,26,24,21,19,19,1,47,29,29,69,69,69,69,61,55,61,59,42,42,30,7,29,20,61,15,3,3,3,3,24,0,0],"gold":431,"neow_bonus":"TWO_FIFTY_GOLD","is_daily":false,"chose_seed":false,"campfire_upgraded":2,"win_rate":0.0,"timestamp":1610864464,"path_taken":["M","M","$","M","?","E","?","E","T","?","R","E","M","E","R","BOSS","M","?","$","?","M","R","E","?","T","M","E","M","?","E","R","BOSS","M","M","?","M","?","R","M"],"items_purchased_type":["Card","Relic","Relic"],"build_version":"2020-12-22","purchased_purges":2,"victory":false,"max_hp_per_floor":[62,62,62,62,62,62,62,62,62,62,62,62,62,62,62,62,62,62,62,69,69,69,69,69,69,75,75,75,75,75,75,75,75,75,75,77,73,73,73,73,73,73],"relic_stats":{"Darkstone Periapt":6,"Lee\u0027s Waffle":40,"Singing Bowl":2,"counters":[25,88],"Dead Branch":[28],"Orichalcum":[60],"Question Card":21,"Boot":[185],"Cursed Key":1,"Centennial Puzzle":[48],"Mummified Hand":[12],"Bronze Scales":[173],"MealTicket":0,"Pandora\u0027s Box":["Sanctity","Omniscience","WaveOfTheHand","Nirvana","LikeWater","ConjureBlade"],"Kunai":[44],"obtain_stats":[{"Darkstone Periapt":14,"Lee\u0027s Waffle":20,"Singing Bowl":31,"Dead Branch":30,"Orichalcum":6,"Question Card":3,"Boot":9,"Cursed Key":17,"Centennial Puzzle":8,"Mummified Hand":30,"Bronze Scales":12,"Molten Egg 2":24,"MealTicket":28,"Pandora\u0027s Box":34,"Kunai":21,"PureWater":0},{"Darkstone Periapt":9,"Lee\u0027s Waffle":11,"Singing Bowl":20,"Dead Branch":19,"Orichalcum":4,"Question Card":2,"Boot":6,"Cursed Key":10,"Centennial Puzzle":6,"Mummified Hand":19,"Bronze Scales":7,"Molten Egg 2":13,"MealTicket":16,"Pandora\u0027s Box":21,"Kunai":11,"PureWater":0},{"Darkstone Periapt":32,"Lee\u0027s Waffle":44,"Singing Bowl":70,"Dead Branch":67,"Orichalcum":14,"Question Card":8,"Boot":24,"Cursed Key":40,"Centennial Puzzle":24,"Mummified Hand":67,"Bronze Scales":27,"Molten Egg 2":50,"MealTicket":60,"Pandora\u0027s Box":76,"Kunai":44,"PureWater":0}]},"card_choices":[{"not_picked":["Prostrate","ClearTheMind"],"picked":"Consecrate","floor":1.0},{"not_picked":["Halt","Worship","Fasting2"],"picked":"SKIP","floor":2.0},{"not_picked":["BowlingBash","ThirdEye","Protect","Prostrate"],"picked":"SKIP","floor":4.0},{"not_picked":["SandsOfTime","Brilliance","Consecrate"],"picked":"FollowUp","floor":6.0},{"not_picked":["EmptyMind","JustLucky","Collect"],"picked":"WheelKick","floor":7.0},{"not_picked":["PathToVictory","FollowUp","DeusExMachina"],"picked":"TalkToTheHand","floor":8.0},{"not_picked":["Collect","EmptyFist","FollowUp"],"picked":"FearNoEvil","floor":12.0},{"not_picked":["Crescendo","FlyingSleeves","SashWhip"],"picked":"Halt","floor":13.0},{"not_picked":["EmptyBody","Prostrate","Ragnarok","FollowUp"],"picked":"SKIP","floor":14.0},{"not_picked":["DeusExMachina","Scrawl","MasterReality"],"picked":"DevaForm","floor":16.0},{"not_picked":["FearNoEvil","BattleHymn","EmptyFist"],"picked":"FlurryOfBlows","floor":18.0},{"not_picked":["BowlingBash","Collect+1","Swivel"],"picked":"FlurryOfBlows","floor":22.0},{"not_picked":["FlyingSleeves+1","EmptyBody","PathToVictory"],"picked":"ThirdEye+1","floor":24.0},{"not_picked":["CutThroughFate+1","InnerPeace","JustLucky+1"],"picked":"Ragnarok+1","floor":25.0},{"not_picked":["ReachHeaven+1","CrushJoints+1","Consecrate+1"],"picked":"TalkToTheHand+1","floor":27.0},{"not_picked":["Brilliance+1","Halt","BowlingBash+1","CrushJoints+1"],"picked":"SKIP","floor":28.0},{"not_picked":["Indignation","PathToVictory","Wireheading"],"picked":"FlurryOfBlows+1","floor":29.0},{"not_picked":["Perseverance","Wallop+1","EmptyMind"],"picked":"LessonLearned+1","floor":31.0},{"not_picked":["Wish","Vault","Judgement"],"picked":"Omniscience","floor":33.0},{"not_picked":["SashWhip+1","CrushJoints+1","Protect+1"],"picked":"CutThroughFate+1","floor":35.0},{"not_picked":["SandsOfTime+1","Crescendo","FearNoEvil+1","Evaluate"],"picked":"Singing Bowl","floor":36.0},{"not_picked":["ThirdEye","ClearTheMind+1","FollowUp+1"],"picked":"Halt+1","floor":38.0}],"player_experience":1213165,"relics_obtained":[{"floor":6.0,"key":"Orichalcum"},{"floor":8.0,"key":"Centennial Puzzle"},{"floor":9.0,"key":"Boot"},{"floor":12.0,"key":"Bronze Scales"},{"floor":14.0,"key":"Darkstone Periapt"},{"floor":24.0,"key":"Molten Egg 2"},{"floor":28.0,"key":"MealTicket"},{"floor":30.0,"key":"Dead Branch"},{"floor":30.0,"key":"Mummified Hand"},{"floor":31.0,"key":"Singing Bowl"}],"event_choices":[{"damage_healed":0.0,"max_hp_gain":0.0,"max_hp_loss":0.0,"gold_gain":0.0,"event_name":"Upgrade Shrine","player_choice":"Upgraded","floor":5.0,"gold_loss":0.0,"damage_taken":0.0,"cards_upgraded":["Consecrate"]},{"damage_healed":0.0,"max_hp_gain":0.0,"max_hp_loss":0.0,"gold_gain":50.0,"event_name":"Nest","player_choice":"Stole From Cult","floor":19.0,"gold_loss":0.0,"damage_taken":0.0},{"damage_healed":0.0,"max_hp_gain":0.0,"max_hp_loss":0.0,"gold_gain":0.0,"event_name":"WeMeetAgain","player_choice":"Gave Potion","floor":21.0,"gold_loss":0.0,"damage_taken":0.0,"relics_obtained":["Kunai"]},{"damage_healed":0.0,"max_hp_gain":0.0,"max_hp_loss":0.0,"gold_gain":0.0,"event_name":"Colosseum","player_choice":"Fight","floor":30.0,"gold_loss":0.0,"damage_taken":0.0},{"damage_healed":0.0,"max_hp_gain":0.0,"max_hp_loss":0.0,"gold_gain":0.0,"event_name":"Colosseum","player_choice":"Fought Nobs","floor":30.0,"gold_loss":0.0,"damage_taken":0.0},{"damage_healed":0.0,"max_hp_gain":0.0,"max_hp_loss":4.0,"gold_gain":0.0,"event_name":"Winding Halls","player_choice":"Max HP","floor":37.0,"gold_loss":0.0,"damage_taken":0.0},{"cards_removed":["LikeWater"],"damage_healed":0.0,"max_hp_gain":0.0,"max_hp_loss":0.0,"gold_gain":0.0,"event_name":"Falling","player_choice":"Removed Power","floor":39.0,"gold_loss":0.0,"damage_taken":0.0}],"is_beta":false,"boss_relics":[{"not_picked":["SacredBark","Sozu"],"picked":"Cursed Key"},{"not_picked":["Tiny House","Coffee Dripper"],"picked":"Pandora\u0027s Box"}],"items_purged_floors":[10,20],"is_endless":false,"potions_floor_spawned":[2,4,8,12,16,18,22,24,30,31,36],"killed_by":"Sphere and 2 Shapes","ascension_level":20}}