{"host":"1dny1q6uquk6isnr","time":1610861775,"event":{"mods":["BaseMod","Curses Come First","Minty Spire (QoL Compilation)","Relic Stats","StSLib"],"gold_per_floor":[111,122,135,210,227,227,237,255,255,285,285,303,321,321,321,417,417,427,462,475,489,489,489,520,520,574,114,127,139,139,139,139,239,239,259,259,259,275,293,322,334,334,334],"floor_reached":42,"language":"ENG","playtime":3009,"items_purged":["Strike_G"],"score":658,"play_id":"2d189bc5-6463-4bb2-9fb7-55e9c9097423","local_time":"20210116213615","is_ascension_mode":true,"campfire_choices":[{"data":"Glass Knife","floor":6,"key":"SMITH"},{"data":"Wraith Form v2","floor":11,"key":"SMITH"},{"floor":15,"key":"REST"},{"data":"Calculated Gamble","floor":23,"key":"SMITH"},{"floor":30,"key":"REST"},{"data":"Venomology","floor":32,"key":"SMITH"}],"circlet_count":0,"master_deck":["Strike_G","Strike_G","Strike_G","Strike_G","Defend_G","Defend_G","Defend_G","Survivor","Neutralize","Tools of the Trade","PiercingWail","Dagger Spray","Glass Knife+1","Dodge and Roll","Wraith Form v2+1","Backflip","Venomology+1","Die Die Die","Outmaneuver+1","Calculated Gamble+1","Concentrate","Tactician","Terror","Deflect","Sucker Punch+1","Underhanded Strike+1","Storm of Steel","Caltrops","Wraith Form v2+1","Blur","Caltrops"],"relics":["Ring of the Snake","StrikeDummy","Darkstone Periapt","Runic Pyramid","Red Mask","Nloth\u0027s Gift","Smiling Mask","Pear","Omamori","Mummified Hand","Philosopher\u0027s Stone","Unceasing Top"],"acts_visited":["Exordium","TheCity","TheBeyond"],"potions_floor_usage":[10,12,16,16,19,19,21,21,24,24,33,33,33,35,39,40,40,41,41],"damage_taken":[{"damage":2,"enemies":"Jaw Worm","floor":1,"turns":7},{"damage":0,"enemies":"2 Louse","floor":2,"turns":4},{"damage":3,"enemies":"Small Slimes","floor":3,"turns":5},{"damage":9,"enemies":"Looter","floor":5,"turns":4},{"damage":4,"enemies":"Blue Slaver","floor":7,"turns":4},{"damage":6,"enemies":"Red Slaver","floor":8,"turns":3},{"damage":7,"enemies":"Lagavulin","floor":10,"turns":6},{"damage":20,"enemies":"Exordium Wildlife","floor":12,"turns":6},{"damage":0,"enemies":"2 Fungi Beasts","floor":13,"turns":2},{"damage":4,"enemies":"Slime Boss","floor":16,"turns":8},{"damage":3,"enemies":"Spheric Guardian","floor":18,"turns":6},{"damage":0,"enemies":"Masked Bandits","floor":19,"turns":3},{"damage":0,"enemies":"Chosen","floor":20,"turns":5},{"damage":1,"enemies":"Centurion and Healer","floor":21,"turns":10},{"damage":38,"enemies":"Book of Stabbing","floor":24,"turns":8},{"damage":0,"enemies":"3 Cultists","floor":28,"turns":5},{"damage":3,"enemies":"Snake Plant","floor":29,"turns":4},{"damage":37,"enemies":"Automaton","floor":33,"turns":11},{"damage":7,"enemies":"3 Darklings","floor":35,"turns":4},{"damage":2,"enemies":"3 Shapes","floor":38,"turns":5},{"damage":0,"enemies":"Transient","floor":39,"turns":5},{"damage":10,"enemies":"Giant Head","floor":40,"turns":10},{"damage":44,"enemies":"Writhing Mass","floor":41,"turns":9},{"damage":49,"enemies":"Nemesis","floor":42,"turns":8}],"seed_played":"-5408438559770321794","potions_obtained":[{"floor":5,"key":"DistilledChaos"},{"floor":8,"key":"GamblersBrew"},{"floor":12,"key":"CultistPotion"},{"floor":13,"key":"Block Potion"},{"floor":16,"key":"LiquidMemories"},{"floor":18,"key":"BlessingOfTheForge"},{"floor":20,"key":"DuplicationPotion"},{"floor":24,"key":"Fruit Juice"},{"floor":33,"key":"Explosive Potion"},{"floor":38,"key":"SpeedPotion"},{"floor":41,"key":"Dexterity Potion"}],"is_trial":false,"path_per_floor":["M","M","M","?","M","R","M","M","T","E","R","M","M","?","R","B",null,"M","?","M","M","?","R","E","?","T","$","M","M","R","T","R","B",null,"M","?","?","M","M","E","M","E"],"character_chosen":"THE_SILENT","items_purchased":["Deflect","Pear","Omamori"],"campfire_rested":2,"item_purchase_floors":[27,27,27],"current_hp_per_floor":[61,61,58,47,38,38,34,28,28,21,21,1,1,1,22,18,57,54,54,54,53,53,53,15,15,15,25,25,22,46,46,46,14,67,60,60,60,58,58,48,4,0,0],"gold":334,"neow_bonus":"TRANSFORM_CARD","is_daily":false,"chose_seed":false,"campfire_upgraded":4,"win_rate":0.0,"timestamp":1610861775,"path_taken":["M","M","M","?","M","R","M","M","T","E","R","M","M","?","R","BOSS","M","?","M","M","?","R","E","?","T","$","?","M","R","?","R","BOSS","M","?","?","M","?","E","M","E"],"items_purchased_type":["Card","Relic","Relic"],"build_version":"2020-12-22","purchased_purges":1,"victory":false,"max_hp_per_floor":[70,70,70,70,70,70,70,70,70,70,70,70,70,70,70,70,70,70,70,70,70,70,70,70,70,70,80,80,80,80,80,80,85,85,85,81,81,81,81,81,81,81,81],"relic_stats":{"Darkstone Periapt":0,"counters":[24,142],"Mummified Hand":[30],"Nloth\u0027s Gift":1,"Smiling Mask":25,"obtain_stats":[{"Darkstone Periapt":10,"Pear":27,"Omamori":27,"Smiling Mask":26,"Mummified Hand":31,"Philosopher\u0027s Stone":34,"Red Mask":19,"Bag of Marbles":24,"Nloth\u0027s Gift":25,"StrikeDummy":9,"Unceasing Top":40,"Ring of the Snake":0,"Runic Pyramid":17},{"Darkstone Periapt":7,"Pear":15,"Omamori":15,"Smiling Mask":15,"Mummified Hand":17,"Philosopher\u0027s Stone":18,"Red Mask":12,"Bag of Marbles":15,"Nloth\u0027s Gift":15,"StrikeDummy":6,"Unceasing Top":22,"Ring of the Snake":0,"Runic Pyramid":10},{"Darkstone Periapt":33,"Pear":81,"Omamori":81,"Smiling Mask":81,"Mummified Hand":90,"Philosopher\u0027s Stone":101,"Red Mask":58,"Bag of Marbles":81,"Nloth\u0027s Gift":81,"StrikeDummy":27,"Unceasing Top":125,"Ring of the Snake":0,"Runic Pyramid":49}],"Unceasing Top":[3],"Ring of the Snake":[48]},"card_choices":[{"not_picked":["Backflip","Cloak And Dagger"],"picked":"PiercingWail","floor":1},{"not_picked":["Deadly Poison","Cloak And Dagger"],"picked":"Dagger Spray","floor":2},{"not_picked":["Dagger Spray","Quick Slash"],"picked":"Glass Knife","floor":3},{"not_picked":["Backflip","Masterful Stab"],"picked":"Dodge and Roll","floor":5},{"not_picked":["Catalyst","Outmaneuver","Setup"],"picked":"SKIP","floor":7},{"not_picked":["Cloak And Dagger","PiercingWail","Slice"],"picked":"SKIP","floor":8},{"not_picked":["Choke","Dagger Spray"],"picked":"Wraith Form v2","floor":10},{"not_picked":["PiercingWail","Riddle With Holes","Dagger Throw"],"picked":"SKIP","floor":12},{"not_picked":["Deadly Poison","Cloak And Dagger"],"picked":"Backflip","floor":13},{"not_picked":["A Thousand Cuts","Bullet Time"],"picked":"Die Die Die","floor":16},{"not_picked":["Skewer","Bane+1"],"picked":"Outmaneuver+1","floor":18},{"not_picked":["Accuracy","Masterful Stab+1"],"picked":"Calculated Gamble","floor":19},{"not_picked":["Sucker Punch","Accuracy","Outmaneuver"],"picked":"SKIP","floor":20},{"not_picked":["Finisher","Distraction"],"picked":"Concentrate","floor":21},{"not_picked":["Bouncing Flask","Sucker Punch"],"picked":"Terror","floor":24},{"not_picked":["Dagger Spray","Outmaneuver"],"picked":"Sucker Punch+1","floor":28},{"not_picked":["Envenom","Masterful Stab"],"picked":"Underhanded Strike+1","floor":29},{"not_picked":["Doppelganger","Glass Knife"],"picked":"Storm of Steel","floor":33},{"not_picked":["PiercingWail+1","Dagger Throw"],"picked":"Caltrops","floor":35},{"not_picked":["Accuracy","Infinite Blades","Backflip"],"picked":"SKIP","floor":38},{"not_picked":["Blade Dance+1","Infinite Blades+1","Sucker Punch"],"picked":"SKIP","floor":39},{"not_picked":["Distraction","Accuracy"],"picked":"Blur","floor":40},{"not_picked":["Bane+1","Bouncing Flask+1"],"picked":"Caltrops","floor":41}],"player_experience":333567,"relics_obtained":[{"floor":9,"key":"StrikeDummy"},{"floor":10,"key":"Darkstone Periapt"},{"floor":19,"key":"Red Mask"},{"floor":24,"key":"Bag of Marbles"},{"floor":26,"key":"Smiling Mask"},{"floor":31,"key":"Mummified Hand"},{"floor":40,"key":"Unceasing Top"}],"event_choices":[{"damage_healed":0,"gold_gain":75,"player_choice":"Gather Gold","damage_taken":11,"max_hp_gain":0,"max_hp_loss":0,"event_name":"World of Goop","floor":4,"gold_loss":0},{"damage_healed":0,"gold_gain":0,"cards_transformed":["Defend_G"],"player_choice":"Change","damage_taken":0,"max_hp_gain":0,"max_hp_loss":0,"event_name":"Living Wall","floor":14,"gold_loss":0,"cards_obtained":["Venomology"]},{"damage_healed":0,"gold_gain":0,"player_choice":"Fought Bandits","damage_taken":0,"max_hp_gain":0,"max_hp_loss":0,"event_name":"Masked Bandits","floor":19,"gold_loss":0},{"damage_healed":0,"gold_gain":0,"player_choice":"Read","damage_taken":0,"max_hp_gain":0,"max_hp_loss":0,"event_name":"The Library","floor":22,"gold_loss":0,"cards_obtained":["Tactician"]},{"damage_healed":0,"gold_gain":0,"player_choice":"Traded Relic","damage_taken":0,"relics_obtained":["Nloth\u0027s Gift"],"max_hp_gain":0,"max_hp_loss":0,"event_name":"N\u0027loth","floor":25,"relics_lost":["Bag of Marbles"],"gold_loss":0},{"damage_healed":0,"gold_gain":0,"player_choice":"Max HP","damage_taken":0,"max_hp_gain":0,"max_hp_loss":4,"event_name":"Winding Halls","floor":36,"gold_loss":0},{"damage_healed":0,"gold_gain":0,"player_choice":"Copied","damage_taken":0,"max_hp_gain":0,"max_hp_loss":0,"event_name":"Duplicator","floor":37,"gold_loss":0,"cards_obtained":["Wraith Form v2"]}],"is_beta":false,"boss_relics":[{"not_picked":["Empty Cage","Tiny House"],"picked":"Runic Pyramid"},{"not_picked":["Astrolabe","Coffee Dripper"],"picked":"Philosopher\u0027s Stone"}],"items_purged_floors":[27],"is_endless":false,"potions_floor_spawned":[5,8,12,13,16,18,20,24,33,38,41],"killed_by":"Nemesis","ascension_level":9}}