{"host":"51mqhfpmwwd4kxyt","time":1610900326,"event":{"mods":["BaseMod","Downfall","Highlight Path","Minty Spire (QoL Compilation)","READ ME - Guardian Mod","StSLib","The Cursed","The Servant 0.9.4"],"gold_per_floor":[12,12,26,43,56,56,85,97,132,158,170,182,182,204,216,323,335,363,393,330,352,364,392,419,431,443,472,504,516,528,559,571,583,583],"floor_reached":33,"language":"ENG","playtime":2649,"items_purged":[],"score":344,"play_id":"32717d24-2109-42c6-9adc-54add673fea5","local_time":"20210117111846","is_ascension_mode":true,"campfire_choices":[{"data":"Apotheosis","floor":6,"key":"SMITH"},{"floor":8,"key":"REST"},{"data":"Setup","floor":12,"key":"SMITH"},{"floor":15,"key":"REST"},{"floor":25,"key":"REST"},{"floor":29,"key":"REST"},{"floor":32,"key":"REST"}],"circlet_count":0,"master_deck":["Strike_G","Strike_G","Defend_G","Defend_G","Defend_G","Defend_G","Survivor","Neutralize","Apotheosis+1","Setup+1","Dagger Throw","Quick Slash","Endless Agony","Acrobatics","Night Terror","Flying Knee","PiercingWail","Outmaneuver","Dodge and Roll","Tools of the Trade"],"relics":["Ring of the Snake","MawBank","Snake Skull","Runic Pyramid","Sundial"],"acts_visited":["Exordium","TheCity"],"potions_floor_usage":[10,13,24,31,33],"damage_taken":[{"damage":3,"enemies":"2 Louse","floor":1,"turns":5},{"damage":8,"enemies":"Cultist","floor":3,"turns":4},{"damage":0,"enemies":"Small Slimes","floor":4,"turns":3},{"damage":0,"enemies":"2 Fungi Beasts","floor":5,"turns":6},{"damage":1,"enemies":"Lagavulin","floor":7,"turns":7},{"damage":5,"enemies":"3 Louse","floor":10,"turns":5},{"damage":3,"enemies":"Exordium Thugs","floor":13,"turns":5},{"damage":11,"enemies":"Looter","floor":14,"turns":3},{"damage":56,"enemies":"The Guardian","floor":16,"turns":18},{"damage":0,"enemies":"Shell Parasite","floor":18,"turns":7},{"damage":0,"enemies":"Chosen","floor":19,"turns":5},{"damage":25,"enemies":"Centurion and Healer","floor":21,"turns":7},{"damage":15,"enemies":"Shelled Parasite and Fungi","floor":23,"turns":8},{"damage":23,"enemies":"Cultist and Chosen","floor":24,"turns":10},{"damage":4,"enemies":"Snake Plant","floor":27,"turns":6},{"damage":22,"enemies":"Sentry and Sphere","floor":28,"turns":6},{"damage":21,"enemies":"Centurion and Healer","floor":31,"turns":6},{"damage":81,"enemies":"Champ","floor":33,"turns":16}],"seed_played":"1760049248518063456","potions_obtained":[{"floor":3,"key":"LiquidBronze"},{"floor":4,"key":"BlessingOfTheForge"},{"floor":5,"key":"FairyPotion"},{"floor":7,"key":"ColorlessPotion"},{"floor":13,"key":"Ancient Potion"},{"floor":18,"key":"ColorlessPotion"},{"floor":22,"key":"EntropicBrew"},{"floor":23,"key":"Regen Potion"},{"floor":27,"key":"Strength Potion"},{"floor":28,"key":"Energy Potion"}],"is_trial":false,"path_per_floor":["M","?","M","M","M","R","E","R","T","M","?","R","M","M","R","B",null,"M","M","?","M","?","M","M","R","T","M","M","R","?","M","R","B"],"character_chosen":"THE_SILENT","items_purchased":[],"campfire_rested":5,"item_purchase_floors":[],"current_hp_per_floor":[60,60,52,52,52,52,51,70,70,65,58,58,55,44,65,9,55,55,55,55,30,30,15,7,28,28,24,2,23,23,2,23,0,0],"gold":583,"neow_bonus":"RANDOM_COLORLESS_2","is_daily":false,"chose_seed":false,"campfire_upgraded":2,"win_rate":0.0,"timestamp":1610900326,"path_taken":["M","?","?","M","M","R","E","R","T","M","?","R","M","M","R","BOSS","M","M","?","M","?","M","M","R","T","?","M","R","?","?","R","BOSS"],"items_purchased_type":[],"build_version":"2020-12-22","purchased_purges":0,"victory":false,"max_hp_per_floor":[70,70,70,70,70,70,70,70,70,70,70,70,70,70,70,70,70,70,70,70,70,70,70,70,70,70,70,70,70,70,70,70,70,70],"card_choices":[{"not_picked":["The Bomb","Panache"],"picked":"Apotheosis","floor":0},{"not_picked":["Deflect","Escape Plan"],"picked":"Setup","floor":1},{"not_picked":["Endless Agony","Choke"],"picked":"Dagger Throw","floor":3},{"not_picked":["Endless Agony","Underhanded Strike","Dagger Spray"],"picked":"SKIP","floor":4},{"not_picked":["Distraction","Underhanded Strike"],"picked":"Quick Slash","floor":5},{"not_picked":["Envenom","Finisher","Underhanded Strike"],"picked":"SKIP","floor":7},{"not_picked":["Bouncing Flask","Poisoned Stab"],"picked":"Endless Agony","floor":10},{"not_picked":["Crippling Poison","Backstab","Catalyst"],"picked":"SKIP","floor":13},{"not_picked":["Endless Agony","Well Laid Plans"],"picked":"Acrobatics","floor":14},{"not_picked":["Tools of the Trade","A Thousand Cuts"],"picked":"Night Terror","floor":16},{"not_picked":["Slice","Blade Dance+1"],"picked":"Flying Knee","floor":18},{"not_picked":["Bouncing Flask+1","Underhanded Strike","Flying Knee"],"picked":"SKIP","floor":19},{"not_picked":["Poisoned Stab","Caltrops"],"picked":"PiercingWail","floor":21},{"not_picked":["Backstab","Dagger Throw"],"picked":"Outmaneuver","floor":23},{"not_picked":["Endless Agony","Quick Slash"],"picked":"Dodge and Roll","floor":24},{"not_picked":["Backflip","Infinite Blades+1","Acrobatics+1"],"picked":"SKIP","floor":27},{"not_picked":["Bouncing Flask","Catalyst+1","Slice"],"picked":"SKIP","floor":28},{"not_picked":["Accuracy+1","Dagger Throw","Corpse Explosion"],"picked":"SKIP","floor":31}],"player_experience":402781,"relics_obtained":[{"floor":7,"key":"MawBank"},{"floor":9,"key":"Snake Skull"},{"floor":26,"key":"Sundial"}],"event_choices":[{"cards_removed":["Strike_G"],"damage_healed":0,"gold_gain":0,"player_choice":"Offered Basic","damage_taken":0,"max_hp_gain":0,"max_hp_loss":0,"event_name":"Bonfire Elementals","floor":2,"gold_loss":0},{"cards_removed":["Strike_G"],"damage_healed":0,"gold_gain":0,"player_choice":"Card Removal","damage_taken":7,"max_hp_gain":0,"max_hp_loss":0,"event_name":"Golden Wing","floor":11,"gold_loss":0},{"cards_removed":["Defend_G"],"damage_healed":0,"gold_gain":0,"player_choice":"Gave Gold","damage_taken":0,"max_hp_gain":0,"max_hp_loss":0,"event_name":"Beggar","floor":20,"gold_loss":75},{"damage_healed":0,"gold_gain":0,"player_choice":"Got Potions","damage_taken":0,"max_hp_gain":0,"max_hp_loss":0,"event_name":"Lab","floor":22,"gold_loss":0},{"damage_healed":0,"gold_gain":0,"cards_transformed":["Strike_G"],"player_choice":"Transformed","damage_taken":0,"max_hp_gain":0,"max_hp_loss":0,"event_name":"Transmorgrifier","floor":30,"gold_loss":0,"cards_obtained":["Tools of the Trade"]}],"is_beta":false,"boss_relics":[{"not_picked":["SacredBark","Pandora\u0027s Box"],"picked":"Runic Pyramid"}],"items_purged_floors":[],"is_endless":false,"potions_floor_spawned":[3,4,5,7,13,18,23,27,28],"killed_by":"Champ","ascension_level":7}}