{"host":"kg61lsvem4dxoat8","time":1610897055,"event":{"mods":["BaseMod","Colored Powertips","Minty Spire (QoL Compilation)","Quick Restart","Rare Cards Sparkle","Relic Stats","slay the spire mod where everything is the same but ironclad has a cowboy hat"],"gold_per_floor":[116,134,134,134,59,59,93,93,93,93,93],"floor_reached":10,"language":"ENG","playtime":88,"items_purged":["Strike_G"],"score":156,"play_id":"348c14d2-85e9-43e1-9cbd-55e5eefe5d36","local_time":"20210117232415","is_ascension_mode":true,"campfire_choices":[{"data":"Survivor","floor":6,"key":"SMITH"}],"circlet_count":0,"master_deck":["AscendersBane","Strike_G","Strike_G","Strike_G","Strike_G","Defend_G","Defend_G","Defend_G","Defend_G","Defend_G","Survivor+1","Neutralize+1","Cloak And Dagger+1","Infinite Blades+1"],"relics":["Ring of the Snake","NeowsBlessing","Golden Idol","Oddly Smooth Stone","Singing Bowl"],"acts_visited":["Exordium"],"potions_floor_usage":[],"damage_taken":[{"damage":0,"enemies":"Cultist","floor":1,"turns":1},{"damage":0,"enemies":"2 Louse","floor":2,"turns":1},{"damage":0,"enemies":"3 Sentries","floor":7,"turns":1},{"damage":45,"enemies":"Gremlin Nob","floor":10,"turns":5}],"seed_played":"144269486662353861","potions_obtained":[],"is_trial":false,"path_per_floor":["M","M","?","?","$","R","E","?","T","E"],"character_chosen":"THE_SILENT","items_purchased":[],"campfire_rested":0,"item_purchase_floors":[],"current_hp_per_floor":[59,59,59,41,41,41,41,41,41,0,0],"gold":93,"neow_bonus":"THREE_ENEMY_KILL","is_daily":false,"chose_seed":false,"campfire_upgraded":1,"win_rate":0.0,"timestamp":1610897055,"path_taken":["M","?","?","?","$","R","E","?","T","E"],"items_purchased_type":[],"build_version":"2020-12-22","purchased_purges":1,"victory":false,"max_hp_per_floor":[66,66,60,60,60,60,60,60,60,60,60],"relic_stats":{"Singing Bowl":0,"counters":[4,8],"Golden Idol":7,"obtain_stats":[{"NeowsBlessing":0,"Singing Bowl":9,"Golden Idol":3,"Oddly Smooth Stone":7,"Ring of the Snake":0},{"NeowsBlessing":0,"Singing Bowl":3,"Golden Idol":2,"Oddly Smooth Stone":3,"Ring of the Snake":0},{"NeowsBlessing":0,"Singing Bowl":3,"Golden Idol":2,"Oddly Smooth Stone":3,"Ring of the Snake":0}],"Ring of the Snake":[8]},"card_choices":[{"not_picked":["Flechettes","Quick Slash"],"picked":"Cloak And Dagger","floor":1},{"not_picked":["Crippling Poison","Riddle With Holes","Poisoned Stab"],"picked":"SKIP","floor":2},{"not_picked":["Bane","Dodge and Roll"],"picked":"Infinite Blades","floor":7}],"player_experience":1380593,"relics_obtained":[{"floor":7,"key":"Oddly Smooth Stone"},{"floor":9,"key":"Singing Bowl"}],"event_choices":[{"damage_healed":0,"gold_gain":0,"player_choice":"Lose Max HP","damage_taken":0,"relics_obtained":["Golden Idol"],"max_hp_gain":0,"max_hp_loss":6,"event_name":"Golden Idol","floor":3,"gold_loss":0},{"damage_healed":0,"gold_gain":0,"player_choice":"Entered Light","damage_taken":18,"max_hp_gain":0,"max_hp_loss":0,"event_name":"Shining Light","floor":4,"gold_loss":0,"cards_upgraded":["Cloak And Dagger","Neutralize"]},{"damage_healed":0,"gold_gain":0,"player_choice":"Grow","damage_taken":0,"max_hp_gain":0,"max_hp_loss":0,"event_name":"Living Wall","floor":8,"gold_loss":0,"cards_upgraded":["Infinite Blades"]}],"is_beta":false,"boss_relics":[],"items_purged_floors":[5],"is_endless":false,"potions_floor_spawned":[],"killed_by":"Gremlin Nob","ascension_level":15}}