{"host":"fworv1gvvajf3x0f","time":1610891728,"event":{"mods":["AchievementEnabler","Aspiration","BaseMod","Better Match","Better Note","Better Sensory Stone","Better Third Choice","Better Vampires","Better-Laid Plans","BetterRewards","Colored Map","Colored Powertips","Displayed Cursed Tome","Energized Spire","Good Game Mod","Highlight Path","Infinite Spire","Minty Spire (QoL Compilation)","Poor People Problems","Relic Stats","Replay The Spire","Spicy Shops","StSLib"],"gold_per_floor":[117,131,56,56,72,72,106,125,125,144,144,144,144,144,144,248,248,266,280,330,342,104,130,140,140,210,210,283,283,283,52,52,197,197,211,211,211,230,247,292,292],"floor_reached":40,"language":"ZHS","playtime":4244,"items_purged":["Strike_G","Strike_G","Footwork+1"],"score":653,"play_id":"5b5ddf67-fe09-4a5f-9c51-cea3573adb74","local_time":"20210117215528","is_ascension_mode":true,"campfire_choices":[{"data":"Worship","floor":6.0,"key":"SMITH"},{"data":"Acrobatics","floor":11.0,"key":"SMITH"},{"floor":13.0,"key":"REST"},{"data":"Endless Agony","floor":15.0,"key":"SMITH"},{"data":"Tactician","floor":32.0,"key":"SMITH"}],"circlet_count":0,"master_deck":["Defend_G","Defend_G","Defend_G","Survivor","Neutralize","Worship+1","Backflip","Acrobatics+1","Endless Agony+1","Reflex","Die Die Die+1","Blur","Atom Bomb+1","Outmaneuver","Concentrate","Setup+1","Predator+1","PiercingWail+1","Tactician+1","Ghostly","Ghostly","Ghostly","Ghostly","Ghostly","PanicButton+1","Bite+1","Bite+1","ReplayTheSpireMod:Private Reserves","Replay:AllIn","Prostrate+1","Flash of Steel+1","Forethought","Madness","Madness","Recycle"],"relics":["Ring of the Snake","REME:ComplimentaryCards","NeowsBlessing","Molten Egg 2","Lizard Tail","Ring of Hypnosis","ReplayTheSpireMod:Ring of Collecting","CultistMask","Empty Cage","Ring of Peace","infinitespire:Lucky Rock","Mercury Hourglass","ReplayTheSpireMod:Ring of Challenge","aspiration:SeaSaltIceCream","aspiration:FutureDiary","PrismaticShard","Divine Protection","Akabeko","Strange Spoon","energizedSpire:PogoStick"],"acts_visited":["Exordium","TheCity","TheBeyond"],"potions_floor_usage":[40,40,40,40],"damage_taken":[{"damage":0.0,"enemies":"2 Louse","floor":1.0,"turns":1.0},{"damage":0.0,"enemies":"Cultist","floor":2.0,"turns":1.0},{"damage":0.0,"enemies":"Jaw Worm","floor":5.0,"turns":1.0},{"damage":23.0,"enemies":"Lagavulin","floor":7.0,"turns":8.0},{"damage":19.0,"enemies":"Large Slime","floor":8.0,"turns":5.0},{"damage":1.0,"enemies":"3 Louse","floor":10.0,"turns":2.0},{"damage":49.0,"enemies":"Fading Forest","floor":16.0,"turns":11.0},{"damage":11.0,"enemies":"Spheric Guardian","floor":18.0,"turns":4.0},{"damage":7.0,"enemies":"3 Byrds","floor":19.0,"turns":5.0},{"damage":8.0,"enemies":"Snake Plant","floor":21.0,"turns":3.0},{"damage":10.0,"enemies":"Gremlin Leader","floor":23.0,"turns":5.0},{"damage":4.0,"enemies":"Sentry and Sphere","floor":24.0,"turns":3.0},{"damage":4.0,"enemies":"Replay:Snechameleon","floor":28.0,"turns":6.0},{"damage":0.0,"enemies":"Collector","floor":33.0,"turns":11.0},{"damage":0.0,"enemies":"3 Darklings","floor":35.0,"turns":6.0},{"damage":0,"enemies":"Orb Walker","floor":38,"turns":6},{"damage":4,"enemies":"Transient","floor":39,"turns":5},{"damage":71,"enemies":"R_Hoarder","floor":40,"turns":12}],"seed_played":"6093350039615794659","potions_obtained":[{"floor":1.0,"key":"ColorlessPotion"},{"floor":2.0,"key":"Poison Potion"},{"floor":8.0,"key":"Ancient Potion"},{"floor":10.0,"key":"LiquidBronze"},{"floor":19.0,"key":"SteroidPotion"},{"floor":28.0,"key":"PowerPotion"},{"floor":38,"key":"EntropicBrew"}],"is_trial":false,"path_per_floor":["M","M","$","?","M","R","E","M","T","M","R","?","R","?","R","B",null,"M","M","T","M","$","E","M","?","T","AVR","E","?","?","$","R","B",null,"M","?","?","M","M","E"],"character_chosen":"THE_SILENT","items_purchased":["Setup+1","Predator+1","Strange Spoon","ReplayTheSpireMod:Private Reserves"],"campfire_rested":1,"item_purchase_floors":[22,22,31,31],"current_hp_per_floor":[70,70,70,70,70,70,47,28,28,27,27,27,48,48,48,11,70,59,52,52,44,44,34,30,30,30,30,26,26,26,26,26,30,30,30,30,26,29,28,0,0],"gold":292,"neow_bonus":"THREE_ENEMY_KILL","is_daily":false,"chose_seed":false,"campfire_upgraded":4,"win_rate":0.0,"timestamp":1610891728,"path_taken":["M","M","$","?","?","R","E","M","T","?","R","?","R","?","R","BOSS","M","M","?","M","$","E","M","?","T","AVR","E","?","?","$","R","BOSS","M","?","?","M","M","E"],"items_purchased_type":["Card","Card","Relic","Card"],"build_version":"2020-12-22","purchased_purges":3,"victory":false,"max_hp_per_floor":[70,70,70,70,70,70,70,70,70,70,70,70,70,70,70,70,70,70,70,70,70,70,70,70,35,35,35,35,35,30,30,30,30,30,30,30,30,30,30,30,30],"relic_stats":{"Strange Spoon":[39],"Lizard Tail":15,"counters":[18,95],"obtain_stats":[{"energizedSpire:PogoStick":34,"Divine Protection":28,"NeowsBlessing":0,"Ring of Hypnosis":12,"infinitespire:Lucky Rock":20,"aspiration:SeaSaltIceCream":26,"Empty Cage":17,"PrismaticShard":27,"Akabeko":29,"Mercury Hourglass":23,"Strange Spoon":31,"REME:ComplimentaryCards":0,"Lizard Tail":9,"ReplayTheSpireMod:Ring of Collecting":12,"Ring of Peace":20,"Molten Egg 2":7,"CultistMask":14,"ReplayTheSpireMod:Ring of Challenge":26,"aspiration:FutureDiary":26,"Ring of the Snake":0},{"energizedSpire:PogoStick":14,"Divine Protection":13,"NeowsBlessing":0,"Ring of Hypnosis":6,"infinitespire:Lucky Rock":9,"aspiration:SeaSaltIceCream":12,"Empty Cage":7,"PrismaticShard":12,"Akabeko":13,"Mercury Hourglass":11,"Strange Spoon":13,"REME:ComplimentaryCards":0,"Lizard Tail":5,"ReplayTheSpireMod:Ring of Collecting":6,"Ring of Peace":9,"Molten Egg 2":4,"CultistMask":6,"ReplayTheSpireMod:Ring of Challenge":12,"aspiration:FutureDiary":12,"Ring of the Snake":0},{"energizedSpire:PogoStick":66,"Divine Protection":55,"NeowsBlessing":0,"Ring of Hypnosis":18,"infinitespire:Lucky Rock":38,"aspiration:SeaSaltIceCream":49,"Empty Cage":29,"PrismaticShard":49,"Akabeko":55,"Mercury Hourglass":46,"Strange Spoon":55,"REME:ComplimentaryCards":0,"Lizard Tail":16,"ReplayTheSpireMod:Ring of Collecting":18,"Ring of Peace":38,"Molten Egg 2":11,"CultistMask":18,"ReplayTheSpireMod:Ring of Challenge":49,"aspiration:FutureDiary":49,"Ring of the Snake":0}],"Ring of the Snake":[38],"Mercury Hourglass":[127]},"card_choices":[{"not_picked":["Dagger Spray","Blade Dance"],"picked":"Backflip","floor":1.0},{"not_picked":["Outmaneuver","Riddle With Holes"],"picked":"Acrobatics","floor":2.0},{"not_picked":["Deflect","Flying Knee"],"picked":"Endless Agony","floor":5.0},{"not_picked":["Sucker Punch+1","Cloak And Dagger"],"picked":"Reflex","floor":7.0},{"not_picked":["PiercingWail","Dagger Throw+1"],"picked":"Die Die Die+1","floor":8.0},{"not_picked":["Caltrops","Flechettes+1"],"picked":"Blur","floor":10.0},{"not_picked":["Envenom","Venomology"],"picked":"Atom Bomb+1","floor":16.0},{"not_picked":["Flying Knee+1","Hidden Blade"],"picked":"Outmaneuver","floor":18.0},{"not_picked":["Footwork","Blade Dance+1"],"picked":"Concentrate","floor":19.0},{"not_picked":["Deadly Poison","Hidden Blade"],"picked":"Footwork+1","floor":21.0},{"not_picked":["Unload+1","Underhanded Strike+1"],"picked":"PiercingWail+1","floor":23.0},{"not_picked":["Infinite Blades","Backflip"],"picked":"Tactician","floor":24.0},{"not_picked":["Auto Shields","Poisoned Stab+1"],"picked":"PanicButton+1","floor":28.0},{"not_picked":["Malaise","Thunder Strike+1"],"picked":"Replay:AllIn","floor":33.0},{"not_picked":["Skewer+1","Cleave+1"],"picked":"Prostrate+1","floor":35.0},{"not_picked":["Poisoned Strike+1","ReplayUltimateDefense"],"picked":"Flash of Steel+1","floor":36},{"not_picked":["Replay:Parry+1","ReplayTheSpireMod:Private Reserves"],"picked":"Forethought","floor":36},{"not_picked":["JustLucky+1","Clash+1"],"picked":"Recycle","floor":38},{"not_picked":["Bane+1","Storm+1","Stack"],"picked":"SKIP","floor":39}],"player_experience":249799,"relics_obtained":[{"floor":7.0,"key":"Molten Egg 2"},{"floor":9.0,"key":"Lizard Tail"},{"floor":12.0,"key":"Ring of Hypnosis"},{"floor":12.0,"key":"ReplayTheSpireMod:Ring of Collecting"},{"floor":20.0,"key":"Ring of Peace"},{"floor":20.0,"key":"infinitespire:Lucky Rock"},{"floor":23.0,"key":"Mercury Hourglass"},{"floor":26.0,"key":"ReplayTheSpireMod:Ring of Challenge"},{"floor":26.0,"key":"aspiration:SeaSaltIceCream"},{"floor":28.0,"key":"Divine Protection"}],"event_choices":[{"cards_removed":["Defend_G"],"damage_healed":0.0,"max_hp_gain":0.0,"max_hp_loss":0.0,"gold_gain":0.0,"event_name":"Bonfire Elementals","player_choice":"Offered Basic","floor":4.0,"gold_loss":0.0,"damage_taken":0.0},{"damage_healed":0.0,"max_hp_gain":0.0,"max_hp_loss":0.0,"gold_gain":0.0,"event_name":"FaceTrader","player_choice":"Trade","floor":14.0,"gold_loss":0.0,"damage_taken":0.0,"relics_obtained":["CultistMask"]},{"damage_healed":0.0,"max_hp_gain":0.0,"max_hp_loss":35.0,"gold_gain":0.0,"event_name":"Ghosts","player_choice":"Became a Ghost","floor":25.0,"gold_loss":0.0,"damage_taken":0.0,"cards_obtained":["Ghostly","Ghostly","Ghostly","Ghostly","Ghostly"]},{"damage_healed":0.0,"max_hp_gain":0.0,"max_hp_loss":0.0,"gold_gain":0.0,"event_name":"The Mausoleum","player_choice":"Opened","floor":29.0,"gold_loss":0.0,"damage_taken":0.0,"relics_obtained":["Akabeko"]},{"damage_healed":0.0,"max_hp_gain":0.0,"max_hp_loss":5.0,"gold_gain":0.0,"event_name":"Vampires","player_choice":"Became a vampire","floor":30.0,"gold_loss":0.0,"damage_taken":0.0,"cards_obtained":["Bite","Bite"]},{"damage_healed":0,"gold_gain":3,"player_choice":"1","damage_taken":0,"max_hp_gain":0,"max_hp_loss":0,"event_name":"betterStone:BetterStone","floor":36,"gold_loss":0},{"damage_healed":0,"gold_gain":0,"player_choice":"Embrace Madness","damage_taken":4,"max_hp_gain":0,"max_hp_loss":0,"event_name":"Winding Halls","floor":37,"gold_loss":0,"cards_obtained":["Madness","Madness"]}],"is_beta":false,"boss_relics":[{"not_picked":["aspiration:RunicSpoon","Replay:Wanted Poster"],"picked":"Empty Cage"},{"not_picked":["SacredBark","Replay:Drink Me"],"picked":"energizedSpire:PogoStick"}],"items_purged_floors":[3,22,27],"is_endless":false,"potions_floor_spawned":[1,2,8,10,19,24,28,38],"killed_by":"R_Hoarder","ascension_level":3}}