{"host":"lh9qfzqeqctr28d2","time":1610891456,"event":{"mods":["BaseMod","CapriCore","Luminous","Minty Spire (QoL Compilation)","Quick Restart","Relic Stats","Remilia£®¿Ÿ√◊¿Ú—«£©","StSLib","Yakumo Yukari mod"],"gold_per_floor":[111,111,127,142,152,205,205,234,261,261,261,113,132,170,170,325,325,338,351,351,390,489,489,489],"floor_reached":23,"language":"ZHS","playtime":11841,"items_purged":[],"score":295,"play_id":"4abd4403-66ea-4971-ae52-19b56bd95715","local_time":"20210117215056","is_ascension_mode":true,"campfire_choices":[{"data":"ScarletImprint","floor":7,"key":"SMITH"},{"floor":10,"key":"REST"},{"data":"BloodAndWine","floor":15,"key":"SMITH"}],"circlet_count":0,"master_deck":["Strike_RM","Strike_RM","Strike_RM","Strike_RM","Defend_RM","Defend_RM","Defend_RM","Defend_RM","RedMoon","ScarletShoot","MastersStateliness","ScarletImprint+1","Stigmanizer","FavorOfDestiny","ChainGang","ScarletCoffin","NightLord","BloodAndWine+1","ScarletNetherworld+1","ScarletSymphony+1","ScarletNetherworld+1","BloodHunter"],"relics":["ScarletHat","Oddly Smooth Stone","Frozen Egg 2","Lantern","Potion Belt","Dream Catcher","Golden Idol","MealTicket","Anchor","Bag of Marbles","Art of War","Black Star"],"acts_visited":["Exordium","TheCity"],"potions_floor_usage":[8,14,18,21,23,23],"damage_taken":[{"damage":2,"enemies":"Jaw Worm","floor":1,"turns":6},{"damage":0,"enemies":"2 Louse","floor":3,"turns":3},{"damage":0,"enemies":"Cultist","floor":4,"turns":3},{"damage":1,"enemies":"2 Fungi Beasts","floor":5,"turns":3},{"damage":8,"enemies":"3 Sentries","floor":6,"turns":13},{"damage":12,"enemies":"Gremlin Nob","floor":8,"turns":4},{"damage":8,"enemies":"Blue Slaver","floor":13,"turns":3},{"damage":14,"enemies":"3 Sentries","floor":14,"turns":7},{"damage":12,"enemies":"Slime Boss","floor":16,"turns":7},{"damage":0,"enemies":"Shell Parasite","floor":18,"turns":3},{"damage":38,"enemies":"Chosen","floor":19,"turns":3},{"damage":15,"enemies":"Snecko","floor":21,"turns":9},{"damage":30,"enemies":"Gremlin Leader","floor":23,"turns":4}],"seed_played":"4785206915930466519","potions_obtained":[{"floor":3,"key":"SteroidPotion"},{"floor":5,"key":"Explosive Potion"},{"floor":6,"key":"Energy Potion"},{"floor":13,"key":"Regen Potion"},{"floor":14,"key":"Weak Potion"},{"floor":16,"key":"SteroidPotion"},{"floor":18,"key":"PowerPotion"},{"floor":19,"key":"CultistPotion"}],"is_trial":false,"path_per_floor":["M","?","M","M","M","E","R","E","T","R","?","$","M","E","R","B",null,"M","M","?","M","?","E"],"character_chosen":"REMILIA","items_purchased":["MealTicket"],"campfire_rested":1,"item_purchase_floors":[12],"current_hp_per_floor":[66,54,54,54,55,51,51,45,45,67,49,49,46,49,49,42,67,72,38,38,35,35,8,8],"gold":489,"neow_bonus":"RANDOM_COMMON_RELIC","is_daily":false,"chose_seed":false,"campfire_upgraded":2,"win_rate":0.0,"timestamp":1610891456,"path_taken":["M","?","M","M","M","E","R","E","T","R","?","?","?","E","R","BOSS","M","M","?","M","?","E"],"items_purchased_type":["Relic"],"build_version":"2020-12-22","purchased_purges":0,"victory":false,"max_hp_per_floor":[75,75,75,75,75,75,75,75,75,75,75,75,75,75,75,75,75,75,75,75,75,75,75,75],"relic_stats":{"Dream Catcher":1,"counters":[13,68],"Golden Idol":67,"MealTicket":0,"Art of War":[1],"Black Star":0,"obtain_stats":[{"Potion Belt":8,"Lantern":6,"Dream Catcher":9,"Anchor":13,"Golden Idol":11,"Oddly Smooth Stone":0,"MealTicket":12,"Bag of Marbles":14,"Art of War":14,"Black Star":17,"Frozen Egg 2":2,"ScarletHat":0},{"Potion Belt":6,"Lantern":5,"Dream Catcher":6,"Anchor":7,"Golden Idol":6,"Oddly Smooth Stone":0,"MealTicket":6,"Bag of Marbles":8,"Art of War":8,"Black Star":9,"Frozen Egg 2":1,"ScarletHat":0},{"Potion Belt":32,"Lantern":28,"Dream Catcher":32,"Anchor":35,"Golden Idol":32,"Oddly Smooth Stone":0,"MealTicket":32,"Bag of Marbles":42,"Art of War":42,"Black Star":49,"Frozen Egg 2":6,"ScarletHat":0}]},"card_choices":[{"not_picked":["UnderTheZenith","NightDance"],"picked":"MastersStateliness","floor":1},{"not_picked":["BloodAndWine","Maim"],"picked":"ScarletImprint","floor":3},{"not_picked":["MiserableFate","BloodAndWine"],"picked":"Stigmanizer","floor":4},{"not_picked":["UnderTheZenith","EternalNight"],"picked":"FavorOfDestiny","floor":5},{"not_picked":["StarOfDavid","DiffusionOfMisfortune"],"picked":"ChainGang","floor":6},{"not_picked":["UltimateOffering","NightDance"],"picked":"ScarletCoffin","floor":8},{"not_picked":["BloodyMagicSquare","ScarletDevil"],"picked":"NightLord","floor":10},{"not_picked":["Stigmanizer","MillenniumVampire"],"picked":"BloodAndWine","floor":13},{"not_picked":["BloodyMagicSquare","ReincarnationDial"],"picked":"ScarletNetherworld+1","floor":14},{"not_picked":["TwelveNightmare+1","FavorOfDestiny"],"picked":"ScarletSymphony+1","floor":18},{"not_picked":["ScarletImprint","BloodHunter"],"picked":"ScarletNetherworld+1","floor":19},{"not_picked":["RedRainbow","Stigmanizer+1"],"picked":"BloodHunter","floor":21}],"player_experience":396430,"relics_obtained":[{"floor":6,"key":"Lantern"},{"floor":8,"key":"Potion Belt"},{"floor":9,"key":"Dream Catcher"},{"floor":13,"key":"Anchor"},{"floor":14,"key":"Bag of Marbles"},{"floor":14,"key":"Art of War"}],"event_choices":[{"damage_healed":0,"gold_gain":0,"player_choice":"Success","damage_taken":12,"relics_obtained":["Frozen Egg 2"],"max_hp_gain":0,"max_hp_loss":0,"event_name":"Scrap Ooze","floor":2,"gold_loss":0},{"damage_healed":0,"gold_gain":0,"player_choice":"Take Damage","damage_taken":18,"relics_obtained":["Golden Idol"],"max_hp_gain":0,"max_hp_loss":0,"event_name":"Golden Idol","floor":11,"gold_loss":0},{"damage_healed":0,"gold_gain":0,"player_choice":"Ignored","damage_taken":0,"max_hp_gain":0,"max_hp_loss":0,"event_name":"Ghosts","floor":20,"gold_loss":0},{"damage_healed":0,"gold_gain":99,"player_choice":"Stole From Cult","damage_taken":0,"max_hp_gain":0,"max_hp_loss":0,"event_name":"Nest","floor":22,"gold_loss":0}],"is_beta":false,"boss_relics":[{"not_picked":["SlaversCollar","Runic Dome"],"picked":"Black Star"}],"items_purged_floors":[],"is_endless":false,"potions_floor_spawned":[3,5,6,16,18,19],"killed_by":"Gremlin Leader","ascension_level":8}}