{"host":"tr12w2fixbnujl15","time":1610926451,"event":{"mods":["100% Spire Juice","2.2 Compatiblity","Arknights The Spire","BaseMod","Better Skull","BetterRewards","Clockwork Mod","Colored Powertips","Evolution","Hermit","Hubris","Infinite Spire","JesterMod","Koishi","Mad Scientist","Minty Spire (QoL Compilation)","Prisma Mod","Quick Restart","Replay The Spire","Shop Mod","StSLib","SuperFastMode","The Animator","The Bug Knight","The Construct","The Cursed","The Hierophant","The Mystic","The Necromancer","The Runesmith","The Sage","The Senshi","The Servant 0.9.4","The Spell Scribe","TheFirefly","WarShipGirlsR/????R mod","Yakumo Yukari mod"],"gold_per_floor":[113,131,142,152,368,368,380,20,20,20,95,95,65,84,84,184,184,195,213,233,233,233],"floor_reached":21,"language":"ENG","playtime":795,"items_purged":[],"score":173,"play_id":"012cb85d-4fb0-43a0-aba9-f656d5bce64d","local_time":"20210117183411","is_ascension_mode":false,"campfire_choices":[{"floor":6,"key":"REST"},{"floor":10,"key":"REST"},{"floor":15,"key":"REST"}],"circlet_count":0,"master_deck":["Strike_S","Strike_S","Strike_S","Strike_S","Defend_S","Defend_S","Defend_S","Defend_S","KidneyShot+1","Exchange","FastForward","StarChef","SilverBlades","Shuttle","Barrier","RealityMarble","Reset","Ricochet","Spin","Mind Blast","ShatteredReality","Rewind","Potential","SoulSculpture","TimeWarp","TimeWarp","TimeWarp"],"relics":["Uniform","EVO:Axolotl","NeowsBlessing","BargainBundle","Bronze Scales","hubris:MobiusCoin","hubris:ScarierMask"],"acts_visited":["Exordium","TheCity"],"potions_floor_usage":[7],"damage_taken":[{"damage":0,"enemies":"Cultist","floor":1,"turns":1},{"damage":0,"enemies":"Small Slimes","floor":2,"turns":1},{"damage":0,"enemies":"Jaw Worm","floor":3,"turns":1},{"damage":11,"enemies":"Large Slime","floor":4,"turns":6},{"damage":35,"enemies":"Lots of Slimes","floor":7,"turns":8},{"damage":5,"enemies":"Looter","floor":13,"turns":4},{"damage":0,"enemies":"3 Louse","floor":14,"turns":4},{"damage":32,"enemies":"Hexaghost","floor":16,"turns":13},{"damage":5,"enemies":"3 Byrds","floor":18,"turns":3},{"damage":19,"enemies":"Spheric Guardian","floor":19,"turns":6},{"damage":16,"enemies":"Cultist and Chosen","floor":20,"turns":6},{"damage":0,"enemies":"Centurion and Healer","floor":21,"turns":1}],"seed_played":"963065377020687075","potions_obtained":[{"floor":2,"key":"ColorlessPotion"},{"floor":16,"key":"Regen Potion"},{"floor":19,"key":"AttackPotion"}],"is_trial":false,"path_per_floor":["M","M","M","M","?","R","M","$","T","R","?","?","M","M","R","B",null,"M","M","M","M"],"character_chosen":"THE_SERVANT","items_purchased":["BargainBundle","RealityMarble","Reset","Shuttle","Ricochet","Spin","Mind Blast","Bronze Scales"],"campfire_rested":3,"item_purchase_floors":[8,8,8,8,8,8,8,8],"current_hp_per_floor":[65,65,65,54,34,53,18,18,18,37,26,26,21,21,40,8,65,60,41,25,25,25],"gold":233,"neow_bonus":"THREE_ENEMY_KILL","is_daily":false,"chose_seed":false,"campfire_upgraded":0,"win_rate":0.0,"timestamp":1610926451,"path_taken":["M","?","M","M","?","R","?","$","T","R","?","?","M","M","R","BOSS","M","M","M","M"],"items_purchased_type":["Relic","Card","Card","Card","Card","Card","Card","Relic"],"build_version":"2020-12-22","purchased_purges":0,"victory":false,"max_hp_per_floor":[65,65,65,65,65,65,65,65,65,65,65,65,65,65,65,65,65,65,65,65,65,65],"card_choices":[{"not_picked":["Rewind","Alleviate"],"picked":"FastForward","floor":1},{"not_picked":["ShiftingGears","FastForward"],"picked":"StarChef","floor":2},{"not_picked":["SurpressingFire","Desolation"],"picked":"SilverBlades","floor":3},{"not_picked":["Ricochet","ShiftingGears"],"picked":"Shuttle","floor":4},{"not_picked":["Shuttle","Contraction"],"picked":"Barrier","floor":7},{"not_picked":["Unruled","Sabotage"],"picked":"Rewind","floor":13},{"not_picked":["FastForward","ShatteredReality"],"picked":"Potential","floor":14},{"not_picked":["Solidify","PendulumOfEternity"],"picked":"SoulSculpture","floor":16},{"not_picked":["FastForward+1","Gouge"],"picked":"TimeWarp","floor":18},{"not_picked":["ShatteredReality","Potential"],"picked":"TimeWarp","floor":19},{"not_picked":["FastForward","Desolation"],"picked":"TimeWarp","floor":20}],"player_experience":69020,"relics_obtained":[{"floor":9,"key":"hubris:MobiusCoin"}],"event_choices":[{"damage_healed":0,"gold_gain":216,"player_choice":"GO GO UP ","damage_taken":24,"relics_obtained":[],"max_hp_gain":0,"max_hp_loss":0,"event_name":"betterSkull:BetterSkull","floor":5,"gold_loss":0,"cards_upgraded":["KidneyShot"]},{"damage_healed":0,"gold_gain":75,"player_choice":"Gather Gold","damage_taken":11,"max_hp_gain":0,"max_hp_loss":0,"event_name":"World of Goop","floor":11,"gold_loss":0},{"damage_healed":0,"gold_gain":0,"cards_transformed":["Shuttle"],"player_choice":"Transformed","damage_taken":0,"max_hp_gain":0,"max_hp_loss":0,"event_name":"Transmorgrifier","floor":12,"gold_loss":0,"cards_obtained":["ShatteredReality"]}],"is_beta":false,"boss_relics":[{"not_picked":["Philosopher\u0027s Stone","construct:ClawGrip"],"picked":"hubris:ScarierMask"}],"items_purged_floors":[],"is_endless":false,"potions_floor_spawned":[2,16,19],"killed_by":"Centurion and Healer","ascension_level":0}}