{"host":"xt797mi8yhee06c1","time":1610869799,"event":{"mods":["100% Spire Juice","BaseMod","Bestiary","Koishi","Marisa£¨Ùöéë¡¡Øª×âÞÞ£©","Minty Spire (QoL Compilation)","Poor People Problems","Prisma Mod","Relic Filter","Shop Mod","Spicy Shops","StSLib","The Marked","The Servant 0.9.4","WarShipGirlsR/??á´Ò³R mod"],"gold_per_floor":[362,362,437,512,526,560,235,255,305,345,377,410,410,446,446,556,556,584,622,721,758,796,796,796],"floor_reached":23,"language":"KOR","playtime":1447,"items_purged":[],"score":255,"play_id":"098ed390-6136-41c0-a883-bc47641ca2a0","local_time":"20210117164959","is_ascension_mode":false,"campfire_choices":[{"data":"PrismaMod:IllyaUberChannel","floor":15,"key":"SMITH"}],"circlet_count":0,"master_deck":["PrismaMod:IllyaCommonAttack","PrismaMod:IllyaCommonDefend","PrismaMod:IllyaCommonAttack","PrismaMod:IllyaCommonDefend","PrismaMod:IllyaCommonAttack","PrismaMod:IllyaCommonDefend","PrismaMod:IllyaCommonAttack","PrismaMod:IllyaCommonDefend","PrismaMod:IllyaCommonAttack","PrismaMod:IllyaCommonDefend","PrismaMod:IllyaUncommonAttack","PrismaMod:IllyaUncommonDefend","PrismaMod:IllyaUncommonAOEAttack","PrismaMod:IllyaHassanGift","PrismaMod:IllyaCarnivalAttack","PrismaMod:IllyaPoisonTippedWeapons","PrismaMod:IllyaDetonatingBlow","PrismaMod:IllyaCheapDefend","PrismaMod:IllyaUberChannel+1","PrismaMod:IllyaCheapChannelPoison","PrismaMod:IllyaInstallForeigner","PrismaMod:IllyaPoisonTippedWeapons","PrismaMod:IllyaCarnivalAttack","PrismaMod:IllyaCheapChannelPoison","PrismaMod:IllyaPoisoningPhantasm","PrismaMod:IllyaZwei","PrismaMod:IllyaCommandSeal+1","PrismaMod:IllyaMaid+1","PrismaMod:IllyaUberPoisonBlock+1","PrismaMod:IllyaAOECommonAttack","PrismaMod:IllyaPartialInstallAssassin+1","PrismaMod:IllyaUberChannel+1","PrismaMod:IllyaDualEvoke","PrismaMod:IllyaUberChannel+1"],"relics":["PrismaMod:PrismaRuby","MealTicket","Prayer Wheel","CeramicFish","Omamori","Calling Bell","Lantern","Toxic Egg 2","Incense Burner"],"acts_visited":["Exordium","TheCity"],"potions_floor_usage":[16,16],"damage_taken":[{"damage":0.0,"enemies":"Small Slimes","floor":1.0,"turns":5.0},{"damage":0,"enemies":"2 Louse","floor":5,"turns":3},{"damage":1,"enemies":"3 Sentries","floor":6,"turns":10},{"damage":3,"enemies":"Cultist","floor":8,"turns":4},{"damage":0,"enemies":"Lagavulin","floor":10,"turns":7},{"damage":15,"enemies":"Exordium Thugs","floor":11,"turns":5},{"damage":7,"enemies":"3 Louse","floor":12,"turns":3},{"damage":4,"enemies":"Looter","floor":14,"turns":4},{"damage":15,"enemies":"The Guardian","floor":16,"turns":5},{"damage":18,"enemies":"2 Thieves","floor":18,"turns":3},{"damage":21,"enemies":"Spheric Guardian","floor":19,"turns":6},{"damage":6,"enemies":"Centurion and Healer","floor":21,"turns":7},{"damage":11,"enemies":"Snake Plant","floor":22,"turns":6},{"damage":26,"enemies":"Slavers","floor":23,"turns":1}],"seed_played":"743210555595704719","potions_obtained":[{"floor":1.0,"key":"DistilledChaos"},{"floor":6,"key":"AttackPotion"},{"floor":8,"key":"Strength Potion"},{"floor":12,"key":"DuplicationPotion"},{"floor":19,"key":"LiquidMemories"},{"floor":21,"key":"Explosive Potion"}],"is_trial":false,"path_per_floor":["M","?","?","?","M","E","$","M","T","E","M","M","$","M","R","B",null,"M","M","?","M","M","E"],"character_chosen":"ILLYA","items_purchased":["PrismaMod:IllyaPoisonTippedWeapons","Prayer Wheel"],"campfire_rested":0,"item_purchase_floors":[7,7],"current_hp_per_floor":[68,68,57,51,51,50,65,62,62,62,47,40,55,51,51,36,68,50,34,34,28,17,0,0],"gold":796,"neow_bonus":"TWO_FIFTY_GOLD","is_daily":false,"chose_seed":false,"campfire_upgraded":1,"win_rate":0.0,"timestamp":1610869799,"path_taken":["M","?","?","?","M","E","$","M","T","E","?","M","?","M","R","BOSS","M","M","?","M","M","E"],"items_purchased_type":["Card","Relic"],"build_version":"2020-12-22","purchased_purges":0,"victory":false,"max_hp_per_floor":[68,68,68,68,68,68,68,68,68,68,68,68,68,68,68,68,68,68,68,68,68,68,68,68],"card_choices":[{"not_picked":["PrismaMod:IllyaGrailKun","PrismaMod:IllyaGun"],"picked":"PrismaMod:IllyaUncommonAOEAttack","floor":1.0},{"not_picked":["PrismaMod:IllyaMinorRapidFire","PrismaMod:IllyaPartialInstallAssassin"],"picked":"PrismaMod:IllyaHassanGift","floor":5},{"not_picked":["PrismaMod:IllyaCommandSeal","PrismaMod:IllyaMaid"],"picked":"PrismaMod:IllyaCarnivalAttack","floor":6},{"not_picked":["PrismaMod:IllyaRussianRoulette","PrismaMod:IllyaUpgradeOrbs"],"picked":"PrismaMod:IllyaDetonatingBlow","floor":8},{"not_picked":["PrismaMod:IllyaTestament","PrismaMod:IllyaBerserCAR"],"picked":"PrismaMod:IllyaCheapDefend","floor":8},{"not_picked":["PrismaMod:IllyaAOECommonAttack","PrismaMod:IllyaPoisonBlock"],"picked":"PrismaMod:IllyaUberChannel","floor":10},{"not_picked":["PrismaMod:IllyaEvokeAll","PrismaMod:IllyaUberPoisonBlock"],"picked":"PrismaMod:IllyaCheapChannelPoison","floor":11},{"not_picked":["PrismaMod:IllyaCheapChannelPoison","PrismaMod:IllyaRubysPotion"],"picked":"PrismaMod:IllyaInstallForeigner","floor":11},{"not_picked":["PrismaMod:IllyaCheapChannelAttack","PrismaMod:IllyaBerserCAR"],"picked":"PrismaMod:IllyaPoisonTippedWeapons","floor":12},{"not_picked":["PrismaMod:IllyaEvokeAll","PrismaMod:IllyaPoisonTippedWeapons"],"picked":"PrismaMod:IllyaCarnivalAttack","floor":12},{"not_picked":["PrismaMod:IllyaHassanGift","PrismaMod:IllyaBride"],"picked":"PrismaMod:IllyaCheapChannelPoison","floor":14},{"not_picked":["PrismaMod:IllyaPoisonTippedWeapons","PrismaMod:IllyaStunPoison"],"picked":"PrismaMod:IllyaPoisoningPhantasm","floor":14},{"not_picked":["PrismaMod:IllyaCarnivalDefend","PrismaMod:IllyaUberDefendChannel"],"picked":"PrismaMod:IllyaZwei","floor":16},{"not_picked":["PrismaMod:IllyaCheapChannelPoison+1","PrismaMod:IllyaFriendMaker"],"picked":"PrismaMod:IllyaCommandSeal+1","floor":18},{"not_picked":["PrismaMod:IllyaAOECommonAttack","PrismaMod:IllyaCheapAttack"],"picked":"PrismaMod:IllyaMaid+1","floor":18},{"not_picked":["PrismaMod:IllyaBride+1","PrismaMod:IllyaUpgradeOrbs+1"],"picked":"PrismaMod:IllyaUberPoisonBlock+1","floor":19},{"not_picked":["PrismaMod:IllyaDevil","PrismaMod:IllyaEvokeAll"],"picked":"PrismaMod:IllyaAOECommonAttack","floor":19},{"not_picked":["PrismaMod:IllyaAlice+1","PrismaMod:IllyaMinorZwei+1"],"picked":"PrismaMod:IllyaPartialInstallAssassin+1","floor":21},{"not_picked":["PrismaMod:IllyaRapidFire","PrismaMod:IllyaGrailKun+1"],"picked":"PrismaMod:IllyaUberChannel+1","floor":21},{"not_picked":["PrismaMod:IllyaDetonatingBlow","PrismaMod:IllyaGun"],"picked":"PrismaMod:IllyaDualEvoke","floor":22},{"not_picked":["PrismaMod:IllyaMinorZwei+1","PrismaMod:IllyaSaphire+1"],"picked":"PrismaMod:IllyaUberChannel+1","floor":22}],"player_experience":375331,"relics_obtained":[{"floor":6,"key":"MealTicket"},{"floor":9,"key":"CeramicFish"},{"floor":10,"key":"Omamori"},{"floor":17,"key":"Lantern"},{"floor":17,"key":"Toxic Egg 2"},{"floor":17,"key":"Incense Burner"}],"event_choices":[{"damage_healed":0.0,"max_hp_gain":0.0,"max_hp_loss":0.0,"gold_gain":0.0,"event_name":"Shining Light","player_choice":"Ignored","floor":2.0,"gold_loss":0.0,"damage_taken":0.0},{"damage_healed":0.0,"max_hp_gain":0.0,"max_hp_loss":0.0,"gold_gain":75.0,"event_name":"World of Goop","player_choice":"Gather Gold","floor":3.0,"gold_loss":0.0,"damage_taken":11.0},{"damage_healed":0,"gold_gain":75,"player_choice":"Touch","damage_taken":6,"max_hp_gain":0,"max_hp_loss":0,"event_name":"FaceTrader","floor":4,"gold_loss":0},{"damage_healed":0,"gold_gain":99,"player_choice":"Stole From Cult","damage_taken":0,"max_hp_gain":0,"max_hp_loss":0,"event_name":"Nest","floor":20,"gold_loss":0}],"is_beta":false,"boss_relics":[{"not_picked":["Empty Cage","Coffee Dripper"],"picked":"Calling Bell"}],"items_purged_floors":[],"is_endless":false,"potions_floor_spawned":[1,6,8,12,14,19,21],"killed_by":"Slavers","ascension_level":0}}