{"host":"s5olpoz35hr9wai9","time":1610862192,"event":{"mods":["Act Like it!","BaseMod","Colored Powertips","Friendly Minions","Gensokyo","Kiyohime£®«Âºß£©","Koishi","KomeijiMod","Marisa£®ÏF”Í°°ƒß¿Ì…≥£©","Minty Spire (QoL Compilation)","Quick Restart","Reimu£®≤©¿ˆ¡È√Œ£©","Remilia£®¿Ÿ√◊¿Ú—«£©","Replay The Spire","Shop Mod","StSLib","The Administrix","The Animator","The Servant 0.9.4","Youmu£®ªÍ∆«—˝√Œ£©","Yuyuko"],"gold_per_floor":[112,126,144,184,202,202,202,229,256,256,275,122,122,84,84,84,84],"floor_reached":16,"language":"ZHS","playtime":563,"items_purged":[],"score":115,"play_id":"8eafc7e3-6e01-4f42-a17d-455c353ca3ee","local_time":"20210117134312","is_ascension_mode":true,"campfire_choices":[{"floor":6,"key":"REST"},{"floor":10,"key":"REST"},{"floor":13,"key":"REST"},{"floor":15,"key":"DIG"}],"circlet_count":0,"master_deck":["Strike_S","Strike_S","Strike_S","Strike_S","Defend_S+1","Defend_S","Defend_S","Defend_S+1","KidneyShot","Exchange","Rearm","Collapse","Contraction","Defy","FastForward","Starlight","Spin","ReplayTheSpireMod:IOU","Sabotage","SpecialFormula","ReplayTheSpireMod:IOU","SurpressingFire"],"relics":["Uniform","NeowsBlessing","ShirouKen","Replay:Wax Seal","War Paint","Blood Vial","BargainBundle","MerchantsRug","Replay:Baseball"],"acts_visited":["Exordium"],"potions_floor_usage":[8,16],"damage_taken":[{"damage":0,"enemies":"Jaw Worm","floor":1,"turns":1},{"damage":0,"enemies":"2 Louse","floor":2,"turns":1},{"damage":0,"enemies":"Small Slimes","floor":3,"turns":1},{"damage":11,"enemies":"2 Fungi Beasts","floor":5,"turns":5},{"damage":16,"enemies":"3 Sentries","floor":8,"turns":10},{"damage":10,"enemies":"Looter","floor":11,"turns":3},{"damage":61,"enemies":"Slime Boss","floor":16,"turns":11}],"seed_played":"5520548890837431251","potions_obtained":[{"floor":2,"key":"GrandPatriotsElixir:ReiMu"},{"floor":5,"key":"Dexterity Potion"},{"floor":8,"key":"Block Potion"}],"is_trial":false,"path_per_floor":["M","M","M","?","M","R","?","E","T","R","M","$","R","$","R","B"],"character_chosen":"THE_SERVANT","items_purchased":["BargainBundle","Sabotage","SpecialFormula","MerchantsRug","SurpressingFire"],"campfire_rested":3,"item_purchase_floors":[12,12,12,12,14],"current_hp_per_floor":[65,65,65,39,28,47,40,24,24,43,35,35,54,54,54,0,0],"gold":84,"neow_bonus":"THREE_ENEMY_KILL","is_daily":false,"chose_seed":false,"campfire_upgraded":0,"win_rate":0.0,"timestamp":1610862192,"path_taken":["M","M","M","?","M","R","?","E","T","R","?","$","R","$","R","BOSS"],"items_purchased_type":["Relic","Card","Card","Relic","Card"],"build_version":"2020-12-22","purchased_purges":0,"victory":false,"max_hp_per_floor":[65,65,65,65,65,65,65,65,65,65,65,65,65,65,65,65,65],"card_choices":[{"not_picked":["Ricochet","Rewind"],"picked":"Rearm","floor":1},{"not_picked":["DualDimension","Barrier"],"picked":"Collapse","floor":2},{"not_picked":["Read","Comet"],"picked":"Contraction","floor":3},{"not_picked":["Unruled","Manipulate"],"picked":"Defy","floor":4},{"not_picked":["Starlight","Manipulate"],"picked":"FastForward","floor":5},{"not_picked":["Replace","Defy"],"picked":"Starlight","floor":8},{"not_picked":["FanOfKnives","Reset"],"picked":"Spin","floor":11}],"player_experience":236987,"relics_obtained":[{"floor":4,"key":"ShirouKen"},{"floor":8,"key":"War Paint"},{"floor":9,"key":"Blood Vial"},{"floor":15,"key":"Replay:Baseball"}],"event_choices":[{"damage_healed":0,"gold_gain":0,"player_choice":"Success","damage_taken":7,"relics_obtained":["Replay:Wax Seal"],"max_hp_gain":0,"max_hp_loss":0,"event_name":"Scrap Ooze","floor":7,"gold_loss":0}],"is_beta":false,"boss_relics":[],"items_purged_floors":[],"is_endless":false,"potions_floor_spawned":[2,5,8],"killed_by":"Slime Boss","ascension_level":3}}