{"host":"oztwkdn1ogbv4ny9","time":1610861722,"event":{"mods":["AchievementEnabler","BaseMod","Colored Map","Hermit","Minty Spire (QoL Compilation)","Replay The Spire","StSLib","SuperFastMode","The Construct","The Cursed","The Disciple","The Hierophant","The Necromancer","The Servant 0.9.4"],"gold_per_floor":[110,35,46,46,56,91,91,125,202,212,59,75,88,101,101,101,101],"floor_reached":16,"language":"ENG","playtime":736,"items_purged":["Strike_S"],"score":114,"play_id":"478e1b68-0227-4d6a-bf32-5b5ea78932fc","local_time":"20210117003522","is_ascension_mode":false,"campfire_choices":[{"data":"ShatteredReality","floor":7,"key":"SMITH"},{"floor":15,"key":"REST"}],"circlet_count":0,"master_deck":["Strike_S","Strike_S","Strike_S","Defend_S","Defend_S","Defend_S","KidneyShot","Exchange","ShatteredReality+1","KidneyShot","Ricochet","DualDimension","Reset","Potential","BottledTime","Luminosity","Comet"],"relics":["Uniform","Prayer Wheel","Blue Doll","Replay:Accelerometer","Akabeko"],"acts_visited":["Exordium"],"potions_floor_usage":[12,16,16],"damage_taken":[{"damage":1,"enemies":"Cultist","floor":1,"turns":4},{"damage":6,"enemies":"Jaw Worm","floor":3,"turns":4},{"damage":0,"enemies":"Small Slimes","floor":5,"turns":3},{"damage":32,"enemies":"Replay:BlueRogue","floor":6,"turns":6},{"damage":8,"enemies":"3 Sentries","floor":8,"turns":6},{"damage":1,"enemies":"3 Louse","floor":10,"turns":2},{"damage":2,"enemies":"Exordium Thugs","floor":12,"turns":3},{"damage":0,"enemies":"Large Slime","floor":13,"turns":2},{"damage":2,"enemies":"Looter","floor":14,"turns":2},{"damage":32,"enemies":"The Guardian","floor":16,"turns":8}],"seed_played":"8634535058373437303","potions_obtained":[{"floor":8,"key":"AttackPotion"},{"floor":10,"key":"AttackPotion"},{"floor":14,"key":"Explosive Potion"}],"is_trial":false,"path_per_floor":["M","$","M","?","M","E","R","E","T","M","$","M","M","M","R_BF","B"],"character_chosen":"THE_SERVANT","items_purchased":["Akabeko"],"campfire_rested":1,"item_purchase_floors":[11],"current_hp_per_floor":[64,64,58,58,58,26,26,18,18,17,17,15,15,13,32,0,0],"gold":101,"neow_bonus":"REMOVE_CARD","is_daily":false,"chose_seed":false,"campfire_upgraded":1,"win_rate":0.0,"timestamp":1610861722,"path_taken":["M","$","M","?","M","E","R","E","T","M","?","M","M","?","R_BF","BOSS"],"items_purchased_type":["Relic"],"build_version":"2020-12-22","purchased_purges":1,"victory":false,"max_hp_per_floor":[65,65,65,65,65,65,65,65,65,65,65,65,65,65,65,65,65],"card_choices":[{"not_picked":["TimeWarp","BestPractice","Gouge"],"picked":"SKIP","floor":1},{"not_picked":["Hightail","Potential"],"picked":"ShatteredReality","floor":3},{"not_picked":["TimeWarp","Spin"],"picked":"Ricochet","floor":5},{"not_picked":["Revamp","Foresight"],"picked":"DualDimension","floor":6},{"not_picked":["StarChef","Read"],"picked":"Reset","floor":8},{"not_picked":["Starlight","SoulSculpture"],"picked":"Potential","floor":10},{"not_picked":["RealityMarble","Solidify","FastForward"],"picked":"SKIP","floor":10},{"not_picked":["Hightail","Spin"],"picked":"BottledTime","floor":12},{"not_picked":["Barrier","Spin","Replace"],"picked":"SKIP","floor":12},{"not_picked":["Contraction","DoubleEdge","MoonPhase"],"picked":"SKIP","floor":13},{"not_picked":["Foresight","Contraction","Alleviate"],"picked":"SKIP","floor":13},{"not_picked":["Barrier","FanOfKnives"],"picked":"Luminosity","floor":14},{"not_picked":["Desolation","Moondial"],"picked":"Comet","floor":14}],"player_experience":221073,"relics_obtained":[{"floor":6,"key":"Prayer Wheel"},{"floor":8,"key":"Blue Doll"},{"floor":9,"key":"Replay:Accelerometer"}],"event_choices":[{"damage_healed":0,"gold_gain":0,"player_choice":"1 cards matched","damage_taken":0,"max_hp_gain":0,"max_hp_loss":0,"event_name":"Match and Keep!","floor":4,"gold_loss":0,"cards_obtained":["KidneyShot"]}],"is_beta":false,"boss_relics":[],"items_purged_floors":[2],"is_endless":false,"potions_floor_spawned":[8,10,14],"killed_by":"The Guardian","ascension_level":0}}