{"host":"mai03x2ekbjy4059","time":1610865460,"event":{"mods":["2.2 Compatiblity","BaseMod","DeckTracker","Keyboard Shortcuts","Minty Spire (QoL Compilation)","Permanent Neow","Quick Restart","SuperFastMode","everything is the same but u backflip on backflip"],"gold_per_floor":[119,119,139,155,155,189,208,239,239,270,291,331,331,408,408,538,538,553,468,468,484,186,227,227,42,42,67,67,98,98,11,11,130,130,149,170,233,233,233,272,296,296,296,321,352,452,491,505,505,505,505,505,14,58,58],"floor_reached":56,"language":"KOR","playtime":1860,"items_purged":["Strike_G","Doubt"],"score":1661,"play_id":"1cdb4cb5-1beb-46e2-913f-3237dc00b578","local_time":"20210117153740","is_ascension_mode":true,"campfire_choices":[{"data":"Footwork","floor":13,"key":"SMITH"},{"data":"Bouncing Flask","floor":15,"key":"SMITH"},{"data":"Noxious Fumes","floor":24,"key":"SMITH"},{"data":"Footwork","floor":28,"key":"SMITH"},{"data":"Footwork","floor":32,"key":"SMITH"},{"data":"After Image","floor":42,"key":"SMITH"},{"floor":49,"key":"RECALL"},{"floor":52,"key":"DIG"}],"circlet_count":0,"master_deck":["Strike_G+1","Strike_G+1","Strike_G+1","Strike_G+1","Defend_G+1","Defend_G+1","Defend_G+1","Defend_G+1","Defend_G+1","Survivor","Neutralize+1","Bouncing Flask+1","Adrenaline","Footwork+1","Blur","Venomology+1","Noxious Fumes+1","Catalyst+1","Backflip+1","Footwork+1","Clumsy","Catalyst+1","Footwork+1","Panacea+1","After Image+1","Caltrops+1","Writhe","Impatience+1","Escape Plan+1"],"relics":["Ring of the Snake","Snake Skull","Golden Idol","Juzu Bracelet","Ancient Tea Set","Pear","Thread and Needle","Toxic Egg 2","Paper Crane","Cursed Key","Nunchaku","Oddly Smooth Stone","Tiny Chest","Anchor","Shovel","SacredBark","Incense Burner","Matryoshka","Toy Ornithopter","Orichalcum","Darkstone Periapt","Bronze Scales","Ornamental Fan","Pantograph","Ginger","Whetstone"],"acts_visited":["Exordium","TheCity","TheBeyond","TheEnding"],"potions_floor_usage":[6,10,18,21,21,27,27,27,27,29,29,35,36,37,40,41,41,44,45,47,47,48,50,50,55,55,55,55],"damage_taken":[{"damage":0.0,"enemies":"Jaw Worm","floor":1.0,"turns":6.0},{"damage":1,"enemies":"Small Slimes","floor":3,"turns":3},{"damage":0,"enemies":"2 Louse","floor":4,"turns":3},{"damage":24,"enemies":"3 Sentries","floor":6,"turns":8},{"damage":0,"enemies":"Looter","floor":7,"turns":4},{"damage":11,"enemies":"Lagavulin","floor":8,"turns":6},{"damage":15,"enemies":"3 Sentries","floor":10,"turns":10},{"damage":0,"enemies":"Blue Slaver","floor":11,"turns":3},{"damage":7,"enemies":"Gremlin Nob","floor":12,"turns":4},{"damage":0,"enemies":"The Guardian","floor":16,"turns":8},{"damage":0,"enemies":"Chosen","floor":18,"turns":3},{"damage":1,"enemies":"2 Thieves","floor":21,"turns":5},{"damage":0,"enemies":"Book of Stabbing","floor":23,"turns":4},{"damage":0,"enemies":"3 Cultists","floor":27,"turns":5},{"damage":0,"enemies":"Gremlin Leader","floor":29,"turns":5},{"damage":0,"enemies":"Automaton","floor":33,"turns":7},{"damage":0,"enemies":"Orb Walker","floor":35,"turns":3},{"damage":0,"enemies":"3 Shapes","floor":36,"turns":5},{"damage":0,"enemies":"Mind Bloom Boss Battle","floor":37,"turns":6},{"damage":0,"enemies":"Giant Head","floor":40,"turns":8},{"damage":15,"enemies":"Sphere and 2 Shapes","floor":41,"turns":7},{"damage":8,"enemies":"Jaw Worm Horde","floor":44,"turns":8},{"damage":61,"enemies":"Reptomancer","floor":45,"turns":7},{"damage":0,"enemies":"Giant Head","floor":47,"turns":8},{"damage":25,"enemies":"4 Shapes","floor":48,"turns":6},{"damage":10,"enemies":"Awakened One","floor":50,"turns":12},{"damage":16,"enemies":"Shield and Spear","floor":54,"turns":8},{"damage":5,"enemies":"The Heart","floor":55,"turns":8}],"seed_played":"1657752906972335889","potions_obtained":[{"floor":3,"key":"Energy Potion"},{"floor":4,"key":"FearPotion"},{"floor":7,"key":"CunningPotion"},{"floor":8,"key":"Strength Potion"},{"floor":10,"key":"SmokeBomb"},{"floor":23,"key":"EntropicBrew"},{"floor":29,"key":"ColorlessPotion"},{"floor":35,"key":"Swift Potion"},{"floor":40,"key":"Dexterity Potion"},{"floor":41,"key":"LiquidMemories"},{"floor":44,"key":"Block Potion"},{"floor":54,"key":"Ancient Potion"}],"is_trial":false,"path_per_floor":["M","?","M","M","?","E","M","E","T","E","M","E","R","T","R","B",null,"M","?","?","M","$","E","R","$","T","M","R","E","?","$","R","B",null,"M","M","?","T","?","E","M","R","T","M","E","?","E","M","R","B",null,"R","$","E","B",null],"character_chosen":"THE_SILENT","items_purchased":["Oddly Smooth Stone","Catalyst+1","Footwork","Anchor","Panacea+1","Ginger","Impatience+1"],"campfire_rested":0,"item_purchase_floors":[22,22,25,25,31,53,53],"current_hp_per_floor":[70,75,74,74,56,32,32,21,31,16,16,9,9,9,9,9,85,85,85,85,84,84,84,84,84,84,84,84,84,84,84,84,84,85,85,85,85,85,85,85,85,85,85,82,24,24,34,14,14,14,85,85,85,69,85],"gold":58,"neow_bonus":"RANDOM_COMMON_RELIC","is_daily":false,"chose_seed":false,"campfire_upgraded":6,"win_rate":0.0,"timestamp":1610865460,"path_taken":["M","?","M","M","?","E","M","E","T","E","M","E","R","?","R","BOSS","M","?","?","M","$","E","R","?","T","M","R","E","?","$","R","BOSS","M","M","?","?","?","E","M","R","T","M","E","?","E","M","R","BOSS","R","$","E","BOSS"],"items_purchased_type":["Relic","Card","Card","Relic","Card","Relic","Card"],"build_version":"2020-12-22","purchased_purges":2,"victory":true,"max_hp_per_floor":[70,75,75,75,75,75,75,75,85,85,85,85,85,85,85,85,85,85,85,85,85,85,85,85,85,85,85,85,85,85,85,85,85,85,85,85,85,85,85,85,85,85,85,85,85,85,85,85,85,85,85,85,85,85,85],"card_choices":[{"not_picked":["Slice","Crippling Poison"],"picked":"Bouncing Flask","floor":1.0},{"not_picked":["Deflect","Prepared","Blade Dance"],"picked":"SKIP","floor":3},{"not_picked":["Sucker Punch","Terror","Cloak And Dagger"],"picked":"SKIP","floor":4},{"not_picked":["Prepared","Dagger Throw"],"picked":"Adrenaline","floor":6},{"not_picked":["Backstab","Outmaneuver","Expertise"],"picked":"SKIP","floor":7},{"not_picked":["Choke","Blur"],"picked":"Footwork","floor":8},{"not_picked":["Endless Agony","Slice","Bane"],"picked":"SKIP","floor":10},{"not_picked":["Sucker Punch","Dodge and Roll"],"picked":"Blur","floor":11},{"not_picked":["Underhanded Strike","PiercingWail+1"],"picked":"Venomology+1","floor":12},{"not_picked":["Sucker Punch","Outmaneuver+1"],"picked":"Noxious Fumes","floor":18},{"not_picked":["Underhanded Strike+1","Heel Hook","Dagger Throw"],"picked":"SKIP","floor":21},{"not_picked":["Calculated Gamble+1","Underhanded Strike"],"picked":"Backflip+1","floor":23},{"not_picked":["Slice","Poisoned Stab"],"picked":"Catalyst+1","floor":27},{"not_picked":["Cloak And Dagger+1","Flying Knee"],"picked":"Footwork","floor":29},{"not_picked":["Phantasmal Killer+1","Tools of the Trade"],"picked":"After Image","floor":33},{"not_picked":["Choke","Prepared+1"],"picked":"Caltrops+1","floor":35},{"not_picked":["Dagger Throw","Infinite Blades","Heel Hook"],"picked":"SKIP","floor":36},{"not_picked":["PiercingWail+1","Crippling Poison+1","Finisher"],"picked":"SKIP","floor":40},{"not_picked":["Predator+1","Slice","Deflect+1"],"picked":"SKIP","floor":41},{"not_picked":["Poisoned Stab","Flying Knee+1","Cloak And Dagger+1"],"picked":"SKIP","floor":44},{"not_picked":["Distraction+1","Bouncing Flask+1","Well Laid Plans"],"picked":"SKIP","floor":45},{"not_picked":["Deadly Poison+1","Setup+1","Underhanded Strike"],"picked":"SKIP","floor":47},{"not_picked":["Flying Knee","Calculated Gamble+1","Underhanded Strike+1"],"picked":"SKIP","floor":48},{"not_picked":["PiercingWail+1","Riddle With Holes"],"picked":"Escape Plan+1","floor":54}],"player_experience":1072873,"relics_obtained":[{"floor":6,"key":"Juzu Bracelet"},{"floor":8,"key":"Ancient Tea Set"},{"floor":9,"key":"Pear"},{"floor":10,"key":"Thread and Needle"},{"floor":12,"key":"Toxic Egg 2"},{"floor":14,"key":"Paper Crane"},{"floor":23,"key":"Tiny Chest"},{"floor":29,"key":"Shovel"},{"floor":37,"key":"Incense Burner"},{"floor":38,"key":"Matryoshka"},{"floor":40,"key":"Toy Ornithopter"},{"floor":43,"key":"Orichalcum"},{"floor":43,"key":"Darkstone Periapt"},{"floor":45,"key":"Bronze Scales"},{"floor":47,"key":"Ornamental Fan"},{"floor":52,"key":"Pantograph"},{"floor":54,"key":"Whetstone"}],"event_choices":[{"damage_healed":0,"gold_gain":0,"player_choice":"Donut","damage_taken":0,"max_hp_gain":5,"max_hp_loss":0,"event_name":"Big Fish","floor":2,"gold_loss":0},{"damage_healed":0,"gold_gain":0,"player_choice":"Take Damage","damage_taken":18,"relics_obtained":["Golden Idol"],"max_hp_gain":0,"max_hp_loss":0,"event_name":"Golden Idol","floor":5,"gold_loss":0},{"damage_healed":0,"gold_gain":0,"player_choice":"Obtained Relic","damage_taken":0,"relics_obtained":["Nunchaku"],"max_hp_gain":0,"max_hp_loss":0,"event_name":"Addict","floor":19,"gold_loss":85},{"damage_healed":0,"gold_gain":0,"player_choice":"Ignored","damage_taken":0,"max_hp_gain":0,"max_hp_loss":0,"event_name":"Vampires","floor":20,"gold_loss":0},{"damage_healed":0,"gold_gain":0,"player_choice":"Simplicity","damage_taken":0,"max_hp_gain":0,"max_hp_loss":0,"event_name":"Back to Basics","floor":30,"gold_loss":0,"cards_upgraded":["Strike_G","Strike_G","Strike_G","Strike_G","Defend_G","Defend_G","Defend_G","Defend_G","Defend_G"]},{"damage_healed":0,"gold_gain":0,"player_choice":"Fight","damage_taken":0,"max_hp_gain":0,"max_hp_loss":0,"event_name":"MindBloom","floor":37,"gold_loss":0},{"damage_healed":0,"gold_gain":0,"player_choice":"Ignored","damage_taken":0,"max_hp_gain":0,"max_hp_loss":0,"event_name":"Tomb of Lord Red Mask","floor":39,"gold_loss":0},{"damage_healed":0,"gold_gain":100,"player_choice":"Pray","damage_taken":0,"max_hp_gain":0,"max_hp_loss":0,"event_name":"Golden Shrine","floor":46,"gold_loss":0}],"is_beta":false,"boss_relics":[{"not_picked":["Snecko Eye","SlaversCollar"],"picked":"Cursed Key"},{"not_picked":["Sozu","Runic Pyramid"],"picked":"SacredBark"}],"items_purged_floors":[22,53],"is_endless":false,"potions_floor_spawned":[3,4,7,8,10,16,23,29,35,40,41,44,45,54],"ascension_level":1}}