{"host":"7mo9b2f9hhzb5x6f","time":1610881136,"event":{"mods":["100% Spire Juice","2.2 Compatiblity","ATMod(阿瑾Mod)","Act Like it!","Arknights The Spire","BaseMod","Better-Laid Plans","LazyManMod","Library of Ruina","Library of Ruina Extra","Marked Mod","Minty Spire (QoL Compilation)","MostiFishMod","Relic Stats","Spicy Shops","StSLib","TestMod","The Alterego","The Hayseed","UnlockEverythingMod","Yakumo Yukari mod","【功能Mod】混沌之环修复补丁","【功能Mod】精心准备"],"gold_per_floor":[115,115,15,15,25,60,77,77,77,77,88,115,115,13,25,132,144,173,185,95,107,138,150,187,213,11,50,81,93,130,156,168,288,300,338,350,379,114,139,139,51,68,95,426,103,124,160,185,185,213,213],"floor_reached":52,"language":"ZHS","playtime":2591,"items_purged":[],"score":1018,"play_id":"e50ac1d8-2baf-410b-9d5f-223824f5f599","local_time":"20210117185856","is_ascension_mode":false,"campfire_choices":[{"data":"Moonworks:JonathanRush","floor":8.0,"key":"SMITH"},{"data":"Moonworks:FinalBattle","floor":10.0,"key":"SMITH"},{"data":"Moonworks:JonathanRush","floor":13.0,"key":"SMITH"},{"data":"Moonworks:RocketCannon","floor":15.0,"key":"SMITH"},{"data":"Moonworks:BackdoorTrade","floor":23.0,"key":"SMITH"},{"data":"Moonworks:JonathanRush","floor":32.0,"key":"SMITH"},{"data":"Moonworks:AnotherUltimateWeapon","floor":40,"key":"SMITH"},{"data":"Moonworks:DevilHand","floor":49,"key":"SMITH"}],"circlet_count":0,"master_deck":["Moonworks:Defend","Moonworks:Defend","Moonworks:Defend","Moonworks:Ambush+1","Moonworks:LongDistanceShot+1","Moonworks:EvilSpyWorkPreparation","Moonworks:JonathanRush+1","Moonworks:JonathanRush+1","Moonworks:FinalBattle+1","Moonworks:WindyEnchantment","Moonworks:RocketCannon+1","Moonworks:NicePresent","Moonworks:AnotherUltimateWeapon+1","Moonworks:RedAndBlue","Moonworks:MiracleWalker","Moonworks:ScrambledEve","Moonworks:BackdoorTrade+1","Moonworks:JonathanRush+1","Moonworks:JonathanRush+1","Moonworks:SweetBattle","Moonworks:TreasureThief","Moonworks:AccelHyper","Moonworks:DevilHand+1","Moonworks:CloudOfSeagulls+1","Moonworks:CloudOfSeagulls+1","Moonworks:JonathanRush+1","Moonworks:NicePresent+1","Moonworks:JonathanRush+1","Moonworks:JonathanRush+1","Moonworks:CloudOfSeagulls+1"],"relics":["Moonworks:BrokenBomb","Moonworks:Homemark","testmod-TestBox","DaveBox","AT_ATBox","testmod-BlackFramedGlasses","DianDianMeat","SynthV:TestCard","AT_BellDemon","AT_SunfireAegis","AT_LudenTempest","PageOfSpiderBud","testmod-DragonStarHat","Bottled Lightning","MawBank","testmod-SaigiyounoYou","Orichalcum","AT_EbonyIvory","AT_ForceNature","PageOfLittleHelper","AT_DeathDance","Art of War","DaCapo","testmod-ArcanaOfDestiny","testmod-TheFather","Darkstone Periapt","Regal Pillow","GreenFoldingFan","Bronze Scales","testmod-IndustrialRevolution","Whetstone","Molten Egg 2","TungstenRod","PreservedInsect","MealTicket","Old Coin","Mummified Hand","PageOfFairyFestival","Centennial Puzzle","testmod-OneHitWonder","PageOfSingingMachine","SynthV:C4"],"acts_visited":["Exordium","TheCity","TheBeyond"],"potions_floor_usage":[],"damage_taken":[{"damage":1.0,"enemies":"Cultist","floor":1.0,"turns":3.0},{"damage":0.0,"enemies":"Small Slimes","floor":3.0,"turns":3.0},{"damage":0.0,"enemies":"2 Louse","floor":5.0,"turns":3.0},{"damage":18.0,"enemies":"3 Sentries","floor":6.0,"turns":6.0},{"damage":1.0,"enemies":"Red Slaver","floor":7.0,"turns":2.0},{"damage":16.0,"enemies":"Exordium Wildlife","floor":11.0,"turns":2.0},{"damage":1.0,"enemies":"Gremlin Nob","floor":12.0,"turns":3.0},{"damage":28.0,"enemies":"Exordium Thugs","floor":14.0,"turns":2.0},{"damage":38.0,"enemies":"The Guardian","floor":16.0,"turns":3.0},{"damage":0.0,"enemies":"3 Byrds","floor":18.0,"turns":2.0},{"damage":4.0,"enemies":"Chosen","floor":20.0,"turns":2.0},{"damage":18.0,"enemies":"Snake Plant","floor":22.0,"turns":2.0},{"damage":0.0,"enemies":"Gremlin Leader","floor":24.0,"turns":2.0},{"damage":0.0,"enemies":"Snecko","floor":25.0,"turns":1.0},{"damage":0.0,"enemies":"Book of Stabbing","floor":27.0,"turns":2.0},{"damage":0.0,"enemies":"Sentry and Sphere","floor":28.0,"turns":2.0},{"damage":0.0,"enemies":"Shelled Parasite and Fungi","floor":30.0,"turns":2.0},{"damage":5.0,"enemies":"Centurion and Healer","floor":31.0,"turns":2.0},{"damage":12.0,"enemies":"KingOfGreed","floor":33.0,"turns":3.0},{"damage":1,"enemies":"3 Darklings","floor":35,"turns":1},{"damage":2,"enemies":"3 Shapes","floor":37,"turns":1},{"damage":1,"enemies":"Sphere and 2 Shapes","floor":39,"turns":1},{"damage":0,"enemies":"Spire Growth","floor":42,"turns":1},{"damage":0,"enemies":"Giant Head","floor":44,"turns":2},{"damage":1,"enemies":"3 Darklings","floor":46,"turns":1},{"damage":1,"enemies":"Reptomancer","floor":47,"turns":1},{"damage":1,"enemies":"Transient","floor":48,"turns":2},{"damage":1,"enemies":"Donu and Deca","floor":50,"turns":1}],"seed_played":"2055913905944482186","potions_obtained":[{"floor":3.0,"key":"DistilledChaos"},{"floor":11.0,"key":"FearPotion"},{"floor":12.0,"key":"Regen Potion"},{"floor":22.0,"key":"Fruit Juice"},{"floor":24.0,"key":"BlessingOfTheForge"}],"is_trial":false,"path_per_floor":["M","?","M","?","M","E","M","R","T","R","M","E","R","M","R","B",null,"M","?","M","$","M","R","E","M","T","E","M","?","M","M","R","B",null,"M","?","M","$","M","R","$","M","T","E","$","M","E","M","R","B",null,null],"character_chosen":"THE_STARBREAKER","items_purchased":["Whetstone","Molten Egg 2","Moonworks:CloudOfSeagulls+1","Moonworks:JonathanRush+1","Moonworks:JonathanRush+1","PageOfFairyFestival"],"campfire_rested":0,"item_purchase_floors":[38,38,41,41,45,45],"current_hp_per_floor":[45,45,50,43,49,41,47,47,47,47,39,51,51,41,41,18,105,115,126,138,138,143,143,156,170,170,170,185,185,201,218,218,236,236,236,255,275,275,275,275,318,318,318,341,365,390,390,416,416,416,416],"gold":213,"neow_bonus":"REMOVE_TWO","is_daily":false,"chose_seed":false,"campfire_upgraded":8,"win_rate":0.0,"timestamp":1610881136,"path_taken":["M","?","M","?","M","E","M","R","T","R","M","E","R","M","R","BOSS","M","?","M","$","M","R","E","?","T","E","M","?","M","M","R","BOSS","M","?","M","$","M","R","$","M","T","E","?","M","E","M","R","BOSS"],"items_purchased_type":["Relic","Relic","Card","Card","Card","Relic"],"build_version":"2020-12-22","purchased_purges":0,"victory":true,"max_hp_per_floor":[61,61,63,63,66,70,75,75,75,75,81,88,88,96,96,105,105,115,126,138,138,156,156,156,170,170,170,185,185,201,218,218,236,236,236,255,275,275,275,275,318,318,318,341,365,390,390,416,416,416,416],"relic_stats":{"Darkstone Periapt":0,"Regal Pillow":0,"counters":[28,58],"PreservedInsect":184,"Whetstone":["Moonworks:LongDistanceShot","Moonworks:Ambush"],"Orichalcum":[12],"MawBank":288,"Centennial Puzzle":[9],"Mummified Hand":[3],"Bronze Scales":[6],"MealTicket":0,"Art of War":[2],"obtain_stats":[{"AT_BellDemon":6,"Darkstone Periapt":30,"Regal Pillow":33,"AT_ATBox":0,"DaveBox":0,"Whetstone":38,"PageOfSingingMachine":47,"testmod-BlackFramedGlasses":0,"SynthV:C4":48,"PageOfSpiderBud":11,"Old Coin":44,"GreenFoldingFan":34,"Centennial Puzzle":46,"PageOfFairyFestival":45,"Mummified Hand":44,"testmod-TheFather":28,"MealTicket":43,"testmod-DragonStarHat":12,"DaCapo":27,"testmod-ArcanaOfDestiny":27,"DianDianMeat":0,"AT_ForceNature":24,"testmod-TestBox":0,"PageOfLittleHelper":24,"AT_EbonyIvory":22,"PreservedInsect":42,"Orichalcum":20,"MawBank":14,"testmod-SaigiyounoYou":17,"testmod-IndustrialRevolution":37,"AT_LudenTempest":9,"SynthV:TestCard":1,"Moonworks:Homemark":0,"Bronze Scales":35,"Molten Egg 2":38,"Art of War":26,"Bottled Lightning":12,"AT_SunfireAegis":7,"AT_DeathDance":25,"TungstenRod":39,"testmod-OneHitWonder":47,"Moonworks:BrokenBomb":0},{"AT_BellDemon":4,"Darkstone Periapt":17,"Regal Pillow":19,"AT_ATBox":0,"DaveBox":0,"Whetstone":21,"PageOfSingingMachine":26,"testmod-BlackFramedGlasses":0,"SynthV:C4":27,"PageOfSpiderBud":6,"Old Coin":24,"GreenFoldingFan":19,"Centennial Puzzle":25,"PageOfFairyFestival":24,"Mummified Hand":24,"testmod-TheFather":16,"MealTicket":23,"testmod-DragonStarHat":7,"DaCapo":15,"testmod-ArcanaOfDestiny":15,"DianDianMeat":0,"AT_ForceNature":13,"testmod-TestBox":0,"PageOfLittleHelper":13,"AT_EbonyIvory":12,"PreservedInsect":23,"Orichalcum":11,"MawBank":8,"testmod-SaigiyounoYou":9,"testmod-IndustrialRevolution":21,"AT_LudenTempest":5,"SynthV:TestCard":1,"Moonworks:Homemark":0,"Bronze Scales":20,"Molten Egg 2":21,"Art of War":14,"Bottled Lightning":7,"AT_SunfireAegis":5,"AT_DeathDance":14,"TungstenRod":22,"testmod-OneHitWonder":26,"Moonworks:BrokenBomb":0},{"AT_BellDemon":15,"Darkstone Periapt":42,"Regal Pillow":47,"AT_ATBox":0,"DaveBox":0,"Whetstone":49,"PageOfSingingMachine":55,"testmod-BlackFramedGlasses":0,"SynthV:C4":57,"PageOfSpiderBud":19,"Old Coin":53,"GreenFoldingFan":47,"Centennial Puzzle":54,"PageOfFairyFestival":53,"Mummified Hand":53,"testmod-TheFather":40,"MealTicket":51,"testmod-DragonStarHat":22,"DaCapo":38,"testmod-ArcanaOfDestiny":38,"DianDianMeat":0,"AT_ForceNature":35,"testmod-TestBox":0,"PageOfLittleHelper":35,"AT_EbonyIvory":33,"PreservedInsect":51,"Orichalcum":31,"MawBank":24,"testmod-SaigiyounoYou":27,"testmod-IndustrialRevolution":49,"AT_LudenTempest":17,"SynthV:TestCard":3,"Moonworks:Homemark":0,"Bronze Scales":48,"Molten Egg 2":49,"Art of War":36,"Bottled Lightning":22,"AT_SunfireAegis":17,"AT_DeathDance":36,"TungstenRod":50,"testmod-OneHitWonder":55,"Moonworks:BrokenBomb":0}],"TungstenRod":12},"card_choices":[{"not_picked":["Moonworks:SakisCookie","Moonworks:Assault"],"picked":"Moonworks:EvilSpyWorkPreparation","floor":1.0},{"not_picked":["Moonworks:NicePresent","Moonworks:Poppoformation","Moonworks:LulusLuckyEgg","Moonworks:Assault"],"picked":"Moonworks:JonathanRush","floor":3.0},{"not_picked":["Moonworks:SweetBattle","Moonworks:Flamethrower","Moonworks:IndiscriminateFireSupport","Moonworks:DevilHand"],"picked":"Moonworks:JonathanRush","floor":5.0},{"not_picked":["Moonworks:IntelligenceOfficer","Moonworks:ScrambledEve","Moonworks:SweetBattle","Moonworks:Poppoformation"],"picked":"Moonworks:FinalBattle","floor":6.0},{"not_picked":["Moonworks:ReproductionOfRecords","Moonworks:IndiscriminateFireSupport","Moonworks:ForcedRevival","Moonworks:FullSpeedAlicianrone"],"picked":"Moonworks:WindyEnchantment","floor":7.0},{"not_picked":["Moonworks:ImOnFire","Moonworks:BigMagnum","Moonworks:EvilSpyWorkPreparation","Moonworks:IndiscriminateFireSupport"],"picked":"Moonworks:SakisCookie","floor":11.0},{"not_picked":["Moonworks:StiffCrystal","Moonworks:EvilSpyWorkPreparation","Moonworks:MiracleWalker","Moonworks:FullSpeedAlicianrone"],"picked":"Moonworks:RocketCannon","floor":12.0},{"not_picked":["Moonworks:FinalSurgery","Moonworks:IndiscriminateFireSupport","Moonworks:Heat300Percent","Moonworks:AngelHand"],"picked":"Moonworks:NicePresent","floor":14.0},{"not_picked":["Moonworks:SubspaceTunnel","Moonworks:Gamble","Moonworks:WeAreWaruda","Moonworks:ReflectiveShell"],"picked":"Moonworks:AnotherUltimateWeapon","floor":16.0},{"not_picked":["Moonworks:IndiscriminateFireSupport","Moonworks:NicePresent","Moonworks:LulusLuckyEgg+1","Moonworks:DeployBits"],"picked":"Moonworks:RedAndBlue","floor":18.0},{"not_picked":["Moonworks:StiffCrystal","Moonworks:Heat300Percent","Moonworks:ReproductionOfRecords","Moonworks:LulusLuckyEgg"],"picked":"Moonworks:ScrambledEve","floor":20.0},{"not_picked":["Moonworks:RedAndBlue","Moonworks:UnpaidWork","Moonworks:BeyondHell","Moonworks:DeployBits"],"picked":"Moonworks:BackdoorTrade","floor":22.0},{"not_picked":["Moonworks:EvilSpyWorkPreparation","Moonworks:DevilHand+1","Moonworks:MiracleRedBeanIceCream","Moonworks:MiracleWalker+1","Moonworks:NicePresent"],"picked":"SKIP","floor":24.0},{"not_picked":["Moonworks:IndiscriminateFireSupport","Moonworks:NicePresent","Moonworks:Blazing","Moonworks:Assault"],"picked":"Moonworks:JonathanRush","floor":25.0},{"not_picked":["Moonworks:ImOnFire","Moonworks:Poppoformation","Moonworks:UnpaidWork","Moonworks:MiracleWalker","Moonworks:EvilSpyWorkPreparation"],"picked":"SKIP","floor":27.0},{"not_picked":["Moonworks:SakisCookie+1","Moonworks:IndiscriminateFireSupport+1","Moonworks:NicePresent","Moonworks:UnpaidWork"],"picked":"Moonworks:JonathanRush+1","floor":28.0},{"not_picked":["Moonworks:IndiscriminateFireSupport","Moonworks:TacticalRetreat","Moonworks:DeployBits","Moonworks:Dash+1"],"picked":"Moonworks:SweetBattle","floor":30.0},{"not_picked":["Moonworks:FullSpeedAlicianrone","Moonworks:Assault","Moonworks:BigMagnum","Moonworks:SubspaceTunnel"],"picked":"Moonworks:TreasureThief","floor":31.0},{"not_picked":["Moonworks:CrystalBarrier","Moonworks:EvilMastermind","Moonworks:Wanted","Moonworks:HolyNight"],"picked":"Moonworks:AccelHyper","floor":33.0},{"not_picked":["Moonworks:ImOnFire","Moonworks:SweetBattle+1","Moonworks:Flamethrower+1","Moonworks:UnluckyCharm+1","Moonworks:UnpaidWork"],"picked":"SKIP","floor":35},{"not_picked":["Moonworks:ImOnFire+1","Moonworks:IndiscriminateFireSupport+1","Moonworks:SakisCookie","Moonworks:DeployBits"],"picked":"Moonworks:CloudOfSeagulls+1","floor":37},{"not_picked":["Moonworks:IndiscriminateFireSupport+1","Moonworks:ImOnFire+1","Moonworks:ForcedRevival","Moonworks:SakisCookie+1","Moonworks:CrystalBarrier"],"picked":"SKIP","floor":39},{"not_picked":["Moonworks:Heat300Percent+1","Moonworks:CompletionReward+1","Moonworks:IndiscriminateFireSupport+1","Moonworks:BigMagnum","Moonworks:NicePresent+1"],"picked":"SKIP","floor":42},{"not_picked":["Moonworks:ScrambledEve+1","Moonworks:DeployBits+1","Moonworks:LulusLuckyEgg","Moonworks:Assault+1"],"picked":"Moonworks:NicePresent+1","floor":44},{"not_picked":["Moonworks:StiffCrystal","Moonworks:Assault+1","Moonworks:DeployBits+1","Moonworks:DevilHand+1"],"picked":"Moonworks:JonathanRush+1","floor":46},{"not_picked":["Moonworks:DeployBits","Moonworks:TreasureThief","Moonworks:Heat300Percent+1","Moonworks:LulusLuckyEgg+1","Moonworks:IntelligenceOfficer+1"],"picked":"SKIP","floor":47},{"not_picked":["Moonworks:AwakeningOfTalent+1","Moonworks:WindyEnchantment","Moonworks:FinalSurgery+1","Moonworks:FullSpeedAlicianrone+1"],"picked":"Moonworks:CloudOfSeagulls+1","floor":48}],"player_experience":102912,"relics_obtained":[{"floor":1.0,"key":"SynthV:TestCard"},{"floor":6.0,"key":"AT_BellDemon"},{"floor":7.0,"key":"AT_SunfireAegis"},{"floor":9.0,"key":"AT_LudenTempest"},{"floor":11.0,"key":"PageOfSpiderBud"},{"floor":12.0,"key":"testmod-DragonStarHat"},{"floor":12.0,"key":"Bottled Lightning"},{"floor":14.0,"key":"MawBank"},{"floor":20.0,"key":"Orichalcum"},{"floor":22.0,"key":"AT_EbonyIvory"},{"floor":24.0,"key":"AT_ForceNature"},{"floor":24.0,"key":"PageOfLittleHelper"},{"floor":25.0,"key":"AT_DeathDance"},{"floor":26.0,"key":"Art of War"},{"floor":27.0,"key":"DaCapo"},{"floor":27.0,"key":"testmod-ArcanaOfDestiny"},{"floor":28.0,"key":"testmod-TheFather"},{"floor":30.0,"key":"Darkstone Periapt"},{"floor":33.0,"key":"Regal Pillow"},{"floor":35,"key":"Bronze Scales"},{"floor":37,"key":"testmod-IndustrialRevolution"},{"floor":39,"key":"TungstenRod"},{"floor":42,"key":"PreservedInsect"},{"floor":43,"key":"MealTicket"},{"floor":44,"key":"Old Coin"},{"floor":44,"key":"Mummified Hand"},{"floor":46,"key":"Centennial Puzzle"},{"floor":47,"key":"testmod-OneHitWonder"},{"floor":47,"key":"PageOfSingingMachine"},{"floor":48,"key":"SynthV:C4"}],"event_choices":[{"damage_healed":0.0,"max_hp_gain":0.0,"max_hp_loss":0.0,"gold_gain":0.0,"event_name":"给自己的盒子","player_choice":"Ignored","floor":2.0,"gold_loss":0.0,"damage_taken":0.0},{"cards_removed":["Moonworks:Strike"],"damage_healed":0.0,"max_hp_gain":0.0,"max_hp_loss":0.0,"gold_gain":0.0,"event_name":"Golden Wing","player_choice":"Card Removal","floor":4.0,"gold_loss":0.0,"damage_taken":7.0},{"damage_healed":0.0,"max_hp_gain":0.0,"max_hp_loss":0.0,"gold_gain":0.0,"cards_transformed":["Moonworks:Strike"],"event_name":"Transmorgrifier","player_choice":"Transformed","floor":19.0,"gold_loss":0.0,"damage_taken":0.0,"cards_obtained":["Moonworks:MiracleWalker"]},{"cards_removed":["Moonworks:Strike"],"damage_healed":0.0,"max_hp_gain":0.0,"max_hp_loss":0.0,"gold_gain":0.0,"event_name":"Bonfire Elementals","player_choice":"Offered Basic","floor":29.0,"gold_loss":0.0,"damage_taken":0.0},{"damage_healed":0,"gold_gain":0,"cards_transformed":["Moonworks:SakisCookie"],"player_choice":"Transformed","damage_taken":0,"max_hp_gain":0,"max_hp_loss":0,"event_name":"Transmorgrifier","floor":36,"gold_loss":0,"cards_obtained":["Moonworks:DevilHand"]}],"is_beta":false,"boss_relics":[{"not_picked":["Tiny House","testmod-TimeTraveler"],"picked":"testmod-SaigiyounoYou"},{"not_picked":["testmod-Prudence","testmod-IncinerationGenerator"],"picked":"GreenFoldingFan"}],"items_purged_floors":[],"is_endless":false,"potions_floor_spawned":[3,11,12,22,24,27,31,35,39,46,48],"ascension_level":0}}