{"host":"u9h06qdlnp3wgzsw","time":1610853523,"event":{"mods":["BaseMod","Downfall","Hermit","Minty Spire (QoL Compilation)","Rare Cards Sparkle","Shop Mod","StSLib","The Hierophant"],"gold_per_floor":[109,109,127,127,154,154,154,158,158,173,54,98,98,133,133,253,253,265,340,389,420,33,33,141,141,191,287,394,460,558,558,558],"floor_reached":31,"language":"ENG","playtime":2995,"items_purged":[],"score":351,"play_id":"06b29377-c7cf-4926-8517-b5b56c8f7c9a","local_time":"20210116221843","is_ascension_mode":false,"campfire_choices":[{"data":"hierophant:ChurchCoffers","floor":6,"key":"SMITH"},{"data":"hierophant:Remorse","floor":13,"key":"SMITH"},{"data":"hierophant:Remorse","floor":15,"key":"SMITH"}],"circlet_count":0,"master_deck":["hierophant:Strike_Hierophant","hierophant:Strike_Hierophant","hierophant:Strike_Hierophant","hierophant:Punish","hierophant:Defend_Hierophant","hierophant:Defend_Hierophant","hierophant:Defend_Hierophant","hierophant:Defend_Hierophant","hierophant:ChurchCoffers+1","hierophant:Doubloon","hierophant:ConvertCurrency","hierophant:Doubloon+1","hierophant:Dazzle+1","hierophant:Doubloon+1","hierophant:Remorse+1","hierophant:Doubloon+1","hierophant:CoinFling","hierophant:Charity","hierophant:Doubloon+1","hierophant:Doubloon+1","hierophant:Remorse+1","hierophant:Doubloon+1","hierophant:Doubloon+1","hierophant:Generosity","hierophant:OrnateBuckler+1","hierophant:Glossolalia+1","hierophant:CursedGold","hierophant:Doubloon+1","hierophant:RustyCrate+1","hierophant:Doubloon+1","hierophant:Doubloon+1","hierophant:Remorse+1","hierophant:Doubloon+1","hierophant:OrnateJavelin+1","hierophant:Doubloon+1","hierophant:RecallFunds+1","hierophant:Doubloon+1","hierophant:ConvertCurrency+1","hierophant:Doubloon+1","hierophant:RecallFunds+1"],"relics":["SlaversCollar","Toxic Egg 2","Golden Idol","MealTicket","Oddly Smooth Stone","Bronze Scales","Black Star","Molten Egg 2"],"acts_visited":["Exordium","TheCity"],"potions_floor_usage":[5,8,8,14,21,21,21,24,31,31],"damage_taken":[{"damage":5,"enemies":"Cultist","floor":1,"turns":4},{"damage":2,"enemies":"Small Slimes","floor":3,"turns":4},{"damage":2,"enemies":"2 Louse","floor":5,"turns":2},{"damage":8,"enemies":"Lagavulin","floor":8,"turns":5},{"damage":4,"enemies":"Large Slime","floor":10,"turns":6},{"damage":1,"enemies":"Red Slaver","floor":12,"turns":2},{"damage":0,"enemies":"Gremlin Nob","floor":14,"turns":1},{"damage":27,"enemies":"The Guardian","floor":16,"turns":8},{"damage":0,"enemies":"Spheric Guardian","floor":18,"turns":3},{"damage":0,"enemies":"Chosen","floor":20,"turns":4},{"damage":13,"enemies":"Centurion and Healer","floor":21,"turns":7},{"damage":12,"enemies":"Snake Plant","floor":24,"turns":3},{"damage":0,"enemies":"3 Cultists","floor":27,"turns":4},{"damage":15,"enemies":"Snecko","floor":28,"turns":3},{"damage":4,"enemies":"Sentry and Sphere","floor":29,"turns":3},{"damage":36,"enemies":"Snake Plant","floor":30,"turns":3},{"damage":8,"enemies":"Snecko","floor":31,"turns":2}],"seed_played":"-7926043284295043972","potions_obtained":[{"floor":1,"key":"PowerPotion"},{"floor":3,"key":"Regen Potion"},{"floor":5,"key":"Fire Potion"},{"floor":16,"key":"EntropicBrew"},{"floor":27,"key":"SteroidPotion"},{"floor":28,"key":"Fire Potion"}],"is_trial":false,"path_per_floor":["M","?","M","?","M","R","?","E","T","M","$","M","R","E","R","B",null,"M","?","M","M","$","?","M","?","T","M","M","M","M","M"],"character_chosen":"HIEROPHANT","items_purchased":["hierophant:Charity","PowerPotion","Molten Egg 2","hierophant:CursedGold","hierophant:RustyCrate+1","hierophant:Remorse+1"],"campfire_rested":0,"item_purchase_floors":[11,11,22,22,22,22],"current_hp_per_floor":[70,67,65,65,72,72,65,57,57,53,68,67,67,67,67,40,75,75,68,68,55,70,70,58,58,58,58,43,39,3,0,0],"gold":558,"neow_bonus":"BOSS_RELIC","is_daily":false,"chose_seed":false,"campfire_upgraded":3,"win_rate":0.0,"timestamp":1610853523,"path_taken":["M","?","M","?","M","R","?","E","T","M","$","M","R","E","R","BOSS","M","?","?","M","$","?","M","?","T","?","M","M","M","M"],"items_purchased_type":["Card","Potion","Relic","Card","Card","Card"],"build_version":"2020-12-22","purchased_purges":0,"victory":false,"max_hp_per_floor":[75,75,75,75,75,75,75,75,75,75,75,75,75,75,75,75,75,75,75,75,75,75,75,75,75,75,75,75,75,75,75,75],"card_choices":[{"not_picked":["hierophant:Endure","hierophant:Upheaval"],"picked":"hierophant:ConvertCurrency","floor":1},{"not_picked":["hierophant:Smite","hierophant:SealAway","hierophant:FieryStrike"],"picked":"SKIP","floor":3},{"not_picked":["hierophant:FieryStrike","hierophant:EyeForCoin+1"],"picked":"hierophant:Dazzle+1","floor":5},{"not_picked":["hierophant:SolarFlare","hierophant:Purify"],"picked":"hierophant:Remorse","floor":8},{"not_picked":["hierophant:Purify","hierophant:Blessing+1"],"picked":"hierophant:CoinFling","floor":10},{"not_picked":["hierophant:Mercenaries","hierophant:Purify"],"picked":"hierophant:Remorse","floor":12},{"not_picked":["hierophant:HolyVerse+1","hierophant:FieryStrike"],"picked":"hierophant:Doubloon+1","floor":14},{"not_picked":["hierophant:WrathOfGod","hierophant:Batter"],"picked":"hierophant:Generosity","floor":16},{"not_picked":["hierophant:Zeal","hierophant:Alms+1"],"picked":"hierophant:OrnateBuckler+1","floor":18},{"not_picked":["hierophant:FieryStrike","hierophant:Repentance+1","hierophant:Purify"],"picked":"SKIP","floor":20},{"not_picked":["hierophant:Doubloon+1","hierophant:Blessing+1"],"picked":"hierophant:Glossolalia+1","floor":21},{"not_picked":["hierophant:Zeal+1","hierophant:Patience+1"],"picked":"hierophant:OrnateJavelin+1","floor":24},{"not_picked":["hierophant:Zeal+1","hierophant:OrnateBuckler+1"],"picked":"hierophant:RecallFunds+1","floor":27},{"not_picked":["hierophant:FlamingChariot+1","hierophant:Shelter+1"],"picked":"hierophant:ConvertCurrency+1","floor":28},{"not_picked":["hierophant:ThreeLashes+1","hierophant:Charity"],"picked":"hierophant:RecallFunds+1","floor":29},{"not_picked":["hierophant:FlamingChariot+1","hierophant:HolyVerse+1","hierophant:Sermon+1"],"picked":"SKIP","floor":30}],"player_experience":768442,"relics_obtained":[{"floor":8,"key":"MealTicket"},{"floor":9,"key":"Oddly Smooth Stone"},{"floor":14,"key":"Bronze Scales"}],"event_choices":[{"damage_healed":0,"gold_gain":0,"player_choice":"Success","damage_taken":3,"relics_obtained":["Toxic Egg 2"],"max_hp_gain":0,"max_hp_loss":0,"event_name":"Scrap Ooze","floor":2,"gold_loss":0},{"damage_healed":0,"gold_gain":0,"player_choice":"Take Wound","damage_taken":0,"relics_obtained":["Golden Idol"],"max_hp_gain":0,"max_hp_loss":0,"event_name":"Golden Idol","floor":4,"gold_loss":0,"cards_obtained":["Injury"]},{"cards_removed":["Injury"],"damage_healed":0,"gold_gain":0,"player_choice":"Card Removal","damage_taken":7,"max_hp_gain":0,"max_hp_loss":0,"event_name":"Golden Wing","floor":7,"gold_loss":0},{"damage_healed":0,"gold_gain":75,"player_choice":"Touch","damage_taken":7,"max_hp_gain":0,"max_hp_loss":0,"event_name":"FaceTrader","floor":19,"gold_loss":0},{"cards_removed":["hierophant:Strike_Hierophant"],"damage_healed":0,"gold_gain":0,"player_choice":"Purged","damage_taken":0,"max_hp_gain":0,"max_hp_loss":0,"event_name":"Purifier","floor":25,"gold_loss":0}],"is_beta":false,"boss_relics":[{"not_picked":["Snecko Eye","Astrolabe"],"picked":"Black Star"}],"items_purged_floors":[],"is_endless":false,"potions_floor_spawned":[1,3,5,16,27,28],"killed_by":"Snecko","ascension_level":0}}