{"host":"1a3cjta80tad0aqj","time":1610904765,"event":{"mods":["2.2 Compatiblity","AchievementEnabler","BaseMod","Colored Map","DeckTracker","KOR Keyword Fix","Keyboard Shortcuts","Minty Spire (QoL Compilation)","Permanent Neow","Quick Restart","Random Character Button","StSLib","SuperFastMode","everything is the same but u backflip on backflip"],"gold_per_floor":[119,119,69,69,69,69,104,104,154,154,183,183,197,215,215,292,292,311,311,323,25,25,50,67,67,67,79,95,95,20,49,49,49,49],"floor_reached":33,"language":"KOR","playtime":1011,"items_purged":["Strike_P"],"score":537,"play_id":"6d2b5c78-8a08-48e0-a656-1332787f2e68","local_time":"20210118023245","is_ascension_mode":true,"campfire_choices":[{"data":"BattleHymn","floor":6.0,"key":"SMITH"},{"data":"Adaptation","floor":8.0,"key":"SMITH"},{"floor":10.0,"key":"REST"},{"floor":12.0,"key":"REST"},{"data":"FollowUp","floor":15.0,"key":"SMITH"},{"floor":25.0,"key":"REST"},{"floor":29.0,"key":"REST"},{"floor":32.0,"key":"REST"}],"circlet_count":0,"master_deck":["AscendersBane","Strike_P","Strike_P","Defend_P+1","Defend_P","Eruption+1","Vigilance+1","BattleHymn+1","FollowUp+1","InnerPeace","Adaptation+1","CutThroughFate","EmptyFist","Blasphemy","Wallop+1"],"relics":["HolyWater","War Paint","Potion Belt","Orichalcum","Bottled Lightning","ClockworkSouvenir","Vajra","Oddly Smooth Stone","Sundial","Omamori"],"acts_visited":["Exordium","TheCity"],"potions_floor_usage":[33,33],"damage_taken":[{"damage":0.0,"enemies":"Small Slimes","floor":1.0,"turns":2.0},{"damage":38.0,"enemies":"3 Sentries","floor":7.0,"turns":8.0},{"damage":0.0,"enemies":"Lagavulin","floor":11.0,"turns":4.0},{"damage":8.0,"enemies":"Jaw Worm","floor":13.0,"turns":4.0},{"damage":0.0,"enemies":"2 Louse","floor":14.0,"turns":3.0},{"damage":28.0,"enemies":"Hexaghost","floor":16.0,"turns":5.0},{"damage":37.0,"enemies":"2 Thieves","floor":18.0,"turns":4.0},{"damage":0.0,"enemies":"Spheric Guardian","floor":20.0,"turns":2.0},{"damage":21.0,"enemies":"Book of Stabbing","floor":23.0,"turns":4.0},{"damage":0.0,"enemies":"Snecko","floor":24.0,"turns":3.0},{"damage":18.0,"enemies":"Snake Plant","floor":27.0,"turns":2.0},{"damage":6.0,"enemies":"Shelled Parasite and Fungi","floor":28.0,"turns":2.0},{"damage":28.0,"enemies":"Slavers","floor":31.0,"turns":4.0},{"damage":12,"enemies":"Champ","floor":33,"turns":7}],"seed_played":"-2573495723294965351","potions_obtained":[{"floor":7.0,"key":"LiquidBronze"},{"floor":13.0,"key":"ColorlessPotion"},{"floor":14.0,"key":"GamblersBrew"},{"floor":20.0,"key":"Fruit Juice"},{"floor":24.0,"key":"SteroidPotion"},{"floor":28.0,"key":"BottledMiracle"},{"floor":31.0,"key":"Fruit Juice"}],"is_trial":false,"path_per_floor":["M","?","?","T","?","R","E","R","T","R","E","R","M","M","R","B",null,"M","?","M","$","?","E","M","R","T","M","M","R","$","E","R","B"],"character_chosen":"WATCHER","items_purchased":["ClockworkSouvenir","Vajra"],"campfire_rested":5,"item_purchase_floors":[21,21],"current_hp_per_floor":[61,61,61,61,61,61,23,23,23,43,43,63,55,55,55,27,58,21,43,48,48,48,27,27,48,48,30,24,45,45,22,45,33,33],"gold":49,"neow_bonus":"TRANSFORM_CARD","is_daily":false,"chose_seed":false,"campfire_upgraded":3,"win_rate":0.0,"timestamp":1610904765,"path_taken":["M","?","?","?","?","R","E","R","T","R","E","R","?","M","R","BOSS","M","?","M","$","?","E","?","R","T","M","M","R","?","E","R","BOSS"],"items_purchased_type":["Relic","Relic"],"build_version":"2020-12-22","purchased_purges":1,"victory":false,"max_hp_per_floor":[68,68,68,68,68,68,68,68,68,68,68,68,68,68,68,68,68,68,68,73,73,73,73,73,73,73,73,73,73,73,78,78,78,78],"card_choices":[{"not_picked":["Evaluate","Prostrate"],"picked":"FollowUp","floor":1.0},{"not_picked":["Protect","SashWhip"],"picked":"Adaptation","floor":7.0},{"not_picked":["Alpha","Swivel"],"picked":"CutThroughFate","floor":11.0},{"not_picked":["Evaluate","Wireheading"],"picked":"EmptyFist","floor":13.0},{"not_picked":["ThirdEye","Prostrate","JustLucky"],"picked":"SKIP","floor":14.0},{"not_picked":["DevaForm","Ragnarok"],"picked":"Blasphemy","floor":16.0},{"not_picked":["FollowUp","EmptyFist"],"picked":"Wallop+1","floor":18.0},{"not_picked":["CutThroughFate","Vengeance","PathToVictory"],"picked":"SKIP","floor":20.0},{"not_picked":["Wallop","Weave","ThirdEye"],"picked":"SKIP","floor":23.0},{"not_picked":["InnerPeace","FollowUp","LikeWater"],"picked":"SKIP","floor":24.0},{"not_picked":["PathToVictory","Establishment","CarveReality"],"picked":"SKIP","floor":27.0},{"not_picked":["Fasting2","FlyingSleeves","Crescendo"],"picked":"SKIP","floor":28.0},{"not_picked":["Worship","PathToVictory","Fasting2+1"],"picked":"SKIP","floor":31.0}],"player_experience":723156,"relics_obtained":[{"floor":4.0,"key":"War Paint"},{"floor":7.0,"key":"Potion Belt"},{"floor":9.0,"key":"Orichalcum"},{"floor":11.0,"key":"Bottled Lightning"},{"floor":23.0,"key":"Oddly Smooth Stone"},{"floor":26.0,"key":"Sundial"},{"floor":31.0,"key":"Omamori"}],"event_choices":[{"damage_healed":0.0,"max_hp_gain":0.0,"max_hp_loss":0.0,"gold_gain":0.0,"event_name":"Living Wall","player_choice":"Grow","floor":2.0,"gold_loss":0.0,"damage_taken":0.0,"cards_upgraded":["Eruption"]},{"cards_removed":["Strike_P"],"damage_healed":0.0,"max_hp_gain":0.0,"max_hp_loss":0.0,"gold_gain":0.0,"event_name":"The Cleric","player_choice":"Card Removal","floor":3.0,"gold_loss":50.0,"damage_taken":0.0},{"damage_healed":0.0,"max_hp_gain":0.0,"max_hp_loss":0.0,"gold_gain":0.0,"cards_transformed":["Defend_P"],"event_name":"Transmorgrifier","player_choice":"Transformed","floor":5.0,"gold_loss":0.0,"damage_taken":0.0,"cards_obtained":["InnerPeace"]},{"damage_healed":22.0,"max_hp_gain":0.0,"max_hp_loss":0.0,"gold_gain":0.0,"event_name":"The Library","player_choice":"Heal","floor":19.0,"gold_loss":0.0,"damage_taken":0.0},{"damage_healed":0.0,"max_hp_gain":0.0,"max_hp_loss":0.0,"gold_gain":0.0,"event_name":"Vampires","player_choice":"Ignored","floor":22.0,"gold_loss":0.0,"damage_taken":0.0}],"is_beta":false,"boss_relics":[{"not_picked":["Snecko Eye","Cursed Key"],"picked":"HolyWater"}],"items_purged_floors":[30],"is_endless":false,"potions_floor_spawned":[7,13,14,20,24,28,31],"killed_by":"Champ","ascension_level":14}}