{"host":"hy0jryqxzmxotc0g","time":1610925660,"event":{"mods":["BaseMod","BetterRewards","Minty Spire (QoL Compilation)","StSLib","The Bladedancer","The Bug Knight","The Cursed","The Disciple","The Exalted","The Saiyan","The Servant 0.9.4"],"gold_per_floor":[118,138,138,154,171,171,171,171,196,222,234,246,258,289,301,417,429,458,470,482,494,506,506],"floor_reached":22,"language":"FRA","playtime":2007,"items_purged":[],"score":182,"play_id":"4d50443f-da96-4025-92e1-f8647ed2e7ad","local_time":"20210118002100","is_ascension_mode":false,"campfire_choices":[{"floor":7,"key":"RECALL"},{"floor":15,"key":"REST"}],"circlet_count":0,"master_deck":["HollowMod:NailStrikeStart","HollowMod:NailStrikeStart","HollowMod:NailStrikeStart","HollowMod:NailStrikeStart","HollowMod:QuickDashStart","HollowMod:QuickDashStart","HollowMod:QuickDashStart","HollowMod:QuickDashStart","HollowMod:FocusHealStart+1","HollowMod:PogoStrike","HollowMod:SoulVessel+1","HollowMod:PureNailStrike","HollowMod:SlysStrikes"],"relics":["HollowMod:VesselMask","Juzu Bracelet","MawBank","Bromod:ArcaneBarrier"],"acts_visited":["Exordium","TheCity"],"potions_floor_usage":[16,16],"damage_taken":[{"damage":1.0,"enemies":"Jaw Worm","floor":1.0,"turns":3.0},{"damage":3.0,"enemies":"Small Slimes","floor":2.0,"turns":4.0},{"damage":1,"enemies":"Cultist","floor":4,"turns":3},{"damage":18,"enemies":"Lots of Slimes","floor":5,"turns":6},{"damage":48,"enemies":"3 Sentries","floor":10,"turns":13},{"damage":20,"enemies":"Exordium Thugs","floor":14,"turns":9},{"damage":50,"enemies":"Slime Boss","floor":16,"turns":16},{"damage":26,"enemies":"Spheric Guardian","floor":18,"turns":6},{"damage":76,"enemies":"Masked Bandits","floor":22,"turns":4}],"seed_played":"3102490760119519523","potions_obtained":[{"floor":5,"key":"SpeedPotion"},{"floor":10,"key":"Dexterity Potion"},{"floor":14,"key":"AttackPotion"}],"is_trial":false,"path_per_floor":["M","M","$","M","M","?","R","?","T","E","$","?","$","M","R","B",null,"M","?","?","$","?"],"character_chosen":"THE_BUGKNIGHT","items_purchased":[],"campfire_rested":1,"item_purchase_floors":[],"current_hp_per_floor":[74,75,75,74,66,66,66,66,66,30,30,30,30,20,42,4,75,55,41,61,61,0,0],"gold":506,"neow_bonus":"UPGRADE_CARD","is_daily":false,"chose_seed":false,"campfire_upgraded":0,"win_rate":0.0,"timestamp":1610925660,"path_taken":["M","M","$","M","M","?","R","?","T","E","$","?","?","M","R","BOSS","M","?","?","$","?"],"items_purchased_type":[],"build_version":"2020-12-22","purchased_purges":0,"victory":false,"max_hp_per_floor":[75,75,75,75,75,75,75,75,75,75,75,75,75,75,75,75,75,75,80,80,80,80,80],"card_choices":[{"not_picked":["HollowMod:InfectedAttack","HollowMod:NewJinnsSoul","HollowMod:LifebloodCocoon"],"picked":"SKIP","floor":1.0},{"not_picked":["HollowMod:PerfectDash","HollowMod:CornifersMapStart"],"picked":"HollowMod:SoulVessel","floor":2},{"not_picked":["HollowMod:DreamGate","HollowMod:DashSlash","HollowMod:SiblingsSouls"],"picked":"SKIP","floor":4},{"not_picked":["HollowMod:NewLittleFool","HollowMod:WraithStrike","HollowMod:HeavyBlow"],"picked":"SKIP","floor":5},{"not_picked":["HollowMod:Weaversong","HollowMod:DreamGate"],"picked":"HollowMod:PureNailStrike","floor":10},{"not_picked":["HollowMod:DoubleDash","HollowMod:ShadowDash","HollowMod:GreatSlash"],"picked":"SKIP","floor":14},{"not_picked":["HollowMod:Hiveblood","HollowMod:ElderbugsWisdom"],"picked":"HollowMod:SlysStrikes","floor":16},{"not_picked":["HollowMod:CloakDash","HollowMod:NewLittleFool","HollowMod:DoubleDash"],"picked":"SKIP","floor":18}],"player_experience":267296,"relics_obtained":[{"floor":8,"key":"Juzu Bracelet"},{"floor":10,"key":"MawBank"}],"event_choices":[{"damage_healed":0,"gold_gain":0,"player_choice":"Grow","damage_taken":0,"max_hp_gain":0,"max_hp_loss":0,"event_name":"Living Wall","floor":6,"gold_loss":0,"cards_upgraded":["HollowMod:SoulVessel"]},{"damage_healed":0,"gold_gain":0,"player_choice":"Relic","damage_taken":0,"max_hp_gain":0,"max_hp_loss":0,"event_name":"Wheel of Change","floor":8,"gold_loss":0},{"damage_healed":0,"gold_gain":0,"player_choice":"Ignored","damage_taken":0,"max_hp_gain":0,"max_hp_loss":0,"event_name":"NoteForYourself","floor":12,"gold_loss":0},{"damage_healed":0,"gold_gain":0,"player_choice":"Shed Blood","damage_taken":19,"max_hp_gain":5,"max_hp_loss":0,"event_name":"Forgotten Altar","floor":19,"gold_loss":0},{"damage_healed":0,"gold_gain":0,"player_choice":"Fought Bandits","damage_taken":0,"max_hp_gain":0,"max_hp_loss":0,"event_name":"Masked Bandits","floor":22,"gold_loss":0}],"is_beta":false,"boss_relics":[{"not_picked":["Fusion Hammer","Runic Pyramid"],"picked":"Bromod:ArcaneBarrier"}],"items_purged_floors":[],"is_endless":false,"potions_floor_spawned":[5,10,14],"killed_by":"Masked Bandits","ascension_level":0}}