{"host":"sav7uxregyirlf69","time":1610898956,"event":{"mods":["AchievementEnabler","BaseMod","Colored Map","DeckTracker","Keyboard Shortcuts","Minty Spire (QoL Compilation)","READ ME - Guardian Mod","StSLib","SuperFastMode"],"gold_per_floor":[109,123,169,188,116,116,145,145,168,197,197,230,249,265,265,363,363,374,374,388,388,388,388,338,338,338],"floor_reached":25,"language":"KOR","playtime":411,"items_purged":["Defend_P","Decay"],"score":429,"play_id":"293dcff2-0f7f-41c3-99d5-c4faa190b9c9","local_time":"20210118005556","is_ascension_mode":true,"campfire_choices":[{"data":"Eruption","floor":6.0,"key":"SMITH"},{"data":"Adaptation","floor":8.0,"key":"SMITH"},{"data":"CrushJoints","floor":15,"key":"SMITH"},{"data":"Scrawl","floor":23,"key":"SMITH"}],"circlet_count":0,"master_deck":["AscendersBane","Strike_P","Strike_P","Strike_P","Strike_P","Defend_P","Defend_P","Defend_P","Eruption+1","Vigilance","Adaptation+1","BowlingBash","CrushJoints+1","Scrawl+1","FearNoEvil","TalkToTheHand","Weave"],"relics":["PureWater","Smiling Mask","Strawberry","TungstenRod","Mercury Hourglass","Bronze Scales","Cursed Key"],"acts_visited":["Exordium","TheCity"],"potions_floor_usage":[25],"damage_taken":[{"damage":0.0,"enemies":"Cultist","floor":1.0,"turns":2.0},{"damage":0.0,"enemies":"2 Louse","floor":2.0,"turns":3.0},{"damage":0.0,"enemies":"Jaw Worm","floor":4.0,"turns":5.0},{"damage":16.0,"enemies":"Gremlin Nob","floor":7.0,"turns":3.0},{"damage":7.0,"enemies":"3 Sentries","floor":10.0,"turns":6.0},{"damage":11,"enemies":"Lagavulin","floor":12,"turns":5},{"damage":0,"enemies":"Blue Slaver","floor":13,"turns":2},{"damage":0,"enemies":"Gremlin Gang","floor":14,"turns":4},{"damage":0,"enemies":"Slime Boss","floor":16,"turns":5},{"damage":20,"enemies":"Shell Parasite","floor":18,"turns":3},{"damage":0,"enemies":"3 Byrds","floor":20,"turns":2},{"damage":46,"enemies":"Book of Stabbing","floor":25,"turns":4}],"seed_played":"6326668409195529712","potions_obtained":[{"floor":0.0,"key":"GamblersBrew"},{"floor":0.0,"key":"ColorlessPotion"},{"floor":0.0,"key":"FearPotion"},{"floor":2.0,"key":"PowerPotion"},{"floor":16,"key":"Fruit Juice"},{"floor":18,"key":"SteroidPotion"}],"is_trial":false,"path_per_floor":["M","M","T","M","$","R","E","R","T","E","T","E","M","M","R","B",null,"M","?","M","?","T","R","$","E"],"character_chosen":"WATCHER","items_purchased":["CrushJoints"],"campfire_rested":0,"item_purchase_floors":[5],"current_hp_per_floor":[65,65,65,65,65,65,49,49,56,49,49,38,38,38,38,38,69,49,49,49,35,35,35,35,0,0],"gold":338,"neow_bonus":"THREE_SMALL_POTIONS","is_daily":false,"chose_seed":false,"campfire_upgraded":4,"win_rate":0.0,"timestamp":1610898956,"path_taken":["M","M","?","?","?","R","E","R","T","E","?","E","M","?","R","BOSS","M","?","?","?","?","R","$","E"],"items_purchased_type":["Card"],"build_version":"2020-12-22","purchased_purges":2,"victory":false,"max_hp_per_floor":[72,72,72,72,72,72,72,72,79,79,79,79,79,79,79,79,79,79,79,79,84,84,84,84,89,89],"card_choices":[{"not_picked":["ThirdEye","Prostrate"],"picked":"Adaptation","floor":1.0},{"not_picked":["ThirdEye","Halt"],"picked":"BowlingBash","floor":2.0},{"not_picked":["ThirdEye","FlyingSleeves","ClearTheMind"],"picked":"SKIP","floor":4.0},{"not_picked":["Blasphemy","ConjureBlade","Prostrate"],"picked":"SKIP","floor":7.0},{"not_picked":["Consecrate","ClearTheMind","BowlingBash"],"picked":"SKIP","floor":10.0},{"not_picked":["ForeignInfluence","Sanctity"],"picked":"Scrawl","floor":12},{"not_picked":["FlyingSleeves","Vengeance","CutThroughFate"],"picked":"SKIP","floor":13},{"not_picked":["CutThroughFate","Halt"],"picked":"FearNoEvil","floor":14},{"not_picked":["EmptyFist","WheelKick"],"picked":"TalkToTheHand","floor":18},{"not_picked":["FollowUp","ThirdEye+1","Prostrate"],"picked":"SKIP","floor":20}],"player_experience":1305410,"relics_obtained":[{"floor":3.0,"key":"Smiling Mask"},{"floor":9.0,"key":"Strawberry"},{"floor":10.0,"key":"TungstenRod"},{"floor":11.0,"key":"Mercury Hourglass"},{"floor":12,"key":"Bronze Scales"}],"event_choices":[{"damage_healed":0,"gold_gain":0,"player_choice":"1 cards matched","damage_taken":0,"max_hp_gain":0,"max_hp_loss":0,"event_name":"Match and Keep!","floor":19,"gold_loss":0,"cards_obtained":["Weave"]},{"damage_healed":0,"gold_gain":0,"player_choice":"Shed Blood","damage_taken":20,"max_hp_gain":5,"max_hp_loss":0,"event_name":"Forgotten Altar","floor":21,"gold_loss":0}],"is_beta":false,"boss_relics":[{"not_picked":["Tiny House","Velvet Choker"],"picked":"Cursed Key"}],"items_purged_floors":[5,24],"is_endless":false,"potions_floor_spawned":[1,2,16,18],"killed_by":"Book of Stabbing","ascension_level":10}}