{"host":"9j9ju8r45kuhshxi","time":1610903700,"event":{"mods":["BaseMod","Colored Map","Colored Powertips","Highlight Path","Minty Spire (QoL Compilation)","Replay The Spire","Ryuuou龙王","StSLib","[功能]功能增强和修复MOD"],"gold_per_floor":[114,132,102,116,291,323,323,353,400,429,429,446,446,478,478,573,573,586,586,597,582,582,582,582,582,582,608,657,657,703,727,775,775,775,890,890,919,919,0,0,0,67,67,123,123,123,167,167,231,293,293,343,343,343,343,388,444],"floor_reached":58,"language":"ZHS","playtime":2024,"items_purged":["Strike_R","Strike_R","Defend_R","Defend_R","Injury","True Grit","Defend_R","Strike_R","Strike_R"],"score":2169,"play_id":"6ab21024-e03b-478b-86a3-e3eaf45da171","local_time":"20210118011500","is_ascension_mode":true,"campfire_choices":[{"floor":7,"key":"RECALL"},{"data":"Flex","floor":11,"key":"SMITH"},{"data":"Bash","floor":13,"key":"SMITH"},{"data":"Limit Break","floor":15,"key":"SMITH"},{"data":"Flame Barrier","floor":23,"key":"SMITH"},{"data":"Sword Boomerang","floor":26,"key":"SMITH"},{"data":"Rampage","floor":29,"key":"SMITH"},{"data":"Inflame","floor":34,"key":"SMITH"},{"data":"Infernal Blade","floor":43,"key":"SMITH"},{"data":"Entrench","floor":46,"key":"SMITH"},{"floor":48,"key":"REST"},{"data":"Whirlwind","floor":51,"key":"SMITH"},{"floor":54,"key":"REST"}],"circlet_count":0,"master_deck":["AscendersBane","Bash+1","Flame Barrier+1","Sword Boomerang+1","Bludgeon+1","Flex+1","Rampage+1","Master of Strategy+1","Cleave+1","Impervious+1","Metallicize+1","Ghostly Armor+1","Clothesline+1","Limit Break+1","ReplayTheSpireMod:Corrosion Curse+1","Heavy Blade+1","Inflame+1","Violence+1","Carnage+1","Demonic Infusion+1","Sever Soul+1","Rupture+1","Pommel Strike+1","Shrug It Off+1","Feed+1","Offering+1","Infernal Blade+1","Infernal Blade+1","Entrench+1","Replay:Undeath\u0027s Touch+1","Whirlwind+1","Finesse+1","ReplayTheSpireMod:Necrogeddon+1","Pummel+1","Clash+1"],"relics":["Burning Blood","OrangePellets","Bag of Preparation","Blue Doll","Happy Flower","Replay:Mystery Machine","Pen Nib","Matryoshka","Empty Cage","Garlic","Replay:WaspNest","Chemical X","Lantern","Omamori","Bag of Marbles","Replay:Bandana","Orichalcum","Lizard Tail","Kunai","Frozen Eye","Divine Protection","Juzu Bracelet","Replay:Bronze Core","Mark of the Bloom","Red Mask","BargainBundle","Pear","ReplayFunnel","Lee\u0027s Waffle","War Paint","ReplayTheSpireMod:Lightbulb","Replay:Ringing Soul","Ice Cream","Quantum Egg","White Beast Statue","King of Hearts","Bronze Scales","Guide Book","StoneCalendar","Eternal Feather","Akabeko"],"acts_visited":["Exordium","TheCity","TheBeyond","TheEnding"],"potions_floor_usage":[2,6,6,6,8,10,10,10,12,16,16,42,52,57,57],"damage_taken":[{"damage":2,"enemies":"Jaw Worm","floor":1,"turns":4},{"damage":0,"enemies":"Cultist","floor":2,"turns":2},{"damage":0,"enemies":"Small Slimes","floor":4,"turns":1},{"damage":0,"enemies":"3 Sentries","floor":6,"turns":1},{"damage":0,"enemies":"Gremlin Nob","floor":8,"turns":1},{"damage":0,"enemies":"3 Sentries","floor":10,"turns":2},{"damage":0,"enemies":"Exordium Wildlife","floor":12,"turns":2},{"damage":17,"enemies":"Lagavulin","floor":14,"turns":3},{"damage":11,"enemies":"The Guardian","floor":16,"turns":5},{"damage":0,"enemies":"3 Byrds","floor":18,"turns":3},{"damage":0,"enemies":"Chosen","floor":20,"turns":1},{"damage":0,"enemies":"Gremlin Leader","floor":27,"turns":1},{"damage":0,"enemies":"Book of Stabbing","floor":30,"turns":1},{"damage":0,"enemies":"Shelled Parasite and Fungi","floor":31,"turns":1},{"damage":0,"enemies":"Gremlin Leader","floor":32,"turns":1},{"damage":0,"enemies":"Automaton","floor":35,"turns":1},{"damage":0,"enemies":"Orb Walker","floor":37,"turns":1},{"damage":0,"enemies":"R_Hoarder","floor":42,"turns":3},{"damage":0,"enemies":"2 Orb Walkers","floor":44,"turns":1},{"damage":0,"enemies":"Giant Head","floor":47,"turns":1},{"damage":0,"enemies":"Nemesis","floor":49,"turns":3},{"damage":0,"enemies":"Replay:Hell Engine","floor":52,"turns":2},{"damage":0,"enemies":"Shield and Spear","floor":56,"turns":2},{"damage":8,"enemies":"The Heart","floor":57,"turns":4}],"seed_played":"-268644900462933692","potions_obtained":[{"floor":1,"key":"Explosive Potion"},{"floor":2,"key":"SteroidPotion"},{"floor":2,"key":"Milkshake"},{"floor":6,"key":"GamblersBrew"},{"floor":6,"key":"Adrenaline Potion"},{"floor":8,"key":"FearPotion"},{"floor":8,"key":"Milkshake"},{"floor":8,"key":"SteroidPotion"},{"floor":10,"key":"SpeedPotion"},{"floor":10,"key":"Strength Potion"},{"floor":12,"key":"Regen Potion"},{"floor":16,"key":"EssenceOfSteel"},{"floor":16,"key":"Elixir"},{"floor":18,"key":"Explosive Potion"},{"floor":20,"key":"SneckoOil"},{"floor":20,"key":"SteroidPotion"},{"floor":30,"key":"FairyPotion"},{"floor":42,"key":"FearPotion"}],"is_trial":false,"path_per_floor":["M","M","$","M","?","E","R","E","T","E","R","M","R","E","R","B",null,"M","?","M","$","$","R","PTL","PTL","R","E","T","R","E","M","E","$","R","B",null,"M","?","?","$","$","E","R","?","T","R","E","R","E","?","R","B",null,"R","$","E","B",null],"character_chosen":"IRONCLAD","items_purchased":["OrangePellets","Bag of Preparation","Blue Doll","Flex","Rampage","Master of Strategy","Strength Potion","SteroidPotion","Garlic","Replay:WaspNest","Inflame","Violence","Carnage","Chemical X","Lantern","Omamori","Demonic Infusion+1","Frozen Eye","Divine Protection","Juzu Bracelet","Pommel Strike","BargainBundle","Pear","ReplayFunnel","Shrug It Off+1","Lee\u0027s Waffle","Feed+1","Offering","Infernal Blade","War Paint","ReplayTheSpireMod:Lightbulb","Finesse","ReplayTheSpireMod:Necrogeddon","Guide Book","StoneCalendar","Eternal Feather","Languid Potion","Pummel+1"],"campfire_rested":2,"item_purchase_floors":[3,3,3,3,3,3,3,3,21,21,21,21,21,22,22,22,22,33,33,33,33,40,40,40,40,41,41,41,41,41,41,55,55,55,55,55,55,55],"current_hp_per_floor":[76,80,80,80,80,80,80,80,80,80,80,80,80,69,69,78,80,80,80,80,80,80,80,80,80,80,80,80,80,80,80,80,80,80,80,80,80,80,80,80,80,80,80,80,80,80,80,80,80,80,80,80,80,80,80,80,72],"gold":444,"neow_bonus":"TRANSFORM_TWO_CARDS","is_daily":false,"chose_seed":false,"campfire_upgraded":10,"win_rate":0.0,"timestamp":1610903700,"path_taken":["M","M","$","M","?","E","R","E","T","E","R","M","R","E","R","BOSS","M","?","?","?","$","R","PTL","PTL","R","E","T","R","E","M","E","$","R","BOSS","M","?","?","?","$","E","R","?","T","R","E","R","E","?","R","BOSS","R","$","E","BOSS"],"items_purchased_type":["Relic","Relic","Relic","Card","Card","Card","Potion","Potion","Relic","Relic","Card","Card","Card","Relic","Relic","Relic","Card","Relic","Relic","Relic","Card","Relic","Relic","Relic","Card","Relic","Card","Card","Card","Relic","Relic","Card","Card","Relic","Relic","Relic","Potion","Card"],"build_version":"2020-12-22","purchased_purges":9,"victory":true,"max_hp_per_floor":[80,80,80,80,80,80,80,80,80,80,80,80,80,80,80,80,80,80,80,80,80,80,80,80,80,80,80,80,80,80,80,80,80,80,80,80,80,80,80,90,97,97,97,100,100,100,103,103,103,106,106,106,106,106,109,112,112],"card_choices":[{"not_picked":["Cleave","Flex"],"picked":"Sword Boomerang","floor":1},{"not_picked":["Havoc","Pommel Strike"],"picked":"Bludgeon","floor":2},{"not_picked":["Flex","ReplayTheSpireMod:Strike From Hell"],"picked":"Cleave","floor":4},{"not_picked":["Life Link","Flex"],"picked":"Impervious","floor":6},{"not_picked":["Searing Blow","Feel No Pain"],"picked":"Metallicize","floor":8},{"not_picked":["Replay:Many Hands","Cleave"],"picked":"Ghostly Armor","floor":10},{"not_picked":["Iron Wave","Anger"],"picked":"Clothesline","floor":12},{"not_picked":["Dual Wield","Power Through"],"picked":"Limit Break","floor":14},{"not_picked":["Limit Break","Eclipse"],"picked":"Fiend Fire","floor":16},{"not_picked":["Rage","Iron Wave+1"],"picked":"ReplayTheSpireMod:Corrosion Curse","floor":18},{"not_picked":["ReplayTheSpireMod:Muscle Training","Iron Wave"],"picked":"Heavy Blade","floor":20},{"not_picked":["Rage","Metallicize","Iron Wave+1"],"picked":"SKIP","floor":27},{"not_picked":["Armaments","Twin Strike"],"picked":"Sever Soul","floor":30},{"not_picked":["Twin Strike","Seeing Red","Battle Trance"],"picked":"SKIP","floor":31},{"not_picked":["Headbutt","Run Through"],"picked":"Rupture","floor":32},{"not_picked":["Anger","Warcry+1","ReplayTheSpireMod:Strike From Hell"],"picked":"SKIP","floor":37},{"not_picked":["True Grit+1","Clash+1","Iron Wave"],"picked":"SKIP","floor":42},{"not_picked":["Sword Boomerang","Infernal Blade+1"],"picked":"Entrench","floor":44},{"not_picked":["Carnage","Cleave+1"],"picked":"Replay:Undeath\u0027s Touch+1","floor":47},{"not_picked":["Seeing Red+1","Second Wind","Replay:Undeath\u0027s Touch+1"],"picked":"SKIP","floor":49},{"not_picked":["Body Slam","Impervious"],"picked":"Whirlwind","floor":50},{"not_picked":["Headbutt+1","Carnage+1"],"picked":"Clash+1","floor":56}],"player_experience":147583,"relics_obtained":[{"floor":6,"key":"Happy Flower"},{"floor":8,"key":"Replay:Mystery Machine"},{"floor":10,"key":"Pen Nib"},{"floor":14,"key":"Matryoshka"},{"floor":27,"key":"Bag of Marbles"},{"floor":28,"key":"Replay:Bandana"},{"floor":28,"key":"Orichalcum"},{"floor":30,"key":"Lizard Tail"},{"floor":32,"key":"Kunai"},{"floor":42,"key":"Replay:Ringing Soul"},{"floor":44,"key":"Ice Cream"},{"floor":45,"key":"Quantum Egg"},{"floor":45,"key":"White Beast Statue"},{"floor":47,"key":"King of Hearts"},{"floor":49,"key":"Bronze Scales"},{"floor":56,"key":"Akabeko"}],"event_choices":[{"damage_healed":0,"gold_gain":175,"player_choice":"AGREE","damage_taken":0,"max_hp_gain":0,"max_hp_loss":0,"event_name":"Liars Game","floor":5,"gold_loss":0,"cards_obtained":["Doubt"]},{"damage_healed":0,"gold_gain":0,"player_choice":"Upgraded","damage_taken":0,"max_hp_gain":0,"max_hp_loss":0,"event_name":"Upgrade Shrine","floor":19,"gold_loss":0,"cards_upgraded":["Bludgeon"]},{"damage_healed":0,"gold_gain":0,"player_choice":"Upgrade","damage_taken":0,"relics_obtained":["Mark of the Bloom"],"max_hp_gain":0,"max_hp_loss":0,"event_name":"MindBloom","floor":38,"gold_loss":0,"cards_upgraded":["Master of Strategy","Cleave","Impervious","Metallicize","Ghostly Armor","Clothesline","ReplayTheSpireMod:Corrosion Curse","Heavy Blade","Violence","Carnage","Sever Soul","Rupture","Pommel Strike"]},{"damage_healed":0,"gold_gain":0,"player_choice":"Paid","damage_taken":0,"relics_obtained":["Red Mask"],"max_hp_gain":0,"max_hp_loss":0,"event_name":"Tomb of Lord Red Mask","floor":39,"gold_loss":919},{"damage_healed":0,"gold_gain":0,"player_choice":"Fight","damage_taken":0,"max_hp_gain":0,"max_hp_loss":0,"event_name":"Mysterious Sphere","floor":44,"gold_loss":0}],"is_beta":false,"boss_relics":[{"not_picked":["Fusion Hammer","Abe\u0027s Treasure"],"picked":"Empty Cage"},{"not_picked":["Cursed Key","Calling Bell"],"picked":"Replay:Bronze Core"}],"items_purged_floors":[3,3,3,3,3,3,21,21,21],"is_endless":false,"potions_floor_spawned":[1,2,2,6,6,8,8,8,10,10,12,16,16,18,18,20,20,27,30,32,35,35,37,42,42,47,47,47,47,49,49,49,49,56,56,56,56],"ascension_level":10}}