{"host":"08t08ld674si40tv","time":1610853085,"event":{"mods":["AchievementEnabler","BaseMod","Colored Map","Minty Spire (QoL Compilation)","StSLib","SuperFastMode"],"gold_per_floor":[213,136,146,162,162,162,197,213,213,213,213,226,226,226],"floor_reached":13,"language":"KOR","playtime":199,"items_purged":["Defend_P"],"score":119,"play_id":"b13c9726-5476-42c8-8aaf-e98667fd1ad7","local_time":"20210117121125","is_ascension_mode":true,"campfire_choices":[{"data":"Eruption","floor":6,"key":"SMITH"},{"data":"Adaptation","floor":10,"key":"SMITH"}],"circlet_count":0,"master_deck":["Strike_P","Strike_P","Strike_P","Strike_P","Defend_P+1","Defend_P","Defend_P+1","Eruption+1","Vigilance","EmptyBody","Adaptation+1","Consecrate","Vault"],"relics":["PureWater","Membership Card","Akabeko","StrikeDummy","Dead Branch"],"acts_visited":["Exordium"],"potions_floor_usage":[7],"damage_taken":[{"damage":7,"enemies":"Jaw Worm","floor":1,"turns":4},{"damage":2,"enemies":"Cultist","floor":3,"turns":3},{"damage":0,"enemies":"2 Louse","floor":4,"turns":2},{"damage":28,"enemies":"Gremlin Nob","floor":7,"turns":4},{"damage":1,"enemies":"Blue Slaver","floor":8,"turns":5},{"damage":0,"enemies":"Exordium Wildlife","floor":12,"turns":1},{"damage":35,"enemies":"Lagavulin","floor":13,"turns":3}],"seed_played":"1426624835910824247","potions_obtained":[{"floor":4,"key":"LiquidMemories"}],"is_trial":false,"path_per_floor":["M","$","M","M","?","R","E","M","T","R","?","M","E"],"character_chosen":"WATCHER","items_purchased":["Adaptation"],"campfire_rested":0,"item_purchase_floors":[2],"current_hp_per_floor":[58,58,56,56,42,42,14,13,13,13,10,10,0,0],"gold":226,"neow_bonus":"HUNDRED_GOLD","is_daily":false,"chose_seed":false,"campfire_upgraded":2,"win_rate":0.0,"timestamp":1610853085,"path_taken":["M","$","M","M","?","R","E","M","T","R","?","M","E"],"items_purchased_type":["Card"],"build_version":"2020-12-22","purchased_purges":1,"victory":false,"max_hp_per_floor":[72,72,72,72,72,72,72,72,72,72,72,72,72,72],"card_choices":[{"not_picked":["Evaluate","WaveOfTheHand"],"picked":"EmptyBody","floor":1},{"not_picked":["Weave","Crescendo"],"picked":"Consecrate","floor":3},{"not_picked":["Meditate","WindmillStrike","FollowUp"],"picked":"SKIP","floor":4},{"not_picked":["Crescendo","JustLucky","Worship"],"picked":"SKIP","floor":7},{"not_picked":["PathToVictory","Halt"],"picked":"Vault","floor":8},{"not_picked":["Wireheading","Vengeance","Consecrate"],"picked":"SKIP","floor":12}],"player_experience":234881,"relics_obtained":[{"floor":7,"key":"Akabeko"},{"floor":9,"key":"StrikeDummy"}],"event_choices":[{"damage_healed":0,"gold_gain":0,"player_choice":"Entered Light","damage_taken":14,"max_hp_gain":0,"max_hp_loss":0,"event_name":"Shining Light","floor":5,"gold_loss":0,"cards_upgraded":["Defend_P","Defend_P"]},{"damage_healed":0,"gold_gain":0,"player_choice":"Success","damage_taken":3,"relics_obtained":["Dead Branch"],"max_hp_gain":0,"max_hp_loss":0,"event_name":"Scrap Ooze","floor":11,"gold_loss":0}],"is_beta":false,"boss_relics":[],"items_purged_floors":[2],"is_endless":false,"potions_floor_spawned":[4],"killed_by":"Lagavulin","ascension_level":8}}