{"host":"pfy6u49v5s5r680p","time":1610871335,"event":{"mods":["BaseMod","Colored Map","DeckTracker","Highlight Path","Keyboard Shortcuts","Minty Spire (QoL Compilation)","Permanent Neow","Quick Restart","StSLib","SuperFastMode","everything is the same but u backflip on backflip"],"gold_per_floor":[111,129,140,140,90,90,105,123,123,123,123,24,24,52,52,157,157,167,194,52,52,52,52,52,66,66,77,77,93,93,105,105,105,105],"floor_reached":33,"language":"KOR","playtime":1174,"items_purged":["Defend_B"],"score":245,"play_id":"2a547d10-7336-42e7-b8e4-de23c0016b53","local_time":"20210117171535","is_ascension_mode":false,"campfire_choices":[{"data":"Redo","floor":6.0,"key":"SMITH"},{"floor":11.0,"key":"REST"},{"floor":13.0,"key":"REST"},{"data":"Hologram","floor":15.0,"key":"SMITH"},{"data":"Creative AI","floor":23.0,"key":"SMITH"},{"data":"Self Repair","floor":28.0,"key":"SMITH"},{"floor":32,"key":"REST"}],"circlet_count":0,"master_deck":["Defend_B","Defend_B","Defend_B","Zap","Dualcast","Blizzard","Redo+1","Conserve Battery","Coolheaded","Electrodynamics","Hologram+1","Beam Cell","Static Discharge","Creative AI+1","Chill","Coolheaded","Self Repair+1","Tempest","Heatsinks","Glacier","Auto Shields"],"relics":["Cracked Core","Centennial Puzzle","Omamori","Eternal Feather","Ginger","Empty Cage","Red Mask","Dead Branch","Nilry\u0027s Codex"],"acts_visited":["Exordium","TheCity"],"potions_floor_usage":[31,31],"damage_taken":[{"damage":5.0,"enemies":"2 Louse","floor":1.0,"turns":2.0},{"damage":1.0,"enemies":"Jaw Worm","floor":2.0,"turns":3.0},{"damage":1.0,"enemies":"Cultist","floor":3.0,"turns":3.0},{"damage":5.0,"enemies":"Looter","floor":7.0,"turns":3.0},{"damage":6.0,"enemies":"Large Slime","floor":8.0,"turns":6.0},{"damage":12.0,"enemies":"3 Sentries","floor":14.0,"turns":4.0},{"damage":28.0,"enemies":"The Guardian","floor":16.0,"turns":13.0},{"damage":36.0,"enemies":"3 Byrds","floor":18.0,"turns":3.0},{"damage":5.0,"enemies":"Masked Bandits","floor":19.0,"turns":2.0},{"damage":25.0,"enemies":"Chosen","floor":25.0,"turns":5.0},{"damage":7.0,"enemies":"Snake Plant","floor":27.0,"turns":4.0},{"damage":16.0,"enemies":"Shelled Parasite and Fungi","floor":29.0,"turns":8.0},{"damage":11,"enemies":"Centurion and Healer","floor":31,"turns":6},{"damage":51,"enemies":"Automaton","floor":33,"turns":8}],"seed_played":"2657120304865599321","potions_obtained":[{"floor":1.0,"key":"Energy Potion"},{"floor":2.0,"key":"SteroidPotion"},{"floor":16.0,"key":"LiquidBronze"},{"floor":19.0,"key":"PowerPotion"},{"floor":25.0,"key":"PowerPotion"},{"floor":29.0,"key":"FearPotion"}],"is_trial":false,"path_per_floor":["M","M","M","?","?","R","M","M","T","?","R","$","R","E","R","B",null,"M","?","$","?","?","R","$","M","T","M","R","M","?","M","R","B"],"character_chosen":"DEFECT","items_purchased":["Hologram","Beam Cell","Self Repair"],"campfire_rested":3,"item_purchase_floors":[12,12,20],"current_hp_per_floor":[70,69,68,35,35,35,30,24,24,17,45,45,75,63,72,44,75,39,34,34,34,34,43,43,25,25,25,34,28,12,11,45,0,0],"gold":105,"neow_bonus":"RANDOM_COMMON_RELIC","is_daily":false,"chose_seed":false,"campfire_upgraded":4,"win_rate":0.0,"timestamp":1610871335,"path_taken":["M","M","M","?","?","R","M","M","T","?","R","?","R","E","R","BOSS","M","?","$","?","?","R","$","M","T","?","R","M","?","M","R","BOSS"],"items_purchased_type":["Card","Card","Card"],"build_version":"2020-12-22","purchased_purges":1,"victory":false,"max_hp_per_floor":[75,75,75,75,75,75,75,75,75,75,75,75,75,75,75,75,75,75,75,75,75,75,75,75,75,75,75,75,75,75,75,75,75,75],"card_choices":[{"not_picked":["Ball Lightning","Double Energy"],"picked":"Blizzard","floor":1.0},{"not_picked":["Stack","Gash"],"picked":"Redo","floor":2.0},{"not_picked":["Stack","Rip and Tear"],"picked":"Conserve Battery","floor":3.0},{"not_picked":["Leap","Stack"],"picked":"Coolheaded","floor":7.0},{"not_picked":["Beam Cell","Lockon"],"picked":"Electrodynamics","floor":8.0},{"not_picked":["FTL","Compile Driver"],"picked":"Static Discharge","floor":14.0},{"not_picked":["Multi-Cast","Fission"],"picked":"Creative AI","floor":16.0},{"not_picked":["Steam+1","Streamline"],"picked":"Chill","floor":18.0},{"not_picked":["Steam","Compile Driver"],"picked":"Coolheaded","floor":19.0},{"not_picked":["Cold Snap","Beam Cell","Hologram"],"picked":"SKIP","floor":25.0},{"not_picked":["Go for the Eyes","Compile Driver+1"],"picked":"Heatsinks","floor":27.0},{"not_picked":["Redo","Barrage"],"picked":"Glacier","floor":29.0},{"not_picked":["Fission","Compile Driver+1"],"picked":"Auto Shields","floor":31}],"player_experience":147764,"relics_obtained":[{"floor":9.0,"key":"Eternal Feather"},{"floor":14.0,"key":"Ginger"},{"floor":19.0,"key":"Red Mask"},{"floor":26.0,"key":"Dead Branch"},{"floor":30.0,"key":"Nilry\u0027s Codex"}],"event_choices":[{"damage_healed":0.0,"max_hp_gain":0.0,"max_hp_loss":0.0,"gold_gain":0.0,"event_name":"Scrap Ooze","player_choice":"Success","floor":4.0,"gold_loss":0.0,"damage_taken":33.0,"relics_obtained":["Omamori"]},{"cards_removed":["Strike_B"],"damage_healed":0.0,"max_hp_gain":0.0,"max_hp_loss":0.0,"gold_gain":0.0,"event_name":"The Cleric","player_choice":"Card Removal","floor":5.0,"gold_loss":50.0,"damage_taken":0.0},{"cards_removed":["Strike_B"],"damage_healed":0.0,"max_hp_gain":0.0,"max_hp_loss":0.0,"gold_gain":0.0,"event_name":"Golden Wing","player_choice":"Card Removal","floor":10.0,"gold_loss":0.0,"damage_taken":7.0},{"damage_healed":0.0,"max_hp_gain":0.0,"max_hp_loss":0.0,"gold_gain":0.0,"event_name":"Masked Bandits","player_choice":"Fought Bandits","floor":19.0,"gold_loss":0.0,"damage_taken":0.0},{"damage_healed":0.0,"max_hp_gain":0.0,"max_hp_loss":0.0,"gold_gain":0.0,"event_name":"Vampires","player_choice":"Ignored","floor":21.0,"gold_loss":0.0,"damage_taken":0.0},{"damage_healed":0.0,"max_hp_gain":0.0,"max_hp_loss":0.0,"gold_gain":0.0,"event_name":"The Library","player_choice":"Read","floor":22.0,"gold_loss":0.0,"damage_taken":0.0,"cards_obtained":["Tempest"]},{"damage_healed":0.0,"max_hp_gain":0.0,"max_hp_loss":0.0,"gold_gain":0.0,"event_name":"Cursed Tome","player_choice":"Obtained Book","floor":30.0,"gold_loss":0.0,"damage_taken":16.0}],"is_beta":false,"boss_relics":[{"not_picked":["Calling Bell","Snecko Eye"],"picked":"Empty Cage"}],"items_purged_floors":[20],"is_endless":false,"potions_floor_spawned":[1,2,16,19,25,29],"killed_by":"Automaton","ascension_level":0}}