{"host":"z1wl47oisvloj0tp","time":1610923752,"event":{"mods":["BaseMod","Minty Spire (QoL Compilation)"],"gold_per_floor":[115,115,128,128,228,253,253,302,302,317,317,327,341,361,361,456,456,473,473,483,76,89,89,122,122,122],"floor_reached":25,"language":"FRA","playtime":1194,"items_purged":["Sever Soul"],"score":296,"play_id":"f904da0a-1d7e-42e6-9c0f-34e6d4f0d62d","local_time":"20210117234912","is_ascension_mode":true,"campfire_choices":[{"floor":7,"key":"RECALL"},{"data":"Inflame","floor":11,"key":"SMITH"},{"data":"Spot Weakness","floor":15,"key":"SMITH"},{"data":"Armaments","floor":23,"key":"SMITH"}],"circlet_count":0,"master_deck":["Defend_R","Defend_R","Defend_R","Defend_R","Bash","Iron Wave","Spot Weakness+1","Twin Strike","Inflame+1","Twin Strike","Iron Wave","Reckless Charge","Heavy Blade","Berserk","Bite","Bite","Bite","Bite","Bite","Thunderclap","Armaments+1","Metallicize+1","Armaments"],"relics":["Burning Blood","NeowsBlessing","Gremlin Horn","Mango","Pantograph","Cursed Key","Frozen Egg 2","Omamori"],"acts_visited":["Exordium","TheCity"],"potions_floor_usage":[8,16,18,20,24,25],"damage_taken":[{"damage":0,"enemies":"2 Louse","floor":1,"turns":1},{"damage":0,"enemies":"Cultist","floor":3,"turns":1},{"damage":0,"enemies":"3 Sentries","floor":6,"turns":2},{"damage":28,"enemies":"Gremlin Nob","floor":8,"turns":4},{"damage":2,"enemies":"Small Slimes","floor":10,"turns":2},{"damage":1,"enemies":"2 Fungi Beasts","floor":12,"turns":3},{"damage":9,"enemies":"Gremlin Gang","floor":13,"turns":3},{"damage":14,"enemies":"Blue Slaver","floor":14,"turns":3},{"damage":55,"enemies":"The Guardian","floor":16,"turns":9},{"damage":5,"enemies":"3 Byrds","floor":18,"turns":3},{"damage":13,"enemies":"Shell Parasite","floor":20,"turns":2},{"damage":23,"enemies":"3 Cultists","floor":22,"turns":5},{"damage":55,"enemies":"Book of Stabbing","floor":24,"turns":5},{"damage":17,"enemies":"Shelled Parasite and Fungi","floor":25,"turns":2}],"seed_played":"-6426424794998070132","potions_obtained":[{"floor":3,"key":"ColorlessPotion"},{"floor":12,"key":"LiquidBronze"},{"floor":13,"key":"Block Potion"},{"floor":14,"key":"Fire Potion"},{"floor":16,"key":"GamblersBrew"},{"floor":18,"key":"GamblersBrew"}],"is_trial":false,"path_per_floor":["M","?","M","?","?","E","R","E","T","M","R","M","M","M","R","B",null,"M","?","M","$","M","R","E","M"],"character_chosen":"IRONCLAD","items_purchased":["Frozen Egg 2","Armaments","Metallicize+1"],"campfire_rested":0,"item_purchase_floors":[21,21,21],"current_hp_per_floor":[80,80,80,85,85,85,85,77,77,81,81,86,83,75,75,50,99,99,69,69,69,54,54,13,0,0],"gold":122,"neow_bonus":"THREE_ENEMY_KILL","is_daily":false,"chose_seed":false,"campfire_upgraded":3,"win_rate":0.0,"timestamp":1610923752,"path_taken":["M","?","?","?","?","E","R","E","T","M","R","?","M","?","R","BOSS","M","?","M","$","M","R","E","M"],"items_purchased_type":["Relic","Card","Card"],"build_version":"2020-12-22","purchased_purges":1,"victory":false,"max_hp_per_floor":[80,80,80,85,85,85,85,99,99,99,99,99,99,99,99,99,99,99,69,69,69,69,69,69,69,69],"card_choices":[{"not_picked":["Clash","Sword Boomerang"],"picked":"Iron Wave","floor":1},{"not_picked":["Heavy Blade","Dual Wield"],"picked":"Spot Weakness","floor":3},{"not_picked":["Hemokinesis","Shockwave"],"picked":"Twin Strike","floor":6},{"not_picked":["Warcry","Iron Wave"],"picked":"Inflame","floor":8},{"not_picked":["Pommel Strike","Clash"],"picked":"Twin Strike","floor":10},{"not_picked":["Shrug It Off","Wild Strike"],"picked":"Iron Wave","floor":12},{"not_picked":["Headbutt","Havoc"],"picked":"Reckless Charge","floor":13},{"not_picked":["Wild Strike","Hemokinesis"],"picked":"Heavy Blade","floor":14},{"not_picked":["Double Tap","Corruption"],"picked":"Berserk","floor":16},{"not_picked":["Clothesline","Flex+1","Headbutt"],"picked":"SKIP","floor":18},{"not_picked":["Headbutt","Pummel"],"picked":"Thunderclap","floor":20},{"not_picked":["Headbutt+1","Body Slam"],"picked":"Armaments","floor":22},{"not_picked":["Pommel Strike","Disarm","Havoc"],"picked":"SKIP","floor":24}],"player_experience":327516,"relics_obtained":[{"floor":6,"key":"Gremlin Horn"},{"floor":8,"key":"Mango"},{"floor":9,"key":"Pantograph"},{"floor":24,"key":"Omamori"}],"event_choices":[{"damage_healed":0,"gold_gain":0,"cards_transformed":["Strike_R"],"player_choice":"Transformed","damage_taken":0,"max_hp_gain":0,"max_hp_loss":0,"event_name":"Transmorgrifier","floor":2,"gold_loss":0,"cards_obtained":["Sever Soul"]},{"damage_healed":0,"gold_gain":0,"player_choice":"Donut","damage_taken":0,"max_hp_gain":5,"max_hp_loss":0,"event_name":"Big Fish","floor":4,"gold_loss":0},{"damage_healed":0,"gold_gain":100,"player_choice":"Pray","damage_taken":0,"max_hp_gain":0,"max_hp_loss":0,"event_name":"Golden Shrine","floor":5,"gold_loss":0},{"damage_healed":0,"gold_gain":0,"player_choice":"Became a vampire","damage_taken":0,"max_hp_gain":0,"max_hp_loss":30,"event_name":"Vampires","floor":19,"gold_loss":0,"cards_obtained":["Bite","Bite","Bite","Bite","Bite"]}],"is_beta":false,"boss_relics":[{"not_picked":["Runic Pyramid","SacredBark"],"picked":"Cursed Key"}],"items_purged_floors":[21],"is_endless":false,"potions_floor_spawned":[3,12,13,14,16,18],"killed_by":"Shelled Parasite and Fungi","ascension_level":1}}