{"host":"9h1qbmp5h1ch7u4r","time":1610852245,"event":{"mods":["BaseMod","Lobotomy","Minty Spire (QoL Compilation)","StSLib"],"gold_per_floor":[116,116,127,139,154,154,154,180,206,206,240,305,324,166,166,271,271,282,267,267,267,267],"floor_reached":19,"language":"ENG","playtime":1104,"items_purged":[],"score":192,"play_id":"33feb636-9b5f-403b-a100-ffeb356cba3d","local_time":"20210116215725","is_ascension_mode":false,"campfire_choices":[{"data":"Disarm","floor":6.0,"key":"SMITH"},{"data":"Bludgeon","floor":10.0,"key":"SMITH"},{"data":"Juggernaut","floor":15.0,"key":"SMITH"}],"circlet_count":0,"master_deck":["Strike_R","Strike_R","Strike_R","Strike_R","Strike_R","Defend_R","Defend_R","Defend_R","Defend_R","Bash","VoidDream","Sever Soul","Scarecrow","Disarm+1","UniverseFragment","Barricade","MeatLantern","Iron Wave","OSAHOGD","Bludgeon+1","FairyFestival","Battle Trance","HeroicMonk","Pommel Strike","Bloodbath","Body Slam","Juggernaut+1","MHz","Impervious","PunishingBird"],"relics":["Burning Blood","CogitoBucket","MealTicket","Odd Mushroom","Happy Flower","TungstenRod","Dream Catcher","ResearcherNote","Busted Crown"],"acts_visited":[],"potions_floor_usage":[],"damage_taken":[{"damage":2.0,"enemies":"Small Slimes","floor":1.0,"turns":3.0},{"damage":6.0,"enemies":"Cultist","floor":3.0,"turns":3.0},{"damage":1.0,"enemies":"2 Louse","floor":4.0,"turns":3.0},{"damage":5.0,"enemies":"2 Fungi Beasts","floor":5.0,"turns":5.0},{"damage":4.0,"enemies":"The Mushroom Lair","floor":8.0,"turns":6.0},{"damage":0.0,"enemies":"Lagavulin","floor":11.0,"turns":9.0},{"damage":6.0,"enemies":"3 Sentries","floor":12.0,"turns":6.0},{"damage":12.0,"enemies":"3 Louse","floor":13.0,"turns":8.0},{"damage":16.0,"enemies":"Slime Boss","floor":16.0,"turns":16.0},{"damage":0,"enemies":"Chosen","floor":18,"turns":4},{"damage":0,"enemies":"2 Thieves","floor":19,"turns":2},{"damage":99,"enemies":"2 Thieves","floor":19,"turns":2}],"seed_played":"4404282498510531926","potions_obtained":[{"floor":3.0,"key":"Ancient Potion"},{"floor":8.0,"key":"AttackPotion"},{"floor":12.0,"key":"SpeedPotion"},{"floor":13.0,"key":"LiquidBronze"},{"floor":16.0,"key":"Block Potion"}],"is_trial":false,"path_per_floor":["M","?","M","M","M","R","?","?","T","R","E","?","M","$","R","B",null,"M","M"],"character_chosen":"IRONCLAD","items_purchased":["Juggernaut"],"campfire_rested":0,"item_purchase_floors":[14],"current_hp_per_floor":[80,80,80,80,80,80,62,64,64,64,74,77,77,80,80,75,80,80,80,80,0,0],"gold":267,"neow_bonus":"","is_daily":false,"chose_seed":false,"campfire_upgraded":3,"win_rate":0.0,"timestamp":1610852245,"path_taken":["M","?","M","M","?","R","?","?","T","R","E","?","M","$","R","BOSS","M","M"],"items_purchased_type":["Card"],"build_version":"2020-12-22","purchased_purges":0,"victory":false,"max_hp_per_floor":[80,80,80,80,80,80,80,80,80,80,80,80,80,80,80,80,80,80,80,80,80,80],"card_choices":[{"not_picked":["PunishingBird","MHz"],"picked":"VoidDream","floor":1.0},{"not_picked":["Dropkick","Battle Trance"],"picked":"Sever Soul","floor":1.0},{"not_picked":["SpiderBud","PunishingBird"],"picked":"Scarecrow","floor":3.0},{"not_picked":["Warcry","Twin Strike"],"picked":"Disarm","floor":3.0},{"not_picked":["LongBird","OSAHOGD"],"picked":"UniverseFragment","floor":4.0},{"not_picked":["Burning Pact","Sword Boomerang"],"picked":"Barricade","floor":4.0},{"not_picked":["Wellcheers","OSAHOGD"],"picked":"MeatLantern","floor":5.0},{"not_picked":["Heavy Blade","Hemokinesis"],"picked":"Iron Wave","floor":5.0},{"not_picked":["FairyFestival","SpiderBud"],"picked":"OSAHOGD","floor":8.0},{"not_picked":["Havoc","Clothesline"],"picked":"Bludgeon","floor":8.0},{"not_picked":["OldLady","Bloodbath"],"picked":"FairyFestival","floor":11.0},{"not_picked":["Flex","Heavy Blade"],"picked":"Battle Trance","floor":11.0},{"not_picked":["Wellcheers","SpiderBud"],"picked":"HeroicMonk","floor":12.0},{"not_picked":["Sentinel","Rage"],"picked":"Pommel Strike","floor":12.0},{"not_picked":["ShyLook","CherryBlossoms"],"picked":"Bloodbath","floor":13.0},{"not_picked":["Warcry","Combust"],"picked":"Body Slam","floor":13.0},{"not_picked":["Murderer","Rudolta"],"picked":"MHz","floor":16.0},{"not_picked":["Bludgeon","Berserk"],"picked":"Impervious","floor":16.0},{"not_picked":["Murderer","Wellcheers"],"picked":"PunishingBird","floor":18},{"not_picked":["Pommel Strike"],"picked":"SKIP","floor":18}],"player_experience":882292,"relics_obtained":[{"floor":8.0,"key":"Odd Mushroom"},{"floor":9.0,"key":"Happy Flower"},{"floor":11.0,"key":"TungstenRod"}],"event_choices":[{"damage_healed":0.0,"max_hp_gain":0.0,"max_hp_loss":0.0,"gold_gain":0.0,"event_name":"Wheel of Change","player_choice":"Full Heal","floor":2.0,"gold_loss":0.0,"damage_taken":0.0},{"damage_healed":0.0,"max_hp_gain":0.0,"max_hp_loss":0.0,"gold_gain":0.0,"event_name":"Scrap Ooze","player_choice":"Success","floor":7.0,"gold_loss":0.0,"damage_taken":18.0,"relics_obtained":["MealTicket"]},{"damage_healed":0.0,"max_hp_gain":0.0,"max_hp_loss":0.0,"gold_gain":0.0,"event_name":"Mushrooms","player_choice":"Fought Mushrooms","floor":8.0,"gold_loss":0.0,"damage_taken":0.0},{"damage_healed":0.0,"max_hp_gain":0.0,"max_hp_loss":0.0,"gold_gain":0.0,"event_name":"Dead Adventurer","player_choice":"Searched \u00272\u0027 times","floor":12.0,"gold_loss":0.0,"damage_taken":0.0,"relics_obtained":["Dream Catcher"]}],"is_beta":false,"boss_relics":[{"not_picked":["Black Blood","Runic Cube"],"picked":"Busted Crown"}],"items_purged_floors":[],"is_endless":false,"potions_floor_spawned":[3,8,12,13,16],"killed_by":"2 Thieves","ascension_level":0}}