{"host":"9jj9tzo2iym4bpat","time":1610895357,"event":{"mods":["Act Like it!","BaseMod","CapriCore","Colored Map","Dark Map","Luminous","Minty Spire (QoL Compilation)","Permanent Neow","StSLib","Td1madao Mod","The Animator","The Immortal","The Marked","The Servant 0.9.4","Yakumo Yukari mod"],"gold_per_floor":[209,236,120,136,150,150,183,60,60,60,127,137,8,39,39,144,194,205,205,219,219,232,259,12,40,40,57,69,69,69,69],"floor_reached":30,"language":"ENG","playtime":892,"items_purged":["Strike_R"],"score":389,"play_id":"25bc9a25-ee6b-4061-ba44-42724efec3a3","local_time":"20210117085557","is_ascension_mode":true,"campfire_choices":[{"data":"Perfected Strike","floor":6,"key":"SMITH"},{"data":"Seeing Red","floor":10,"key":"SMITH"},{"floor":15,"key":"REST"},{"floor":29,"key":"REST"}],"circlet_count":0,"master_deck":["Strike_R","Strike_R","Strike_R+1","Strike_R","Defend_R","Defend_R","Defend_R","Defend_R","Bash","Pommel Strike","Perfected Strike+1","Reaper","Wild Strike","Sword Boomerang","Seeing Red+1","Twin Strike","Wild Strike","Cleave","Clothesline","Anger+1","Perfected Strike","Shrug It Off","Flex+1"],"relics":["Burning Blood","Boot","Omamori","Darkstone Periapt","Bottled Flame","Tiny House","Burning Blood","Nilry\u0027s Codex","Ornamental Fan","Pear","Oddly Smooth Stone","Gambling Chip"],"acts_visited":["Exordium","TheCity"],"potions_floor_usage":[7,16,23,23,25,28,30],"damage_taken":[{"damage":6,"enemies":"Cultist","floor":1,"turns":4},{"damage":12,"enemies":"Jaw Worm","floor":4,"turns":3},{"damage":12,"enemies":"Small Slimes","floor":5,"turns":2},{"damage":0,"enemies":"Gremlin Nob","floor":7,"turns":2},{"damage":12,"enemies":"Looter","floor":12,"turns":3},{"damage":25,"enemies":"3 Sentries","floor":14,"turns":6},{"damage":72,"enemies":"Hexaghost","floor":16,"turns":9},{"damage":14,"enemies":"Chosen","floor":18,"turns":4},{"damage":6,"enemies":"Spheric Guardian","floor":20,"turns":3},{"damage":19,"enemies":"Chosen and Byrds","floor":22,"turns":4},{"damage":78,"enemies":"Gremlin Leader","floor":23,"turns":6},{"damage":35,"enemies":"Slavers","floor":25,"turns":6},{"damage":30,"enemies":"Snake Plant","floor":27,"turns":3},{"damage":17,"enemies":"3 Cultists","floor":28,"turns":4},{"damage":54,"enemies":"Shelled Parasite and Fungi","floor":30,"turns":7}],"seed_played":"6610752164938834417","potions_obtained":[{"floor":4,"key":"AttackPotion"},{"floor":5,"key":"Fire Potion"},{"floor":16,"key":"Block Potion"},{"floor":17,"key":"FairyPotion"},{"floor":20,"key":"LiquidBronze"},{"floor":23,"key":"PowerPotion"},{"floor":25,"key":"SteroidPotion"},{"floor":27,"key":"Explosive Potion"}],"is_trial":false,"path_per_floor":["M","T","$","M","M","R","E","$","T","R","?","M","$","E","R","B",null,"M","?","M","?","M","E","$","E","T","M","M","R","M"],"character_chosen":"IRONCLAD","items_purchased":["Perfected Strike","Reaper","Seeing Red","Twin Strike","Cleave","Pear"],"campfire_rested":2,"item_purchase_floors":[3,3,8,8,13,24],"current_hp_per_floor":[80,80,80,74,74,74,80,80,80,80,80,74,74,61,80,19,85,82,82,85,69,62,37,47,34,34,16,21,49,0,0],"gold":69,"neow_bonus":"HUNDRED_GOLD","is_daily":false,"chose_seed":false,"campfire_upgraded":2,"win_rate":0.0,"timestamp":1610895357,"path_taken":["M","?","$","M","M","R","E","$","T","R","?","M","?","E","R","BOSS","M","?","M","?","?","E","?","E","T","M","M","R","M"],"items_purchased_type":["Card","Card","Card","Card","Card","Relic"],"build_version":"2020-12-22","purchased_purges":1,"victory":false,"max_hp_per_floor":[80,80,80,80,80,80,80,80,80,80,80,80,80,80,80,80,85,85,85,85,85,85,85,95,95,95,95,95,95,95,95],"card_choices":[{"not_picked":["Power Through","Sword Boomerang"],"picked":"Pommel Strike","floor":1},{"not_picked":["Anger","Blood for Blood"],"picked":"Wild Strike","floor":4},{"not_picked":["Headbutt","Battle Trance"],"picked":"Sword Boomerang","floor":5},{"not_picked":["Headbutt","Shockwave","Dark Embrace"],"picked":"SKIP","floor":7},{"not_picked":["Fire Breathing","Shockwave"],"picked":"Wild Strike","floor":12},{"not_picked":["Clothesline","Wild Strike","Second Wind"],"picked":"SKIP","floor":14},{"not_picked":["Iron Wave","Rampage"],"picked":"Clothesline","floor":17},{"not_picked":["Bloodletting+1","Warcry"],"picked":"Anger+1","floor":18},{"not_picked":["Whirlwind+1","Headbutt","Havoc"],"picked":"SKIP","floor":20},{"not_picked":["Clothesline+1","Berserk","Power Through"],"picked":"SKIP","floor":22},{"not_picked":["Thunderclap","Pommel Strike"],"picked":"Perfected Strike","floor":23},{"not_picked":["Searing Blow","Feel No Pain"],"picked":"Shrug It Off","floor":25},{"not_picked":["Body Slam","Cleave"],"picked":"Flex+1","floor":27},{"not_picked":["Thunderclap","Headbutt","Spot Weakness"],"picked":"SKIP","floor":28}],"player_experience":266067,"relics_obtained":[{"floor":2,"key":"Boot"},{"floor":7,"key":"Omamori"},{"floor":9,"key":"Darkstone Periapt"},{"floor":14,"key":"Bottled Flame"},{"floor":21,"key":"Nilry\u0027s Codex"},{"floor":23,"key":"Ornamental Fan"},{"floor":25,"key":"Oddly Smooth Stone"},{"floor":26,"key":"Gambling Chip"}],"event_choices":[{"damage_healed":0,"gold_gain":67,"player_choice":"Gained Gold","damage_taken":0,"max_hp_gain":0,"max_hp_loss":0,"event_name":"Golden Wing","floor":11,"gold_loss":0},{"damage_healed":0,"gold_gain":0,"player_choice":"Obtained Book","damage_taken":16,"max_hp_gain":0,"max_hp_loss":0,"event_name":"Cursed Tome","floor":21,"gold_loss":0}],"is_beta":false,"boss_relics":[{"not_picked":["Runic Pyramid","Pandora\u0027s Box"],"picked":"Tiny House"}],"items_purged_floors":[13],"is_endless":false,"potions_floor_spawned":[4,5,16,20,23,25,27],"killed_by":"Shelled Parasite and Fungi","ascension_level":4}}