{"host":"z34yzn8hj4ic20ef","time":1610872813,"event":{"mods":["AchievementEnabler","BaseMod","Downfall","Minty Spire (QoL Compilation)","StSLib","SuperFastMode"],"gold_per_floor":[109,259,284,40,53,53,84,9,9,27,27,60,78,95,95,172,172,186,29,46,46,64,64,99,99,99,13,13,13,31,31,31,31,31],"floor_reached":33,"language":"ENG","playtime":884,"items_purged":["Doubt"],"score":606,"play_id":"b03ba5e8-0210-4a45-8b2c-08576194582d","local_time":"20210117174013","is_ascension_mode":true,"campfire_choices":[{"data":"Sunder","floor":6.0,"key":"SMITH"},{"data":"Fusion","floor":11,"key":"SMITH"},{"data":"Coolheaded","floor":15,"key":"SMITH"},{"data":"Coolheaded","floor":23,"key":"SMITH"},{"data":"Recycle","floor":25,"key":"SMITH"},{"data":"Capacitor","floor":32,"key":"SMITH"}],"circlet_count":0,"master_deck":["AscendersBane","Strike_B","Strike_B","Strike_B","Strike_B","Defend_B","Defend_B","Defend_B","Defend_B","Zap","Dualcast","Ball Lightning","Sunder+1","Fusion+1","Core Surge+1","Beam Cell+1","Lockon+1","Cold Snap+1","Recycle+1","Coolheaded+1","Go for the Eyes+1","Hyperbeam+1","Compile Driver+1","Skim","Glacier","Skim","Turbo","Coolheaded+1","Writhe","Capacitor+1","Ghostly","Ghostly","Ghostly","Shame"],"relics":["Cracked Core","NeowsBlessing","Bag of Marbles","ClockworkSouvenir","Molten Egg 2","CaptainsWheel","Prayer Wheel","Sozu","Orrery","Emotion Chip","Red Mask","Bird Faced Urn","PreservedInsect","Ice Cream"],"acts_visited":["Exordium","TheCity"],"potions_floor_usage":[33],"damage_taken":[{"damage":0.0,"enemies":"Jaw Worm","floor":1.0,"turns":1.0},{"damage":0.0,"enemies":"2 Louse","floor":5.0,"turns":1.0},{"damage":0.0,"enemies":"Lagavulin","floor":7.0,"turns":1.0},{"damage":7,"enemies":"Small Slimes","floor":10,"turns":2},{"damage":0,"enemies":"Gremlin Nob","floor":12,"turns":2},{"damage":0,"enemies":"Looter","floor":13,"turns":1},{"damage":2,"enemies":"Red Slaver","floor":14,"turns":3},{"damage":16,"enemies":"Slime Boss","floor":16,"turns":9},{"damage":9,"enemies":"2 Thieves","floor":18,"turns":2},{"damage":0,"enemies":"Spheric Guardian","floor":20,"turns":3},{"damage":8,"enemies":"Snake Plant","floor":22,"turns":4},{"damage":0,"enemies":"Masked Bandits","floor":24,"turns":1},{"damage":0,"enemies":"3 Cultists","floor":30,"turns":3},{"damage":38,"enemies":"Automaton","floor":33,"turns":8}],"seed_played":"1362435886026597922","potions_obtained":[{"floor":7.0,"key":"sneckomod:MuddlingPotion"},{"floor":13,"key":"Dexterity Potion"},{"floor":16,"key":"Energy Potion"}],"is_trial":false,"path_per_floor":["M","?","T","$","M","R","E","$","T","M","R","E","M","M","R","B",null,"M","$","M","?","M","R","?","R","T","$","?","T","M","?","R","B"],"character_chosen":"DEFECT","items_purchased":["ClockworkSouvenir","Sunder","Orrery","Capacitor"],"campfire_rested":0,"item_purchase_floors":[4,4,19,27],"current_hp_per_floor":[64,64,64,64,64,64,64,64,64,57,57,57,57,55,55,39,63,54,54,54,54,46,46,46,46,46,46,35,35,35,35,35,0,0],"gold":31,"neow_bonus":"THREE_ENEMY_KILL","is_daily":false,"chose_seed":false,"campfire_upgraded":6,"win_rate":0.0,"timestamp":1610872813,"path_taken":["M","?","?","$","M","R","E","$","T","M","R","E","M","M","R","BOSS","M","$","M","?","M","R","?","R","T","$","?","?","?","?","R","BOSS"],"items_purchased_type":["Relic","Card","Relic","Card"],"build_version":"2020-12-22","purchased_purges":1,"victory":false,"max_hp_per_floor":[71,71,71,71,71,71,71,71,71,71,71,71,71,71,71,71,71,71,71,71,71,71,71,71,71,71,71,35,35,35,35,35,35,35],"card_choices":[{"not_picked":["Compile Driver","Skim"],"picked":"Ball Lightning","floor":1.0},{"not_picked":["Sweeping Beam","Leap"],"picked":"Fusion","floor":5.0},{"not_picked":["Multi-Cast","Recycle"],"picked":"Core Surge+1","floor":7.0},{"not_picked":["Ball Lightning+1","Capacitor"],"picked":"Beam Cell+1","floor":10},{"not_picked":["Streamline+1","Heatsinks"],"picked":"Lockon+1","floor":12},{"not_picked":["Recycle","Rebound+1"],"picked":"Cold Snap+1","floor":13},{"not_picked":["Loop","Undo"],"picked":"Recycle","floor":13},{"not_picked":["Sweeping Beam+1","Stack"],"picked":"Coolheaded","floor":14},{"not_picked":["Leap","Rebound+1"],"picked":"Go for the Eyes+1","floor":14},{"not_picked":["Reboot","Fission"],"picked":"Hyperbeam+1","floor":16},{"not_picked":["Double Energy","Coolheaded","Beam Cell+1"],"picked":"SKIP","floor":18},{"not_picked":["Blizzard+1","Leap","Go for the Eyes+1"],"picked":"SKIP","floor":18},{"not_picked":["Blizzard+1","Beam Cell+1"],"picked":"Compile Driver+1","floor":19},{"not_picked":["Compile Driver+1","Leap"],"picked":"Skim","floor":19},{"not_picked":["Sunder+1","Steam Power"],"picked":"Glacier","floor":19},{"not_picked":["Go for the Eyes+1","Lockon+1"],"picked":"Skim","floor":19},{"not_picked":["Compile Driver+1","Darkness+1"],"picked":"Turbo","floor":19},{"not_picked":["Glacier","Leap"],"picked":"Coolheaded","floor":20},{"not_picked":["Force Field","Redo","Turbo"],"picked":"SKIP","floor":20},{"not_picked":["Cold Snap+1","Gash+1","Coolheaded"],"picked":"SKIP","floor":22},{"not_picked":["Thunder Strike+1","Reinforced Body","Hello World+1"],"picked":"SKIP","floor":22},{"not_picked":["Redo","Tempest","Compile Driver+1"],"picked":"SKIP","floor":30},{"not_picked":["Coolheaded","Ball Lightning+1","Cold Snap+1"],"picked":"SKIP","floor":30}],"player_experience":878481,"relics_obtained":[{"floor":3.0,"key":"Bag of Marbles"},{"floor":7.0,"key":"Molten Egg 2"},{"floor":9,"key":"CaptainsWheel"},{"floor":12,"key":"Prayer Wheel"},{"floor":24,"key":"Red Mask"},{"floor":26,"key":"Bird Faced Urn"},{"floor":29,"key":"PreservedInsect"}],"event_choices":[{"damage_healed":0.0,"max_hp_gain":0.0,"max_hp_loss":0.0,"gold_gain":150.0,"event_name":"Liars Game","player_choice":"AGREE","floor":2.0,"gold_loss":0.0,"damage_taken":0.0,"cards_obtained":["Doubt"]},{"damage_healed":0,"gold_gain":0,"player_choice":"Opened","damage_taken":0,"relics_obtained":["Emotion Chip"],"max_hp_gain":0,"max_hp_loss":0,"event_name":"The Mausoleum","floor":21,"gold_loss":0,"cards_obtained":["Writhe"]},{"damage_healed":0,"gold_gain":0,"player_choice":"Fought Bandits","damage_taken":0,"max_hp_gain":0,"max_hp_loss":0,"event_name":"Masked Bandits","floor":24,"gold_loss":0},{"damage_healed":0,"gold_gain":0,"player_choice":"Became a Ghost","damage_taken":0,"max_hp_gain":0,"max_hp_loss":36,"event_name":"Ghosts","floor":28,"gold_loss":0,"cards_obtained":["Ghostly","Ghostly","Ghostly"]},{"damage_healed":0,"gold_gain":0,"player_choice":"Stole Relic","damage_taken":0,"relics_obtained":["Ice Cream"],"max_hp_gain":0,"max_hp_loss":0,"event_name":"Addict","floor":31,"gold_loss":0,"cards_obtained":["Shame"]}],"is_beta":false,"boss_relics":[{"not_picked":["Black Star","Cursed Key"],"picked":"Sozu"}],"items_purged_floors":[8],"is_endless":false,"potions_floor_spawned":[7,13,16,18,24,30],"killed_by":"Automaton","ascension_level":20}}