{"host":"c3lc60y5x60jlt1y","time":1610866692,"event":{"mods":["AchievementEnabler","BaseMod","Bestiary","Colored Map","Minty Spire (QoL Compilation)","Quick Restart","StSLib","ojb\u0027s Info Mod"],"gold_per_floor":[114,114,39,56,73,73,106,56,80,115,129,159,178,197,197,302,302,318,349,362,18,18,18,53,72,95,95,115,149,149,176,176,280,280,295,80,80,90,90,90,90],"floor_reached":40,"language":"ENG","playtime":3779,"items_purged":["Zap"],"score":709,"play_id":"19e536e7-57e6-4063-ab0d-ffcb55bf4c70","local_time":"20210117085812","is_ascension_mode":true,"campfire_choices":[{"data":"Fusion","floor":6.0,"key":"SMITH"},{"floor":15.0,"key":"REST"},{"data":"Redo","floor":23.0,"key":"SMITH"},{"floor":27.0,"key":"REST"},{"data":"Hologram","floor":30.0,"key":"SMITH"},{"floor":32.0,"key":"REST"}],"circlet_count":0,"master_deck":["Dualcast","Hyperbeam+1","Glacier","Steam Power","Doom and Gloom+1","Fusion+1","Capacitor","Skim","Sunder+1","Loop","Leap","Auto Shields","Steam","Hologram+1","Fusion","Leap+1","Sunder","Self Repair","Redo+1","Hyperbeam+1","Melter","Loop+1","Steam Power+1","Core Surge","Meteor Strike","Madness","Madness","Hologram"],"relics":["Pandora\u0027s Box","Strawberry","Whetstone","Vajra","Potion Belt","SacredBark","Red Mask","FossilizedHelix","HornCleat","Bronze Scales","Omamori","Anchor","Black Star"],"acts_visited":["Exordium","TheCity","TheBeyond"],"potions_floor_usage":[],"damage_taken":[{"damage":0.0,"enemies":"2 Louse","floor":1.0,"turns":3.0},{"damage":0.0,"enemies":"Cultist","floor":4.0,"turns":3.0},{"damage":12.0,"enemies":"Jaw Worm","floor":5.0,"turns":3.0},{"damage":7.0,"enemies":"3 Sentries","floor":7.0,"turns":7.0},{"damage":18.0,"enemies":"Gremlin Nob","floor":10.0,"turns":3.0},{"damage":0.0,"enemies":"2 Fungi Beasts","floor":11.0,"turns":1.0},{"damage":10.0,"enemies":"Lagavulin","floor":12.0,"turns":5.0},{"damage":0.0,"enemies":"Large Slime","floor":13.0,"turns":4.0},{"damage":15.0,"enemies":"Exordium Thugs","floor":14.0,"turns":3.0},{"damage":9.0,"enemies":"The Guardian","floor":16.0,"turns":14.0},{"damage":22.0,"enemies":"Shell Parasite","floor":18.0,"turns":8.0},{"damage":0.0,"enemies":"Masked Bandits","floor":19.0,"turns":2.0},{"damage":11.0,"enemies":"Chosen","floor":20.0,"turns":6.0},{"damage":0.0,"enemies":"Gremlin Leader","floor":24.0,"turns":5.0},{"damage":16.0,"enemies":"Snake Plant","floor":25.0,"turns":5.0},{"damage":0.0,"enemies":"3 Cultists","floor":28.0,"turns":3.0},{"damage":7.0,"enemies":"Book of Stabbing","floor":29.0,"turns":4.0},{"damage":9.0,"enemies":"Slavers","floor":31.0,"turns":3.0},{"damage":27.0,"enemies":"Automaton","floor":33.0,"turns":7.0},{"damage":11.0,"enemies":"Orb Walker","floor":35.0,"turns":5.0},{"damage":22.0,"enemies":"3 Darklings","floor":38.0,"turns":4.0},{"damage":50,"enemies":"Reptomancer","floor":40,"turns":6}],"seed_played":"-3741769015629606109","potions_obtained":[{"floor":5.0,"key":"SkillPotion"},{"floor":10.0,"key":"AttackPotion"},{"floor":11.0,"key":"EssenceOfSteel"},{"floor":12.0,"key":"BlessingOfTheForge"},{"floor":14.0,"key":"DistilledChaos"},{"floor":24.0,"key":"Fire Potion"},{"floor":25.0,"key":"BlessingOfTheForge"},{"floor":28.0,"key":"FocusPotion"},{"floor":29.0,"key":"SkillPotion"}],"is_trial":false,"path_per_floor":["M","?","$","M","M","R","E","?","T","E","M","E","M","M","R","B",null,"M","?","M","$","?","R","E","M","T","R","M","E","R","E","R","B",null,"M","$","?","M","?","E"],"character_chosen":"DEFECT","items_purchased":["Sunder","FossilizedHelix","Redo","Meteor Strike"],"campfire_rested":3,"item_purchase_floors":[3,21,21,36],"current_hp_per_floor":[68,68,68,68,56,56,56,56,56,38,38,28,28,13,37,28,69,47,47,36,36,36,36,43,27,27,51,51,51,51,42,66,46,73,69,69,59,44,44,0,0],"gold":90,"neow_bonus":"BOSS_RELIC","is_daily":false,"chose_seed":false,"campfire_upgraded":3,"win_rate":0.0,"timestamp":1610866692,"path_taken":["M","?","?","M","M","R","E","?","T","E","M","E","M","M","R","BOSS","M","?","M","$","?","R","E","?","T","R","M","E","R","E","R","BOSS","M","$","?","M","?","E"],"items_purchased_type":["Card","Relic","Card","Card"],"build_version":"2020-12-22","purchased_purges":1,"victory":false,"max_hp_per_floor":[75,75,75,75,75,75,82,82,82,82,82,82,82,82,82,82,82,82,82,82,82,82,82,82,82,82,82,82,82,82,82,82,82,82,82,82,82,82,82,82,82],"card_choices":[{"not_picked":["Conserve Battery","Double Energy"],"picked":"Skim","floor":1.0},{"not_picked":["Static Discharge","Darkness"],"picked":"Loop","floor":4.0},{"not_picked":["Go for the Eyes","Storm"],"picked":"Leap","floor":5.0},{"not_picked":["Genetic Algorithm","Leap"],"picked":"Auto Shields","floor":7.0},{"not_picked":["Sweeping Beam","Doom and Gloom"],"picked":"Steam","floor":10.0},{"not_picked":["Scrape","Biased Cognition"],"picked":"Hologram","floor":11.0},{"not_picked":["Conserve Battery","Tempest"],"picked":"Fusion","floor":12.0},{"not_picked":["Leap","Gash","Hello World"],"picked":"SKIP","floor":13.0},{"not_picked":["Ball Lightning","Hello World","Rainbow"],"picked":"SKIP","floor":14.0},{"not_picked":["Stack","Sweeping Beam+1"],"picked":"Leap+1","floor":18.0},{"not_picked":["Sweeping Beam","Barrage"],"picked":"Sunder","floor":19.0},{"not_picked":["Compile Driver","Conserve Battery"],"picked":"Self Repair","floor":20.0},{"not_picked":["Tempest","Steam"],"picked":"Melter","floor":24.0},{"not_picked":["Barrage+1","Leap"],"picked":"Loop+1","floor":25.0},{"not_picked":["Aggregate+1","Amplify","Lockon"],"picked":"SKIP","floor":28.0},{"not_picked":["Turbo","Ball Lightning+1","Coolheaded"],"picked":"SKIP","floor":29.0},{"not_picked":["Stack","Aggregate"],"picked":"Steam Power+1","floor":31.0},{"not_picked":["Rainbow","Electrodynamics"],"picked":"Core Surge","floor":33.0},{"not_picked":["Stack","Gash+1","Ball Lightning"],"picked":"SKIP","floor":35.0},{"not_picked":["Heatsinks","Sweeping Beam"],"picked":"Hologram","floor":38.0}],"player_experience":8136683,"relics_obtained":[{"floor":7.0,"key":"Strawberry"},{"floor":9.0,"key":"Whetstone"},{"floor":10.0,"key":"Vajra"},{"floor":12.0,"key":"Potion Belt"},{"floor":19.0,"key":"Red Mask"},{"floor":24.0,"key":"HornCleat"},{"floor":26.0,"key":"Bronze Scales"},{"floor":29.0,"key":"Omamori"},{"floor":31.0,"key":"Anchor"}],"event_choices":[{"damage_healed":0.0,"max_hp_gain":0.0,"max_hp_loss":0.0,"gold_gain":0.0,"event_name":"Upgrade Shrine","player_choice":"Upgraded","floor":2.0,"gold_loss":0.0,"damage_taken":0.0,"cards_upgraded":["Hyperbeam"]},{"cards_removed":["Darkness"],"damage_healed":0.0,"max_hp_gain":0.0,"max_hp_loss":0.0,"gold_gain":0.0,"event_name":"The Cleric","player_choice":"Card Removal","floor":8.0,"gold_loss":50.0,"damage_taken":0.0},{"damage_healed":0.0,"max_hp_gain":0.0,"max_hp_loss":0.0,"gold_gain":0.0,"event_name":"Masked Bandits","player_choice":"Fought Bandits","floor":19.0,"gold_loss":0.0,"damage_taken":0.0},{"damage_healed":0.0,"max_hp_gain":0.0,"max_hp_loss":0.0,"gold_gain":0.0,"event_name":"Duplicator","player_choice":"Copied","floor":22.0,"gold_loss":0.0,"damage_taken":0.0,"cards_obtained":["Hyperbeam"]},{"damage_healed":0.0,"max_hp_gain":0.0,"max_hp_loss":0.0,"gold_gain":0.0,"event_name":"Winding Halls","player_choice":"Embrace Madness","floor":37.0,"gold_loss":0.0,"damage_taken":10.0,"cards_obtained":["Madness","Madness"]},{"cards_removed":["Reprogram"],"damage_healed":0.0,"max_hp_gain":0.0,"max_hp_loss":0.0,"gold_gain":0.0,"event_name":"Falling","player_choice":"Removed Skill","floor":39.0,"gold_loss":0.0,"damage_taken":0.0}],"is_beta":false,"boss_relics":[{"not_picked":["Coffee Dripper","Cursed Key"],"picked":"SacredBark"},{"not_picked":["Runic Dome","Velvet Choker"],"picked":"Black Star"}],"items_purged_floors":[36],"is_endless":false,"potions_floor_spawned":[5,10,11,12,14,24,25,28,29],"killed_by":"Reptomancer","ascension_level":9}}