{"host":"9kesdg97wkrx2bva","time":1610920719,"event":{"mods":["AchievementEnabler","BaseMod","Colored Map","GifTheSpireLib","Infinite Spire","Minty Spire (QoL Compilation)","Replay The Spire","StSLib"],"gold_per_floor":[116,135,74,74,74,74,106,133,157,178,178,206,206,229,229,316,316,337,175,175,195,195,195,237,237,237,237,247,247,247,247,247,332,332,349,373,194,194,194,194],"floor_reached":39,"language":"ENG","playtime":1401,"items_purged":["Strike_B","Strike_B"],"score":731,"play_id":"7806ad9d-a04f-4797-8807-d9509ddcd00b","local_time":"20210117155839","is_ascension_mode":true,"campfire_choices":[{"data":"Loop","floor":6,"key":"SMITH"},{"data":"Zap","floor":11,"key":"SMITH"},{"floor":13,"key":"REST"},{"data":"Mirror Shield","floor":15,"key":"SMITH"},{"floor":23,"key":"REST"},{"floor":25,"key":"REST"},{"data":"Echo Form","floor":27,"key":"SMITH"},{"data":"Panacea","floor":29,"key":"SMITH"},{"data":"Strike_B","floor":32,"key":"PURGE"}],"circlet_count":0,"master_deck":["AscendersBane","Defend_B","Zap+1","Dualcast","Panacea+1","Loop+1","Force Field","Static Discharge+1","Darkness","Heatsinks","Mirror Shield+1","Self Repair","Echo Form+1","Gash+1","FIFO Queue","FIFO Queue","Ball Lightning","Force Field","Beam Cell","Mirror Shield","Panic Button+1","Biased Cognition","Biased Cognition","Madness+1"],"relics":["FrozenCore","Happy Flower","CeramicFish","infinitespire:Satchel","Omamori","Mango","Frozen Eye","Replay:Drink Me"],"acts_visited":["Exordium","TheCity","TheBeyond"],"potions_floor_usage":[28,33,35],"damage_taken":[{"damage":2,"enemies":"Jaw Worm","floor":1,"turns":3},{"damage":1,"enemies":"2 Louse","floor":2,"turns":2},{"damage":25,"enemies":"Lagavulin","floor":7,"turns":7},{"damage":10,"enemies":"infinitespire:Voidling","floor":10,"turns":3},{"damage":14,"enemies":"Red Slaver","floor":12,"turns":3},{"damage":4,"enemies":"3 Louse","floor":14,"turns":4},{"damage":7,"enemies":"Hexaghost","floor":16,"turns":9},{"damage":5,"enemies":"Chosen","floor":18,"turns":7},{"damage":33,"enemies":"3 Byrds","floor":21,"turns":6},{"damage":37,"enemies":"Gremlin Leader","floor":24,"turns":5},{"damage":25,"enemies":"3 Cultists","floor":28,"turns":6},{"damage":21,"enemies":"Champ","floor":33,"turns":14},{"damage":1,"enemies":"3 Shapes","floor":35,"turns":8},{"damage":25,"enemies":"Orb Walker","floor":36,"turns":6},{"damage":59,"enemies":"Transient","floor":39,"turns":3}],"seed_played":"-5196901927184372891","potions_obtained":[{"floor":1,"key":"FearPotion"},{"floor":12,"key":"SteroidPotion"},{"floor":24,"key":"PowerPotion"},{"floor":28,"key":"LiquidMemories"},{"floor":33,"key":"SpeedPotion"}],"is_trial":false,"path_per_floor":["M","M","$","?","?","R","E","T","T","M","R","M","R","M","R","B",null,"M","$","?","M","?","R","E","R","T","R","M","R","?","AVR","R_BF","B",null,"M","M","$","?","M"],"character_chosen":"DEFECT","items_purchased":["Static Discharge+1","FIFO Queue","Ball Lightning","Biased Cognition","Madness"],"campfire_rested":3,"item_purchase_floors":[3,19,19,37,37],"current_hp_per_floor":[62,61,61,61,61,61,36,36,36,31,31,17,38,34,34,34,62,71,71,51,25,25,47,24,46,60,60,42,42,42,42,42,28,58,64,39,39,39,0,0],"gold":194,"neow_bonus":"RANDOM_COLORLESS","is_daily":false,"chose_seed":false,"campfire_upgraded":5,"win_rate":0.0,"timestamp":1610920719,"path_taken":["M","M","$","?","?","R","E","?","T","M","R","?","R","M","R","BOSS","M","$","?","M","?","R","E","R","T","R","M","R","?","AVR","R_BF","BOSS","M","M","$","?","M"],"items_purchased_type":["Card","Card","Card","Card","Card"],"build_version":"2020-12-22","purchased_purges":2,"victory":false,"max_hp_per_floor":[71,71,71,71,71,71,71,71,71,71,71,71,71,71,71,71,71,71,71,76,76,76,76,76,76,90,90,90,90,90,90,90,90,68,68,68,68,68,68,68],"card_choices":[{"not_picked":["Jack Of All Trades","Specialist"],"picked":"Panacea","floor":0},{"not_picked":["Stack","Compile Driver"],"picked":"Loop","floor":1},{"not_picked":["Beam Cell","BasicCrystalCard"],"picked":"Force Field","floor":2},{"not_picked":["Stack","Tempest"],"picked":"Darkness","floor":7},{"not_picked":["Sweeping Beam","Ball Lightning"],"picked":"Heatsinks","floor":10},{"not_picked":["Genetic Algorithm","Redo"],"picked":"Mirror Shield","floor":12},{"not_picked":["Steam","Go for the Eyes"],"picked":"Self Repair","floor":14},{"not_picked":["Fission","Meteor Strike"],"picked":"Echo Form","floor":16},{"not_picked":["Beam Cell","ReplayTheSpireMod:System Scan+1"],"picked":"Gash+1","floor":18},{"not_picked":["Ball Lightning","Cold Snap"],"picked":"Force Field","floor":21},{"not_picked":["Panic Button","Skim"],"picked":"Beam Cell","floor":24},{"not_picked":["Compile Driver","BasicCrystalCard","Multi-Cast"],"picked":"SKIP","floor":28},{"not_picked":["Meteor Strike","Multi-Cast"],"picked":"Mirror Shield","floor":33},{"not_picked":["BasicCrystalCard+1","ReplaySort+1","Turbo"],"picked":"SKIP","floor":35},{"not_picked":["Barrage","Rip and Tear"],"picked":"Panic Button+1","floor":36}],"player_experience":933851,"relics_obtained":[{"floor":7,"key":"Happy Flower"},{"floor":8,"key":"CeramicFish"},{"floor":9,"key":"infinitespire:Satchel"},{"floor":24,"key":"Omamori"},{"floor":26,"key":"Mango"}],"event_choices":[{"damage_healed":0,"gold_gain":0,"player_choice":"Shed Blood","damage_taken":25,"max_hp_gain":5,"max_hp_loss":0,"event_name":"Forgotten Altar","floor":20,"gold_loss":0},{"damage_healed":0,"gold_gain":0,"player_choice":"Ignored","damage_taken":0,"max_hp_gain":0,"max_hp_loss":0,"event_name":"Ghosts","floor":22,"gold_loss":0},{"damage_healed":0,"gold_gain":0,"player_choice":"Ignored","damage_taken":0,"max_hp_gain":0,"max_hp_loss":0,"event_name":"Vampires","floor":30,"gold_loss":0},{"damage_healed":0,"gold_gain":0,"player_choice":"Forge","damage_taken":0,"max_hp_gain":0,"max_hp_loss":0,"event_name":"Accursed Blacksmith","floor":38,"gold_loss":0,"cards_upgraded":["Madness"]}],"is_beta":false,"boss_relics":[{"not_picked":["ReplayTheSpireMod:SealedPack","Runic Dome"],"picked":"FrozenCore"},{"not_picked":["Velvet Choker","Inserter"],"picked":"Replay:Drink Me"}],"items_purged_floors":[19,31],"is_endless":false,"potions_floor_spawned":[1,12,24,28,33],"killed_by":"Transient","ascension_level":17}}