{"host":"hcg1n1zeml53gytb","time":1610919687,"event":{"mods":["BaseMod","Better Third Choice","Colored Powertips","Displayed Cursed Tome","Hermit","Highlight Path","Minty Spire (QoL Compilation)","Quick Restart","Rare Cards Sparkle","Relic Stats","Replay The Spire","StSLib","The Cursed"],"gold_per_floor":[114,132,143,154,104,104,178,190,236,271,285,297,49,63,63,161,161,181,200,213,213,213,213,241,241,293,293,307,348,93,109,109,216,216,239,268,327,327,327,363,363,165,165,241,281,281,298,332,332,332],"floor_reached":51,"language":"ENG","playtime":2714,"items_purged":[],"score":1095,"play_id":"4c2ba704-881a-419f-83ea-a0cb3bd8a1a7","local_time":"20210117154127","is_ascension_mode":true,"campfire_choices":[{"data":"Bash","floor":6.0,"key":"SMITH"},{"data":"Demon Form","floor":15.0,"key":"SMITH"},{"data":"Immolate","floor":23.0,"key":"SMITH"},{"floor":25.0,"key":"REST"},{"data":"Bludgeon","floor":32.0,"key":"SMITH"},{"data":"Limit Break","floor":41.0,"key":"SMITH"},{"data":"Hemogenesis","floor":49,"key":"SMITH"}],"circlet_count":0,"master_deck":["Strike_R+1","Strike_R+1","Strike_R+1","Strike_R+1","Defend_R+1","Defend_R+1","Defend_R+1","Defend_R+1","Bash+1","Spot Weakness","Shrug It Off","Disarm","ReplayTheSpireMod:Muscle Training","Demon Form+1","Dropkick","Pummel","Immolate+1","Armaments+1","Perfected Strike","Bludgeon+1","Limit Break+1","Pummel","Metallicize+1","Hemogenesis+1","Impervious","Bludgeon","Exhume"],"relics":["Mark of Pain","Oddly Smooth Stone","Art of War","Pantograph","Replay:Ringing Soul","Snecko Eye","Nloth\u0027s Gift","CeramicFish","HornCleat","Ring of Chaos","Ginger","Dead Branch","ReplayTheSpireMod:Lightbulb","Replay:Bottled Steam","Darkstone Periapt","Magic Flower","Blood Vial"],"acts_visited":["Exordium","TheCity","TheBeyond"],"potions_floor_usage":[48,48],"damage_taken":[{"damage":7.0,"enemies":"Jaw Worm","floor":1.0,"turns":3.0},{"damage":0.0,"enemies":"Small Slimes","floor":2.0,"turns":2.0},{"damage":5.0,"enemies":"2 Louse","floor":3.0,"turns":3.0},{"damage":9.0,"enemies":"Red Slaver","floor":4.0,"turns":5.0},{"damage":10.0,"enemies":"Large Slime","floor":8.0,"turns":7.0},{"damage":2.0,"enemies":"Lagavulin","floor":10.0,"turns":7.0},{"damage":1.0,"enemies":"Looter","floor":11.0,"turns":4.0},{"damage":15.0,"enemies":"Lots of Slimes","floor":12.0,"turns":6.0},{"damage":0.0,"enemies":"Red Slaver","floor":14.0,"turns":1.0},{"damage":24.0,"enemies":"Slime Boss","floor":16.0,"turns":5.0},{"damage":12.0,"enemies":"Chosen","floor":18.0,"turns":3.0},{"damage":9.0,"enemies":"Shell Parasite","floor":19.0,"turns":4.0},{"damage":1.0,"enemies":"Chosen and Byrds","floor":20.0,"turns":4.0},{"damage":45.0,"enemies":"Slavers","floor":24.0,"turns":5.0},{"damage":3.0,"enemies":"Centurion and Healer","floor":28.0,"turns":4.0},{"damage":6.0,"enemies":"Replay:Snechameleon","floor":29.0,"turns":5.0},{"damage":6.0,"enemies":"Snake Plant","floor":31.0,"turns":2.0},{"damage":55.0,"enemies":"Automaton","floor":33.0,"turns":7.0},{"damage":1.0,"enemies":"3 Shapes","floor":35.0,"turns":6.0},{"damage":0.0,"enemies":"Orb Walker","floor":36.0,"turns":2.0},{"damage":0.0,"enemies":"Mind Bloom Boss Battle","floor":37.0,"turns":5.0},{"damage":0.0,"enemies":"R_Hoarder","floor":40.0,"turns":4.0},{"damage":0.0,"enemies":"Giant Head","floor":45.0,"turns":4.0},{"damage":0.0,"enemies":"Jaw Worm Horde","floor":46.0,"turns":1.0},{"damage":34,"enemies":"Spire Growth","floor":47,"turns":5},{"damage":8,"enemies":"Reptomancer","floor":48,"turns":4},{"damage":98,"enemies":"Donu and Deca","floor":50,"turns":8}],"seed_played":"7742036272307418852","potions_obtained":[{"floor":2.0,"key":"SteroidPotion"},{"floor":3.0,"key":"GamblersBrew"},{"floor":7.0,"key":"Reflective Coating"},{"floor":19.0,"key":"Weak Potion"},{"floor":29.0,"key":"Milkshake"},{"floor":31.0,"key":"SmokeBomb"},{"floor":33.0,"key":"SpeedPotion"},{"floor":36.0,"key":"LiquidMemories"},{"floor":47,"key":"Regen Potion"}],"is_trial":false,"path_per_floor":["M","M","M","M","?","R","?","M","T","E","M","M","$","M","R","B",null,"M","M","M","?","?","R","E","R","T","?","M","E","$","M","R","B",null,"M","M","?","?","?","E","R","$","T","T","E","M","M","E","R","B",null],"character_chosen":"IRONCLAD","items_purchased":["Replay:Ringing Soul","HornCleat","ReplayTheSpireMod:Lightbulb"],"campfire_rested":1,"item_purchase_floors":[13,30,42],"current_hp_per_floor":[73,73,68,59,59,59,39,29,29,27,26,11,11,14,14,18,86,77,68,67,67,67,67,22,48,48,48,48,45,45,39,39,12,98,100,103,107,107,107,110,110,110,110,110,113,113,83,97,97,18],"gold":332,"neow_bonus":"BOSS_RELIC","is_daily":false,"chose_seed":false,"campfire_upgraded":6,"win_rate":0.0,"timestamp":1610919687,"path_taken":["M","M","M","M","?","R","?","M","T","E","M","M","$","M","R","BOSS","M","M","M","?","?","R","E","R","T","?","?","E","?","?","R","BOSS","M","M","?","?","?","E","R","?","T","?","E","M","?","E","R","BOSS"],"items_purchased_type":["Relic","Relic","Relic"],"build_version":"2020-12-22","purchased_purges":0,"victory":true,"max_hp_per_floor":[80,80,80,80,80,80,80,80,80,80,80,80,80,83,83,86,86,89,89,89,89,89,89,89,89,89,89,92,95,95,95,95,98,98,101,104,107,107,107,110,110,110,110,110,113,113,113,116,116,116],"relic_stats":{"Darkstone Periapt":0,"Blood Vial":3,"counters":[27,116],"Pantograph":67,"CeramicFish":72,"Dead Branch":[33],"Snecko Eye":[120,113,126,126],"Magic Flower":[8],"Art of War":[18],"Nloth\u0027s Gift":6,"Ginger":[1],"obtain_stats":[{"Darkstone Periapt":44,"CeramicFish":29,"Dead Branch":40,"Oddly Smooth Stone":7,"Magic Flower":45,"Ring of Chaos":34,"Ginger":37,"Burning Blood":0,"Blood Vial":48,"Replay:Ringing Soul":13,"HornCleat":30,"Pantograph":10,"Bronze Scales":24,"Snecko Eye":17,"Mark of Pain":0,"Art of War":9,"Nloth\u0027s Gift":27,"ReplayTheSpireMod:Lightbulb":42,"Replay:Bottled Steam":43},{"Darkstone Periapt":22,"CeramicFish":16,"Dead Branch":22,"Oddly Smooth Stone":4,"Magic Flower":23,"Ring of Chaos":18,"Ginger":21,"Burning Blood":0,"Blood Vial":26,"Replay:Ringing Soul":8,"HornCleat":16,"Pantograph":6,"Bronze Scales":14,"Snecko Eye":10,"Mark of Pain":0,"Art of War":5,"Nloth\u0027s Gift":14,"ReplayTheSpireMod:Lightbulb":22,"Replay:Bottled Steam":22},{"Darkstone Periapt":94,"CeramicFish":68,"Dead Branch":94,"Oddly Smooth Stone":13,"Magic Flower":98,"Ring of Chaos":77,"Ginger":90,"Burning Blood":0,"Blood Vial":108,"Replay:Ringing Soul":37,"HornCleat":68,"Pantograph":27,"Bronze Scales":59,"Snecko Eye":43,"Mark of Pain":0,"Art of War":20,"Nloth\u0027s Gift":59,"ReplayTheSpireMod:Lightbulb":94,"Replay:Bottled Steam":94}]},"card_choices":[{"not_picked":["Body Slam","Fire Breathing"],"picked":"Spot Weakness","floor":1.0},{"not_picked":["True Grit","Armaments"],"picked":"Shrug It Off","floor":2.0},{"not_picked":["Blood for Blood","Hemokinesis","Flex"],"picked":"SKIP","floor":3.0},{"not_picked":["Havoc","Massacre","ReplayTheSpireMod:Strike From Hell"],"picked":"SKIP","floor":4.0},{"not_picked":["Wild Strike","True Grit"],"picked":"Disarm","floor":7.0},{"not_picked":["Iron Wave","Evolve"],"picked":"ReplayTheSpireMod:Muscle Training","floor":8.0},{"not_picked":["Pommel Strike","Warcry"],"picked":"Demon Form","floor":10.0},{"not_picked":["ReplayTheSpireMod:Strike From Hell","Headbutt"],"picked":"Pummel","floor":11.0},{"not_picked":["Wild Strike","Anger"],"picked":"Dropkick","floor":12.0},{"not_picked":["Sever Soul","Shrug It Off"],"picked":"Pummel","floor":14.0},{"not_picked":["Demonic Infusion","Double Tap"],"picked":"Immolate","floor":16.0},{"not_picked":["Run Through+1","Warcry+1"],"picked":"Armaments+1","floor":18.0},{"not_picked":["Havoc","Iron Wave","Anger"],"picked":"SKIP","floor":19.0},{"not_picked":["Thunderclap","Iron Wave+1","Searing Blow"],"picked":"SKIP","floor":20.0},{"not_picked":["Anger","Life Link","ReplayTheSpireMod:Strike From Hell"],"picked":"SKIP","floor":24.0},{"not_picked":["Pommel Strike","Warcry"],"picked":"Perfected Strike","floor":28.0},{"not_picked":["Power Through","Corruption"],"picked":"Bludgeon","floor":29.0},{"not_picked":["Thunderclap","Rampage+1","ReplayTheSpireMod:Stacked"],"picked":"SKIP","floor":31.0},{"not_picked":["Brutality","Demon Form"],"picked":"Limit Break","floor":33.0},{"not_picked":["Headbutt","True Grit"],"picked":"Pummel","floor":35.0},{"not_picked":["ReplayTheSpireMod:Strike From Hell+1","Searing Blow+1"],"picked":"Metallicize+1","floor":36.0},{"not_picked":["Havoc+1","Life Link+1"],"picked":"Hemogenesis","floor":37.0},{"not_picked":["Infernal Blade+1","Seeing Red"],"picked":"Impervious","floor":40.0},{"not_picked":["Run Through+1","Havoc+1"],"picked":"Bludgeon","floor":45.0},{"not_picked":["Armaments+1","Pommel Strike","Thunderclap+1"],"picked":"SKIP","floor":47},{"not_picked":["Sever Soul+1","Cleave+1"],"picked":"Exhume","floor":48}],"player_experience":487099,"relics_obtained":[{"floor":7.0,"key":"Oddly Smooth Stone"},{"floor":9.0,"key":"Art of War"},{"floor":10.0,"key":"Pantograph"},{"floor":24.0,"key":"Bronze Scales"},{"floor":29.0,"key":"CeramicFish"},{"floor":37.0,"key":"Ginger"},{"floor":40.0,"key":"Dead Branch"},{"floor":43.0,"key":"Replay:Bottled Steam"},{"floor":44.0,"key":"Darkstone Periapt"},{"floor":45.0,"key":"Magic Flower"},{"floor":48,"key":"Blood Vial"}],"event_choices":[{"cards_removed":["Strike_R"],"damage_healed":0.0,"max_hp_gain":0.0,"max_hp_loss":0.0,"gold_gain":0.0,"event_name":"The Cleric","player_choice":"Card Removal","floor":5.0,"gold_loss":50.0,"damage_taken":0.0},{"damage_healed":0.0,"max_hp_gain":0.0,"max_hp_loss":0.0,"gold_gain":0.0,"event_name":"Ghosts","player_choice":"Ignored","floor":21.0,"gold_loss":0.0,"damage_taken":0.0},{"damage_healed":0.0,"max_hp_gain":0.0,"max_hp_loss":8.0,"gold_gain":0.0,"event_name":"betterThird:BetterWriting","player_choice":"Simplicity","floor":22.0,"gold_loss":0.0,"damage_taken":0.0},{"damage_healed":0.0,"max_hp_gain":0.0,"max_hp_loss":0.0,"gold_gain":0.0,"event_name":"N\u0027loth","player_choice":"Traded Relic","floor":27.0,"relics_lost":["Bronze Scales"],"gold_loss":0.0,"damage_taken":0.0,"relics_obtained":["Nloth\u0027s Gift"]},{"damage_healed":0.0,"max_hp_gain":0.0,"max_hp_loss":0.0,"gold_gain":0.0,"event_name":"MindBloom","player_choice":"Fight","floor":37.0,"gold_loss":0.0,"damage_taken":0.0},{"damage_healed":0.0,"max_hp_gain":0.0,"max_hp_loss":0.0,"gold_gain":0.0,"event_name":"Tomb of Lord Red Mask","player_choice":"Ignored","floor":38.0,"gold_loss":0.0,"damage_taken":0.0},{"cards_removed":["Pummel"],"damage_healed":0.0,"max_hp_gain":0.0,"max_hp_loss":0.0,"gold_gain":0.0,"event_name":"Falling","player_choice":"Removed Attack","floor":39.0,"gold_loss":0.0,"damage_taken":0.0}],"is_beta":false,"boss_relics":[{"not_picked":["Tiny House","Replay:Drink Me"],"picked":"Snecko Eye"},{"not_picked":["Coffee Dripper","Replay:Ancient Bell"],"picked":"Ring of Chaos"}],"items_purged_floors":[],"is_endless":false,"potions_floor_spawned":[2,3,8,10,12,19,29,31,33,36,37,40,47],"ascension_level":4}}