{"host":"konjmgczbcns2r3g","time":1610918943,"event":{"mods":["AchievementEnabler","BaseMod","Chen","Colored Powertips","Hermit","Infinite Spire","Koishi","Marisa????????","Minty Spire (QoL Compilation)","Replay The Spire","StSLib","The Cursed","The Gatherer","The Necromancer","The Servant 0.9.4"],"gold_per_floor":[112,123,142,157,172,272,288,288,342,30,30,30,61,79,79,180,180,200,216,227,227,227,227,227,227,227,238,251,275,44,46,46,36,36],"floor_reached":33,"language":"ENG","playtime":2529,"items_purged":[],"score":285,"play_id":"2ede1195-f59f-4539-96d2-99d759d2d959","local_time":"20210117162903","is_ascension_mode":true,"campfire_choices":[{"data":"Koishi:JumpScare","floor":8,"key":"SMITH"},{"data":"Koishi:BramblyRoseGarden","floor":11,"key":"SMITH"},{"floor":15,"key":"REST"},{"floor":23,"key":"RECALL"},{"data":"Koishi:PredatoryInstincts","floor":25,"key":"SMITH"},{"data":"Koishi:HauntingSlash","floor":32,"key":"SMITH"}],"circlet_count":0,"master_deck":["Koishi:BasicStrike","Koishi:BasicStrike","Koishi:BasicStrike","Koishi:BasicStrike","Koishi:BasicDefend","Koishi:BasicDefend","Koishi:BasicDefend","Koishi:BasicDefend","Koishi:Provoke","Koishi:HauntingSlash+1","Koishi:DreadfulBlow","Koishi:JumpScare+1","Koishi:PredatoryInstincts+1","Koishi:CatchAndRose","Koishi:MindNumbingTerror","Koishi:PhantomBarrier","Koishi:BramblyRoseGarden+1","Koishi:PhantomBarrier+1","Koishi:PhantomBarrier+1","Koishi:ImGoingToCallYouNow+1","Koishi:FleetingPhantom+1","Koishi:JumpScare+1","Koishi:LastRemote+1","Koishi:StingingMind","infinitespire:Collect+1","infinitespire:FutureSight+1","Koishi:RollingInRichesHeart+1","Koishi:GeneticsOfTheUnconscious+1","Koishi:EmbersOfLove+1","Flash of Steel","Koishi:YoukaiPolygraph"],"relics":["Koishi:ImaginaryFriend","Replay:Wax Seal","Toxic Egg 2","Orichalcum","SacredBark","ChewingGum","HandDrill","infinitespire:Eraser","Centennial Puzzle","Pen Nib"],"acts_visited":["Exordium","TheCity"],"potions_floor_usage":[5,13,20,20,27,33,33],"damage_taken":[{"damage":0,"enemies":"2 Louse","floor":1,"turns":4},{"damage":0,"enemies":"Cultist","floor":2,"turns":4},{"damage":1,"enemies":"Jaw Worm","floor":3,"turns":4},{"damage":6,"enemies":"Blue Slaver","floor":4,"turns":5},{"damage":12,"enemies":"Looter","floor":5,"turns":3},{"damage":1,"enemies":"2 Fungi Beasts","floor":7,"turns":3},{"damage":33,"enemies":"Gremlin Nob","floor":13,"turns":6},{"damage":13,"enemies":"3 Louse","floor":14,"turns":4},{"damage":15,"enemies":"Fading Forest","floor":16,"turns":11},{"damage":18,"enemies":"Spheric Guardian","floor":18,"turns":5},{"damage":9,"enemies":"Chosen","floor":19,"turns":7},{"damage":17,"enemies":"Snecko","floor":20,"turns":5},{"damage":6,"enemies":"Snake Plant","floor":27,"turns":4},{"damage":12,"enemies":"Sentry and Sphere","floor":28,"turns":4},{"damage":26,"enemies":"Book of Stabbing","floor":29,"turns":6},{"damage":3,"enemies":"Centurion and Healer","floor":31,"turns":7},{"damage":67,"enemies":"Champ","floor":33,"turns":10}],"seed_played":"-4676773013453430300","potions_obtained":[{"floor":1,"key":"FearPotion"},{"floor":3,"key":"LiquidBronze"},{"floor":14,"key":"FearPotion"},{"floor":16,"key":"SteroidPotion"},{"floor":18,"key":"EssenceOfSteel"},{"floor":27,"key":"Venom Potion"},{"floor":29,"key":"SkillPotion"},{"floor":31,"key":"SteroidPotion"}],"is_trial":false,"path_per_floor":["M","M","M","M","M","?","M","R","T","$","R","$","E","M","R","B",null,"M","M","M","?","?","R","AVR","R","T","M","M","E","$","M","R","B"],"character_chosen":"KOISHI","items_purchased":["Toxic Egg 2","Koishi:BramblyRoseGarden","Pen Nib","Flash of Steel"],"campfire_rested":1,"item_purchase_floors":[10,10,30,30],"current_hp_per_floor":[66,66,66,66,57,57,66,66,66,66,66,66,44,49,66,54,66,56,66,63,63,63,63,63,63,63,66,66,66,66,66,66,0,0],"gold":36,"neow_bonus":"TEN_PERCENT_HP_BONUS","is_daily":false,"chose_seed":false,"campfire_upgraded":4,"win_rate":0.0,"timestamp":1610918943,"path_taken":["M","M","M","M","M","?","M","R","T","$","R","?","E","M","R","BOSS","M","M","M","?","?","R","AVR","R","T","M","M","E","$","M","R","BOSS"],"items_purchased_type":["Relic","Card","Relic","Card"],"build_version":"2020-12-22","purchased_purges":0,"victory":false,"max_hp_per_floor":[66,66,66,66,66,66,66,66,66,66,66,66,66,66,66,66,66,66,66,66,66,66,66,66,66,66,66,66,66,66,66,66,66,66],"card_choices":[{"not_picked":["Koishi:ParalyzingFear","Koishi:CatchAndRose"],"picked":"Koishi:DreadfulBlow","floor":1},{"not_picked":["Koishi:FleetingPhantom","Koishi:Vanish"],"picked":"Koishi:JumpScare","floor":2},{"not_picked":["Koishi:JumpScare","Koishi:FleetingPhantom"],"picked":"Koishi:PredatoryInstincts","floor":3},{"not_picked":["Koishi:Possession","Koishi:RoseHell"],"picked":"Koishi:CatchAndRose","floor":4},{"not_picked":["Koishi:Catatonia","Koishi:UnansweredLove"],"picked":"Koishi:MindNumbingTerror","floor":5},{"not_picked":["Koishi:EmbryosDream","Koishi:VengefulSpirit"],"picked":"Koishi:PhantomBarrier","floor":7},{"not_picked":["Koishi:Prune","Koishi:PhantomStrike"],"picked":"Koishi:PhantomBarrier+1","floor":13},{"not_picked":["Koishi:UnconsciousUprising+1","Koishi:Catatonia"],"picked":"Koishi:PhantomBarrier+1","floor":14},{"not_picked":["Koishi:SilentAndRestless","Koishi:GrowingPain"],"picked":"Koishi:ImGoingToCallYouNow+1","floor":16},{"not_picked":["Koishi:SpiritedAway","Koishi:PhantomBarrier+1"],"picked":"Koishi:FleetingPhantom+1","floor":18},{"not_picked":["Koishi:ApparitionsStalkTheNight+1","Koishi:GhostParty+1"],"picked":"Koishi:JumpScare+1","floor":19},{"not_picked":["Koishi:UnansweredLove+1","Koishi:SubconsciousSweep+1"],"picked":"Koishi:LastRemote+1","floor":20},{"not_picked":["Koishi:JumpScare+1","Koishi:ParalyzingFear"],"picked":"Koishi:RollingInRichesHeart+1","floor":27},{"not_picked":["Koishi:RacingHeart","Koishi:BramblyRoseGarden"],"picked":"Koishi:GeneticsOfTheUnconscious+1","floor":28},{"not_picked":["Koishi:Possession+1","Koishi:DreadfulBlow"],"picked":"Koishi:EmbersOfLove+1","floor":29},{"not_picked":["Koishi:TraumaticStroke+1","Koishi:Vanish+1"],"picked":"Koishi:YoukaiPolygraph","floor":31}],"player_experience":342569,"relics_obtained":[{"floor":9,"key":"Replay:Wax Seal"},{"floor":13,"key":"Orichalcum"},{"floor":26,"key":"infinitespire:Eraser"},{"floor":29,"key":"Centennial Puzzle"}],"event_choices":[{"damage_healed":0,"gold_gain":100,"player_choice":"Pray","damage_taken":0,"max_hp_gain":0,"max_hp_loss":0,"event_name":"Golden Shrine","floor":6,"gold_loss":0},{"damage_healed":0,"gold_gain":0,"player_choice":"Ignored","damage_taken":0,"max_hp_gain":0,"max_hp_loss":0,"event_name":"Beggar","floor":21,"gold_loss":0},{"damage_healed":0,"gold_gain":0,"player_choice":"Read","damage_taken":0,"max_hp_gain":0,"max_hp_loss":0,"event_name":"The Library","floor":22,"gold_loss":0,"cards_obtained":["Koishi:StingingMind"]}],"is_beta":false,"boss_relics":[{"not_picked":["Snecko Eye","Ectoplasm"],"picked":"SacredBark"}],"items_purged_floors":[],"is_endless":false,"potions_floor_spawned":[1,3,14,16,18,27,29,31],"killed_by":"Champ","ascension_level":1}}