{"host":"u1dfzl6o6mfmauc3","time":1610843851,"event":{"mods":["2.2 Compatiblity","AchievementEnabler","Bard","BaseMod","Block Reminder","Challenge The Spire","Dark Map","Hermit","Minty Spire (QoL Compilation)","Relic Stats","Robot Space Explorer","StSLib","The Cursed","The Disciple"],"gold_per_floor":[110,127,146,166,178,178,196,196,196,196,196,214,214,139,139,242,242,253,253,263,276,289,321,221,221,221,241,241,116,134,152,152,255,255,275,287,137,149,149,149],"floor_reached":39,"language":"ENG","playtime":1738,"items_purged":["TheCursedMod:CursedArmor","TheCursedMod:CircleOfBlood","TheCursedMod:CircleOfAmplification","TheCursedMod:CircleOfFocus"],"score":524,"play_id":"0d87153c-c07a-47bd-9eb3-3c4557d21cf3","local_time":"20210116193731","is_ascension_mode":false,"campfire_choices":[{"data":"TheCursedMod:LuckyCharm","floor":6,"key":"SMITH"},{"floor":13,"key":"REST"},{"data":"TheCursedMod:CursedSpellbook","floor":15,"key":"SMITH"},{"data":"TheCursedMod:VoidForm","floor":25,"key":"SMITH"},{"floor":28,"key":"REST"},{"floor":32,"key":"REST"}],"circlet_count":0,"master_deck":["TheCursedMod:CleanUpWorkshop","TheCursedMod:CursedSpellbook+1","TheCursedMod:SpitefulPlan","TheCursedMod:LuckyCharm+1","TheCursedMod:ShockAndAwe","TheCursedMod:VoidForm+1"],"relics":["TheCursedMod:OminousMark"],"acts_visited":["Exordium","TheCity","TheBeyond"],"potions_floor_usage":[11,18,35],"damage_taken":[{"damage":13,"enemies":"Jaw Worm","floor":1,"turns":4},{"damage":4,"enemies":"2 Louse","floor":2,"turns":3},{"damage":1,"enemies":"Cultist","floor":3,"turns":3},{"damage":10,"enemies":"Exordium Thugs","floor":4,"turns":3},{"damage":35,"enemies":"Exordium Wildlife","floor":5,"turns":4},{"damage":1,"enemies":"2 Fungi Beasts","floor":7,"turns":3},{"damage":8,"enemies":"Large Slime","floor":12,"turns":2},{"damage":1,"enemies":"Hexaghost","floor":16,"turns":5},{"damage":25,"enemies":"2 Thieves","floor":18,"turns":4},{"damage":1,"enemies":"Shell Parasite","floor":20,"turns":3},{"damage":1,"enemies":"Sentry and Sphere","floor":21,"turns":3},{"damage":0,"enemies":"Snecko","floor":22,"turns":4},{"damage":0,"enemies":"Book of Stabbing","floor":23,"turns":4},{"damage":25,"enemies":"Centurion and Healer","floor":27,"turns":4},{"damage":5,"enemies":"Snake Plant","floor":30,"turns":2},{"damage":43,"enemies":"Cultist and Chosen","floor":31,"turns":4},{"damage":15,"enemies":"Champ","floor":33,"turns":3},{"damage":36,"enemies":"3 Darklings","floor":35,"turns":18},{"damage":0,"enemies":"3 Shapes","floor":36,"turns":4},{"damage":20,"enemies":"Writhing Mass","floor":38,"turns":3},{"damage":31,"enemies":"4 Shapes","floor":39,"turns":3}],"seed_played":"-938263052410012645","potions_obtained":[{"floor":5,"key":"LiquidBronze"},{"floor":7,"key":"LiquidBronze"},{"floor":11,"key":"Fruit Juice"},{"floor":11,"key":"GamblersBrew"},{"floor":11,"key":"Dexterity Potion"},{"floor":18,"key":"FearPotion"}],"is_trial":false,"path_per_floor":["M","M","M","M","M","R","M","?","T","T","?","M","R","$","R","B",null,"M","?","M","M","M","E","$","R","T","M","R","$","M","M","R","B",null,"M","M","$","M","M"],"character_chosen":"THE_CURSED","items_purchased":[],"campfire_rested":3,"item_purchase_floors":[],"current_hp_per_floor":[69,67,68,60,25,25,24,24,24,24,29,21,47,47,47,48,87,62,62,61,60,60,60,60,60,60,35,61,61,56,13,39,24,87,51,51,51,31,0,0],"gold":149,"neow_bonus":"TEN_PERCENT_HP_BONUS","is_daily":false,"chose_seed":false,"campfire_upgraded":3,"win_rate":0.0,"timestamp":1610843851,"path_taken":["M","M","M","M","M","R","M","?","T","?","?","?","R","$","R","BOSS","M","?","M","M","M","E","$","R","T","M","R","$","M","M","R","BOSS","M","M","$","M","M"],"items_purchased_type":[],"build_version":"2020-12-22","purchased_purges":4,"victory":false,"max_hp_per_floor":[82,82,82,82,82,82,82,82,82,82,87,87,87,87,87,87,87,87,87,87,87,87,87,87,87,87,87,87,87,87,87,87,87,87,87,87,87,87,87,87],"relic_stats":{"counters":[21,86],"obtain_stats":[{"TheCursedMod:OminousMark":0},{"TheCursedMod:OminousMark":0},{"TheCursedMod:OminousMark":0}]},"card_choices":[{"not_picked":["TheCursedMod:Stretching","TheCursedMod:Obscuration","TheCursedMod:RavingStaff"],"picked":"SKIP","floor":1},{"not_picked":["TheCursedMod:RavingStaff","TheCursedMod:FuryStrike","TheCursedMod:CursedMace"],"picked":"SKIP","floor":2},{"not_picked":["TheCursedMod:CursedStaff","TheCursedMod:CursedShiv","TheCursedMod:TacticalStrike"],"picked":"SKIP","floor":3},{"not_picked":["TheCursedMod:Obscuration","TheCursedMod:TacticalStrike","TheCursedMod:CircleOfCorruption"],"picked":"SKIP","floor":4},{"not_picked":["TheCursedMod:CursedArmor","TheCursedMod:HellfireBreathing","TheCursedMod:Torture"],"picked":"SKIP","floor":5},{"not_picked":["TheCursedMod:ReleasedStrength","TheCursedMod:CircleOfCorruption","TheCursedMod:AntiAging"],"picked":"SKIP","floor":7},{"not_picked":["TheCursedMod:CircleOfAmplification","TheCursedMod:CursedBoomerang","TheCursedMod:RavingStaff"],"picked":"SKIP","floor":12},{"not_picked":["TheCursedMod:LuckyCharm+1","TheCursedMod:CircleOfCorruption","TheCursedMod:RapidMovement"],"picked":"SKIP","floor":18},{"not_picked":["TheCursedMod:CircleOfFlame","TheCursedMod:Torture+1","TheCursedMod:Obscuration"],"picked":"SKIP","floor":20},{"not_picked":["TheCursedMod:SoulReap","TheCursedMod:CursedBoomerang","TheCursedMod:CircleOfFocus"],"picked":"SKIP","floor":21},{"not_picked":["TheCursedMod:CircleOfCorruption","TheCursedMod:SaltUponWound+1","TheCursedMod:BloodBarrier"],"picked":"SKIP","floor":22},{"not_picked":["TheCursedMod:Torture+1","TheCursedMod:CircleOfCorruption","TheCursedMod:CircleOfFocus"],"picked":"SKIP","floor":23},{"not_picked":["TheCursedMod:CircleOfCorruption+1","TheCursedMod:Stigma","TheCursedMod:FleshFromBone"],"picked":"SKIP","floor":27},{"not_picked":["TheCursedMod:CircleOfCorruption","TheCursedMod:CursedShiv","TheCursedMod:SmokeScreen"],"picked":"SKIP","floor":30},{"not_picked":["TheCursedMod:VitalStrike","TheCursedMod:Stretching","TheCursedMod:CursedMace"],"picked":"SKIP","floor":31},{"not_picked":["TheCursedMod:CursedBlade","TheCursedMod:CursedShiv","TheCursedMod:FleshFromBone+1"],"picked":"SKIP","floor":35},{"not_picked":["TheCursedMod:SurpriseAttack","TheCursedMod:ManaBullet","TheCursedMod:Wield"],"picked":"SKIP","floor":36},{"not_picked":["TheCursedMod:Stretching","TheCursedMod:Stigma+1","TheCursedMod:CursedBlade"],"picked":"SKIP","floor":38}],"player_experience":86806,"relics_obtained":[],"event_choices":[{"damage_healed":0,"gold_gain":0,"player_choice":"Fled","damage_taken":0,"max_hp_gain":0,"max_hp_loss":0,"event_name":"Scrap Ooze","floor":8,"gold_loss":0},{"damage_healed":0,"gold_gain":0,"player_choice":"Got Potions","damage_taken":0,"max_hp_gain":0,"max_hp_loss":0,"event_name":"Lab","floor":11,"gold_loss":0},{"damage_healed":0,"gold_gain":0,"player_choice":"Ignored","damage_taken":0,"max_hp_gain":0,"max_hp_loss":0,"event_name":"Cursed Tome","floor":19,"gold_loss":0}],"is_beta":false,"boss_relics":[{"not_picked":["Runic Pyramid","Fusion Hammer","Ectoplasm"]},{"not_picked":["Snecko Eye","Coffee Dripper","Runic Dome"]}],"items_purged_floors":[14,24,29,37],"is_endless":false,"potions_floor_spawned":[5,7,16,18,21,23,27,36],"killed_by":"4 Shapes","ascension_level":0}}