{"host":"8d3fefv2347kqkpz","time":1610859940,"event":{"mods":["100% Spire Juice","BaseMod","Better Vampires","Colored Map","Minty Spire (QoL Compilation)","Quick Restart","Replay The Spire","StSLib","The Gatherer","Waifu the Spire"],"gold_per_floor":[110,110,35,52,68,103,103,121,121,121,136,136,16,16,16,113,113,133,16,16,16,35,35,48,68,68,68,68,68,84,15,15,110,110,122,22,33,50,63,63,28,61,143,162,162,210,223,49,49,49],"floor_reached":51,"language":"ZHS","playtime":2076,"items_purged":["Looming Evil","Strike_G","Defend_G"],"score":727,"play_id":"afa131c8-a3b2-41d4-b7fd-1eafc74ce1bd","local_time":"20210117130540","is_ascension_mode":false,"campfire_choices":[{"data":"Neutralize","floor":7,"key":"SMITH"},{"floor":12,"key":"REST"},{"floor":15,"key":"REST"},{"floor":23,"key":"REST"},{"floor":27,"key":"REST"},{"floor":29,"key":"REST"},{"floor":32,"key":"REST"},{"data":"Accuracy","floor":40,"key":"SMITH"},{"data":"Accuracy","floor":45,"key":"SMITH"},{"floor":49,"key":"REST"}],"circlet_count":0,"master_deck":["Strike_G","Strike_G","Defend_G","Defend_G","Defend_G+1","Defend_G","Survivor","Neutralize+1","Dagger Spray","Envenom","Prepared","Acrobatics","Terror","Accuracy+1","ReplayTheSpireMod:Scrap Shanks","Hidden Blade+1","CurseOfTheBell","Bane","Accuracy+1","Hidden Blade","Amnesia","Cloak And Dagger","ReplayTheSpireMod:Scrap Shanks","Underhanded Strike","Noxious Fumes","ReplayTheSpireMod:From All Sides","Choke+1","Dagger Spray","Blade Dance","Noxious Fumes+1","Predator","Acrobatics","Infinite Blades","Dagger Spray+1","Prepared"],"relics":["Ring of the Snake","Ring of Panic","Anchor","Letter Opener","Mummified Hand","Calling Bell","War Paint","Ninja Scroll","Counterbalance","MealTicket","Iron Hammer","Snecko Eye","Replay:WaspNest","Pantograph","Vampiric Spirits"],"acts_visited":["Exordium","TheCity","TheBeyond"],"potions_floor_usage":[50],"damage_taken":[{"damage":0,"enemies":"Small Slimes","floor":1,"turns":4},{"damage":0,"enemies":"2 Louse","floor":4,"turns":2},{"damage":1,"enemies":"Jaw Worm","floor":5,"turns":4},{"damage":34,"enemies":"3 Sentries","floor":6,"turns":9},{"damage":12,"enemies":"Exordium Wildlife","floor":8,"turns":6},{"damage":0,"enemies":"2 Fungi Beasts","floor":11,"turns":3},{"damage":33,"enemies":"The Guardian","floor":16,"turns":8},{"damage":53,"enemies":"Spheric Guardian","floor":18,"turns":7},{"damage":4,"enemies":"Shell Parasite","floor":22,"turns":5},{"damage":30,"enemies":"Snake Plant","floor":24,"turns":5},{"damage":14,"enemies":"Shelled Parasite and Fungi","floor":25,"turns":3},{"damage":17,"enemies":"Sentry and Sphere","floor":30,"turns":4},{"damage":48,"enemies":"Collector","floor":33,"turns":6},{"damage":5,"enemies":"3 Shapes","floor":35,"turns":2},{"damage":0,"enemies":"3 Darklings","floor":37,"turns":3},{"damage":0,"enemies":"Sphere and 2 Shapes","floor":38,"turns":2},{"damage":7,"enemies":"Transient","floor":39,"turns":5},{"damage":6,"enemies":"Reptomancer","floor":42,"turns":3},{"damage":15,"enemies":"Maw","floor":44,"turns":5},{"damage":20,"enemies":"2 Orb Walkers","floor":46,"turns":4},{"damage":14,"enemies":"Sphere and 2 Shapes","floor":47,"turns":3},{"damage":5,"enemies":"Donu and Deca","floor":50,"turns":4}],"seed_played":"-5718859887679185054","potions_obtained":[{"floor":6,"key":"Explosive Potion"},{"floor":11,"key":"Block Potion"},{"floor":16,"key":"Energy Potion"},{"floor":38,"key":"Adrenaline Potion"}],"is_trial":false,"path_per_floor":["M","?","$","M","M","E","R","M","T","?","M","R","$","?","R_BF","B",null,"M","$","?","$","M","R","M","M","T","R","?","R","M","$","R","B",null,"M","$","M","M","M","R","$","E","T","M","R","?","M","$","R","B",null],"character_chosen":"THE_SILENT","items_purchased":["ReplayTheSpireMod:Scrap Shanks","Hidden Blade","Accuracy","Hidden Blade","Noxious Fumes","Predator","Prepared"],"campfire_rested":7,"item_purchase_floors":[13,13,19,19,31,41,48],"current_hp_per_floor":[77,77,77,77,76,42,42,30,30,30,30,53,53,46,69,36,77,24,24,24,39,35,58,28,14,14,37,37,60,43,58,77,29,77,72,77,77,77,70,70,77,71,71,56,56,36,30,45,68,72],"gold":49,"neow_bonus":"TEN_PERCENT_HP_BONUS","is_daily":false,"chose_seed":false,"campfire_upgraded":3,"win_rate":0.0,"timestamp":1610859940,"path_taken":["M","?","$","M","M","E","R","M","T","?","M","R","$","?","R_BF","BOSS","M","$","?","$","M","R","M","M","T","R","?","R","M","$","R","BOSS","M","?","M","M","M","R","?","E","T","M","R","?","M","$","R","BOSS"],"items_purchased_type":["Card","Card","Card","Card","Card","Card","Card"],"build_version":"2020-12-22","purchased_purges":3,"victory":true,"max_hp_per_floor":[77,77,77,77,77,77,77,77,77,77,77,77,77,77,77,77,77,77,77,77,77,77,77,77,77,77,77,77,77,77,77,77,77,77,77,77,77,77,77,77,77,77,77,77,77,77,77,77,77,77],"card_choices":[{"not_picked":["Poisoned Stab","Quick Slash"],"picked":"Dagger Spray","floor":1},{"not_picked":["PiercingWail","Backflip"],"picked":"Envenom","floor":4},{"not_picked":["Slice","Crippling Poison"],"picked":"Prepared","floor":5},{"not_picked":["Slice","Flying Knee"],"picked":"Acrobatics","floor":6},{"not_picked":["Poisoned Stab","Deadly Poison"],"picked":"Terror","floor":8},{"not_picked":["Outmaneuver","Riddle With Holes"],"picked":"Accuracy","floor":11},{"not_picked":["Sucker Punch+1","Backflip+1"],"picked":"Bane","floor":18},{"not_picked":["PiercingWail","Flying Knee","Outmaneuver"],"picked":"SKIP","floor":22},{"not_picked":["Acrobatics+1","Terror"],"picked":"Cloak And Dagger","floor":24},{"not_picked":["Backflip+1","Draining Mist"],"picked":"ReplayTheSpireMod:Scrap Shanks","floor":25},{"not_picked":["Terror","Crippling Poison+1"],"picked":"Underhanded Strike","floor":30},{"not_picked":["Unload","Venomology"],"picked":"ReplayTheSpireMod:From All Sides","floor":33},{"not_picked":["Noxious Fumes+1","Toxin Wave"],"picked":"Choke+1","floor":35},{"not_picked":["Slice+1","Prepared"],"picked":"Dagger Spray","floor":37},{"not_picked":["Catalyst","Prepared+1"],"picked":"Blade Dance","floor":38},{"not_picked":["Terror","Dagger Throw+1"],"picked":"Noxious Fumes+1","floor":39},{"not_picked":["Dodge and Roll+1","ReplayTheSpireMod:Tripwire","Deadly Poison+1"],"picked":"SKIP","floor":42},{"not_picked":["Endless Agony","Dagger Throw"],"picked":"Acrobatics","floor":44},{"not_picked":["Flying Knee","Dagger Throw"],"picked":"Infinite Blades","floor":46},{"not_picked":["Prepared","Terror"],"picked":"Dagger Spray+1","floor":47}],"player_experience":71048,"relics_obtained":[{"floor":2,"key":"Ring of Panic"},{"floor":6,"key":"Anchor"},{"floor":9,"key":"Letter Opener"},{"floor":17,"key":"War Paint"},{"floor":17,"key":"Ninja Scroll"},{"floor":17,"key":"Counterbalance"},{"floor":26,"key":"Iron Hammer"},{"floor":42,"key":"Replay:WaspNest"},{"floor":43,"key":"Pantograph"},{"floor":46,"key":"Vampiric Spirits"}],"event_choices":[{"cards_removed":["Strike_G"],"damage_healed":0,"gold_gain":0,"player_choice":"Forget","damage_taken":0,"max_hp_gain":0,"max_hp_loss":0,"event_name":"Living Wall","floor":10,"gold_loss":0},{"damage_healed":0,"gold_gain":0,"player_choice":"Success","damage_taken":7,"relics_obtained":["Mummified Hand"],"max_hp_gain":0,"max_hp_loss":0,"event_name":"Scrap Ooze","floor":14,"gold_loss":0},{"cards_removed":["Strike_G"],"damage_healed":0,"gold_gain":0,"player_choice":"Purged","damage_taken":0,"max_hp_gain":0,"max_hp_loss":0,"event_name":"Purifier","floor":28,"gold_loss":0},{"damage_healed":0,"gold_gain":0,"player_choice":"Fight","damage_taken":0,"max_hp_gain":0,"max_hp_loss":0,"event_name":"Mysterious Sphere","floor":46,"gold_loss":0}],"is_beta":false,"boss_relics":[{"not_picked":["Snecko Scales","Runic Dome"],"picked":"Calling Bell"},{"not_picked":["SacredBark","Fusion Hammer"],"picked":"Snecko Eye"}],"items_purged_floors":[3,36,48],"is_endless":false,"potions_floor_spawned":[6,11,16,22,30,38,39,44,47],"ascension_level":0}}