{"host":"Jedit","time":1610911494,"event":{"mods":["BaseMod","Downfall","Minty Spire (QoL Compilation)","Relic Stats","StSLib"],"gold_per_floor":[114,114,126,139,155,155,187,187],"floor_reached":7,"language":"ENG","playtime":537,"items_purged":[],"score":56,"play_id":"52088b60-d878-43bb-a9b9-d17247600c16","local_time":"20210117192454","is_ascension_mode":true,"campfire_choices":[{"data":"bronze:AlphaBuild","floor":6,"key":"SMITH"}],"circlet_count":0,"master_deck":["bronze:Strike","bronze:Strike","bronze:Strike","bronze:Strike","bronze:Defend","bronze:Defend","bronze:Defend","bronze:Defend","bronze:Replicate","bronze:Goto","bronze:Return","bronze:Spike","bronze:AlphaBuild+1","bronze:Boost","bronze:ChildClass","bronze:ChildClass","bronze:ChosenStrike"],"relics":["Runic Pyramid","MawBank"],"acts_visited":["Exordium"],"potions_floor_usage":[5],"damage_taken":[{"damage":0.0,"enemies":"Small Slimes","floor":1.0,"turns":3.0},{"damage":2.0,"enemies":"Small Slimes","floor":2.0,"turns":7.0},{"damage":3.0,"enemies":"2 Louse","floor":3.0,"turns":2.0},{"damage":1,"enemies":"Jaw Worm","floor":4,"turns":5},{"damage":10,"enemies":"Exordium Wildlife","floor":5,"turns":6},{"damage":25,"enemies":"3 Sentries","floor":7,"turns":10}],"seed_played":"-8248475736342577985","potions_obtained":[{"floor":2.0,"key":"Weak Potion"},{"floor":3.0,"key":"Swift Potion"},{"floor":5,"key":"Dexterity Potion"},{"floor":7,"key":"SpeedPotion"}],"is_trial":false,"path_per_floor":["M","?","M","M","M","R","E"],"character_chosen":"THE_AUTOMATON","items_purchased":[],"campfire_rested":0,"item_purchase_floors":[],"current_hp_per_floor":[70,68,65,64,54,54,29,29],"gold":187,"neow_bonus":"BOSS_RELIC","is_daily":false,"chose_seed":false,"campfire_upgraded":1,"win_rate":0.0,"timestamp":1610911494,"path_taken":["M","?","M","M","M","R","E"],"items_purchased_type":[],"build_version":"2020-12-18","purchased_purges":0,"victory":false,"max_hp_per_floor":[70,70,70,70,70,70,70,70],"relic_stats":{"counters":[6,33],"MawBank":0,"obtain_stats":[{"bronze:BronzeCore":0,"MawBank":7,"Runic Pyramid":0},{"bronze:BronzeCore":0,"MawBank":6,"Runic Pyramid":0},{"bronze:BronzeCore":0,"MawBank":33,"Runic Pyramid":0}]},"card_choices":[{"not_picked":["bronze:Frontload","bronze:BugBarrage"],"picked":"bronze:Return","floor":1.0},{"not_picked":[],"picked":"bronze:Spike","floor":2.0},{"not_picked":["bronze:CloningBeam","bronze:FineTuning"],"picked":"bronze:AlphaBuild","floor":2.0},{"not_picked":["bronze:Overload","bronze:Return"],"picked":"bronze:Boost","floor":3.0},{"not_picked":["bronze:DarkDash","bronze:Optimize"],"picked":"bronze:ChildClass","floor":4},{"not_picked":["bronze:DigitalCarnage","bronze:DelayedSlice"],"picked":"bronze:ChildClass","floor":5},{"not_picked":["bronze:BitShift","bronze:Overheat"],"picked":"bronze:ChosenStrike","floor":7}],"player_experience":3668180,"relics_obtained":[{"floor":7,"key":"MawBank"}],"event_choices":[],"is_beta":true,"boss_relics":[],"items_purged_floors":[],"is_endless":false,"potions_floor_spawned":[2,3,5,7],"killed_by":"3 Sentries","ascension_level":1}}