{"host":"7xu95vgv3ii4fnvo","time":1610884214,"event":{"mods":["BaseMod","Challenge The Spire","Colored Powertips","Dota2Spire","Downfall","Minty Spire (QoL Compilation)","MostiFishMod","Quick Restart","Relic Stats","Spicy Shops","StSLib","¡¾ÒÅÎï¿¨ÅÆ¡¿REMEMod"],"gold_per_floor":[113,113,132,145,145,145,181,204,204,243,269,234,234,234,234,333,333,349,367,380,380,396,396,429,429,429,466,466,416,433,446,446,550,550,570,570,593,650,0,34,34,62,62,65,15,29,44,44,44,46,46,46,46,76,56],"floor_reached":56,"language":"ZHS","playtime":10331,"items_purged":["Strike_G","Injury","Strike_G","Defend_G"],"score":1725,"play_id":"2cf8238f-39c7-4e49-861a-65bff2726bd7","local_time":"20210117195014","is_ascension_mode":true,"campfire_choices":[{"floor":6,"key":"RECALL"},{"data":"MostiFishMod:StarOceanP","floor":13,"key":"SMITH"},{"data":"Infinite Blades","floor":15,"key":"SMITH"},{"data":"After Image","floor":23,"key":"SMITH"},{"data":"Wraith Form v2","floor":28,"key":"SMITH"},{"data":"Defend_G","floor":32,"key":"PURGE"},{"data":"Defend_G","floor":41,"key":"PURGE"},{"data":"Defend_G","floor":49,"key":"PURGE"},{"data":"Defend_G+1","floor":52,"key":"PURGE"}],"circlet_count":0,"master_deck":["Strike_G+1","Strike_G+1","Survivor+1","Neutralize","MostiFishMod:StarOceanP+1","Flying Knee","MostiFishMod:KingOfFree","MostiFishMod:KingOfFree","Slice","MostiFishMod:SpreadingSpore+1","Footwork","Acrobatics+1","Dagger Spray","Infinite Blades+1","Doppelganger+1","Calculated Gamble+1","MostiFishMod:WinterMarkForm","REME_ShadowStrike","After Image+1","MostiFishMod:SephirahHod+1","Calculated Gamble+1","Distraction+1","Trip+1","Secret Technique+1","Wraith Form v2+1","Distraction+1","Slimebound:WasteNot+1","MostiFishMod:StoryBook+1","Well Laid Plans","MostiFishMod:LegendTransform+1","JustLucky+1","Trip+1","Terror+1"],"relics":["Ring of the Snake","DaveBox","REME_ComplimentaryCards","DiscerningMonocle","SynthV:TestCard","Toxic Egg 2","DollysMirror","Oddly Smooth Stone","CaptainsWheel","Gremlin Horn","Lizard Tail","Dota2Spire:AghanimScepter","Shuriken","Matryoshka","MostiFishMod:Hod","Toolbox","Happy Flower","Blue Candle","Ninja Scroll","War Paint","BirthdayGift-Icosahedron","REME_LimitBreaker","Nunchaku","Smiling Mask","Sundial","Dota2Spire:LotusOrb","BirthdayGift-Tetrahedron","Kunai","Peace Pipe","Whetstone","Dota2Spire:Vanguard","PrismaticShard","Sozu","TungstenRod","Red Mask","Omamori","Mango","MealTicket","Bottled Flame","Mummified Hand","Potion Belt","Dota2Spire:BladeMail","Regal Pillow","Dota2Spire:BlackKingBar","ChiLing","Chi","Ling","Strange Spoon","Snake Skull","Dota2Spire:EchoSabre","DianDianMeat","Orrery","Dota2Spire:MonkeyKingBar","Dota2Spire:Dagon","TimeFreeze","Bronze Scales","Lantern","OrangePellets","Bottled Lightning"],"acts_visited":["Exordium","TheCity","TheBeyond","TheEnding"],"potions_floor_usage":[],"damage_taken":[{"damage":0,"enemies":"Cultist","floor":1,"turns":2},{"damage":5,"enemies":"2 Louse","floor":3,"turns":2},{"damage":8,"enemies":"Jaw Worm","floor":4,"turns":4},{"damage":38,"enemies":"3 Sentries","floor":7,"turns":8},{"damage":10,"enemies":"Looter","floor":8,"turns":5},{"damage":7,"enemies":"Lagavulin","floor":10,"turns":5},{"damage":34,"enemies":"Hexaghost","floor":16,"turns":6},{"damage":10,"enemies":"Chosen","floor":18,"turns":4},{"damage":18,"enemies":"Shell Parasite","floor":19,"turns":3},{"damage":0,"enemies":"Shelled Parasite and Fungi","floor":20,"turns":2},{"damage":0,"enemies":"Cultist and Chosen","floor":22,"turns":3},{"damage":0,"enemies":"Book of Stabbing","floor":24,"turns":3},{"damage":0,"enemies":"Slavers","floor":27,"turns":1},{"damage":0,"enemies":"Chosen and Byrds","floor":30,"turns":1},{"damage":0,"enemies":"Snake Plant","floor":31,"turns":1},{"damage":1,"enemies":"Collector","floor":33,"turns":2},{"damage":0,"enemies":"3 Darklings","floor":35,"turns":1},{"damage":10,"enemies":"3 Shapes","floor":37,"turns":1},{"damage":0,"enemies":"2 Orb Walkers","floor":38,"turns":1},{"damage":0,"enemies":"Giant Head","floor":40,"turns":2},{"damage":0,"enemies":"Reptomancer","floor":42,"turns":1},{"damage":0,"enemies":"Nemesis","floor":44,"turns":1},{"damage":0,"enemies":"Jaw Worm Horde","floor":46,"turns":1},{"damage":0,"enemies":"Writhing Mass","floor":47,"turns":1},{"damage":5,"enemies":"Donu and Deca","floor":50,"turns":1},{"damage":0,"enemies":"Shield and Spear","floor":54,"turns":1},{"damage":0,"enemies":"The Heart","floor":55,"turns":3}],"seed_played":"1585789592528241396","potions_obtained":[{"floor":10,"key":"SmokeBomb"},{"floor":16,"key":"Block Potion"},{"floor":19,"key":"Guardian:BlockOnCardUsePotion"},{"floor":20,"key":"Energy Potion"}],"is_trial":false,"path_per_floor":["M","$","M","M","?","R","E","M","T","E","T","?","R","T","R","B",null,"M","M","M","$","M","R","E","?","T","E","R","$","M","M","R","B",null,"M","?","M","?","?","E","R","E","T","E","$","M","M","$","R","B",null,"R","$","E","B",null],"character_chosen":"THE_SILENT","items_purchased":["Toxic Egg 2","MostiFishMod:KingOfFree","DollysMirror","Oddly Smooth Stone","CaptainsWheel","Gremlin Horn","Slice","MostiFishMod:SpreadingSpore+1","Footwork","Acrobatics+1","Dagger Spray","Trip+1","Secret Technique+1","Toolbox","Happy Flower","Blue Candle","Ninja Scroll","War Paint","BirthdayGift-Icosahedron","FairyPotion","Distraction+1","BirthdayGift-Tetrahedron","Kunai","Peace Pipe","Whetstone","Dota2Spire:Vanguard","PrismaticShard","Well Laid Plans","Potion Belt","Dota2Spire:BladeMail","Regal Pillow","Dota2Spire:BlackKingBar","ChiLing","Strange Spoon","Snake Skull","Dota2Spire:EchoSabre","DianDianMeat","Orrery","Terror+1","Dota2Spire:MonkeyKingBar","Dota2Spire:Dagon","TimeFreeze","Bronze Scales","Lantern","OrangePellets"],"campfire_rested":0,"item_purchase_floors":[2,2,2,2,2,2,2,2,2,2,2,21,21,21,21,21,21,21,21,21,29,29,29,29,29,29,29,45,45,45,45,45,45,48,48,48,48,48,48,53,53,53,53,53,53],"current_hp_per_floor":[77,77,72,67,67,67,45,51,51,60,60,60,60,60,60,29,77,68,52,57,57,77,77,77,77,77,77,77,77,77,77,77,77,77,77,73,64,67,67,73,73,87,87,87,87,87,87,97,97,93,97,97,97,97,97],"gold":56,"neow_bonus":"TEN_PERCENT_HP_BONUS","is_daily":false,"chose_seed":false,"campfire_upgraded":4,"win_rate":0.0,"timestamp":1610884214,"path_taken":["M","$","M","?","?","R","E","M","T","E","?","?","R","?","R","BOSS","M","M","M","$","M","R","E","?","T","E","R","$","M","M","R","BOSS","M","?","M","?","?","E","R","E","T","E","$","M","M","$","R","BOSS","R","$","E","BOSS"],"items_purchased_type":["Relic","Card","Relic","Relic","Relic","Relic","Card","Card","Card","Card","Card","Card","Card","Relic","Relic","Relic","Relic","Relic","Relic","Potion","Card","Relic","Relic","Relic","Relic","Relic","Relic","Card","Relic","Relic","Relic","Relic","Relic","Relic","Relic","Relic","Relic","Relic","Card","Relic","Relic","Relic","Relic","Relic","Relic"],"build_version":"2020-12-22","purchased_purges":4,"victory":true,"max_hp_per_floor":[77,77,77,77,77,77,77,77,77,77,77,77,77,77,77,77,77,77,77,77,77,77,77,77,77,77,77,77,77,77,77,77,77,77,77,73,73,73,73,73,73,87,87,87,87,87,87,97,97,97,97,97,97,97,97],"relic_stats":{"Regal Pillow":0,"Gremlin Horn":[14,20],"Happy Flower":[8],"counters":[27,66],"Blue Candle":[0],"Snake Skull":[0],"Whetstone":["Strike_G","Strike_G"],"War Paint":["Survivor","Defend_G"],"Smiling Mask":175,"Peace Pipe":4,"Sozu":1,"Strange Spoon":[8],"OrangePellets":[1],"Lizard Tail":0,"Nunchaku":[15],"Shuriken":[66],"Sundial":[4],"Mummified Hand":[37],"Bronze Scales":[3],"MealTicket":0,"Kunai":[43],"obtain_stats":[{"Gremlin Horn":2,"Chi":45,"BirthdayGift-Icosahedron":21,"Whetstone":29,"Sozu":34,"Lizard Tail":7,"DollysMirror":2,"Sundial":26,"MealTicket":43,"Kunai":29,"Toxic Egg 2":2,"DianDianMeat":48,"MostiFishMod:Hod":17,"Happy Flower":21,"Dota2Spire:BlackKingBar":45,"Blue Candle":21,"Dota2Spire:Dagon":53,"Oddly Smooth Stone":2,"War Paint":21,"REME_LimitBreaker":24,"TimeFreeze":53,"OrangePellets":53,"Dota2Spire:AghanimScepter":9,"Bottled Flame":43,"Ling":45,"Shuriken":10,"Bronze Scales":53,"Dota2Spire:MonkeyKingBar":53,"ChiLing":45,"Dota2Spire:EchoSabre":48,"Regal Pillow":45,"Lantern":53,"DaveBox":0,"DiscerningMonocle":0,"Mango":42,"Dota2Spire:Vanguard":29,"Snake Skull":48,"Smiling Mask":26,"PrismaticShard":29,"Dota2Spire:LotusOrb":27,"Nunchaku":25,"Matryoshka":14,"Ninja Scroll":21,"Mummified Hand":44,"Toolbox":21,"Dota2Spire:BladeMail":45,"Red Mask":39,"BirthdayGift-Tetrahedron":29,"Ring of the Snake":0,"Potion Belt":45,"Omamori":40,"Peace Pipe":29,"Strange Spoon":48,"CaptainsWheel":2,"SynthV:TestCard":1,"Orrery":48,"Bottled Lightning":54,"TungstenRod":38,"REME_ComplimentaryCards":0},{"Gremlin Horn":1,"Chi":22,"BirthdayGift-Icosahedron":10,"Whetstone":13,"Sozu":16,"Lizard Tail":4,"DollysMirror":1,"Sundial":12,"MealTicket":21,"Kunai":13,"Toxic Egg 2":1,"DianDianMeat":24,"MostiFishMod:Hod":7,"Happy Flower":10,"Dota2Spire:BlackKingBar":22,"Blue Candle":10,"Dota2Spire:Dagon":25,"Oddly Smooth Stone":1,"War Paint":10,"REME_LimitBreaker":12,"TimeFreeze":25,"OrangePellets":25,"Dota2Spire:AghanimScepter":5,"Bottled Flame":21,"Ling":22,"Shuriken":6,"Bronze Scales":25,"Dota2Spire:MonkeyKingBar":25,"ChiLing":22,"Dota2Spire:EchoSabre":24,"Regal Pillow":22,"Lantern":25,"DaveBox":0,"DiscerningMonocle":0,"Mango":21,"Dota2Spire:Vanguard":13,"Snake Skull":24,"Smiling Mask":12,"PrismaticShard":13,"Dota2Spire:LotusOrb":13,"Nunchaku":12,"Matryoshka":6,"Ninja Scroll":10,"Mummified Hand":22,"Toolbox":10,"Dota2Spire:BladeMail":22,"Red Mask":19,"BirthdayGift-Tetrahedron":13,"Ring of the Snake":0,"Potion Belt":22,"Omamori":20,"Peace Pipe":13,"Strange Spoon":24,"CaptainsWheel":1,"SynthV:TestCard":1,"Orrery":24,"Bottled Lightning":26,"TungstenRod":19,"REME_ComplimentaryCards":0},{"Gremlin Horn":2,"Chi":59,"BirthdayGift-Icosahedron":41,"Whetstone":48,"Sozu":52,"Lizard Tail":16,"DollysMirror":2,"Sundial":47,"MealTicket":58,"Kunai":48,"Toxic Egg 2":2,"DianDianMeat":61,"MostiFishMod:Hod":32,"Happy Flower":41,"Dota2Spire:BlackKingBar":59,"Blue Candle":41,"Dota2Spire:Dagon":62,"Oddly Smooth Stone":2,"War Paint":41,"REME_LimitBreaker":47,"TimeFreeze":62,"OrangePellets":62,"Dota2Spire:AghanimScepter":21,"Bottled Flame":58,"Ling":59,"Shuriken":26,"Bronze Scales":62,"Dota2Spire:MonkeyKingBar":62,"ChiLing":59,"Dota2Spire:EchoSabre":61,"Regal Pillow":59,"Lantern":62,"DaveBox":0,"DiscerningMonocle":0,"Mango":58,"Dota2Spire:Vanguard":48,"Snake Skull":61,"Smiling Mask":47,"PrismaticShard":48,"Dota2Spire:LotusOrb":48,"Nunchaku":47,"Matryoshka":26,"Ninja Scroll":41,"Mummified Hand":59,"Toolbox":41,"Dota2Spire:BladeMail":59,"Red Mask":55,"BirthdayGift-Tetrahedron":48,"Ring of the Snake":0,"Potion Belt":59,"Omamori":57,"Peace Pipe":48,"Strange Spoon":61,"CaptainsWheel":2,"SynthV:TestCard":2,"Orrery":61,"Bottled Lightning":63,"TungstenRod":55,"REME_ComplimentaryCards":0}],"TungstenRod":10,"Ring of the Snake":[20]},"card_choices":[{"not_picked":["Poisoned Stab","PiercingWail"],"picked":"Flying Knee","floor":1},{"not_picked":["Poisoned Stab","Dagger Spray","MostiFishMod:PoisonShield+1","Flying Knee"],"picked":"Infinite Blades","floor":3},{"not_picked":["Backflip+1","Sucker Punch","PiercingWail+1","Acrobatics+1"],"picked":"Doppelganger+1","floor":4},{"not_picked":["PiercingWail+1","REME_GreenPollution","Finisher","Deflect+1"],"picked":"Calculated Gamble+1","floor":7},{"not_picked":["Deadly Poison+1","Blade Dance+1","Sucker Punch","Dodge and Roll+1"],"picked":"MostiFishMod:WinterMarkForm","floor":8},{"not_picked":["MostiFishMod:PerfectParry+1","Bane","Terror+1","Endless Agony"],"picked":"REME_ShadowStrike","floor":10},{"not_picked":["MostiFishMod:SpreadingSpore+1","Venomology+1","REME_LeechingPoison+1","Doppelganger+1"],"picked":"After Image","floor":16},{"not_picked":["Infinite Blades+1","Deadly Poison+1","PiercingWail+1","Underhanded Strike","MostiFishMod:PerfectParry+1"],"picked":"SKIP","floor":18},{"not_picked":["Escape Plan+1","Deflect+1","MostiFishMod:PerfectParry+1","Choke"],"picked":"Calculated Gamble+1","floor":19},{"not_picked":["Dash+1","Outmaneuver+1","Skewer+1","Quick Slash"],"picked":"Distraction+1","floor":20},{"not_picked":["Deflect+1","Underhanded Strike+1","Flechettes","Acrobatics+1"],"picked":"Wraith Form v2","floor":22},{"not_picked":["Endless Agony","Deflect+1","Poisoned Stab","Quick Slash","Dodge and Roll+1"],"picked":"SKIP","floor":24},{"not_picked":["MostiFishMod:PerfectParry+1","Backstab","MostiFishMod:GrandStart","Deflect+1","Prepared+1"],"picked":"SKIP","floor":27},{"not_picked":["Guardian:Gem_Crimson","Ball Lightning","bronze:Iterate","bronze:CutThrough+1","Slimebound:SlimeBarrage"],"picked":"SKIP","floor":30},{"not_picked":["champ:EnGarde+1","REME_ForAll","Slimebound:LivingWall+1","bronze:FineTuning+1","WindmillStrike"],"picked":"SKIP","floor":31},{"not_picked":["Apotheosis+1","sneckomod:Unknown3Cost+1","MostiFishMod:ActiveDefenseSystem","Feed"],"picked":"Slimebound:WasteNot+1","floor":33},{"not_picked":["Conserve Battery+1","MostiFishMod:PerfectParry+1","Doom and Gloom","bronze:Overheat+1","bronze:WhirlingStrike"],"picked":"SKIP","floor":35},{"not_picked":["Reinforced Body+1","Slimebound:Schlurp+1","Pommel Strike","Rebound","All Out Attack"],"picked":"SKIP","floor":37},{"not_picked":["Machine Learning","Hyperbeam","bronze:Fortify+1","MostiFishMod:PerfectParry+1","Ball Lightning"],"picked":"SKIP","floor":40},{"not_picked":["FlyingSleeves+1","Scrape","champ:Haymaker+1","Guardian:Reroute"],"picked":"MostiFishMod:StoryBook+1","floor":42},{"not_picked":["hexamod:TimeWarp","Armaments+1","sneckomod:UnknownBlock+1","Swift Strike","Disarm+1"],"picked":"SKIP","floor":44},{"not_picked":["bronze:Invalidate+1","sneckomod:UnknownCommonAttack","sneckomod:QuickBite+1","Steam Power+1","Cleave"],"picked":"SKIP","floor":46},{"not_picked":["hexamod:FastForward+1","expansioncontent:LastStand","Armaments+1","Escape Plan+1","sneckomod:SoulRoll+1"],"picked":"SKIP","floor":47},{"not_picked":["Guardian:PrismaticBarrier+1","champ:ShieldSlam+1","MostiFishMod:WingOfPhoenix","champ:DeathBlow"],"picked":"MostiFishMod:LegendTransform+1","floor":48},{"not_picked":["sneckomod:DiceCrush","champ:FlashCut","hexamod:GhostLash+1","hexamod:Incineration+1"],"picked":"JustLucky+1","floor":48},{"not_picked":["Second Wind+1","sneckomod:Nope+1","Underhanded Strike","LikeWater"],"picked":"Trip+1","floor":48},{"not_picked":["MostiFishMod:GatherIntelligence+1","sneckomod:UnknownClassSLIMEBOUND+1","Leap+1","Guardian:Gem_Lightblue","Undo+1"],"picked":"SKIP","floor":54}],"player_experience":112318,"relics_obtained":[{"floor":1,"key":"SynthV:TestCard"},{"floor":7,"key":"Lizard Tail"},{"floor":9,"key":"Dota2Spire:AghanimScepter"},{"floor":10,"key":"Shuriken"},{"floor":14,"key":"Matryoshka"},{"floor":24,"key":"REME_LimitBreaker"},{"floor":26,"key":"Smiling Mask"},{"floor":26,"key":"Sundial"},{"floor":27,"key":"Dota2Spire:LotusOrb"},{"floor":38,"key":"TungstenRod"},{"floor":40,"key":"Omamori"},{"floor":42,"key":"Mango"},{"floor":43,"key":"MealTicket"},{"floor":43,"key":"Bottled Flame"},{"floor":44,"key":"Mummified Hand"},{"floor":54,"key":"Bottled Lightning"}],"event_choices":[{"cards_removed":["Strike_G"],"damage_healed":0,"gold_gain":0,"player_choice":"Forget","damage_taken":0,"max_hp_gain":0,"max_hp_loss":0,"event_name":"Living Wall","floor":5,"gold_loss":0},{"damage_healed":0,"gold_gain":0,"player_choice":"Left Gold","damage_taken":0,"max_hp_gain":0,"max_hp_loss":0,"event_name":"World of Goop","floor":12,"gold_loss":35},{"damage_healed":0,"gold_gain":0,"player_choice":"Opened","damage_taken":0,"relics_obtained":["Nunchaku"],"max_hp_gain":0,"max_hp_loss":0,"event_name":"The Mausoleum","floor":25,"gold_loss":0},{"damage_healed":0,"gold_gain":0,"player_choice":"Max HP","damage_taken":0,"max_hp_gain":0,"max_hp_loss":4,"event_name":"Winding Halls","floor":36,"gold_loss":0},{"damage_healed":0,"gold_gain":0,"player_choice":"Fight","damage_taken":0,"max_hp_gain":0,"max_hp_loss":0,"event_name":"Mysterious Sphere","floor":38,"gold_loss":0},{"damage_healed":0,"gold_gain":0,"player_choice":"Paid","damage_taken":0,"relics_obtained":["Red Mask"],"max_hp_gain":0,"max_hp_loss":0,"event_name":"Tomb of Lord Red Mask","floor":39,"gold_loss":650}],"is_beta":false,"boss_relics":[{"not_picked":["RhineFirstAidKit","ShadowXiaoBlade"],"picked":"MostiFishMod:Hod"},{"not_picked":["RhineCircuit","Tiny House"],"picked":"Sozu"}],"items_purged_floors":[2,21,29,45],"is_endless":false,"potions_floor_spawned":[10,16,19,20,31,33,38,40,47],"ascension_level":1}}