{"host":"9d9dhukr2jywmy0f","time":1610864727,"event":{"mods":["2.2 Compatiblity","Alarm Clock","BaseMod","Bestiary","Block Reminder","Colored Map","Colored Powertips","Curses Come First","DeckTracker","Highlight Path","Key Reminder","Minty Spire (QoL Compilation)","Quick Restart","Rare Cards Sparkle","Relic Sorter","Relic Stats","Spire Birthday Party","StSLib","SuperFastMode","Synergy Search","TestMod","Unceasing Turn Reminder","Unknown Chances"],"gold_per_floor":[110,35,52,127,127,156,170,170,170,170,189,189,189,4,4,75,75,85,95,95,95,110,143,163,163,163,182,198,198,198],"floor_reached":29,"language":"ZHS","playtime":1777,"items_purged":["Strike_R","Strike_R"],"score":640,"play_id":"d43b8dba-965c-43db-809c-2a314b8a5ce1","local_time":"20210117142527","is_ascension_mode":true,"campfire_choices":[{"data":"Barricade","floor":8.0,"key":"SMITH"},{"floor":10.0,"key":"RECALL"},{"data":"Entrench","floor":15.0,"key":"SMITH"},{"data":"Impervious","floor":25.0,"key":"SMITH"}],"circlet_count":0,"master_deck":["AscendersBane","Strike_R","Defend_R","Defend_R+1","Defend_R","Defend_R","Bash","Armaments+1","Barricade+1","Entrench+1","Impervious+1","Battle Trance+1","Ghostly","Ghostly","Ghostly","Havoc+1","Shrug It Off+1","Impervious"],"relics":["Burning Blood","testmod-TestBox","NeowsBlessing","War Paint","testmod-AssaultLearning","Runic Pyramid","Oddly Smooth Stone","testmod-InfectionSource"],"acts_visited":["Exordium","TheCity"],"potions_floor_usage":[29],"damage_taken":[{"damage":0.0,"enemies":"Jaw Worm","floor":1.0,"turns":1.0},{"damage":0.0,"enemies":"2 Louse","floor":3.0,"turns":2.0},{"damage":0.0,"enemies":"3 Sentries","floor":6.0,"turns":1.0},{"damage":7.0,"enemies":"Small Slimes","floor":7.0,"turns":4.0},{"damage":2.0,"enemies":"3 Louse","floor":11.0,"turns":5.0},{"damage":0.0,"enemies":"Slime Boss","floor":16.0,"turns":50.0},{"damage":0.0,"enemies":"Shell Parasite","floor":18.0,"turns":9.0},{"damage":0.0,"enemies":"Chosen","floor":19.0,"turns":7.0},{"damage":0.0,"enemies":"3 Cultists","floor":22.0,"turns":10.0},{"damage":2.0,"enemies":"Gremlin Leader","floor":23.0,"turns":16.0},{"damage":3.0,"enemies":"Snake Plant","floor":24.0,"turns":11.0},{"damage":10.0,"enemies":"Snecko","floor":27.0,"turns":11.0},{"damage":3.0,"enemies":"3 Cultists","floor":28.0,"turns":13.0},{"damage":2,"enemies":"Slavers","floor":29,"turns":9}],"seed_played":"1703974522183669761","potions_obtained":[{"floor":6.0,"key":"LiquidBronze"},{"floor":7.0,"key":"BloodPotion"},{"floor":16.0,"key":"testmod-TestPotion"},{"floor":18.0,"key":"Dexterity Potion"},{"floor":19.0,"key":"ColorlessPotion"},{"floor":23.0,"key":"BlessingOfTheForge"}],"is_trial":false,"path_per_floor":["M","$","M","?","?","E","M","R","T","R","M","?","?","$","R","B",null,"M","M","?","?","M","E","M","R","T","M","M","E"],"character_chosen":"IRONCLAD","items_purchased":["Entrench"],"campfire_rested":0,"item_purchase_floors":[14],"current_hp_per_floor":[74,74,75,64,64,70,69,69,69,69,73,73,62,62,62,68,73,75,75,37,37,37,37,37,37,37,33,36,34,34],"gold":198,"neow_bonus":"THREE_ENEMY_KILL","is_daily":false,"chose_seed":false,"campfire_upgraded":3,"win_rate":0.0,"timestamp":1610864727,"path_taken":["M","$","M","?","?","E","M","R","T","R","M","?","?","$","R","BOSS","M","M","?","?","M","E","?","R","T","M","M","E"],"items_purchased_type":["Card"],"build_version":"2020-11-30","purchased_purges":2,"victory":false,"max_hp_per_floor":[75,75,75,75,75,75,75,75,75,75,75,75,75,75,75,75,75,75,75,37,37,37,37,37,37,37,37,37,37,37],"relic_stats":{"counters":[14,149],"War Paint":["Armaments","Defend_R"],"obtain_stats":[{"keyreminder:keyreminder":9,"testmod-TestBox":0,"NeowsBlessing":0,"testmod-AssaultLearning":13,"Oddly Smooth Stone":23,"testmod-InfectionSource":26,"War Paint":6,"Burning Blood":0,"Runic Pyramid":17},{"keyreminder:keyreminder":4,"testmod-TestBox":0,"NeowsBlessing":0,"testmod-AssaultLearning":5,"Oddly Smooth Stone":10,"testmod-InfectionSource":11,"War Paint":3,"Burning Blood":0,"Runic Pyramid":6},{"keyreminder:keyreminder":8,"testmod-TestBox":0,"NeowsBlessing":0,"testmod-AssaultLearning":13,"Oddly Smooth Stone":105,"testmod-InfectionSource":116,"War Paint":4,"Burning Blood":0,"Runic Pyramid":63}],"Burning Blood":50},"card_choices":[{"not_picked":["Anger","Uppercut"],"picked":"Armaments","floor":1.0},{"not_picked":["Cleave","Thunderclap","Perfected Strike"],"picked":"SKIP","floor":3.0},{"not_picked":["Pommel Strike","Ghostly Armor"],"picked":"Barricade","floor":6.0},{"not_picked":["Thunderclap","Armaments","Reckless Charge"],"picked":"SKIP","floor":7.0},{"not_picked":["Blood for Blood","Havoc","Cleave"],"picked":"SKIP","floor":11.0},{"not_picked":["Limit Break","Demon Form"],"picked":"Impervious","floor":16.0},{"not_picked":["Havoc","Wild Strike","Anger"],"picked":"SKIP","floor":18.0},{"not_picked":["Clothesline","Armaments"],"picked":"Battle Trance+1","floor":19.0},{"not_picked":["Sword Boomerang","True Grit"],"picked":"Havoc+1","floor":22.0},{"not_picked":["Twin Strike","Reckless Charge"],"picked":"Shrug It Off+1","floor":23.0},{"not_picked":["Shockwave","Armaments","Rupture+1"],"picked":"SKIP","floor":24.0},{"not_picked":["Infernal Blade","Heavy Blade+1","Pommel Strike"],"picked":"SKIP","floor":27.0},{"not_picked":["Cleave+1","Spot Weakness"],"picked":"Impervious","floor":28.0}],"player_experience":833603,"relics_obtained":[{"floor":6.0,"key":"War Paint"},{"floor":23.0,"key":"Oddly Smooth Stone"},{"floor":26.0,"key":"testmod-InfectionSource"}],"event_choices":[{"damage_healed":0.0,"max_hp_gain":0.0,"max_hp_loss":0.0,"gold_gain":75.0,"event_name":"World of Goop","player_choice":"Gather Gold","floor":4.0,"gold_loss":0.0,"damage_taken":11.0},{"cards_removed":["Strike_R"],"damage_healed":0.0,"max_hp_gain":0.0,"max_hp_loss":0.0,"gold_gain":0.0,"event_name":"Living Wall","player_choice":"Forget","floor":5.0,"gold_loss":0.0,"damage_taken":0.0},{"damage_healed":0.0,"max_hp_gain":0.0,"max_hp_loss":0.0,"gold_gain":0.0,"event_name":"Liars Game","player_choice":"Ignored","floor":12.0,"gold_loss":0.0,"damage_taken":0.0},{"damage_healed":0.0,"max_hp_gain":0.0,"max_hp_loss":0.0,"gold_gain":0.0,"event_name":"Scrap Ooze","player_choice":"Success","floor":13.0,"gold_loss":0.0,"damage_taken":11.0,"relics_obtained":["testmod-AssaultLearning"]},{"damage_healed":0.0,"max_hp_gain":0.0,"max_hp_loss":38.0,"gold_gain":0.0,"event_name":"Ghosts","player_choice":"Became a Ghost","floor":20.0,"gold_loss":0.0,"damage_taken":0.0,"cards_obtained":["Ghostly","Ghostly","Ghostly"]},{"cards_removed":["Strike_R"],"damage_healed":0.0,"max_hp_gain":0.0,"max_hp_loss":0.0,"gold_gain":0.0,"event_name":"Bonfire Elementals","player_choice":"Offered Basic","floor":21.0,"gold_loss":0.0,"damage_taken":0.0}],"is_beta":false,"boss_relics":[{"not_picked":["Ectoplasm","Mark of Pain"],"picked":"Runic Pyramid"}],"items_purged_floors":[2,14],"is_endless":false,"potions_floor_spawned":[6,7,16,18,19,23,24,27],"killed_by":"Slavers","ascension_level":20}}