{"host":"7k7fhzlbqzyu5ijh","time":1610865228,"event":{"mods":["AchievementEnabler","BaseMod","Bestiary","Colored Powertips","Filter the Spire","Highlight Path","Minty Spire (QoL Compilation)","Potion Indicator Mod","RNG Fix","Relic Stats"],"gold_per_floor":[111,123,134,154,174,209,209,242,269,279,279,296,296,314,314,412,412,431,346,346,38,38,38,65,65,65,93,107,107,123,135,135,235,235,249,249,249,262,272,272,284,301,301,131,146,171,185,219,219,219,219,219,21,46,46],"floor_reached":56,"language":"ENG","playtime":3564,"items_purged":["Writhe"],"score":1748,"play_id":"e5dfe886-8654-4a41-a588-4e9c89e56e73","local_time":"20210117013348","is_ascension_mode":true,"campfire_choices":[{"data":"Limit Break","floor":11.0,"key":"SMITH"},{"data":"Havoc","floor":13.0,"key":"SMITH"},{"data":"Inflame","floor":15.0,"key":"SMITH"},{"data":"Rupture","floor":23.0,"key":"SMITH"},{"data":"Brutality","floor":25.0,"key":"SMITH"},{"data":"Burning Pact","floor":29.0,"key":"SMITH"},{"data":"Double Tap","floor":32.0,"key":"SMITH"},{"data":"Demon Form","floor":40.0,"key":"SMITH"},{"floor":49,"key":"RECALL"},{"data":"Heavy Blade","floor":52,"key":"SMITH"}],"circlet_count":0,"master_deck":["Strike_R","Strike_R","Strike_R","Strike_R","Strike_R","Defend_R","Defend_R","Defend_R","Defend_R","Bash","Cleave","Havoc+1","Inflame+1","Reaper","Limit Break+1","Rupture+1","Shrug It Off","Headbutt","Flex","Brutality+1","Clothesline+1","Demon Form+1","Burning Pact+1","Combust","Double Tap+1","Pain","Apotheosis","Flame Barrier+1","Heavy Blade+1","Immolate"],"relics":["Burning Blood","Anchor","Red Skull","Bottled Tornado","Lantern","Snecko Eye","Bronze Scales","Meat on the Bone","PreservedInsect","ClockworkSouvenir","Pear","Oddly Smooth Stone","Shuriken","Runic Cube","WarpedTongs","Singing Bowl","Torii","Medical Kit","Paper Frog"],"acts_visited":["Exordium","TheCity","TheBeyond","TheEnding"],"potions_floor_usage":[45,45,45,50,54,55,55],"damage_taken":[{"damage":2.0,"enemies":"Jaw Worm","floor":1.0,"turns":3.0},{"damage":1.0,"enemies":"Cultist","floor":2.0,"turns":4.0},{"damage":0.0,"enemies":"2 Louse","floor":3.0,"turns":3.0},{"damage":18.0,"enemies":"Exordium Wildlife","floor":4.0,"turns":5.0},{"damage":10.0,"enemies":"3 Louse","floor":5.0,"turns":3.0},{"damage":40.0,"enemies":"3 Sentries","floor":6.0,"turns":7.0},{"damage":20.0,"enemies":"Lagavulin","floor":8.0,"turns":5.0},{"damage":3.0,"enemies":"Blue Slaver","floor":10.0,"turns":2.0},{"damage":3.0,"enemies":"Large Slime","floor":12.0,"turns":5.0},{"damage":7.0,"enemies":"3 Louse","floor":14.0,"turns":4.0},{"damage":35.0,"enemies":"Slime Boss","floor":16.0,"turns":8.0},{"damage":49.0,"enemies":"Spheric Guardian","floor":18.0,"turns":6.0},{"damage":35.0,"enemies":"Book of Stabbing","floor":24.0,"turns":4.0},{"damage":39.0,"enemies":"Slavers","floor":27.0,"turns":4.0},{"damage":4.0,"enemies":"Chosen","floor":28.0,"turns":3.0},{"damage":41.0,"enemies":"Shelled Parasite and Fungi","floor":30.0,"turns":5.0},{"damage":14.0,"enemies":"Snake Plant","floor":31.0,"turns":3.0},{"damage":78.0,"enemies":"Champ","floor":33.0,"turns":7.0},{"damage":26.0,"enemies":"3 Shapes","floor":35.0,"turns":5.0},{"damage":9.0,"enemies":"Orb Walker","floor":38.0,"turns":3.0},{"damage":17.0,"enemies":"Writhing Mass","floor":39.0,"turns":5.0},{"damage":50.0,"enemies":"Jaw Worm Horde","floor":41.0,"turns":3.0},{"damage":19.0,"enemies":"Spire Growth","floor":42.0,"turns":4.0},{"damage":58,"enemies":"Transient","floor":45,"turns":5},{"damage":12,"enemies":"Reptomancer","floor":46,"turns":2},{"damage":24,"enemies":"Writhing Mass","floor":47,"turns":5},{"damage":46,"enemies":"Nemesis","floor":48,"turns":3},{"damage":45,"enemies":"Donu and Deca","floor":50,"turns":4},{"damage":50,"enemies":"Shield and Spear","floor":54,"turns":5},{"damage":70,"enemies":"The Heart","floor":55,"turns":6}],"seed_played":"736021550339147657","potions_obtained":[{"floor":1.0,"key":"AttackPotion"},{"floor":3.0,"key":"Explosive Potion"},{"floor":4.0,"key":"Ancient Potion"},{"floor":6.0,"key":"DistilledChaos"},{"floor":7.0,"key":"SteroidPotion"},{"floor":7.0,"key":"Weak Potion"},{"floor":12.0,"key":"BloodPotion"},{"floor":14.0,"key":"BloodPotion"},{"floor":24.0,"key":"FearPotion"},{"floor":31.0,"key":"Weak Potion"},{"floor":33.0,"key":"LiquidMemories"},{"floor":38.0,"key":"Dexterity Potion"},{"floor":39.0,"key":"SpeedPotion"},{"floor":41.0,"key":"Explosive Potion"},{"floor":47,"key":"HeartOfIron"},{"floor":48,"key":"FearPotion"},{"floor":54,"key":"Block Potion"}],"is_trial":false,"path_per_floor":["M","M","M","M","M","E","?","E","T","M","R","M","R","M","R","B",null,"M","?","?","$","$","R","E","R","T","E","M","R","M","M","R","B",null,"M","?","?","M","M","R","M","M","T","$","M","E","M","E","R","B",null,"R","$","E","B",null],"character_chosen":"IRONCLAD","items_purchased":["PreservedInsect","ClockworkSouvenir","Heavy Blade","SkillPotion","Medical Kit","Weak Potion"],"campfire_rested":0,"item_purchase_floors":[21,21,44,44,53,53],"current_hp_per_floor":[76,80,80,68,64,38,38,43,43,46,46,65,65,80,80,51,73,30,30,30,30,30,30,42,42,42,47,73,73,60,66,66,24,74,70,70,60,70,74,74,90,84,84,84,44,52,66,96,96,57,86,86,86,90,98],"gold":46,"neow_bonus":"RANDOM_COMMON_RELIC","is_daily":false,"chose_seed":false,"campfire_upgraded":9,"win_rate":0.0,"timestamp":1610865228,"path_taken":["M","M","M","M","M","E","?","E","T","M","R","M","R","M","R","BOSS","M","?","?","?","$","R","E","R","T","E","M","R","M","M","R","BOSS","M","?","?","M","M","R","M","M","T","$","M","E","M","E","R","BOSS","R","$","E","BOSS"],"items_purchased_type":["Relic","Relic","Card","Potion","Relic","Potion"],"build_version":"2020-12-22","purchased_purges":1,"victory":true,"max_hp_per_floor":[80,80,80,80,80,80,80,80,80,80,80,80,80,80,80,80,80,80,80,80,80,80,80,90,90,90,90,90,90,90,90,90,90,90,90,90,90,90,90,90,90,90,90,90,90,92,94,96,96,96,96,96,96,98,98],"relic_stats":{"Singing Bowl":8,"Torii":60,"counters":[30,131],"PreservedInsect":271,"Medical Kit":[6],"Burning Blood":160,"WarpedTongs":[34],"Shuriken":[13],"Bronze Scales":[304],"Snecko Eye":[175,164,216,161],"obtain_stats":[{"Lantern":9,"Pear":24,"Singing Bowl":46,"Torii":48,"Oddly Smooth Stone":26,"PreservedInsect":21,"Bottled Tornado":8,"Medical Kit":53,"Burning Blood":0,"ClockworkSouvenir":21,"WarpedTongs":36,"Anchor":0,"Shuriken":27,"Bronze Scales":19,"Snecko Eye":17,"Red Skull":6,"Meat on the Bone":20,"Runic Cube":34,"Paper Frog":54},{"Lantern":7,"Pear":13,"Singing Bowl":25,"Torii":27,"Oddly Smooth Stone":13,"PreservedInsect":12,"Bottled Tornado":7,"Medical Kit":28,"Burning Blood":0,"ClockworkSouvenir":12,"WarpedTongs":19,"Anchor":0,"Shuriken":14,"Bronze Scales":12,"Snecko Eye":11,"Red Skull":6,"Meat on the Bone":12,"Runic Cube":18,"Paper Frog":29},{"Lantern":30,"Pear":59,"Singing Bowl":108,"Torii":116,"Oddly Smooth Stone":59,"PreservedInsect":55,"Bottled Tornado":30,"Medical Kit":120,"Burning Blood":0,"ClockworkSouvenir":55,"WarpedTongs":86,"Anchor":0,"Shuriken":63,"Bronze Scales":55,"Snecko Eye":49,"Red Skull":25,"Meat on the Bone":55,"Runic Cube":81,"Paper Frog":125}],"Meat on the Bone":60,"Runic Cube":[145]},"card_choices":[{"not_picked":["Ghostly Armor","Shrug It Off"],"picked":"Cleave","floor":1.0},{"not_picked":["Clash","Body Slam"],"picked":"Havoc","floor":2.0},{"not_picked":["Heavy Blade","Armaments","Clash"],"picked":"SKIP","floor":3.0},{"not_picked":["Reckless Charge","Warcry"],"picked":"Inflame","floor":4.0},{"not_picked":["Headbutt","Wild Strike"],"picked":"Reaper","floor":5.0},{"not_picked":["Rupture","Ghostly Armor"],"picked":"Limit Break","floor":6.0},{"not_picked":["Brutality","Shrug It Off"],"picked":"Rupture","floor":8.0},{"not_picked":["Dropkick","Burning Pact"],"picked":"Shrug It Off","floor":10.0},{"not_picked":["Havoc","Clothesline"],"picked":"Headbutt","floor":12.0},{"not_picked":["Anger","Armaments"],"picked":"Flex","floor":14.0},{"not_picked":["Reaper","Bludgeon"],"picked":"Brutality","floor":16.0},{"not_picked":["Body Slam","Headbutt"],"picked":"Clothesline+1","floor":18.0},{"not_picked":["Wild Strike","Anger","Warcry"],"picked":"SKIP","floor":24.0},{"not_picked":["Dropkick","Cleave"],"picked":"Demon Form","floor":27.0},{"not_picked":["Shrug It Off","Body Slam+1"],"picked":"Burning Pact","floor":28.0},{"not_picked":["Iron Wave","Headbutt"],"picked":"Combust","floor":30.0},{"not_picked":["Body Slam","Second Wind"],"picked":"Double Tap","floor":31.0},{"not_picked":["Battle Trance","Armaments","Clash"],"picked":"SKIP","floor":35.0},{"not_picked":["Trip","Purity"],"picked":"Apotheosis","floor":37.0},{"not_picked":["Armaments+1","Cleave","Entrench"],"picked":"SKIP","floor":38.0},{"not_picked":["Flex","Iron Wave","Burning Pact"],"picked":"SKIP","floor":39.0},{"not_picked":["Armaments","Clothesline+1"],"picked":"Flame Barrier+1","floor":41.0},{"not_picked":["Body Slam+1","Sever Soul","Havoc"],"picked":"SKIP","floor":42.0},{"not_picked":["Burning Pact","Armaments"],"picked":"Immolate","floor":45},{"not_picked":["Iron Wave+1","Flex","Body Slam"],"picked":"Singing Bowl","floor":46},{"not_picked":["Cleave+1","Battle Trance","Twin Strike"],"picked":"Singing Bowl","floor":47},{"not_picked":["Offering","Fire Breathing+1","Burning Pact"],"picked":"Singing Bowl","floor":48},{"not_picked":["Blood for Blood","Carnage","Anger+1"],"picked":"Singing Bowl","floor":54}],"player_experience":462001,"relics_obtained":[{"floor":6.0,"key":"Red Skull"},{"floor":8.0,"key":"Bottled Tornado"},{"floor":9.0,"key":"Lantern"},{"floor":24.0,"key":"Pear"},{"floor":26.0,"key":"Oddly Smooth Stone"},{"floor":27.0,"key":"Shuriken"},{"floor":46,"key":"Singing Bowl"},{"floor":48,"key":"Torii"},{"floor":54,"key":"Paper Frog"}],"event_choices":[{"damage_healed":0.0,"max_hp_gain":0.0,"max_hp_loss":0.0,"gold_gain":0.0,"event_name":"Lab","player_choice":"Got Potions","floor":7.0,"gold_loss":0.0,"damage_taken":0.0},{"damage_healed":0.0,"max_hp_gain":0.0,"max_hp_loss":0.0,"gold_gain":0.0,"event_name":"Addict","player_choice":"Obtained Relic","floor":19.0,"gold_loss":85.0,"damage_taken":0.0,"relics_obtained":["Bronze Scales"]},{"damage_healed":0.0,"max_hp_gain":0.0,"max_hp_loss":0.0,"gold_gain":0.0,"event_name":"The Mausoleum","player_choice":"Opened","floor":20.0,"gold_loss":0.0,"damage_taken":0.0,"relics_obtained":["Meat on the Bone"],"cards_obtained":["Writhe"]},{"damage_healed":0.0,"max_hp_gain":0.0,"max_hp_loss":0.0,"gold_gain":0.0,"event_name":"Accursed Blacksmith","player_choice":"Rummage","floor":36.0,"gold_loss":0.0,"damage_taken":0.0,"relics_obtained":["WarpedTongs"],"cards_obtained":["Pain"]},{"damage_healed":0.0,"max_hp_gain":0.0,"max_hp_loss":0.0,"gold_gain":0.0,"event_name":"SensoryStone","player_choice":"Memory 3","floor":37.0,"gold_loss":0.0,"damage_taken":10.0}],"is_beta":false,"boss_relics":[{"not_picked":["Philosopher\u0027s Stone","Empty Cage"],"picked":"Snecko Eye"},{"not_picked":["Coffee Dripper","Pandora\u0027s Box"],"picked":"Runic Cube"}],"items_purged_floors":[44],"is_endless":false,"potions_floor_spawned":[1,3,4,6,12,14,24,31,33,38,39,41,47,48,54],"ascension_level":8}}