{"host":"5fpb1gzflhq9886n","time":1610883388,"event":{"mods":["AchievementEnabler","BaseMod","Colored Map","Colored Powertips","Minty Spire (QoL Compilation)","Permanent Neow"],"gold_per_floor":[365,440,440,452,0,35,35,49,49,49,49,49],"floor_reached":11,"language":"ENG","playtime":464,"items_purged":[],"score":85,"play_id":"2abdd323-ae13-43f2-820d-f70aab30bd0d","local_time":"20210117063628","is_ascension_mode":true,"campfire_choices":[{"floor":10,"key":"REST"}],"circlet_count":0,"master_deck":["Strike_G","Strike_G","Strike_G","Strike_G","Strike_G","Defend_G","Defend_G","Defend_G","Defend_G","Defend_G","Survivor","Neutralize","Shame","Dagger Spray","Bane","Die Die Die","Backflip","Concentrate"],"relics":["Ring of the Snake","StoneCalendar","Ginger","Golden Idol","The Specimen"],"acts_visited":["Exordium"],"potions_floor_usage":[11],"damage_taken":[{"damage":0.0,"enemies":"2 Louse","floor":1.0,"turns":2.0},{"damage":0.0,"enemies":"Small Slimes","floor":4.0,"turns":2.0},{"damage":34,"enemies":"3 Sentries","floor":6,"turns":5},{"damage":1,"enemies":"Cultist","floor":8,"turns":3},{"damage":54,"enemies":"Gremlin Nob","floor":11,"turns":5}],"seed_played":"6252804949228567619","potions_obtained":[{"floor":1.0,"key":"Weak Potion"},{"floor":8,"key":"Dexterity Potion"}],"is_trial":false,"path_per_floor":["M","?","?","M","$","E","?","M","T","R","E"],"character_chosen":"THE_SILENT","items_purchased":["StoneCalendar","Die Die Die"],"campfire_rested":1,"item_purchase_floors":[5,5],"current_hp_per_floor":[70,59,59,59,59,25,25,24,24,43,0,0],"gold":49,"neow_bonus":"TWO_FIFTY_GOLD","is_daily":false,"chose_seed":false,"campfire_upgraded":0,"win_rate":0.0,"timestamp":1610883388,"path_taken":["M","?","?","M","$","E","?","M","T","R","E"],"items_purchased_type":["Relic","Card"],"build_version":"2020-12-22","purchased_purges":0,"victory":false,"max_hp_per_floor":[70,70,70,70,70,70,65,65,65,65,65,65],"card_choices":[{"not_picked":["Sucker Punch","Deadly Poison"],"picked":"Dagger Spray","floor":1.0},{"not_picked":["Cloak And Dagger","Poisoned Stab"],"picked":"Bane","floor":4.0},{"not_picked":["Quick Slash","Heel Hook"],"picked":"Backflip","floor":6},{"not_picked":["Backflip","Choke"],"picked":"Concentrate","floor":8}],"player_experience":712847,"relics_obtained":[{"floor":6,"key":"Ginger"},{"floor":9,"key":"The Specimen"}],"event_choices":[{"damage_healed":0.0,"max_hp_gain":0.0,"max_hp_loss":0.0,"gold_gain":75.0,"event_name":"World of Goop","player_choice":"Gather Gold","floor":2.0,"gold_loss":0.0,"damage_taken":11.0},{"damage_healed":0.0,"max_hp_gain":0.0,"max_hp_loss":0.0,"gold_gain":0.0,"event_name":"Shining Light","player_choice":"Ignored","floor":3.0,"gold_loss":0.0,"damage_taken":0.0},{"damage_healed":0,"gold_gain":0,"player_choice":"Lose Max HP","damage_taken":0,"relics_obtained":["Golden Idol"],"max_hp_gain":0,"max_hp_loss":5,"event_name":"Golden Idol","floor":7,"gold_loss":0}],"is_beta":false,"boss_relics":[],"items_purged_floors":[],"is_endless":false,"potions_floor_spawned":[1,8],"killed_by":"Gremlin Nob","ascension_level":4}}