{"host":"9l1knhxfturzliqa","time":1610876027,"event":{"mods":["BaseMod","Colored Map","Colored Powertips","DeckTracker","Highlight Path","Keyboard Shortcuts","Minty Spire (QoL Compilation)","Random Character Button"],"gold_per_floor":[20,20,38,52,52,87,103,103,150,150,170,199,210,227,227,302,302,313,326,338,338,355,689,689,689,689,689,524,558,575,592,592,668,668,680,650,660,152,164,190,203,229,229,261,308,327,346,363,363,363,363],"floor_reached":50,"language":"KOR","playtime":5476,"items_purged":["Defend_G"],"score":1266,"play_id":"00b806db-2ce0-4238-bda1-1d44e16bf408","local_time":"20210117183347","is_ascension_mode":true,"campfire_choices":[{"floor":8.0,"key":"REST"},{"data":"Doppelganger","floor":10.0,"key":"SMITH"},{"data":"Wraith Form v2","floor":15.0,"key":"SMITH"},{"data":"Adrenaline","floor":24.0,"key":"SMITH"},{"data":"Adrenaline","floor":27.0,"key":"SMITH"},{"floor":32.0,"key":"REST"},{"data":"1","floor":49.0,"key":"LIFT"}],"circlet_count":0,"master_deck":["AscendersBane","Strike_G","Strike_G","Strike_G+1","Defend_G","Defend_G","Defend_G","Survivor","Neutralize+1","Apotheosis+1","Expertise","Cloak And Dagger","Doppelganger+1","Dagger Spray","Blade Dance","PiercingWail","Wraith Form v2+1","Bouncing Flask","Bane","Adrenaline+1","CurseOfTheBell","Escape Plan","Dagger Throw","Corpse Explosion","RitualDagger","Crippling Poison","Outmaneuver","Adrenaline+1","Storm of Steel","Burst","Choke","PiercingWail","Phantasmal Killer","Backflip","Acrobatics","Wraith Form v2","Noxious Fumes+1","Dark Shackles","Master of Strategy","PiercingWail","Concentrate","Normality","Deadly Poison"],"relics":["Ring of the Snake","Blue Candle","Whetstone","PreservedInsect","Calling Bell","Mummified Hand","Bronze Scales","Unceasing Top","Old Coin","InkBottle","Orrery","Smiling Mask","Cursed Key","Bag of Preparation","Ninja Scroll","Happy Flower","Ornamental Fan","Eternal Feather","Girya"],"acts_visited":["Exordium","TheCity","TheBeyond"],"potions_floor_usage":[50,50],"damage_taken":[{"damage":0.0,"enemies":"2 Louse","floor":1.0,"turns":2.0},{"damage":0.0,"enemies":"Cultist","floor":3.0,"turns":3.0},{"damage":12.0,"enemies":"Small Slimes","floor":4.0,"turns":4.0},{"damage":10.0,"enemies":"Gremlin Nob","floor":6.0,"turns":4.0},{"damage":11.0,"enemies":"Exordium Thugs","floor":7.0,"turns":5.0},{"damage":0.0,"enemies":"Looter","floor":11.0,"turns":3.0},{"damage":2.0,"enemies":"Lagavulin","floor":12.0,"turns":6.0},{"damage":0.0,"enemies":"Large Slime","floor":13.0,"turns":5.0},{"damage":3.0,"enemies":"Red Slaver","floor":14.0,"turns":3.0},{"damage":7.0,"enemies":"The Guardian","floor":16.0,"turns":10.0},{"damage":5.0,"enemies":"2 Thieves","floor":18.0,"turns":5.0},{"damage":1.0,"enemies":"3 Byrds","floor":19.0,"turns":3.0},{"damage":2.0,"enemies":"Shelled Parasite and Fungi","floor":20.0,"turns":4.0},{"damage":11.0,"enemies":"Centurion and Healer","floor":22.0,"turns":6.0},{"damage":3.0,"enemies":"Gremlin Leader","floor":23.0,"turns":5.0},{"damage":12.0,"enemies":"Slavers","floor":29.0,"turns":3.0},{"damage":0.0,"enemies":"Sentry and Sphere","floor":30.0,"turns":4.0},{"damage":15.0,"enemies":"Snecko","floor":31.0,"turns":5.0},{"damage":21.0,"enemies":"Automaton","floor":33.0,"turns":10.0},{"damage":0.0,"enemies":"3 Darklings","floor":35.0,"turns":3.0},{"damage":2.0,"enemies":"3 Shapes","floor":37.0,"turns":5.0},{"damage":1.0,"enemies":"Transient","floor":39.0,"turns":6.0},{"damage":4.0,"enemies":"Reptomancer","floor":40.0,"turns":5.0},{"damage":2.0,"enemies":"Writhing Mass","floor":41.0,"turns":5.0},{"damage":1.0,"enemies":"Nemesis","floor":42.0,"turns":5.0},{"damage":1.0,"enemies":"Reptomancer","floor":44.0,"turns":4.0},{"damage":0.0,"enemies":"2 Orb Walkers","floor":45.0,"turns":4.0},{"damage":1.0,"enemies":"Maw","floor":46.0,"turns":4.0},{"damage":6.0,"enemies":"3 Darklings","floor":47.0,"turns":3.0},{"damage":1.0,"enemies":"Jaw Worm Horde","floor":48.0,"turns":3.0},{"damage":71,"enemies":"Time Eater","floor":50,"turns":12}],"seed_played":"-1576317753393147703","potions_obtained":[{"floor":3.0,"key":"LiquidBronze"},{"floor":4.0,"key":"Dexterity Potion"},{"floor":11.0,"key":"CunningPotion"},{"floor":18.0,"key":"DuplicationPotion"},{"floor":20.0,"key":"Block Potion"},{"floor":30.0,"key":"FearPotion"},{"floor":31.0,"key":"Poison Potion"},{"floor":35.0,"key":"Swift Potion"},{"floor":36.0,"key":"Regen Potion"},{"floor":36.0,"key":"GhostInAJar"},{"floor":41.0,"key":"SteroidPotion"},{"floor":42.0,"key":"Fire Potion"},{"floor":45.0,"key":"SkillPotion"},{"floor":46.0,"key":"GhostInAJar"}],"is_trial":false,"path_per_floor":["M","?","M","M","?","E","M","R","T","R","M","E","M","M","R","B",null,"M","M","M","?","M","E","R","?","T","R","$","E","M","M","R","B",null,"M","?","M","$","M","E","M","E","T","E","?","M","M","M","R","B"],"character_chosen":"THE_SILENT","items_purchased":["Orrery","Bag of Preparation","Dark Shackles","Master of Strategy"],"campfire_rested":2,"item_purchase_floors":[28,38,38,38],"current_hp_per_floor":[59,59,59,47,47,37,26,45,45,45,45,43,43,40,40,33,58,53,52,50,44,33,30,30,30,30,30,30,18,18,3,22,1,50,50,50,48,48,62,58,56,55,55,54,54,53,47,46,66,0,0],"gold":363,"neow_bonus":"RANDOM_COLORLESS_2","is_daily":false,"chose_seed":false,"campfire_upgraded":4,"win_rate":0.0,"timestamp":1610876027,"path_taken":["M","?","M","?","?","E","M","R","T","R","?","E","M","M","R","BOSS","M","M","M","?","M","E","R","?","T","R","$","E","M","M","R","BOSS","M","?","M","?","?","E","M","E","T","E","?","M","M","M","R","BOSS"],"items_purchased_type":["Relic","Relic","Card","Card"],"build_version":"2020-12-22","purchased_purges":1,"victory":false,"max_hp_per_floor":[66,66,66,66,66,66,66,66,66,66,66,66,66,66,66,66,66,66,66,66,66,66,66,66,66,66,66,66,66,66,66,66,66,66,66,66,66,66,66,66,66,66,66,66,66,66,66,66,66,66,66],"card_choices":[{"not_picked":["Thinking Ahead","Secret Weapon"],"picked":"Apotheosis","floor":0.0},{"not_picked":["Dash","Dodge and Roll"],"picked":"Expertise","floor":1.0},{"not_picked":["Bane","Prepared"],"picked":"Cloak And Dagger","floor":3.0},{"not_picked":["Deflect","Backstab"],"picked":"Doppelganger","floor":4.0},{"not_picked":["Prepared","Deflect"],"picked":"Dagger Spray","floor":6.0},{"not_picked":["Skewer","Dagger Spray"],"picked":"Blade Dance","floor":7.0},{"not_picked":["Choke","Underhanded Strike"],"picked":"PiercingWail","floor":11.0},{"not_picked":["Quick Slash","Dodge and Roll"],"picked":"Wraith Form v2","floor":12.0},{"not_picked":["Sucker Punch","Poisoned Stab"],"picked":"Bouncing Flask","floor":13.0},{"not_picked":["Dodge and Roll","Endless Agony"],"picked":"Bane","floor":14.0},{"not_picked":["After Image","Grand Finale"],"picked":"Adrenaline","floor":16.0},{"not_picked":["Underhanded Strike","Riddle With Holes"],"picked":"Escape Plan","floor":18.0},{"not_picked":["Dodge and Roll","Concentrate+1"],"picked":"Dagger Throw","floor":19.0},{"not_picked":["Underhanded Strike","Deadly Poison"],"picked":"Corpse Explosion","floor":20.0},{"not_picked":["Dagger Throw","Dash"],"picked":"Crippling Poison","floor":22.0},{"not_picked":["Crippling Poison","Concentrate"],"picked":"Outmaneuver","floor":23.0},{"not_picked":["Blade Dance","Deflect"],"picked":"Burst","floor":28.0},{"not_picked":["Slice","Predator"],"picked":"Choke","floor":28.0},{"not_picked":["Deadly Poison","Poisoned Stab"],"picked":"PiercingWail","floor":28.0},{"not_picked":["Calculated Gamble","Poisoned Stab+1"],"picked":"Phantasmal Killer","floor":28.0},{"not_picked":["Blade Dance","Cloak And Dagger"],"picked":"Backflip","floor":28.0},{"not_picked":["Bane","Eviscerate","Bouncing Flask"],"picked":"SKIP","floor":29.0},{"not_picked":["Dash","Poisoned Stab","Underhanded Strike"],"picked":"SKIP","floor":30.0},{"not_picked":["Eviscerate","Bane"],"picked":"Acrobatics","floor":31.0},{"not_picked":["Phantasmal Killer","Unload"],"picked":"Wraith Form v2","floor":33.0},{"not_picked":["Outmaneuver","Predator","Dagger Throw+1"],"picked":"SKIP","floor":35.0},{"not_picked":["Outmaneuver","Deadly Poison"],"picked":"Noxious Fumes+1","floor":37.0},{"not_picked":["Dash+1","Endless Agony","Prepared"],"picked":"SKIP","floor":39.0},{"not_picked":["Backflip","Dagger Throw"],"picked":"PiercingWail","floor":40.0},{"not_picked":["Deflect+1","Prepared","Corpse Explosion"],"picked":"SKIP","floor":41.0},{"not_picked":["Deflect","Dagger Spray"],"picked":"Concentrate","floor":42.0},{"not_picked":["Deflect","Backflip","Slice"],"picked":"SKIP","floor":44.0},{"not_picked":["Dodge and Roll","Grand Finale"],"picked":"Deadly Poison","floor":45.0},{"not_picked":["Deadly Poison","Deflect","Prepared"],"picked":"SKIP","floor":46.0},{"not_picked":["Dash","Predator","Backflip"],"picked":"SKIP","floor":47.0},{"not_picked":["Slice","Sucker Punch","Unload"],"picked":"SKIP","floor":48.0},{"not_picked":["Slice","Sucker Punch","Unload"],"picked":"SKIP","floor":48.0}],"player_experience":475996,"relics_obtained":[{"floor":6.0,"key":"Blue Candle"},{"floor":9.0,"key":"Whetstone"},{"floor":12.0,"key":"PreservedInsect"},{"floor":17.0,"key":"Mummified Hand"},{"floor":17.0,"key":"Bronze Scales"},{"floor":17.0,"key":"Unceasing Top"},{"floor":23.0,"key":"Old Coin"},{"floor":26.0,"key":"InkBottle"},{"floor":29.0,"key":"Smiling Mask"},{"floor":40.0,"key":"Ninja Scroll"},{"floor":42.0,"key":"Happy Flower"},{"floor":43.0,"key":"Ornamental Fan"},{"floor":44.0,"key":"Eternal Feather"},{"floor":45.0,"key":"Girya"}],"event_choices":[{"damage_healed":0.0,"max_hp_gain":0.0,"max_hp_loss":0.0,"gold_gain":0.0,"event_name":"Upgrade Shrine","player_choice":"Upgraded","floor":2.0,"gold_loss":0.0,"damage_taken":0.0,"cards_upgraded":["Apotheosis"]},{"cards_removed":["Strike_G"],"damage_healed":0.0,"max_hp_gain":0.0,"max_hp_loss":0.0,"gold_gain":0.0,"event_name":"Bonfire Elementals","player_choice":"Offered Basic","floor":5.0,"gold_loss":0.0,"damage_taken":0.0},{"damage_healed":0.0,"max_hp_gain":0.0,"max_hp_loss":0.0,"gold_gain":0.0,"event_name":"Nest","player_choice":"Joined the Cult","floor":21.0,"gold_loss":0.0,"damage_taken":6.0,"cards_obtained":["RitualDagger"]},{"damage_healed":0.0,"max_hp_gain":0.0,"max_hp_loss":0.0,"gold_gain":0.0,"cards_transformed":["Defend_G","Strike_G"],"event_name":"Drug Dealer","player_choice":"Became Test Subject","floor":25.0,"gold_loss":0.0,"damage_taken":0.0,"cards_obtained":["Adrenaline","Storm of Steel"]},{"damage_healed":0.0,"max_hp_gain":0.0,"max_hp_loss":0.0,"gold_gain":0.0,"event_name":"The Woman in Blue","player_choice":"Bought 2 Potions","floor":36.0,"gold_loss":0.0,"damage_taken":0.0},{"damage_healed":0.0,"max_hp_gain":0.0,"max_hp_loss":0.0,"gold_gain":0.0,"event_name":"Mysterious Sphere","player_choice":"Fight","floor":45.0,"gold_loss":0.0,"damage_taken":0.0}],"is_beta":false,"boss_relics":[{"not_picked":["HoveringKite","Snecko Eye"],"picked":"Calling Bell"},{"not_picked":["Runic Dome","Pandora\u0027s Box"],"picked":"Cursed Key"}],"items_purged_floors":[38],"is_endless":false,"potions_floor_spawned":[3,4,11,18,20,30,31,35,41,42,45,46,48],"killed_by":"Time Eater","ascension_level":18}}