{"host":"746m694if73h3gai","time":1610903291,"event":{"mods":["2.2 Compatiblity","AchievementEnabler","Act Like it!","BaseMod","Bestiary","Colored Map","Colored Powertips","Downfall","Minty Spire (QoL Compilation)","Quick Restart","Rare Cards Sparkle","Relic Stats","StSLib","The Cursed","Wandering Minibosses","everything is the same but u backflip on backflip","slay the spire mod where everything is the same but ironclad has a cowboy hat"],"gold_per_floor":[115,115,134,166,40,40,58,58,58,58,58,73,73,111,111,213,213,213,213,213,213,12,12,12,12,12,12,12,12,12,12,12,12,12,12,0,0,0,0,0,0,0,0,0,0,0,0],"floor_reached":46,"language":"ENG","playtime":2449,"items_purged":[],"score":524,"play_id":"9e48ce09-63d0-4a88-adf3-42912f9d99e9","local_time":"20210117180811","is_ascension_mode":false,"campfire_choices":[{"data":"TheCursedMod:LuckyCharm","floor":6,"key":"SMITH"},{"data":"TheCursedMod:Obscuration","floor":8,"key":"SMITH"},{"data":"TheCursedMod:Hemoplague","floor":11,"key":"SMITH"},{"data":"TheCursedMod:CleanUpWorkshop","floor":13,"key":"SMITH"},{"data":"TheCursedMod:ManaBullet","floor":15,"key":"SMITH"},{"floor":23,"key":"REST"},{"floor":30,"key":"REST"},{"data":"TheCursedMod:SpitefulPray","floor":32,"key":"SMITH"},{"data":"TheCursedMod:CircleOfCorruption","floor":40,"key":"SMITH"},{"data":"TheCursedMod:CursedStaff","floor":42,"key":"SMITH"}],"circlet_count":0,"master_deck":["TheCursedMod:Strike_TheCursed","TheCursedMod:Strike_TheCursed","TheCursedMod:Strike_TheCursed","TheCursedMod:Defend_TheCursed","TheCursedMod:Defend_TheCursed","TheCursedMod:Defend_TheCursed","TheCursedMod:Defend_TheCursed","TheCursedMod:CursedWand","TheCursedMod:CleanUpWorkshop+1","TheCursedMod:Dregs","TheCursedMod:Obscuration+1","TheCursedMod:LuckyCharm+1","TheCursedMod:CursedStaff+1","TheCursedMod:CursedBlade","TheCursedMod:Hemoplague+1","TheCursedMod:WearCloak","TheCursedMod:Stigma","TheCursedMod:ManaBullet+1","TheCursedMod:AntiAging","TheCursedMod:Torture","TheCursedMod:SpitefulPlan+1","TheCursedMod:CursedAmulet","TheCursedMod:HellfireBreathing+1","TheCursedMod:SmokeScreen","TheCursedMod:CircleOfCorruption","TheCursedMod:CircleOfCorruption+1","TheCursedMod:SpitefulPray+1","TheCursedMod:DemonicPact","TheCursedMod:Stigma+1","downfall:Aged","TheCursedMod:FleshFromBone+1","TheCursedMod:RavingStaff+1","TheCursedMod:Evocation+1","TheCursedMod:UltimatePain"],"relics":["TheCursedMod:BlackMagic101","Pantograph","Ectoplasm","Bag of Preparation","PreservedInsect","WarpedTongs","TheCursedMod:OminousMark","Red Mask","Bottled Flame","Bottled Lightning","Toy Ornithopter"],"acts_visited":["Exordium","TheCity","TheBeyond"],"potions_floor_usage":[21,21],"damage_taken":[{"damage":0,"enemies":"Small Slimes","floor":1,"turns":4},{"damage":0,"enemies":"Cultist","floor":3,"turns":4},{"damage":8,"enemies":"Jaw Worm","floor":4,"turns":7},{"damage":7,"enemies":"Blue Slaver","floor":7,"turns":4},{"damage":1,"enemies":"Red Slaver","floor":12,"turns":3},{"damage":1,"enemies":"Exordium Wildlife","floor":14,"turns":4},{"damage":24,"enemies":"Hexaghost","floor":16,"turns":9},{"damage":5,"enemies":"Shell Parasite","floor":18,"turns":6},{"damage":17,"enemies":"Spheric Guardian","floor":19,"turns":5},{"damage":43,"enemies":"3 Cultists","floor":20,"turns":6},{"damage":14,"enemies":"Centurion and Healer","floor":21,"turns":6},{"damage":10,"enemies":"Snecko","floor":24,"turns":5},{"damage":1,"enemies":"Cultist and Chosen","floor":28,"turns":6},{"damage":24,"enemies":"Snake Plant","floor":29,"turns":6},{"damage":8,"enemies":"Shelled Parasite and Fungi","floor":31,"turns":5},{"damage":7,"enemies":"Automaton","floor":33,"turns":9},{"damage":2,"enemies":"3 Shapes","floor":35,"turns":5},{"damage":0,"enemies":"Orb Walker","floor":38,"turns":4},{"damage":1,"enemies":"Maw","floor":39,"turns":8},{"damage":29,"enemies":"Giant Head","floor":41,"turns":8},{"damage":52,"enemies":"Nemesis","floor":44,"turns":5},{"damage":26,"enemies":"Transient","floor":46,"turns":5}],"seed_played":"-4877000881972019848","potions_obtained":[{"floor":4,"key":"ColorlessPotion"},{"floor":14,"key":"SteroidPotion"},{"floor":20,"key":"Energy Potion"},{"floor":24,"key":"GamblersBrew"},{"floor":28,"key":"SteroidPotion"},{"floor":33,"key":"Regen Potion"}],"is_trial":false,"path_per_floor":["M","?","M","M","$","R","M","R","T","?","R","M","R","M","R","B",null,"M","M","M","M","$","R","M","?","T","?","M","M","R","M","R","B",null,"M","?","?","M","M","R","E","R","T","E","$","M"],"character_chosen":"THE_CURSED","items_purchased":["TheCursedMod:CursedBlade","TheCursedMod:Hemoplague","TheCursedMod:SmokeScreen","Bag of Preparation"],"campfire_rested":2,"item_purchase_floors":[5,5,22,22],"current_hp_per_floor":[82,82,82,74,74,74,67,67,67,67,67,66,66,65,65,58,82,79,62,21,9,9,35,27,57,57,57,58,36,64,58,58,79,99,99,99,99,101,102,102,75,75,75,23,23,0,0],"gold":0,"neow_bonus":"TEN_PERCENT_HP_BONUS","is_daily":false,"chose_seed":false,"campfire_upgraded":8,"win_rate":0.0,"timestamp":1610903291,"path_taken":["M","?","M","M","$","R","M","R","T","?","R","M","R","M","R","BOSS","M","M","?","M","$","R","M","?","T","?","M","?","R","M","R","BOSS","M","?","?","M","M","R","E","R","T","E","$","?"],"items_purchased_type":["Card","Card","Card","Relic"],"build_version":"2020-12-22","purchased_purges":0,"victory":false,"max_hp_per_floor":[82,82,82,82,82,82,82,82,82,82,82,82,82,82,82,82,82,84,84,86,88,88,88,90,90,90,90,92,94,94,96,96,99,99,101,101,101,103,105,105,107,107,107,107,107,110,110],"relic_stats":{"counters":[22,124],"Pantograph":42,"Ectoplasm":453,"PreservedInsect":172,"Bag of Preparation":[22],"obtain_stats":[{"TheCursedMod:BlackMagic101":0,"Bottled Flame":41,"TheCursedMod:OminousMark":34,"Pantograph":9,"Ectoplasm":17,"PreservedInsect":26,"Bag of Preparation":22,"Red Mask":36,"Bottled Lightning":43,"Toy Ornithopter":44,"WarpedTongs":27},{"TheCursedMod:BlackMagic101":0,"Bottled Flame":20,"TheCursedMod:OminousMark":16,"Pantograph":4,"Ectoplasm":7,"PreservedInsect":12,"Bag of Preparation":11,"Red Mask":17,"Bottled Lightning":20,"Toy Ornithopter":21,"WarpedTongs":12},{"TheCursedMod:BlackMagic101":0,"Bottled Flame":114,"TheCursedMod:OminousMark":89,"Pantograph":19,"Ectoplasm":35,"PreservedInsect":63,"Bag of Preparation":58,"Red Mask":94,"Bottled Lightning":114,"Toy Ornithopter":119,"WarpedTongs":63}],"Toy Ornithopter":0,"WarpedTongs":[61]},"card_choices":[{"not_picked":["TheCursedMod:Torture","TheCursedMod:RapidMovement"],"picked":"TheCursedMod:Obscuration","floor":1},{"not_picked":["TheCursedMod:Wield","TheCursedMod:CircleOfFlame"],"picked":"TheCursedMod:LuckyCharm","floor":3},{"not_picked":["TheCursedMod:CircleOfCorruption","TheCursedMod:VitalStrike"],"picked":"TheCursedMod:CursedStaff","floor":4},{"not_picked":["TheCursedMod:CircleOfFocus","TheCursedMod:Obscuration"],"picked":"TheCursedMod:WearCloak","floor":7},{"not_picked":["TheCursedMod:SaltUponWound","TheCursedMod:Grudge","TheCursedMod:Hemoplague"],"picked":"SKIP","floor":12},{"not_picked":["TheCursedMod:CursedShiv","TheCursedMod:BlessingInDisguise"],"picked":"TheCursedMod:ManaBullet","floor":14},{"not_picked":["TheCursedMod:CursedRelics","TheCursedMod:ParallelWorld"],"picked":"TheCursedMod:AntiAging","floor":16},{"not_picked":["TheCursedMod:VitalStrike","TheCursedMod:FleshFromBone"],"picked":"TheCursedMod:Torture","floor":18},{"not_picked":["TheCursedMod:Mangle+1","TheCursedMod:CircleOfBlood"],"picked":"TheCursedMod:SpitefulPlan+1","floor":19},{"not_picked":["TheCursedMod:DoubleShield","TheCursedMod:EmpowerCircles"],"picked":"TheCursedMod:CursedAmulet","floor":20},{"not_picked":["TheCursedMod:RavingStaff+1","TheCursedMod:TacticalStrike"],"picked":"TheCursedMod:HellfireBreathing+1","floor":21},{"not_picked":["TheCursedMod:ReleasedKnowledge","TheCursedMod:EmpowerCircles","TheCursedMod:SpreadPlague"],"picked":"SKIP","floor":24},{"not_picked":["TheCursedMod:CursedBlade","TheCursedMod:SmokeScreen"],"picked":"TheCursedMod:CircleOfCorruption","floor":28},{"not_picked":["TheCursedMod:CircleOfFlame+1","TheCursedMod:CursedShiv"],"picked":"TheCursedMod:CircleOfCorruption","floor":29},{"not_picked":["TheCursedMod:Stretching","TheCursedMod:HellsGateOpen"],"picked":"TheCursedMod:SpitefulPray","floor":31},{"not_picked":["TheCursedMod:StunningStrike","TheCursedMod:CollectTribute"],"picked":"TheCursedMod:DemonicPact","floor":33},{"not_picked":["TheCursedMod:Wield","TheCursedMod:SpitefulStrike"],"picked":"TheCursedMod:Stigma+1","floor":35},{"not_picked":["TheCursedMod:Obscuration","TheCursedMod:CursedBlade+1"],"picked":"TheCursedMod:FleshFromBone+1","floor":38},{"not_picked":["TheCursedMod:SpitefulStrike+1","TheCursedMod:Wield+1"],"picked":"TheCursedMod:RavingStaff+1","floor":39},{"not_picked":["TheCursedMod:SpitefulStrike+1","TheCursedMod:StingEye"],"picked":"TheCursedMod:Evocation+1","floor":41},{"not_picked":["TheCursedMod:Stigma+1","TheCursedMod:FuryStrike"],"picked":"TheCursedMod:UltimatePain","floor":44}],"player_experience":124102,"relics_obtained":[{"floor":9,"key":"Pantograph"},{"floor":26,"key":"PreservedInsect"},{"floor":41,"key":"Bottled Flame"},{"floor":43,"key":"Bottled Lightning"},{"floor":44,"key":"Toy Ornithopter"}],"event_choices":[{"damage_healed":0,"gold_gain":0,"player_choice":"Leave","damage_taken":0,"max_hp_gain":0,"max_hp_loss":0,"event_name":"The Cleric","floor":2,"gold_loss":0},{"damage_healed":0,"gold_gain":0,"cards_transformed":["TheCursedMod:Strike_TheCursed"],"player_choice":"Transformed","damage_taken":0,"max_hp_gain":0,"max_hp_loss":0,"event_name":"Transmorgrifier","floor":10,"gold_loss":0,"cards_obtained":["TheCursedMod:Stigma"]},{"damage_healed":30,"gold_gain":0,"player_choice":"Heal","damage_taken":0,"max_hp_gain":0,"max_hp_loss":0,"event_name":"The Library","floor":25,"gold_loss":0},{"damage_healed":0,"gold_gain":0,"player_choice":"Rummage","damage_taken":0,"relics_obtained":["WarpedTongs"],"max_hp_gain":0,"max_hp_loss":0,"event_name":"Accursed Blacksmith","floor":27,"gold_loss":0,"cards_obtained":["Pain"]},{"damage_healed":0,"gold_gain":0,"player_choice":"Paid","damage_taken":0,"relics_obtained":["Red Mask"],"max_hp_gain":0,"max_hp_loss":0,"event_name":"Tomb of Lord Red Mask","floor":36,"gold_loss":12},{"damage_healed":0,"gold_gain":0,"cards_transformed":["Pain"],"player_choice":"Transformed","damage_taken":0,"max_hp_gain":0,"max_hp_loss":0,"event_name":"Transmorgrifier","floor":37,"gold_loss":0,"cards_obtained":["downfall:Aged"]}],"is_beta":false,"boss_relics":[{"not_picked":["SlaversCollar","Astrolabe"],"picked":"Ectoplasm"},{"not_picked":["Tiny House","Empty Cage"],"picked":"TheCursedMod:OminousMark"}],"items_purged_floors":[],"is_endless":false,"potions_floor_spawned":[4,14,20,24,28,33,44],"killed_by":"Transient","ascension_level":0}}