{"host":"sq5mqutoqaetm0s6","time":1610913242,"event":{"mods":["AchievementEnabler","BaseMod","BetterRewards","Colored Map","Colored Powertips","DeckTracker","Duelist Mod","Googly Eyes","Highlight Path","Hubris","Infinite Spire","Minty Spire (QoL Compilation)","Quick Restart","Shop Mod","StSLib","SuperFastMode","The Administrix","The Animator","The Construct","The Cursed","The Disciple","The Florist","The Jungle","The Runesmith"],"gold_per_floor":[112,126,126,140,140,140,140,140],"floor_reached":7,"language":"ENG","playtime":208,"items_purged":[],"score":41,"play_id":"60c2cfbd-6bab-4149-b495-02d2c649f533","local_time":"20210117205402","is_ascension_mode":false,"campfire_choices":[{"data":"Runesmith:Repurpose","floor":6,"key":"SMITH"}],"circlet_count":0,"master_deck":["Runesmith:Strike_RS+1","Runesmith:Strike_RS","Runesmith:Strike_RS","Runesmith:Strike_RS","Runesmith:Defend_RS","Runesmith:Defend_RS","Runesmith:Defend_RS","Runesmith:Defend_RS","Runesmith:CraftFirestone","Runesmith:Fortify+1","Runesmith:Repurpose+1","Runesmith:StaticCage","Decay","Runesmith:EarthShield"],"relics":["Runesmith:BrokenRuby","NeowsBlessing"],"acts_visited":["Exordium"],"potions_floor_usage":[],"damage_taken":[{"damage":0,"enemies":"Small Slimes","floor":1,"turns":1},{"damage":0,"enemies":"infinitespire:Voidling","floor":2,"turns":1},{"damage":0,"enemies":"Jaw Worm","floor":4,"turns":1},{"damage":67,"enemies":"Gremlin Nob","floor":7,"turns":5}],"seed_played":"2027329262170235802","potions_obtained":[{"floor":4,"key":"FearPotion"}],"is_trial":false,"path_per_floor":["M","M","?","M","?","R","E"],"character_chosen":"RUNESMITH_CLASS","items_purchased":[],"campfire_rested":0,"item_purchase_floors":[],"current_hp_per_floor":[70,70,70,70,56,56,0,0],"gold":140,"neow_bonus":"THREE_ENEMY_KILL","is_daily":false,"chose_seed":false,"campfire_upgraded":1,"win_rate":0.0,"timestamp":1610913242,"path_taken":["M","M","?","?","?","R","E"],"items_purchased_type":[],"build_version":"2020-12-22","purchased_purges":0,"victory":false,"max_hp_per_floor":[70,70,70,70,70,70,70,70],"card_choices":[{"not_picked":["Runesmith:CraftProtectio","Runesmith:EarthShield"],"picked":"Runesmith:Repurpose","floor":1},{"not_picked":["Runesmith:WhiteBalance","Runesmith:ShiftingStrike"],"picked":"Runesmith:StaticCage","floor":2},{"not_picked":["Runesmith:CraftMagma","Runesmith:HammerThrow"],"picked":"Runesmith:EarthShield","floor":4}],"player_experience":46603,"relics_obtained":[],"event_choices":[{"damage_healed":0,"gold_gain":0,"player_choice":"Cursed","damage_taken":0,"max_hp_gain":0,"max_hp_loss":0,"event_name":"Wheel of Change","floor":3,"gold_loss":0,"cards_obtained":["Decay"]},{"damage_healed":0,"gold_gain":0,"player_choice":"Entered Light","damage_taken":14,"max_hp_gain":0,"max_hp_loss":0,"event_name":"Shining Light","floor":5,"gold_loss":0,"cards_upgraded":["Runesmith:Fortify","Runesmith:Strike_RS"]}],"is_beta":false,"boss_relics":[],"items_purged_floors":[],"is_endless":false,"potions_floor_spawned":[4],"killed_by":"Gremlin Nob","ascension_level":0}}