{"host":"6he3f0ic6yesrium","time":1610892394,"event":{"mods":["BaseMod","Better Altar","Better Match","Better Note","Better Sensory Stone","Better Skull","Better Third Choice","Colored Map","Conspire","Duelist Mod","Hubris","Marisa????????","Mimic Mod","Minty Spire (QoL Compilation)","Replay The Spire","Shade Mod","Somnambulant","Spire Birthday Party","StSLib","The Alterego","The Disciple","The Forsaken","The Hierophant","The Mystic","The Necromancer","The Runesmith","The Servant 0.9.4","The Valiant","TheVacant"],"gold_per_floor":[67,67,31,47,47,73,73,102,102,102,115,128,146,159,159,254,254,272,145,156,156,174,174,208,208,208,9,9,27,27,11,11,109,109,122,172,192,38,54,54,54,54],"floor_reached":41,"language":"ENG","playtime":2847,"items_purged":["Strike_Valiant"],"score":423,"play_id":"dc3efb50-0c2d-45b6-8bb8-bfb14cea6957","local_time":"20210117090634","is_ascension_mode":false,"campfire_choices":[{"data":"EmpoweringForce","floor":7.0,"key":"SMITH"},{"data":"hubris:DuctTapeCard","floor":10.0,"key":"SMITH"},{"data":"Quickstep","floor":15.0,"key":"SMITH"},{"data":"Overburn","floor":23.0,"key":"SMITH"},{"floor":25.0,"key":"REST"},{"data":"TakeAim","floor":32.0,"key":"SMITH"}],"circlet_count":0,"master_deck":["Strike_Valiant","Strike_Valiant","Defend_Valiant","Defend_Valiant","Defend_Valiant","Defend_Valiant","BlindingLight","MinorHealing","MinorHealing","Guardian","DivineFavor","DivineFavor","EmpoweringForce+1","Regret","AuraDischarge","QuickSiphon","CombatDance","CombatStance","PiercingStab","Quickstep+1","Overburn+1","GracefulSiphon+1","SoulStrain","TakeAim+1","FuriousSmite+1","Overburn","MercilessSmite+1","ZealousPersecution+1","ArcaneHealing+1","hubris:DuctTapeCard"],"relics":["Cross Pendant","Art of War","Oddly Smooth Stone","hubris:DuctTape","Omamori","Chameleon Ring","Onion Ring","Chemical X","hubris:Icosahedron","Black Star","hubris:64BitClover","Bag of Preparation"],"acts_visited":["Exordium","TheCity","TheBeyond"],"potions_floor_usage":[39,39,39,39,39,41,41],"damage_taken":[{"damage":0.0,"enemies":"Cultist","floor":1.0,"turns":3.0},{"damage":2.0,"enemies":"conspire:RoseBush","floor":4.0,"turns":5.0},{"damage":32.0,"enemies":"Replay:BlueRogue","floor":6.0,"turns":10.0},{"damage":11.0,"enemies":"Lagavulin","floor":8.0,"turns":13.0},{"damage":16.0,"enemies":"Jaw Worm","floor":11.0,"turns":2.0},{"damage":12.0,"enemies":"Looter","floor":12.0,"turns":4.0},{"damage":27.0,"enemies":"Exordium Thugs","floor":13.0,"turns":3.0},{"damage":0.0,"enemies":"Blue Slaver","floor":14.0,"turns":3.0},{"damage":56.0,"enemies":"Slime Boss","floor":16.0,"turns":12.0},{"damage":30.0,"enemies":"conspire:FuzzyDice","floor":18.0,"turns":8.0},{"damage":27.0,"enemies":"Shell Parasite","floor":20.0,"turns":6.0},{"damage":31.0,"enemies":"conspire:HollyBat","floor":22.0,"turns":8.0},{"damage":34.0,"enemies":"Slavers","floor":24.0,"turns":7.0},{"damage":43.0,"enemies":"Sentry and Sphere","floor":29.0,"turns":6.0},{"damage":17.0,"enemies":"Centurion and Healer","floor":31.0,"turns":5.0},{"damage":92.0,"enemies":"hubris:MusketHawk","floor":33.0,"turns":11.0},{"damage":18.0,"enemies":"3 Darklings","floor":35.0,"turns":5.0},{"damage":43.0,"enemies":"Mind Bloom Boss Battle","floor":36.0,"turns":7.0},{"damage":12.0,"enemies":"Orb Walker","floor":37.0,"turns":3.0},{"damage":17,"enemies":"Jaw Worm Horde","floor":39,"turns":3},{"damage":142,"enemies":"Reptomancer","floor":41,"turns":5}],"seed_played":"-1390821639096580204","potions_obtained":[{"floor":1.0,"key":"Block Potion"},{"floor":11.0,"key":"SkillPotion"},{"floor":12.0,"key":"Cursed Concoction"},{"floor":16.0,"key":"DuplicationPotion"},{"floor":22.0,"key":"FearPotion"},{"floor":29.0,"key":"Death Potion"},{"floor":33.0,"key":"LifebloodPotion"},{"floor":36.0,"key":"Languid Potion"},{"floor":40,"key":"Explosive Potion"},{"floor":40,"key":"SneckoOil"}],"is_trial":false,"path_per_floor":["M","$","$","M","?","E","R","E","T","R","M","M","M","M","R","B",null,"M","$","M","?","M","R","E","R","T","$","?","M","?","M","R","B",null,"M","?","M","$","M","R","E"],"character_chosen":"TheValiant","items_purchased":["DivineFavor","FearPotion","Chemical X","Swift Potion","Bag of Preparation"],"campfire_rested":1,"item_purchase_floors":[3,19,27,27,38],"current_hp_per_floor":[110,110,110,110,110,93,93,105,105,105,97,105,86,100,100,72,110,103,103,82,82,71,71,67,100,100,100,100,74,74,74,74,10,110,105,79,70,70,101,101,0,0],"gold":54,"neow_bonus":"TEN_PERCENT_HP_BONUS","is_daily":false,"chose_seed":false,"campfire_upgraded":5,"win_rate":0.0,"timestamp":1610892394,"path_taken":["M","?","$","M","?","E","R","E","T","R","M","M","M","M","R","BOSS","M","$","M","?","M","R","E","R","T","$","?","M","?","M","R","BOSS","M","?","M","$","M","R","E"],"items_purchased_type":["Card","Potion","Relic","Potion","Relic"],"build_version":"2020-12-22","purchased_purges":1,"victory":false,"max_hp_per_floor":[110,110,110,110,110,110,110,110,110,110,110,110,110,110,110,110,110,110,110,110,110,110,110,110,110,110,110,110,110,110,110,110,110,110,110,110,110,110,110,110,110,110],"card_choices":[{"not_picked":["QuickSiphon","RecklessSmite"],"picked":"Guardian","floor":1.0},{"not_picked":["ArcaneHealing","ToweringCharge"],"picked":"EmpoweringForce","floor":4.0},{"not_picked":["ZealousPersecution","SeekAnswers"],"picked":"AuraDischarge","floor":6.0},{"not_picked":["Retaliate","Guardian"],"picked":"QuickSiphon","floor":8.0},{"not_picked":["ArcaneHealing","ToweringCharge"],"picked":"CombatDance","floor":11.0},{"not_picked":["AlmightySmite","RecklessSmite"],"picked":"CombatStance","floor":12.0},{"not_picked":["ToweringCharge","DivineFavor"],"picked":"PiercingStab","floor":13.0},{"not_picked":["ArcaneHealing","QuickSiphon"],"picked":"Quickstep","floor":14.0},{"not_picked":["PeacefulStance","AtAllCosts"],"picked":"Overburn","floor":16.0},{"not_picked":["Meaballize","FuriousSmite"],"picked":"GracefulSiphon+1","floor":18.0},{"not_picked":["Decimate","RecklessSmite"],"picked":"SoulStrain","floor":20.0},{"not_picked":["PushOnward","Ensoul"],"picked":"TakeAim","floor":22.0},{"not_picked":["DeadlyPlay","ArcaneHealing"],"picked":"FuriousSmite+1","floor":24.0},{"not_picked":["HolyFury","QuickSiphon","Ensoul"],"picked":"SKIP","floor":29.0},{"not_picked":["DivineFavor","ToweringCharge","AbandonReason"],"picked":"SKIP","floor":31.0},{"not_picked":["DangerousSmash","FinalGambit"],"picked":"Overburn","floor":33.0},{"not_picked":["FuriousSmite+1","Sharpen+1"],"picked":"MercilessSmite+1","floor":35.0},{"not_picked":["Meaballize","Uprising+1"],"picked":"ZealousPersecution+1","floor":36.0},{"not_picked":["ReduceToNothing","RecklessSmite"],"picked":"ArcaneHealing+1","floor":37.0},{"not_picked":["SeekAnswers","CombatDance","PiercingStab+1"],"picked":"SKIP","floor":39}],"player_experience":329834,"relics_obtained":[{"floor":6.0,"key":"Oddly Smooth Stone"},{"floor":8.0,"key":"hubris:DuctTape"},{"floor":9.0,"key":"Omamori"},{"floor":24.0,"key":"Chameleon Ring"},{"floor":26.0,"key":"Onion Ring"},{"floor":36.0,"key":"hubris:64BitClover"}],"event_choices":[{"damage_healed":0.0,"max_hp_gain":0.0,"max_hp_loss":0.0,"gold_gain":0.0,"event_name":"Big Fish","player_choice":"Box","floor":5.0,"gold_loss":0.0,"damage_taken":0.0,"relics_obtained":["Art of War"],"cards_obtained":["Regret"]},{"cards_removed":["Regret"],"damage_healed":0.0,"max_hp_gain":0.0,"max_hp_loss":0.0,"gold_gain":0.0,"event_name":"betterNote:BetterNote","player_choice":"Give","floor":21.0,"gold_loss":0.0,"damage_taken":0.0,"cards_obtained":["theDuelist:Sparks"]},{"damage_healed":0.0,"max_hp_gain":0.0,"max_hp_loss":0.0,"gold_gain":0.0,"event_name":"MindBloom","player_choice":"Fight","floor":36.0,"gold_loss":0.0,"damage_taken":0.0}],"is_beta":false,"boss_relics":[{"not_picked":["Sozu","Replay:Drink Me","hubris:BlackHole"]},{"not_picked":["Fusion Hammer","ReplayTheSpireMod:DimensionalGlitch"],"picked":"Black Star"}],"items_purged_floors":[19],"is_endless":false,"potions_floor_spawned":[1,11,12,16,22,29,33,36],"killed_by":"Reptomancer","ascension_level":0}}