{"host":"lf8w6lk2ipwfzeol","time":1610859805,"event":{"mods":["ATMod(°¢èªMod)","Act Like it!","BaseMod","Downfall","Hermit","Minty Spire (QoL Compilation)","Quick Restart","Robot Space Explorer","StSLib","The Bladedancer","The Cursed","The Hierophant","The Runesmith","The Servant 0.9.4","Youmu£¨»êÆÇÑýÃÎ£©"],"gold_per_floor":[114,64,83,93,109,109,184,199,199,199,215,36,49,65,65,168,168,182,196,196,211,223,223,223,223],"floor_reached":24,"language":"ZHS","playtime":1392,"items_purged":[],"score":194,"play_id":"2561bbbe-4a0f-41c9-8c79-194635f67835","local_time":"20210117130325","is_ascension_mode":false,"campfire_choices":[{"data":"HumanKnowledgeSword","floor":6.0,"key":"SMITH"},{"data":"TenKingsRetributionOnThePreta","floor":10.0,"key":"SMITH"},{"data":"CherryBlossomSword","floor":15.0,"key":"SMITH"},{"data":"HeavenGodSword","floor":23,"key":"SMITH"}],"circlet_count":0,"master_deck":["Strike_YM","Strike_YM","Strike_YM","Defend_YM","Defend_YM","Defend_YM","SlashOfPresentWorld","WheelOfPainOfLivingAndDead","HumanKnowledgeSword+1","LowerRealmReflectionSlash","FiveSignsOfTheDyingDeva","SpiritCuttingSword","TenKingsRetributionOnThePreta+1","CherryBlossomSword+1","ConstancyOfTheConventionalTruth+1","HumanRealmSword+1","DispleasureOfTheSevenHakus+1","HeavenGodSword+1","HellFireSword","DoubleWheelOfPain+1","HeavenlyHaloSlash","SpiderLilyBurial+1","PhosphoricSlash"],"relics":["MiniYoumu","AT_ATBox","NeowsBlessing","Toxic Egg 2","Sling"],"acts_visited":["Exordium","TheCity"],"potions_floor_usage":[22,24],"damage_taken":[{"damage":0.0,"enemies":"Jaw Worm","floor":1.0,"turns":1.0},{"damage":0.0,"enemies":"2 Louse","floor":3.0,"turns":1.0},{"damage":0.0,"enemies":"Cultist","floor":4.0,"turns":1.0},{"damage":4.0,"enemies":"Exordium Wildlife","floor":5.0,"turns":3.0},{"damage":14.0,"enemies":"Exordium Thugs","floor":8.0,"turns":4.0},{"damage":0.0,"enemies":"Large Slime","floor":11.0,"turns":5.0},{"damage":8.0,"enemies":"Exordium Wildlife","floor":13.0,"turns":3.0},{"damage":0.0,"enemies":"Blue Slaver","floor":14.0,"turns":2.0},{"damage":19.0,"enemies":"Hexaghost","floor":16.0,"turns":11.0},{"damage":15.0,"enemies":"Shell Parasite","floor":18.0,"turns":5.0},{"damage":14,"enemies":"3 Byrds","floor":19,"turns":7},{"damage":17,"enemies":"Sentry and Sphere","floor":21,"turns":7},{"damage":19,"enemies":"Centurion and Healer","floor":22,"turns":5},{"damage":14,"enemies":"Book of Stabbing","floor":24,"turns":2}],"seed_played":"-574759234308042053","potions_obtained":[{"floor":5.0,"key":"CultistPotion"},{"floor":8.0,"key":"SpeedPotion"},{"floor":13.0,"key":"SpeedPotion"},{"floor":14.0,"key":"PowerPotion"}],"is_trial":false,"path_per_floor":["M","?","M","M","M","R","?","M","T","R","M","$","M","M","R","B",null,"M","M","?","M","M","R","E"],"character_chosen":"YOUMU","items_purchased":["Sling","ConstancyOfTheConventionalTruth+1"],"campfire_rested":0,"item_purchase_floors":[12,12],"current_hp_per_floor":[75,75,75,75,71,71,60,46,46,46,46,46,38,38,38,19,75,60,46,46,29,10,10,0,0],"gold":223,"neow_bonus":"THREE_ENEMY_KILL","is_daily":false,"chose_seed":false,"campfire_upgraded":4,"win_rate":0.0,"timestamp":1610859805,"path_taken":["M","?","M","M","M","R","?","M","T","R","M","?","M","M","R","BOSS","M","?","?","M","?","R","E"],"items_purchased_type":["Relic","Card"],"build_version":"2020-12-22","purchased_purges":0,"victory":false,"max_hp_per_floor":[75,75,75,75,75,75,75,75,75,75,75,75,75,75,75,75,75,75,75,75,75,75,75,75,75],"card_choices":[{"not_picked":["PhosphoricSlash","SpiritCuttingSword"],"picked":"HumanKnowledgeSword","floor":1.0},{"not_picked":["SanzenSekai","FlashingScatteredFlowers"],"picked":"LowerRealmReflectionSlash","floor":3.0},{"not_picked":["SpiritCuttingSword","SwordExtraction"],"picked":"FiveSignsOfTheDyingDeva","floor":4.0},{"not_picked":["ConstancyOfTheConventionalTruth","LowerRealmReflectionSlash"],"picked":"SpiritCuttingSword","floor":5.0},{"not_picked":["DispleasureOfTheSevenHakus","SwordOfBindingDesires"],"picked":"TenKingsRetributionOnThePreta","floor":8.0},{"not_picked":["TwoHundredYojanaInOneSlash","SlashOfDepartureFromHesitation"],"picked":"CherryBlossomSword","floor":11.0},{"not_picked":["SpiritCuttingSword+1","LifeCuttingSword"],"picked":"HumanRealmSword+1","floor":13.0},{"not_picked":["ThreeKonsSevenHakus+1","HumanKnowledgeSword"],"picked":"DispleasureOfTheSevenHakus+1","floor":14.0},{"not_picked":["ASingleThoughtAndInfiniteKalpas","ReincarnationSword+1"],"picked":"HeavenGodSword","floor":16.0},{"not_picked":["BloodOfAsura+1","DispleasureOfTheSevenHakus+1"],"picked":"HellFireSword","floor":18.0},{"not_picked":["ThreeKonsSevenHakus+1","SpiritCuttingSword+1"],"picked":"DoubleWheelOfPain+1","floor":19},{"not_picked":["SlashOfDelusionalInnerEye","PhosphoricSlash"],"picked":"SpiderLilyBurial+1","floor":21},{"not_picked":["SpiritMediumsBind+1","SwordOfBindingDesires+1"],"picked":"PhosphoricSlash","floor":22}],"player_experience":129012,"relics_obtained":[{"floor":9.0,"key":"Toxic Egg 2"}],"event_choices":[{"cards_removed":["Defend_YM"],"damage_healed":0.0,"max_hp_gain":0.0,"max_hp_loss":0.0,"gold_gain":0.0,"event_name":"The Cleric","player_choice":"Card Removal","floor":2.0,"gold_loss":50.0,"damage_taken":0.0},{"damage_healed":0.0,"max_hp_gain":0.0,"max_hp_loss":0.0,"gold_gain":75.0,"event_name":"World of Goop","player_choice":"Gather Gold","floor":7.0,"gold_loss":0.0,"damage_taken":11.0},{"damage_healed":0,"gold_gain":0,"cards_transformed":["Strike_YM"],"player_choice":"Transformed","damage_taken":0,"max_hp_gain":0,"max_hp_loss":0,"event_name":"Transmorgrifier","floor":20,"gold_loss":0,"cards_obtained":["HeavenlyHaloSlash"]}],"is_beta":false,"boss_relics":[{"not_picked":["Busted Crown","SacredBark"],"picked":"MiniYoumu"}],"items_purged_floors":[],"is_endless":false,"potions_floor_spawned":[5,8,13,14,19],"killed_by":"Book of Stabbing","ascension_level":0}}