{"host":"cdcsem0stf6rethc","time":1610877938,"event":{"mods":["AchievementEnabler","BaseMod","Colored Map","Highlight Path","Minty Spire (QoL Compilation)","StSLib","The Animator"],"gold_per_floor":[119,119,119,119,140,140,154,154,203,226,252,252,277,59,59,178,178,196,196,57,81,102,102,120,139,166,191,191,214,214,214],"floor_reached":30,"language":"ENG","playtime":1250,"items_purged":["animator:Strike","animator:Defend"],"score":226,"play_id":"7ce1e13a-85be-48a4-b112-1d52662a407e","local_time":"20210117180538","is_ascension_mode":false,"campfire_choices":[{"data":"1","floor":6,"key":"LIFT"},{"data":"2","floor":8,"key":"LIFT"},{"data":"3","floor":15,"key":"LIFT"},{"data":"animator:OrigamiTobiichi","floor":28,"key":"SMITH"}],"circlet_count":0,"master_deck":["animator:Strike_DateALive","animator:Defend_DateALive","animator:Defend","animator:Defend","animator:ShidoItsuka+1","animator:YamaiSisters","animator:YamaiSisters","animator:OrigamiTobiichi+1","animator:Vesta","animator:SwordMaiden","animator:Godan","animator:YamaiSisters"],"relics":["animator:LivingPicture","animator:TheMissingPiece","Mango","Girya","Golden Idol","Strange Spoon","Black Star","Nloth\u0027s Gift","PreservedInsect"],"acts_visited":["Exordium","TheCity"],"potions_floor_usage":[16,16,16],"damage_taken":[{"damage":2,"enemies":"Jaw Worm","floor":1,"turns":4},{"damage":0,"enemies":"Small Slimes","floor":5,"turns":3},{"damage":1,"enemies":"Cultist","floor":7,"turns":3},{"damage":0,"enemies":"2 Fungi Beasts","floor":10,"turns":3},{"damage":0,"enemies":"Blue Slaver","floor":11,"turns":3},{"damage":0,"enemies":"Large Slime","floor":13,"turns":3},{"damage":7,"enemies":"The Guardian","floor":16,"turns":9},{"damage":1,"enemies":"Shell Parasite","floor":18,"turns":5},{"damage":0,"enemies":"Chosen","floor":21,"turns":4},{"damage":9,"enemies":"Snake Plant","floor":22,"turns":3},{"damage":23,"enemies":"Centurion and Healer","floor":24,"turns":4},{"damage":23,"enemies":"Sentry and Sphere","floor":25,"turns":4},{"damage":0,"enemies":"Cultist and Chosen","floor":27,"turns":4},{"damage":18,"enemies":"Centurion and Healer","floor":29,"turns":5},{"damage":10,"enemies":"Chosen and Byrds","floor":30,"turns":1}],"seed_played":"2198228053594874421","potions_obtained":[{"floor":1,"key":"ColorlessPotion"},{"floor":5,"key":"Regen Potion"},{"floor":7,"key":"Swift Potion"},{"floor":13,"key":"AttackPotion"},{"floor":22,"key":"Dexterity Potion"},{"floor":24,"key":"Fire Potion"},{"floor":27,"key":"animator:FalseLifePotion"}],"is_trial":false,"path_per_floor":["M","?","?","?","M","R","M","R","T","M","M","?","M","$","R","B",null,"M","?","$","M","M","?","M","M","T","M","R","M","M"],"character_chosen":"THE_ANIMATOR","items_purchased":["Strange Spoon","animator:Godan"],"campfire_rested":0,"item_purchase_floors":[14,20],"current_hp_per_floor":[60,42,22,22,22,22,21,21,21,21,21,14,14,14,14,22,80,79,79,79,79,70,70,47,24,24,24,24,6,0,0],"gold":214,"neow_bonus":"ONE_RARE_RELIC","is_daily":false,"chose_seed":true,"campfire_upgraded":1,"win_rate":0.0,"timestamp":1610877938,"path_taken":["M","?","?","?","M","R","M","R","T","?","M","?","M","$","R","BOSS","M","?","$","M","M","?","?","M","T","M","R","M","M"],"items_purchased_type":["Relic","Card"],"build_version":"2020-12-22","purchased_purges":2,"victory":false,"max_hp_per_floor":[80,80,80,80,80,80,80,80,80,80,80,80,80,80,80,80,80,80,80,80,80,80,80,80,80,80,80,80,80,80,80],"card_choices":[{"not_picked":["animator:CowGirl","animator:AcuraTooru"],"picked":"animator:YamaiSisters","floor":1},{"not_picked":["animator:Benimaru","animator:AcuraAkari","animator:TsurugaMeisai"],"picked":"SKIP","floor":5},{"not_picked":["animator:Millim","animator:Witch","animator:MumenRider"],"picked":"SKIP","floor":7},{"not_picked":["animator:MasamiIwasawa","animator:DwarfShaman"],"picked":"animator:OrigamiTobiichi","floor":11},{"not_picked":["animator:Natsumi","animator:Gillette"],"picked":"animator:Vesta","floor":13},{"not_picked":["animator:YuriNakamura","animator:KurumiTokisaki"],"picked":"animator:SwordMaiden","floor":16},{"not_picked":["animator:Kaijin","animator:Viivi","animator:HidekiHinata"],"picked":"SKIP","floor":18},{"not_picked":["animator:ShidoItsuka","animator:MikuIzayoi"],"picked":"animator:YamaiSisters","floor":21},{"not_picked":["animator:ReineMurasame","animator:ShidoItsuka","animator:Shichika+1"],"picked":"SKIP","floor":22},{"not_picked":["animator:SwordMaiden","animator:ShidoItsuka","animator:Benimaru"],"picked":"SKIP","floor":24},{"not_picked":["animator:MetalKnight+1","animator:NiaHonjou","animator:Yui+1"],"picked":"SKIP","floor":25},{"not_picked":["animator:Souei","animator:Melzalgald","animator:Layla"],"picked":"SKIP","floor":29}],"player_experience":200296,"relics_obtained":[{"floor":9,"key":"Bag of Marbles"},{"floor":26,"key":"PreservedInsect"}],"event_choices":[{"damage_healed":0,"gold_gain":0,"player_choice":"Success","damage_taken":18,"relics_obtained":["Girya"],"max_hp_gain":0,"max_hp_loss":0,"event_name":"Scrap Ooze","floor":2,"gold_loss":0},{"damage_healed":0,"gold_gain":0,"player_choice":"Take Damage","damage_taken":20,"relics_obtained":["Golden Idol"],"max_hp_gain":0,"max_hp_loss":0,"event_name":"Golden Idol","floor":3,"gold_loss":0},{"damage_healed":0,"gold_gain":0,"player_choice":"Forge","damage_taken":0,"max_hp_gain":0,"max_hp_loss":0,"event_name":"Accursed Blacksmith","floor":4,"gold_loss":0,"cards_upgraded":["animator:ShidoItsuka"]},{"cards_removed":["animator:Strike"],"damage_healed":0,"gold_gain":0,"player_choice":"Card Removal","damage_taken":7,"max_hp_gain":0,"max_hp_loss":0,"event_name":"Golden Wing","floor":12,"gold_loss":0},{"cards_removed":["animator:Strike"],"damage_healed":0,"gold_gain":0,"player_choice":"Elegance","damage_taken":0,"max_hp_gain":0,"max_hp_loss":0,"event_name":"Back to Basics","floor":19,"gold_loss":0},{"damage_healed":0,"gold_gain":0,"player_choice":"Traded Relic","damage_taken":0,"relics_obtained":["Nloth\u0027s Gift"],"max_hp_gain":0,"max_hp_loss":0,"event_name":"N\u0027loth","floor":23,"relics_lost":["Bag of Marbles"],"gold_loss":0}],"is_beta":false,"boss_relics":[{"not_picked":["Fusion Hammer","SlaversCollar"],"picked":"Black Star"}],"items_purged_floors":[14,20],"is_endless":false,"potions_floor_spawned":[1,5,7,13,22,24,27,29],"killed_by":"Chosen and Byrds","ascension_level":0}}