{"host":"n9u8fygc1apihmnd","time":1610920473,"event":{"mods":["AchievementEnabler","Arknights The Spire","Astrologer","BaseMod","Beaked The Cultist","Better Third Choice","BetterRewards","CapriCore","Colored Powertips","Conspire","Downfall","Duelist Mod","Energized Spire","Friendly Minions","Gremlin Mod","GungeonMod","Hermit","HololiveMod","Hubris","Infinite Spire","Jedi Mod","Jorbs\u0027s Wanderer Trilogy","KinomotoSakuraMod(????)","Koishi","Marisa????????","Minty Spire (QoL Compilation)","Permanent Neow","QueenMod","Random Character Button","Remilia??????","Shedinja","Spicy Shops","StS++","StSLib","The Animator","The Bug Knight","The Construct","The Cursed","The Disciple","The Hayseed","The Hierophant","The Immortal","The Mystic","The Necromancer","The Runesmith","The Senshi","The Servant 0.9.4","The Wild Card","TheBandit","WarShipGirlsR/????R mod","everything is the same but u backflip on backflip","vexMod"],"gold_per_floor":[109,109,120,94,194,194,222,240,240,252,252,270,283,296,296,399,399,419,419,419,419,431,431,457,457,482,499,499,258,258,277,277,380,380,396,396,197,197,216,216,216,216],"floor_reached":41,"language":"ENG","playtime":1959,"items_purged":[],"score":436,"play_id":"cb5dce76-e8e5-4db9-aa3c-2b34f4ff15e3","local_time":"20210117135433","is_ascension_mode":false,"campfire_choices":[{"data":"MokouMod:Defend","floor":6,"key":"SMITH"},{"floor":11,"key":"REST"},{"floor":15,"key":"REST"},{"data":"MokouMod:Defend","floor":23,"key":"SMITH"},{"data":"MokouMod:RisingSunBarrier","floor":25,"key":"SMITH"},{"data":"MokouMod:RisingSunBarrier","floor":32,"key":"SMITH"},{"floor":40,"key":"REST"}],"circlet_count":0,"master_deck":["MokouMod:Strike","MokouMod:Strike","MokouMod:Strike","MokouMod:Strike","MokouMod:Strike","MokouMod:Defend","MokouMod:Defend+1","MokouMod:Defend+1","MokouMod:Defend","MokouMod:HeatSpark","MokouMod:Rekindle","MokouMod:ResoluteFlare","MokouMod:FlareStarter","MokouMod:BurningDraft","MokouMod:RisingSunBarrier+1","MokouMod:RisingSunBarrier+1","MokouMod:GuidingSmoke","MokouMod:IndiscriminateIgnition","MokouMod:AdaptivePyromancy","MokouMod:ScorchedEarth","MokouMod:Rebirth","MokouMod:EnchantingBambooForest","MokouMod:SacredFire","MokouMod:ExplosiveFlame","MokouMod:HouraiForge","MokouMod:ScorchedEarth+1","Writhe","MokouMod:FlareStarter","MokouMod:FlamingFireTalons+1","MokouMod:ResoluteFlare","MokouMod:Burn","MokouMod:InfernalWave+1","MokouMod:BurningHiddenBullet+1","MokouMod:InfernalWave+1","MokouMod:DanceofFlames","MokouMod:SearingShot+1"],"relics":["MokouMod:PhoenixFeather","StSpp:WoodenPendulum","jedi:firstaidkit","construct:WeddingRing","Oddly Smooth Stone","betterThird:NestCultRelic","DemoMod:MemoryAlloy","hubris:TenFootPole","Runesmith:AutoHammer","Molten Egg 2","StSpp:Balance","hubris:Icosahedron","Anchor","Runesmith:Nanobots"],"acts_visited":["Exordium","TheCity","TheBeyond"],"potions_floor_usage":[16],"damage_taken":[{"damage":0,"enemies":"conspire:RoseBush","floor":1,"turns":4},{"damage":10,"enemies":"Jaw Worm","floor":3,"turns":4},{"damage":75,"enemies":"Lagavulin","floor":7,"turns":13},{"damage":1,"enemies":"2 Louse","floor":8,"turns":4},{"damage":5,"enemies":"Looter","floor":10,"turns":4},{"damage":30,"enemies":"Exordium Thugs","floor":12,"turns":6},{"damage":4,"enemies":"2 Fungi Beasts","floor":13,"turns":3},{"damage":7,"enemies":"Blue Slaver","floor":14,"turns":4},{"damage":43,"enemies":"Slime Boss","floor":16,"turns":14},{"damage":54,"enemies":"conspire:FuzzyDice","floor":18,"turns":10},{"damage":7,"enemies":"conspire:HollyBat","floor":22,"turns":10},{"damage":4,"enemies":"HollowMod:Nosk","floor":24,"turns":9},{"damage":40,"enemies":"Cultist and Chosen","floor":27,"turns":10},{"damage":0,"enemies":"hubris:Merchant","floor":30,"turns":1},{"damage":58,"enemies":"Snake Plant","floor":31,"turns":7},{"damage":19,"enemies":"conspire:MysteriousRune","floor":33,"turns":13},{"damage":66,"enemies":"3 Shapes","floor":35,"turns":5},{"damage":42,"enemies":"Orb Walker","floor":39,"turns":6},{"damage":88,"enemies":"Reptomancer","floor":41,"turns":2}],"seed_played":"-7931364300112327140","potions_obtained":[{"floor":1,"key":"SteroidPotion"},{"floor":3,"key":"jedi:hoardpotion"},{"floor":16,"key":"ColorlessPotion"},{"floor":31,"key":"Block Potion"},{"floor":33,"key":"DemoMod:LeadSkinPotion"}],"is_trial":false,"path_per_floor":["M","?","M","$","?","R","E","M","T","M","R","M","M","M","R","B",null,"M","?","?","T","M","R","E","R","T","M","?","$","$","M","R","B",null,"M","?","$","?","M","R","E"],"character_chosen":"MKU","items_purchased":["MokouMod:BurningDraft","Molten Egg 2","MokouMod:DanceofFlames","Anchor"],"campfire_rested":3,"item_purchase_floors":[4,29,37,37],"current_hp_per_floor":[75,75,65,65,65,65,18,17,17,15,37,24,22,17,39,36,75,75,75,75,75,71,71,70,70,70,74,74,74,74,50,50,55,75,56,56,56,56,19,41,0,0],"gold":216,"neow_bonus":"ONE_RANDOM_RARE_CARD","is_daily":false,"chose_seed":false,"campfire_upgraded":4,"win_rate":0.0,"timestamp":1610920473,"path_taken":["M","?","M","?","?","R","E","M","T","M","R","M","M","M","R","BOSS","M","?","?","?","M","R","E","R","T","?","?","?","$","M","R","BOSS","M","?","$","?","?","R","E"],"items_purchased_type":["Card","Relic","Card","Relic"],"build_version":"2020-12-22","purchased_purges":0,"victory":false,"max_hp_per_floor":[75,75,75,75,75,75,75,75,75,75,75,75,75,75,75,75,75,75,75,75,75,75,75,75,75,75,75,75,75,75,75,75,75,75,75,75,75,75,75,75,75,75],"card_choices":[{"not_picked":["MokouMod:Wildfire","MokouMod:Cataclysm"],"picked":"MokouMod:ResoluteFlare","floor":1},{"not_picked":["MokouMod:Ember","MokouMod:Stoke"],"picked":"MokouMod:FlareStarter","floor":3},{"not_picked":["MokouMod:Trailblazer","MokouMod:Stoke"],"picked":"MokouMod:RisingSunBarrier","floor":7},{"not_picked":["MokouMod:BlazingComet","MokouMod:Overheat","MokouMod:SacredFire","MokouMod:SearingShot"],"picked":"MokouMod:RisingSunBarrier","floor":8},{"not_picked":["MokouMod:RoaringFlare","MokouMod:FlickeringFlame","MokouMod:AdaptivePyromancy","MokouMod:FujiyamaVolcano"],"picked":"MokouMod:GuidingSmoke","floor":10},{"not_picked":["MokouMod:InfernalWave","MokouMod:Overheat","MokouMod:BurningDraft","MokouMod:HeatTransfer"],"picked":"MokouMod:IndiscriminateIgnition","floor":12},{"not_picked":["MokouMod:Ember","MokouMod:BlazingComet","MokouMod:Burn","MokouMod:SubterraneanCore"],"picked":"MokouMod:AdaptivePyromancy","floor":13},{"not_picked":["MokouMod:SearingShot","MokouMod:RoaringFlare","MokouMod:EternalBurstReactor","MokouMod:Meltdown"],"picked":"MokouMod:ScorchedEarth","floor":14},{"not_picked":["MokouMod:RetainTemperature","MokouMod:InfernalWave","MokouMod:FlamingFireTalons","MokouMod:Stoke"],"picked":"MokouMod:ScorchedEarth+1","floor":18},{"not_picked":["MokouMod:Singe+1","MokouMod:IllusoryBattlefield+1","MokouMod:EternalBurstReactor","MokouMod:Stoke"],"picked":"MokouMod:FlareStarter","floor":22},{"not_picked":["MokouMod:EternalBurstReactor","MokouMod:Meltdown","MokouMod:ScorchedEarth+1","MokouMod:Combust"],"picked":"MokouMod:FlamingFireTalons+1","floor":24},{"not_picked":["MokouMod:ScorchingColumn","MokouMod:ImperishableFlame","MokouMod:FujiyamaVolcano","MokouMod:ControlledCombustion+1"],"picked":"MokouMod:ResoluteFlare","floor":27},{"not_picked":["MokouMod:FujiyamaVolcano+1","MokouMod:Stoke+1","MokouMod:RoaringFlare+1","MokouMod:IgnitionBarrier"],"picked":"MokouMod:InfernalWave+1","floor":31},{"not_picked":["MokouMod:Geothermal+1","MokouMod:SacredFire+1","MokouMod:ProfanedFlare","MokouMod:SearingBlow+1"],"picked":"MokouMod:BurningHiddenBullet+1","floor":33},{"not_picked":["MokouMod:IllusoryBattlefield+1","MokouMod:ShiftIgnition+1","MokouMod:AdaptivePyromancy+1","MokouMod:ImperishableFlame+1"],"picked":"MokouMod:InfernalWave+1","floor":35},{"not_picked":["MokouMod:FujiyamaVolcano+1","MokouMod:Stoke+1","MokouMod:AdaptivePyromancy+1","MokouMod:RetainTemperature+1"],"picked":"MokouMod:SearingShot+1","floor":39}],"player_experience":87665,"relics_obtained":[{"floor":7,"key":"StSpp:WoodenPendulum"},{"floor":9,"key":"jedi:firstaidkit"},{"floor":21,"key":"DemoMod:MemoryAlloy"},{"floor":24,"key":"hubris:TenFootPole"},{"floor":26,"key":"Runesmith:AutoHammer"}],"event_choices":[{"damage_healed":0,"gold_gain":100,"player_choice":"Pray","damage_taken":0,"max_hp_gain":0,"max_hp_loss":0,"event_name":"Golden Shrine","floor":5,"gold_loss":0},{"damage_healed":0,"gold_gain":0,"player_choice":"Opened","damage_taken":0,"relics_obtained":["Oddly Smooth Stone"],"max_hp_gain":0,"max_hp_loss":0,"event_name":"The Mausoleum","floor":19,"gold_loss":0,"cards_obtained":["Writhe"]},{"damage_healed":0,"gold_gain":0,"player_choice":"Madness","damage_taken":0,"relics_obtained":["betterThird:NestCultRelic"],"max_hp_gain":0,"max_hp_loss":0,"event_name":"betterThird:BetterNest","floor":20,"gold_loss":0},{"damage_healed":0,"gold_gain":0,"player_choice":"Read","damage_taken":0,"max_hp_gain":0,"max_hp_loss":0,"event_name":"The Library","floor":28,"gold_loss":0,"cards_obtained":["MokouMod:Burn"]},{"damage_healed":0,"gold_gain":0,"player_choice":"Gave Potion","damage_taken":0,"relics_obtained":["Runesmith:Nanobots"],"max_hp_gain":0,"max_hp_loss":0,"event_name":"WeMeetAgain","floor":38,"gold_loss":0}],"is_beta":false,"boss_relics":[{"not_picked":["Ectoplasm","vexMod:FluxCapacitor"],"picked":"construct:WeddingRing"},{"not_picked":["jedi:paperlyon","hubris:CrackedHourglass"],"picked":"StSpp:Balance"}],"items_purged_floors":[],"is_endless":false,"potions_floor_spawned":[1,3,16,31,33],"killed_by":"Reptomancer","ascension_level":0}}