{"host":"f9ztaq6figs4snwj","time":1610910440,"event":{"mods":["BaseMod","Bestiary","Colored Map","Curses Come First","Hubris","Minty Spire (QoL Compilation)","Replay The Spire","StSLib"],"gold_per_floor":[113,113,123,123,133,133,149,149,217,237,237,248,261,271,271,373,373,384,402,402,416,427,427,442,558,558,558,575,575,64,81,81,180,180,199,124,124,124],"floor_reached":37,"language":"ENG","playtime":3087,"items_purged":["Strike_G"],"score":394,"play_id":"c13743f8-a7c7-4d0d-8ae8-abb76af6d49b","local_time":"20210117200720","is_ascension_mode":false,"campfire_choices":[{"data":"Dagger Throw","floor":6,"key":"SMITH"},{"data":"Replay:Bag of Tricks","floor":15,"key":"SMITH"},{"floor":23,"key":"REST"},{"floor":27,"key":"REST"},{"data":"ReplayTheSpireMod:Scrap Shanks","floor":29,"key":"SMITH"},{"floor":32,"key":"REST"}],"circlet_count":0,"master_deck":["Strike_G","Strike_G","Defend_G","Defend_G","Defend_G","Defend_G","Defend_G","Survivor","Neutralize","Replay:Bag of Tricks+1","Dagger Throw+1","Hidden Blade","hubris:TrickCloak","All Out Attack","Prepared","ReplayTheSpireMod:Tripwire","Tools of the Trade+1","Acrobatics","Acrobatics+1","ReplayTheSpireMod:Scrap Shanks+1","Underhanded Strike","Dagger Throw","Dagger Throw+1","ReplayUltimateDefense+1","hubris:SlightOfHand","Storm of Steel","Poison Darts"],"relics":["Ring of the Snake","hubris:Icosahedron","WarpedTongs","Pear","CultistMask","Empty Cage","Frozen Egg 2","Oddly Smooth Stone","PreservedInsect","hubris:HollowSoul"],"acts_visited":["Exordium","TheCity","TheBeyond"],"potions_floor_usage":[16,21,22,22,22,33,35,37],"damage_taken":[{"damage":0,"enemies":"Small Slimes","floor":1,"turns":3},{"damage":0,"enemies":"Cultist","floor":3,"turns":3},{"damage":0,"enemies":"2 Louse","floor":5,"turns":3},{"damage":3,"enemies":"2 Fungi Beasts","floor":7,"turns":3},{"damage":16,"enemies":"Lots of Slimes","floor":10,"turns":4},{"damage":25,"enemies":"Gremlin Gang","floor":12,"turns":6},{"damage":12,"enemies":"Exordium Wildlife","floor":13,"turns":3},{"damage":5,"enemies":"Lots of Slimes","floor":14,"turns":2},{"damage":30,"enemies":"The Guardian","floor":16,"turns":13},{"damage":12,"enemies":"Chosen","floor":18,"turns":5},{"damage":28,"enemies":"3 Byrds","floor":19,"turns":4},{"damage":37,"enemies":"Snecko","floor":21,"turns":12},{"damage":6,"enemies":"Shelled Parasite and Fungi","floor":22,"turns":7},{"damage":0,"enemies":"Cultist and Chosen","floor":24,"turns":5},{"damage":11,"enemies":"Snake Plant","floor":25,"turns":5},{"damage":11,"enemies":"Shelled Parasite and Fungi","floor":28,"turns":5},{"damage":16,"enemies":"Chosen and Byrds","floor":31,"turns":6},{"damage":17,"enemies":"hubris:MusketHawk","floor":33,"turns":8},{"damage":3,"enemies":"Orb Walker","floor":35,"turns":4},{"damage":77,"enemies":"3 Darklings","floor":37,"turns":9}],"seed_played":"-897356086736185467","potions_obtained":[{"floor":7,"key":"Elixir"},{"floor":10,"key":"BlessingOfTheForge"},{"floor":12,"key":"FearPotion"},{"floor":16,"key":"DuplicationPotion"},{"floor":21,"key":"Fruit Juice"},{"floor":22,"key":"SteroidPotion"},{"floor":33,"key":"Adrenaline Potion"},{"floor":35,"key":"CultistPotion"}],"is_trial":false,"path_per_floor":["M","?","M","?","M","R","M","?","T","M","?","M","M","M","R","B",null,"M","M","?","M","M","R","M","M","T","R","M","R","$","M","R","B",null,"M","$","M"],"character_chosen":"THE_SILENT","items_purchased":["ReplayUltimateDefense+1","hubris:SlightOfHand","Oddly Smooth Stone","PreservedInsect"],"campfire_rested":3,"item_purchase_floors":[30,30,30,30],"current_hp_per_floor":[70,70,70,70,70,70,67,67,77,61,61,36,69,64,64,34,80,68,40,40,3,2,27,27,16,16,41,30,30,30,14,39,22,85,82,82,5,5],"gold":124,"neow_bonus":"ONE_RANDOM_RARE_CARD","is_daily":false,"chose_seed":false,"campfire_upgraded":3,"win_rate":0.0,"timestamp":1610910440,"path_taken":["M","?","M","?","M","R","M","?","T","?","?","?","?","M","R","BOSS","M","M","?","M","M","R","M","M","T","R","?","R","$","M","R","BOSS","M","$","M"],"items_purchased_type":["Card","Card","Relic","Relic"],"build_version":"2020-12-22","purchased_purges":1,"victory":false,"max_hp_per_floor":[70,70,70,70,70,70,70,70,80,80,80,80,80,80,80,80,80,80,80,80,80,85,85,85,85,85,85,85,85,85,85,85,85,85,85,85,85,85],"card_choices":[{"not_picked":["hubris:Sniper","Deflect"],"picked":"Dagger Throw","floor":1},{"not_picked":["Endless Agony","Predator"],"picked":"Hidden Blade","floor":3},{"not_picked":["Slice","Dagger Throw"],"picked":"All Out Attack","floor":5},{"not_picked":["Dodge and Roll","Footwork"],"picked":"Prepared","floor":7},{"not_picked":["Poisoned Stab","Outmaneuver","Slice"],"picked":"SKIP","floor":10},{"not_picked":["Sucker Punch","Poisoned Stab","Distraction"],"picked":"SKIP","floor":12},{"not_picked":["Bane","Venomology"],"picked":"ReplayTheSpireMod:Tripwire","floor":13},{"not_picked":["Deadly Poison","Hidden Blade","Bane"],"picked":"SKIP","floor":14},{"not_picked":["Unload","Envenom"],"picked":"Tools of the Trade","floor":16},{"not_picked":["Toxin Wave","Endless Agony"],"picked":"Acrobatics","floor":18},{"not_picked":["Dodge and Roll","Bouncing Flask"],"picked":"Acrobatics+1","floor":19},{"not_picked":["Dagger Throw","Bane"],"picked":"ReplayTheSpireMod:Scrap Shanks","floor":21},{"not_picked":["Distraction","Cloak And Dagger+1"],"picked":"Underhanded Strike","floor":22},{"not_picked":["Bane","Heel Hook+1"],"picked":"Dagger Throw","floor":24},{"not_picked":["Sucker Punch+1","Dodge and Roll+1","Hidden Blade"],"picked":"SKIP","floor":25},{"not_picked":["Cloak And Dagger+1","PiercingWail"],"picked":"Dagger Throw+1","floor":28},{"not_picked":["PiercingWail","Acrobatics+1"],"picked":"Storm of Steel","floor":31},{"not_picked":["ReplayTheSpireMod:Necrosis","Replay:Bag of Tricks"],"picked":"Poison Darts","floor":33},{"not_picked":["Deadly Poison","Prepared","PiercingWail+1"],"picked":"SKIP","floor":35}],"player_experience":382951,"relics_obtained":[{"floor":9,"key":"Pear"},{"floor":26,"key":"Frozen Egg 2"}],"event_choices":[{"damage_healed":0,"gold_gain":0,"cards_transformed":["Strike_G"],"player_choice":"Change","damage_taken":0,"max_hp_gain":0,"max_hp_loss":0,"event_name":"Living Wall","floor":4,"gold_loss":0,"cards_obtained":["hubris:TrickCloak"]},{"damage_healed":0,"gold_gain":0,"player_choice":"Rummage","damage_taken":0,"relics_obtained":["WarpedTongs"],"max_hp_gain":0,"max_hp_loss":0,"event_name":"Accursed Blacksmith","floor":8,"gold_loss":0,"cards_obtained":["Pain"]},{"damage_healed":0,"gold_gain":0,"player_choice":"Trade","damage_taken":0,"relics_obtained":["CultistMask"],"max_hp_gain":0,"max_hp_loss":0,"event_name":"FaceTrader","floor":11,"gold_loss":0},{"damage_healed":0,"gold_gain":0,"player_choice":"Upgraded","damage_taken":0,"max_hp_gain":0,"max_hp_loss":0,"event_name":"Upgrade Shrine","floor":20,"gold_loss":0,"cards_upgraded":["Tools of the Trade"]}],"is_beta":false,"boss_relics":[{"not_picked":["Philosopher\u0027s Stone","hubris:BlackHole"],"picked":"Empty Cage"},{"not_picked":["Snecko Scales","Replay:Bronze Core"],"picked":"hubris:HollowSoul"}],"items_purged_floors":[36],"is_endless":false,"potions_floor_spawned":[7,10,12,14,16,19,21,22,33,35],"killed_by":"3 Darklings","ascension_level":0}}