{"host":"08t08ld674si40tv","time":1610886119,"event":{"mods":["AchievementEnabler","BaseMod","Colored Map","Minty Spire (QoL Compilation)","StSLib","SuperFastMode"],"gold_per_floor":[18,18,18,38,21,21,21,31,31,49,65,95,121,91,91,169,169,183,183,22,22,41,41,41,41],"floor_reached":24,"language":"KOR","playtime":515,"items_purged":["Strike_B"],"score":359,"play_id":"027712b2-086e-4eab-a36a-e14388e98206","local_time":"20210117212159","is_ascension_mode":true,"campfire_choices":[{"data":"Dualcast","floor":6,"key":"SMITH"},{"data":"Defragment","floor":15,"key":"SMITH"},{"data":"Creative AI","floor":23,"key":"SMITH"}],"circlet_count":0,"master_deck":["AscendersBane","Strike_B","Defend_B","Defend_B","Zap","Dualcast+1","Rebound","Rip and Tear","FTL","Defragment+1","Creative AI+1","Chaos","Hologram","Cold Snap"],"relics":["FrozenCore","Gremlin Horn","Pocketwatch","Odd Mushroom","DataDisk"],"acts_visited":["Exordium","TheCity"],"potions_floor_usage":[12,13,13],"damage_taken":[{"damage":3,"enemies":"2 Louse","floor":1,"turns":3},{"damage":7,"enemies":"Jaw Worm","floor":4,"turns":2},{"damage":0,"enemies":"Cultist","floor":8,"turns":2},{"damage":6,"enemies":"Blue Slaver","floor":10,"turns":3},{"damage":9,"enemies":"3 Louse","floor":11,"turns":2},{"damage":15,"enemies":"Gremlin Nob","floor":12,"turns":3},{"damage":0,"enemies":"The Mushroom Lair","floor":13,"turns":3},{"damage":11,"enemies":"Hexaghost","floor":16,"turns":10},{"damage":12,"enemies":"Shell Parasite","floor":18,"turns":6},{"damage":0,"enemies":"Chosen","floor":22,"turns":8}],"seed_played":"1897414546920962298","potions_obtained":[{"floor":10,"key":"Swift Potion"},{"floor":11,"key":"Swift Potion"},{"floor":12,"key":"Swift Potion"},{"floor":13,"key":"Swift Potion"},{"floor":22,"key":"SkillPotion"}],"is_trial":false,"path_per_floor":["M","?","?","M","$","R","?","M","T","M","M","E","?","$","R","B",null,"M","?","$","?","M","R","$"],"character_chosen":"DEFECT","items_purchased":["FTL","Cold Snap","DataDisk"],"campfire_rested":0,"item_purchase_floors":[5,14,20],"current_hp_per_floor":[61,61,66,59,59,59,59,59,59,53,44,29,29,29,29,18,62,50,50,50,50,50,50,50,50],"gold":41,"neow_bonus":"REMOVE_TWO","is_daily":false,"chose_seed":false,"campfire_upgraded":3,"win_rate":0.0,"timestamp":1610886119,"path_taken":["M","?","?","M","$","R","?","M","T","?","M","E","?","$","R","BOSS","M","?","$","?","M","R","?"],"items_purchased_type":["Card","Card","Relic"],"build_version":"2020-12-22","purchased_purges":1,"victory":false,"max_hp_per_floor":[71,71,76,76,76,76,76,76,76,76,76,76,76,76,76,76,76,76,76,76,76,76,76,76,76],"card_choices":[{"not_picked":["Gash","Leap"],"picked":"Rebound","floor":1},{"not_picked":["Turbo","Leap","Steam"],"picked":"SKIP","floor":4},{"not_picked":["Leap","Steam","Go for the Eyes"],"picked":"SKIP","floor":8},{"not_picked":["Gash","Redo"],"picked":"Defragment","floor":10},{"not_picked":["Force Field","Steam"],"picked":"Creative AI","floor":11},{"not_picked":["Skim","FTL"],"picked":"Chaos","floor":12},{"not_picked":["Leap","Steam"],"picked":"Hologram","floor":13},{"not_picked":["Beam Cell","Compile Driver","Auto Shields"],"picked":"SKIP","floor":18},{"not_picked":["Barrage","Cold Snap","Ball Lightning"],"picked":"SKIP","floor":22}],"player_experience":240967,"relics_obtained":[{"floor":9,"key":"Gremlin Horn"},{"floor":12,"key":"Pocketwatch"},{"floor":13,"key":"Odd Mushroom"}],"event_choices":[{"damage_healed":0,"gold_gain":0,"cards_transformed":["Strike_B"],"player_choice":"Change","damage_taken":0,"max_hp_gain":0,"max_hp_loss":0,"event_name":"Living Wall","floor":2,"gold_loss":0,"cards_obtained":["Rip and Tear"]},{"damage_healed":0,"gold_gain":0,"player_choice":"Donut","damage_taken":0,"max_hp_gain":5,"max_hp_loss":0,"event_name":"Big Fish","floor":3,"gold_loss":0},{"cards_removed":["Defend_B"],"damage_healed":0,"gold_gain":0,"player_choice":"Purged","damage_taken":0,"max_hp_gain":0,"max_hp_loss":0,"event_name":"Purifier","floor":7,"gold_loss":0},{"damage_healed":0,"gold_gain":0,"player_choice":"Fought Mushrooms","damage_taken":0,"max_hp_gain":0,"max_hp_loss":0,"event_name":"Mushrooms","floor":13,"gold_loss":0},{"damage_healed":0,"gold_gain":0,"player_choice":"Ignored","damage_taken":0,"max_hp_gain":0,"max_hp_loss":0,"event_name":"Ghosts","floor":19,"gold_loss":0},{"damage_healed":0,"gold_gain":0,"player_choice":"Ignored","damage_taken":0,"max_hp_gain":0,"max_hp_loss":0,"event_name":"Vampires","floor":21,"gold_loss":0}],"is_beta":false,"boss_relics":[{"not_picked":["Pandora\u0027s Box","Runic Dome"],"picked":"FrozenCore"}],"items_purged_floors":[5],"is_endless":false,"potions_floor_spawned":[10,11,12,13,22],"ascension_level":17}}