{"host":"jfbo3eu2ui08ej1u","time":1610864383,"event":{"mods":["2.2 Compatiblity","AchievementEnabler","Act Like it!","Aspiration","BaseMod","Better Altar","Better Match","Better Note","Better Sensory Stone","Better Skull","Better Third Choice","Block Reminder","Colored Map","Colored Powertips","Conspire","DeckTracker","Displayed Cursed Tome","Energized Spire","Fox Events","GifTheSpireLib","Hubris","Infinite Spire","Marked Mod","Minty Spire (QoL Compilation)","Pale of the Ancients","Quick Restart","Relic Filter","Reorder Act Four","Replay The Spire","Shop Mod","Spicy Shops","StSLib","Stuff the Spire","The Blue Laboratory","The Disciple","The Forsaken","The Hierophant","The Marked","Uncapped","Unceasing Turn Reminder","Wandering Minibosses"],"gold_per_floor":[114,114,133,144,161,195,195,212,212,245,245,277,277,289,289,367,367,384,403,403,403,403],"floor_reached":21,"language":"ENG","playtime":971,"items_purged":[],"score":402,"play_id":"ad59ea6c-6552-45bc-b299-8422eb86ef1f","local_time":"20210117011943","is_ascension_mode":true,"campfire_choices":[{"floor":7.0,"key":"REST"},{"floor":11.0,"key":"REST"},{"floor":13.0,"key":"REST"},{"data":"Study","floor":15.0,"key":"SMITH"}],"circlet_count":0,"master_deck":["AscendersBane","Strike_P","Strike_P","Strike_P","Defend_P","Defend_P","Defend_P","Defend_P","Eruption","Vigilance","SandsOfTime","BowlingBash","Collect","Prostrate","Replay:DivineShield","Replay:LoomingThreat","Replay:AtTheReady","Study+1","DeusExMachina"],"relics":["PureWater","Matryoshka","HornCleat","conspire:Boomerang","Orichalcum","Peace Pipe","energizedSpire:DeadBattery","FaceOfCleric"],"acts_visited":["Exordium","TheCity"],"potions_floor_usage":[18],"damage_taken":[{"damage":2.0,"enemies":"Jaw Worm","floor":1.0,"turns":6.0},{"damage":1.0,"enemies":"Cultist","floor":3.0,"turns":4.0},{"damage":0.0,"enemies":"2 Louse","floor":4.0,"turns":2.0},{"damage":15.0,"enemies":"Large Slime","floor":5.0,"turns":5.0},{"damage":44.0,"enemies":"Lagavulin","floor":6.0,"turns":8.0},{"damage":5.0,"enemies":"Gremlin Gang","floor":8.0,"turns":5.0},{"damage":8.0,"enemies":"Gremlin Nob","floor":10.0,"turns":3.0},{"damage":11.0,"enemies":"Lagavulin","floor":12.0,"turns":6.0},{"damage":0.0,"enemies":"Exordium Wildlife","floor":14.0,"turns":3.0},{"damage":30.0,"enemies":"The Guardian","floor":16.0,"turns":12.0},{"damage":4,"enemies":"conspire:FuzzyDice","floor":18,"turns":6},{"damage":20,"enemies":"Shell Parasite","floor":19,"turns":6},{"damage":61,"enemies":"Cultist and Chosen","floor":21,"turns":7}],"seed_played":"-4467979939582950730","potions_obtained":[{"floor":6.0,"key":"blueLaboratory:BubblePotion"},{"floor":8.0,"key":"Milkshake"},{"floor":10.0,"key":"blueLaboratory:EpiphanyPotion"},{"floor":12.0,"key":"blueLaboratory:FaithlessPotion"}],"is_trial":false,"path_per_floor":["M","?","M","M","M","E","R","M","T","E","R","E","R","M","R","B",null,"M","M","?","M"],"character_chosen":"WATCHER","items_purchased":[],"campfire_rested":3,"item_purchase_floors":[],"current_hp_per_floor":[65,65,64,64,49,5,27,22,22,14,36,25,47,47,47,17,60,56,36,36,0,0],"gold":403,"neow_bonus":"TEN_PERCENT_HP_BONUS","is_daily":false,"chose_seed":false,"campfire_upgraded":1,"win_rate":0.0,"timestamp":1610864383,"path_taken":["M","?","?","M","M","E","R","M","T","E","R","E","R","M","R","BOSS","M","M","?","M"],"items_purchased_type":[],"build_version":"2020-12-22","purchased_purges":0,"victory":false,"max_hp_per_floor":[74,74,74,74,74,74,74,74,74,74,74,74,74,74,74,74,74,74,74,74,74,74],"card_choices":[{"not_picked":["EmptyBody","InnerPeace"],"picked":"SandsOfTime","floor":1.0},{"not_picked":["PathToVictory","Crescendo"],"picked":"BowlingBash","floor":3.0},{"not_picked":["Replay:AtTheReady","BowlingBash"],"picked":"Collect","floor":4.0},{"not_picked":["MarkedMod:GentlePulse","Worship"],"picked":"Prostrate","floor":5.0},{"not_picked":["Nirvana","Replay:Vibes"],"picked":"Replay:DivineShield","floor":6.0},{"not_picked":["Collect","Replay:Battleflow","MarkedMod:GentlePulse"],"picked":"SKIP","floor":8.0},{"not_picked":["PathToVictory","Brilliance"],"picked":"Replay:LoomingThreat","floor":10.0},{"not_picked":["FollowUp","Wireheading"],"picked":"Replay:AtTheReady","floor":12.0},{"not_picked":["MarkedMod:GracefulMovements","ForeignInfluence"],"picked":"Study","floor":14.0},{"not_picked":["LessonLearned","Scrawl"],"picked":"DeusExMachina","floor":16.0},{"not_picked":["FlyingSleeves+1","EmptyFist","MarkedMod:FirstStrike"],"picked":"SKIP","floor":18},{"not_picked":["Replay:DivineShield","JustLucky","FollowUp"],"picked":"SKIP","floor":19}],"player_experience":1199984,"relics_obtained":[{"floor":6.0,"key":"Matryoshka"},{"floor":9.0,"key":"HornCleat"},{"floor":9.0,"key":"conspire:Boomerang"},{"floor":10.0,"key":"Orichalcum"},{"floor":12.0,"key":"Peace Pipe"}],"event_choices":[{"cards_removed":["Strike_P"],"damage_healed":0.0,"max_hp_gain":0.0,"max_hp_loss":0.0,"gold_gain":0.0,"event_name":"Purifier","player_choice":"Purged","floor":2.0,"gold_loss":0.0,"damage_taken":0.0},{"damage_healed":0,"gold_gain":0,"player_choice":"Trade","damage_taken":0,"relics_obtained":["FaceOfCleric"],"max_hp_gain":0,"max_hp_loss":0,"event_name":"FaceTrader","floor":20,"gold_loss":0}],"is_beta":false,"boss_relics":[{"not_picked":["Replay:Bronze Core","Coffee Dripper"],"picked":"energizedSpire:DeadBattery"}],"items_purged_floors":[],"is_endless":false,"potions_floor_spawned":[6,8,10,12,16],"killed_by":"Cultist and Chosen","ascension_level":20}}