{"host":"ooy9sn8qgs7oliwr","time":1610889906,"event":{"mods":["ATMod(阿瑾Mod)","Act Like it!","BaseMod","BetterRewards","Minty Spire (QoL Compilation)","Pale of the Ancients","Prisma Mod","Remilia_Scarlet Moed（蕾米莉亚・斯卡雷特）3.3.5","Replay The Spire","RumiaBox-露米娅的神秘盒子","StSLib","The Alterego","The Jungle","Yakumo Yukari mod","【遗物卡牌】REMEMod"],"gold_per_floor":[113,127,53,65,65,90,90,90,115,127,138,166,196,226,226,327,327,345,359,359,284,484,484,547,560,560,571,597,697,697,717,717,819,819,837,837,854,854,854],"floor_reached":38,"language":"ZHS","playtime":1795,"items_purged":[],"score":403,"play_id":"494c70bd-11b8-4f44-a58c-312085a648cd","local_time":"20210117212506","is_ascension_mode":true,"campfire_choices":[{"floor":7.0,"key":"REST"},{"floor":15.0,"key":"RECALL"},{"data":"alterego_mod:AlterEgo","floor":23.0,"key":"SMITH"},{"data":"ReplayTheSpireMod:Omega Cannon","floor":30,"key":"SMITH"},{"floor":32,"key":"DIG"}],"circlet_count":0,"master_deck":["Strike_B","Strike_B+1","Strike_B","Defend_B","Defend_B","Defend_B","Zap","Dualcast","alterego_mod:AlterEgo+1","AT_BreakingExtremeWeapon","Echo Form","Doom and Gloom+1","Self Repair","AT_RobotInSpace+1","Chaos+1","Coolheaded+1","AT_WaterDrop","ReplayTheSpireMod:System Scan+1","Rainbow+1","Sweeping Beam+1","Coolheaded+1","ReplayTheSpireMod:Omega Cannon+1","AbeCurse","Madness+1","Madness+1"],"relics":["Cracked Core","AT_ATBox","REME_ComplimentaryCards","Ring of Panic","ReplayTheSpireMod:Ring of Exchange","Toxic Egg 2","Whetstone","Odd Mushroom","AT_ArcaneBoots","Astrolabe","MagicDraw2","GodSword4","AT_ArchangelStaff","Happy Flower","Replay:Grab Bag","SlaversCollar","Busted Crown","Black Star"],"acts_visited":["Exordium","TheCity","TheBeyond"],"potions_floor_usage":[33,33],"damage_taken":[{"damage":10.0,"enemies":"Small Slimes","floor":1.0,"turns":4.0},{"damage":6.0,"enemies":"Jaw Worm","floor":2.0,"turns":4.0},{"damage":10.0,"enemies":"Cultist","floor":4.0,"turns":4.0},{"damage":21.0,"enemies":"3 Sentries","floor":6.0,"turns":7.0},{"damage":2.0,"enemies":"Blue Slaver","floor":10.0,"turns":3.0},{"damage":6.0,"enemies":"Large Slime","floor":11.0,"turns":3.0},{"damage":14.0,"enemies":"Gremlin Nob","floor":12.0,"turns":3.0},{"damage":0.0,"enemies":"The Mushroom Lair","floor":13.0,"turns":4.0},{"damage":9.0,"enemies":"Replay:BlueRogue","floor":14.0,"turns":3.0},{"damage":0.0,"enemies":"Slime Boss","floor":16.0,"turns":5.0},{"damage":4.0,"enemies":"Chosen","floor":18.0,"turns":6.0},{"damage":1.0,"enemies":"Spheric Guardian","floor":19.0,"turns":3.0},{"damage":29.0,"enemies":"REME_1_Revenger","floor":24.0,"turns":6.0},{"damage":11,"enemies":"Snake Plant","floor":25,"turns":4},{"damage":5,"enemies":"Cultist and Chosen","floor":27,"turns":2},{"damage":20,"enemies":"Slavers","floor":28,"turns":2},{"damage":0,"enemies":"3 Cultists","floor":31,"turns":2},{"damage":30,"enemies":"Pondfish","floor":33,"turns":11},{"damage":4,"enemies":"Orb Walker","floor":35,"turns":3},{"damage":38,"enemies":"3 Darklings","floor":37,"turns":3},{"damage":40,"enemies":"Transient","floor":38,"turns":4}],"seed_played":"-1954883973886341721","potions_obtained":[{"floor":2.0,"key":"EssenceOfSteel"},{"floor":4.0,"key":"DistilledChaos"},{"floor":8.0,"key":"AttackPotion"},{"floor":8.0,"key":"FocusPotion"},{"floor":8.0,"key":"Explosive Potion"},{"floor":10.0,"key":"PotionOfCapacity"},{"floor":14.0,"key":"REME_GoldPotion"},{"floor":25,"key":"Swift Potion"},{"floor":27,"key":"Swift Potion"},{"floor":35,"key":"Weak Potion"}],"is_trial":false,"path_per_floor":["M","M","$","M","?","E","R","?","T","M","M","E","?","E","R","B",null,"M","M","?","?","?","R","E","M","T","M","E","?","R","M","R","B",null,"M","?","M","M"],"character_chosen":"DEFECT","items_purchased":["Doom and Gloom"],"campfire_rested":1,"item_purchase_floors":[3],"current_hp_per_floor":[65,59,59,49,49,35,57,57,57,55,56,49,56,54,54,61,75,75,75,75,75,75,75,53,70,70,65,45,45,45,45,45,22,75,75,66,28,0,0],"gold":854,"neow_bonus":"ONE_RANDOM_RARE_CARD","is_daily":false,"chose_seed":false,"campfire_upgraded":2,"win_rate":0.0,"timestamp":1610889906,"path_taken":["M","M","$","M","?","E","R","?","T","M","?","E","?","E","R","BOSS","M","M","?","?","?","R","E","?","T","M","E","?","R","?","R","BOSS","M","?","M","M"],"items_purchased_type":["Card"],"build_version":"2020-12-22","purchased_purges":0,"victory":false,"max_hp_per_floor":[75,75,75,75,75,75,75,75,75,75,75,75,75,75,75,75,75,75,75,75,75,75,75,75,75,75,75,75,75,75,75,75,75,75,75,75,75,75,75],"card_choices":[{"not_picked":["ReplaySolidLightProjector","Steam","Rebound"],"picked":"SKIP","floor":1.0},{"not_picked":["Lockon","Gash","Cold Snap"],"picked":"SKIP","floor":2.0},{"not_picked":["Genetic Algorithm","REME_DataAnalysis"],"picked":"Self Repair","floor":4.0},{"not_picked":["Lockon","Stack+1"],"picked":"AT_RobotInSpace+1","floor":6.0},{"not_picked":["Sweeping Beam","Streamline","All For One"],"picked":"SKIP","floor":10.0},{"not_picked":["Go for the Eyes","Sweeping Beam"],"picked":"Chaos+1","floor":11.0},{"not_picked":["Steam+1","Beam Cell"],"picked":"Coolheaded+1","floor":12.0},{"not_picked":["AT_StudyProgram","Beam Cell"],"picked":"REME_DataAnalysis","floor":14.0},{"not_picked":["Seek+1","AT_RightCognition"],"picked":"AT_WaterDrop","floor":16.0},{"not_picked":["Steam+1","Panic Button+1","Compile Driver"],"picked":"SKIP","floor":18.0},{"not_picked":["Double Energy+1","Barrage","Cold Snap"],"picked":"SKIP","floor":19.0},{"not_picked":["ReplayRNGCard","Reboot"],"picked":"ReplayTheSpireMod:Omega Cannon","floor":22.0},{"not_picked":["Go for the Eyes","AT_HeatAcrobatics+1","REME_SelfUpgrade+1"],"picked":"SKIP","floor":24.0},{"not_picked":["Time Bomb+1","Ball Lightning+1","Consume+1"],"picked":"SKIP","floor":25},{"not_picked":["Genetic Algorithm+1","Sweeping Beam","Glacier+1"],"picked":"SKIP","floor":27},{"not_picked":["Double Energy+1","Rebound+1","Leap+1"],"picked":"SKIP","floor":28},{"not_picked":["REME_DataAnalysis+1","Compile Driver","ReplayTheSpireMod:System Scan+1"],"picked":"SKIP","floor":31},{"not_picked":["Barrage+1"],"picked":"SKIP","floor":35},{"not_picked":["Stack+1"],"picked":"SKIP","floor":37}],"player_experience":21971,"relics_obtained":[{"floor":5.0,"key":"Ring of Panic"},{"floor":5.0,"key":"ReplayTheSpireMod:Ring of Exchange"},{"floor":6.0,"key":"Toxic Egg 2"},{"floor":9.0,"key":"Whetstone"},{"floor":12.0,"key":"Pet Ghost"},{"floor":13.0,"key":"Odd Mushroom"},{"floor":14.0,"key":"AT_SpeedBoots"},{"floor":24.0,"key":"MagicDraw2"},{"floor":26,"key":"GodSword4"},{"floor":28,"key":"AT_ArchangelStaff"},{"floor":32,"key":"Happy Flower"}],"event_choices":[{"damage_healed":0.0,"max_hp_gain":0.0,"max_hp_loss":0.0,"gold_gain":0.0,"event_name":"Lab","player_choice":"Got Potions","floor":8.0,"gold_loss":0.0,"damage_taken":0.0},{"damage_healed":0.0,"max_hp_gain":0.0,"max_hp_loss":0.0,"gold_gain":0.0,"event_name":"Mushrooms","player_choice":"Fought Mushrooms","floor":13.0,"gold_loss":0.0,"damage_taken":0.0},{"damage_healed":0.0,"max_hp_gain":0.0,"max_hp_loss":0.0,"gold_gain":0.0,"event_name":"The Library","player_choice":"Read","floor":20.0,"gold_loss":0.0,"damage_taken":0.0,"cards_obtained":["Coolheaded"]},{"cards_removed":["Sickly"],"damage_healed":0.0,"max_hp_gain":0.0,"max_hp_loss":0.0,"gold_gain":0.0,"event_name":"Beggar","player_choice":"Gave Gold","floor":21.0,"gold_loss":75.0,"damage_taken":0.0},{"damage_healed":0,"gold_gain":100,"player_choice":"Pray","damage_taken":0,"max_hp_gain":0,"max_hp_loss":0,"event_name":"Golden Shrine","floor":29,"gold_loss":0},{"damage_healed":0,"gold_gain":0,"player_choice":"Embrace Madness","damage_taken":9,"max_hp_gain":0,"max_hp_loss":0,"event_name":"Winding Halls","floor":36,"gold_loss":0,"cards_obtained":["Madness","Madness"]}],"is_beta":false,"boss_relics":[{"not_picked":["AddBug","Strange Spoon"],"picked":"Astrolabe"},{"not_picked":["Medical Kit","Sozu"],"picked":"Replay:Grab Bag"},{"not_picked":["ChewingGum","Runic Dome"],"picked":"SlaversCollar"},{"not_picked":["Circlet","Circlet"],"picked":"Busted Crown"},{"not_picked":["Snecko Eye","Tiny House"],"picked":"Black Star"}],"items_purged_floors":[],"is_endless":false,"potions_floor_spawned":[2,4,10,12,13,14,19,25,27,31,35],"killed_by":"Transient","ascension_level":1}}