{"host":"uimu98mr9zvwuo5s","time":1610912994,"event":{"mods":["Aspiration","BaseMod","BetterRewards","Conspire","Defective Defect","GifTheSpireLib","Gremlin Mod","Highlight Path","Hubris","Infinite Spire","Jedi Mod","Minty Spire (QoL Compilation)","Replay The Spire","Shop Mod","StSLib","Stuff the Spire","Uncapped"],"gold_per_floor":[119,132,132,148,166,198,198,23,46,46,46,61,61,71,121,220,220,237,178,178,196,216,216,216,79,79,98,98,98,113,113,113,218,218,237,288,288,288,198,277,277,290,290,313,313,356,403,451,451,472,472],"floor_reached":50,"language":"ENG","playtime":2298,"items_purged":["Strike_B"],"score":652,"play_id":"13976331-f369-4f51-ae26-0da115fd97e0","local_time":"20210117144954","is_ascension_mode":false,"campfire_choices":[{"data":"Double Energy","floor":7.0,"key":"SMITH"},{"data":"Time Bomb","floor":11.0,"key":"SMITH"},{"floor":15.0,"key":"DIG"},{"data":"Strike_B","floor":23.0,"key":"SMITH"},{"data":"jedi:gatheringstorm","floor":28.0,"key":"SMITH"},{"data":"conspire:SpireCoStock","floor":32.0,"key":"SMITH"},{"data":"StuffTheSpire:ShieldGenerator","floor":41,"key":"SMITH"},{"data":"StuffTheSpire:ShieldGenerator+1","floor":45,"key":"SMITH"},{"data":"Multi-Cast","floor":49,"key":"SMITH"}],"circlet_count":0,"master_deck":["Strike_B+1","Strike_B","Defend_B","Defend_B","Defend_B+1","Defend_B","Zap","Dualcast","Time Bomb+1","StuffTheSpire:ShieldGenerator+2","StuffTheSpire:ShieldGenerator","Double Energy+1","Chill","jedi:gatheringstorm+1","Turbo+1","conspire:SpireCoStock+1","Multi-Cast+1"],"relics":["Cracked Core","MerchantsRug","Lantern","hubris:Zylophone","Chemical X","Gambling Chip","StuffTheSpire:CocoNut","aspiration:FetidBarrel","hubris:MobiusCoin","Letter Opener","Juzu Bracelet","jedi:paperlyon","jedi:laserpointer","hubris:TenFootPole","Nuclear Battery","jedi:heavyjacket","SlaversCollar","Durian","infinitespire:Satchel","ReplayTheSpireMod:Ninjato","hubris:ToyBattleship"],"acts_visited":["Exordium","TheCity","TheBeyond"],"potions_floor_usage":[50,50,50],"damage_taken":[{"damage":0.0,"enemies":"Cultist","floor":1.0,"turns":1.0},{"damage":0.0,"enemies":"2 Louse","floor":2.0,"turns":1.0},{"damage":0.0,"enemies":"Small Slimes","floor":4.0,"turns":2.0},{"damage":0.0,"enemies":"3 Louse","floor":5.0,"turns":1.0},{"damage":0.0,"enemies":"3 Sentries","floor":6.0,"turns":3.0},{"damage":0.0,"enemies":"Large Slime","floor":12.0,"turns":1.0},{"damage":0.0,"enemies":"2 Fungi Beasts","floor":14.0,"turns":1.0},{"damage":1.0,"enemies":"Fading Forest","floor":16.0,"turns":11.0},{"damage":4.0,"enemies":"Chosen","floor":18.0,"turns":2.0},{"damage":0.0,"enemies":"2 Thieves","floor":21.0,"turns":1.0},{"damage":0.0,"enemies":"Shelled Parasite and Fungi","floor":22.0,"turns":1.0},{"damage":0.0,"enemies":"Snecko","floor":27.0,"turns":1.0},{"damage":0.0,"enemies":"Centurion and Healer","floor":30.0,"turns":1.0},{"damage":4.0,"enemies":"hubris:MusketHawk","floor":33.0,"turns":2.0},{"damage":0.0,"enemies":"3 Shapes","floor":35.0,"turns":1.0},{"damage":0,"enemies":"infinitespire:Three Voidlings","floor":38,"turns":1},{"damage":0,"enemies":"Nightmare","floor":40,"turns":1},{"damage":0,"enemies":"3 Darklings","floor":42,"turns":1},{"damage":0,"enemies":"Spire Growth","floor":44,"turns":2},{"damage":0,"enemies":"Giant Head","floor":46,"turns":4},{"damage":15,"enemies":"Transient","floor":47,"turns":5},{"damage":0,"enemies":"Writhing Mass","floor":48,"turns":2},{"damage":120,"enemies":"LordOfAnnihilation","floor":50,"turns":7}],"seed_played":"5196891557575399624","potions_obtained":[{"floor":1.0,"key":"jedi:holywater"},{"floor":3.0,"key":"SteroidPotion"},{"floor":3.0,"key":"SpeedPotion"},{"floor":12.0,"key":"Elixir"},{"floor":18.0,"key":"Weak Potion"},{"floor":22.0,"key":"FearPotion"},{"floor":36.0,"key":"Reflective Coating"},{"floor":40,"key":"jedi:coolantleak"},{"floor":47,"key":"EssenceOfDarkness"}],"is_trial":false,"path_per_floor":["M","M","?","M","M","E","R","$","T","$","R","M","?","M","R","B",null,"M","$","?","M","M","R","?","$","T","M","R","?","M","?","R","B",null,"M","?","AVR","?","?","NM","R","M","T","M","R","E","M","M","R","B"],"character_chosen":"DEFECT","items_purchased":["MerchantsRug","Time Bomb","Lantern","hubris:Zylophone","StuffTheSpire:ShieldGenerator","Chemical X","Gambling Chip","StuffTheSpire:CocoNut","Double Energy","hubris:MobiusCoin","jedi:laserpointer"],"campfire_rested":0,"item_purchase_floors":[0,0,0,0,0,0,0,0,0,8,25],"current_hp_per_floor":[82,82,82,82,82,82,82,82,82,82,82,82,82,82,82,81,82,78,78,78,78,78,78,82,82,82,82,82,82,82,82,82,78,82,82,72,77,77,77,77,77,77,77,77,77,77,62,62,62,0,0],"gold":472,"neow_bonus":"","is_daily":false,"chose_seed":false,"campfire_upgraded":8,"win_rate":0.0,"timestamp":1610912994,"path_taken":["M","M","?","?","?","E","R","?","T","$","R","M","?","M","R","BOSS","M","$","?","M","M","R","?","$","T","M","R","?","M","?","R","BOSS","M","?","AVR","?","?","NM","R","M","T","M","R","E","M","M","R","BOSS"],"items_purchased_type":["Relic","Card","Relic","Relic","Card","Relic","Relic","Relic","Card","Relic","Relic"],"build_version":"2020-12-22","purchased_purges":1,"victory":false,"max_hp_per_floor":[82,82,82,82,82,82,82,82,82,82,82,82,82,82,82,82,82,82,82,82,82,82,82,82,82,82,82,82,82,82,82,82,82,82,82,82,87,87,87,87,87,87,87,87,87,87,87,87,87,87,87],"card_choices":[{"not_picked":["Ball Lightning","Static Discharge","Capacitor"],"picked":"SKIP","floor":1.0},{"not_picked":["ReplayTheSpireMod:Calculation Training","jedi:spotbugs","Sweeping Beam"],"picked":"SKIP","floor":2.0},{"not_picked":["Cold Snap","White Noise","Barrage"],"picked":"SKIP","floor":4.0},{"not_picked":["Rip and Tear","Steam"],"picked":"Chill","floor":5.0},{"not_picked":["Barrage","Rebound","StuffTheSpire:Plugnplay"],"picked":"SKIP","floor":6.0},{"not_picked":["Echo Form","Gash","ReplayTheSpireMod:System Scan"],"picked":"SKIP","floor":12.0},{"not_picked":["Ball Lightning","ReplayTheSpireMod:Dual Polarity","BasicCrystalCard"],"picked":"SKIP","floor":14.0},{"not_picked":["Hyperbeam","Biased Cognition"],"picked":"jedi:gatheringstorm","floor":16.0},{"not_picked":["Coolheaded+1","StuffTheSpire:LoadUp","Sweeping Beam"],"picked":"SKIP","floor":18.0},{"not_picked":["ReplayTheSpireMod:GoodbyeWorld","jedi:markofdeath"],"picked":"Turbo+1","floor":21.0},{"not_picked":["Go for the Eyes","ReplayTheSpireMod:GoodbyeWorld","Aggregate"],"picked":"SKIP","floor":22.0},{"not_picked":["conspire:SharedLibrary","BasicCrystalCard","Streamline"],"picked":"SKIP","floor":27.0},{"not_picked":["Turbo","Sweeping Beam+1","jedi:blockon"],"picked":"SKIP","floor":30.0},{"not_picked":["Thunder Strike","jedi:darknesscall"],"picked":"Multi-Cast","floor":33.0},{"not_picked":["jedi:BurstFrost","Sunder+1","Coolheaded+1"],"picked":"SKIP","floor":35.0},{"not_picked":["Redo+1","Stack+1","hubris:Ukulele"],"picked":"SKIP","floor":40},{"not_picked":["jedi:BurstFrost+1","Redo+1","StuffTheSpire:CleanHardDrive"],"picked":"SKIP","floor":42},{"not_picked":["Tempest+1","Redo+1","Scrape+1"],"picked":"SKIP","floor":44},{"not_picked":["Stack","Time Bomb+1","jedi:reiji+1"],"picked":"SKIP","floor":46},{"not_picked":["Melter","jedi:readyaimfire","Cold Snap+1"],"picked":"SKIP","floor":47},{"not_picked":["BootSequence","Stack+1","Turbo+1"],"picked":"SKIP","floor":48}],"player_experience":213722,"relics_obtained":[{"floor":6.0,"key":"aspiration:FetidBarrel"},{"floor":15.0,"key":"Juzu Bracelet"},{"floor":26.0,"key":"hubris:TenFootPole"},{"floor":36.0,"key":"jedi:heavyjacket"},{"floor":40,"key":"infinitespire:Satchel"},{"floor":43,"key":"ReplayTheSpireMod:Ninjato"},{"floor":46,"key":"hubris:ToyBattleship"}],"event_choices":[{"damage_healed":0.0,"max_hp_gain":0.0,"max_hp_loss":0.0,"gold_gain":0.0,"event_name":"Lab","player_choice":"Got Potions","floor":3.0,"gold_loss":0.0,"damage_taken":0.0},{"damage_healed":0.0,"max_hp_gain":0.0,"max_hp_loss":0.0,"gold_gain":0.0,"event_name":"WeMeetAgain","player_choice":"Gave Potion","floor":13.0,"gold_loss":0.0,"damage_taken":0.0,"relics_obtained":["Letter Opener"]},{"damage_healed":0.0,"max_hp_gain":0.0,"max_hp_loss":0.0,"gold_gain":0.0,"event_name":"NoteForYourself","player_choice":"Ignored","floor":20.0,"gold_loss":0.0,"damage_taken":0.0},{"damage_healed":0.0,"max_hp_gain":0.0,"max_hp_loss":0.0,"gold_gain":0.0,"event_name":"conspire:Investor","player_choice":"Invest 1","floor":29.0,"gold_loss":0.0,"damage_taken":0.0},{"cards_removed":["Strike_B"],"damage_healed":0,"gold_gain":0,"player_choice":"Upgrade and Remove","damage_taken":0,"max_hp_gain":0,"max_hp_loss":0,"event_name":"Designer","floor":39,"gold_loss":90,"cards_upgraded":["Defend_B"]}],"is_beta":false,"boss_relics":[{"not_picked":["Empty Cage","hubris:TerracottaHorce"],"picked":"jedi:paperlyon"},{"not_picked":["aspiration:FutureDiary","aspiration:RunicSpoon"],"picked":"Nuclear Battery"}],"items_purged_floors":[19],"is_endless":true,"potions_floor_spawned":[1,6,12,18,22,40,47,48],"killed_by":"LordOfAnnihilation","ascension_level":0}}