{"host":"qmlry8i8enac5s44","time":1610878045,"event":{"mods":["Act Like it!","BaseMod","Colored Map","Gensokyo","Luminous","Marisa£®ÏF”Í°°ƒß¿Ì…≥£©","Minty Spire (QoL Compilation)","StSLib","°æ“≈ŒÔø®≈∆°øREMEMod"],"gold_per_floor":[113,113,113,113,126,154,169,169,218,244,261,287,287,318,318,318,318],"floor_reached":16,"language":"ZHS","playtime":750,"items_purged":[],"score":206,"play_id":"c1db4a3a-7bfd-492c-9a8c-b1f323ecdcd8","local_time":"20210117180725","is_ascension_mode":true,"campfire_choices":[{"data":"PropBag","floor":8.0,"key":"SMITH"},{"data":"RefractionSpark","floor":13,"key":"SMITH"},{"floor":15,"key":"RECALL"}],"circlet_count":0,"master_deck":["Strike_MRS","Strike_MRS","Strike_MRS","Strike_MRS","Defend_MRS","Defend_MRS","Defend_MRS","Defend_MRS","MasterSpark","UpSweep","NonDirectionalLaser","PulseMagic","PropBag+1","RefractionSpark+1"],"relics":["MiniHakkero","REME_ComplimentaryCards","NeowsBlessing","Strawberry","The Courier","Gensokyo:MarisaIngredientList","Shuriken","Juzu Bracelet","HornCleat","Bag of Marbles","Blue Candle"],"acts_visited":["Exordium"],"potions_floor_usage":[12,16],"damage_taken":[{"damage":0.0,"enemies":"Gensokyo:2_Kodama","floor":1.0,"turns":1.0},{"damage":0.0,"enemies":"Gensokyo:Gryphon","floor":5.0,"turns":1.0},{"damage":0.0,"enemies":"Gensokyo:Cirno","floor":6.0,"turns":2.0},{"damage":7.0,"enemies":"Gensokyo:Python","floor":7.0,"turns":3.0},{"damage":10.0,"enemies":"Gensokyo:Mamizou","floor":10.0,"turns":7.0},{"damage":12,"enemies":"Gensokyo:Gryphon_and_Rabbit","floor":11,"turns":4},{"damage":19,"enemies":"Gensokyo:Aya","floor":12,"turns":4},{"damage":0,"enemies":"Gensokyo:Mamizou","floor":14,"turns":5},{"damage":36,"enemies":"Gensokyo:Yukari","floor":16,"turns":4}],"seed_played":"-6414408574098841718","potions_obtained":[{"floor":6.0,"key":"GamblersBrew"},{"floor":7.0,"key":"DistilledChaos"},{"floor":10,"key":"ShroomBrew"},{"floor":11,"key":"ShroomBrew"}],"is_trial":false,"path_per_floor":["M","?","T","?","M","E","M","R","T","E","M","E","R","E","R","B"],"character_chosen":"MARISA","items_purchased":[],"campfire_rested":0,"item_purchase_floors":[],"current_hp_per_floor":[75,72,72,72,72,72,65,65,65,55,43,36,36,36,36,0,0],"gold":318,"neow_bonus":"THREE_ENEMY_KILL","is_daily":false,"chose_seed":false,"campfire_upgraded":2,"win_rate":0.0,"timestamp":1610878045,"path_taken":["M","?","?","?","M","E","M","R","T","E","M","E","R","E","R","BOSS"],"items_purchased_type":[],"build_version":"2020-12-22","purchased_purges":0,"victory":false,"max_hp_per_floor":[75,82,82,82,82,82,82,82,82,82,82,82,82,82,82,82,82],"card_choices":[{"not_picked":["SprinkleStarSeal","IllusionStar","MysteriousBeam"],"picked":"SKIP","floor":1.0},{"not_picked":["GravityBeat","MysteriousBeam"],"picked":"NonDirectionalLaser","floor":5.0},{"not_picked":["AlicesGift","GravityBeat"],"picked":"PulseMagic","floor":6.0},{"not_picked":["DarkMatter","Acceleration"],"picked":"PropBag","floor":7.0},{"not_picked":["PowerUp","LuminesStrike","GravityBeat"],"picked":"SKIP","floor":10},{"not_picked":["UnstableBomb","ShootingEcho","BigCrunch"],"picked":"SKIP","floor":11},{"not_picked":["UnstableBomb","MagicAbsorber"],"picked":"RefractionSpark","floor":12},{"not_picked":["UnstableBomb","MagicAbsorber","SprinkleStarSeal"],"picked":"SKIP","floor":14}],"player_experience":348986,"relics_obtained":[{"floor":3.0,"key":"The Courier"},{"floor":6.0,"key":"Shuriken"},{"floor":10,"key":"Juzu Bracelet"},{"floor":12,"key":"HornCleat"},{"floor":14,"key":"Bag of Marbles"}],"event_choices":[],"is_beta":false,"boss_relics":[],"items_purged_floors":[],"is_endless":false,"potions_floor_spawned":[6,7,10,11],"killed_by":"Gensokyo:Yukari","ascension_level":4}}