{"host":"y76clbnovzmw9ubx","time":1610896600,"event":{"mods":["AchievementEnabler","BaseMod","Minty Spire (QoL Compilation)","Permanent Neow","Relic Stats"],"gold_per_floor":[113,123,139,32,44,75,75,75,75,104,134,134,145,164,164,238,238,238,238,59,0,0,0,0,0,0],"floor_reached":25,"language":"ENG","playtime":1069,"items_purged":["Strike_G"],"score":426,"play_id":"5e1b0032-2be1-480f-9482-04314d3763a3","local_time":"20210117101640","is_ascension_mode":true,"campfire_choices":[{"data":"Noxious Fumes","floor":7,"key":"SMITH"},{"floor":12,"key":"REST"},{"data":"Catalyst","floor":15,"key":"SMITH"},{"floor":23,"key":"REST"}],"circlet_count":0,"master_deck":["AscendersBane","Strike_G","Strike_G","Strike_G","Strike_G","Defend_G","Defend_G","Defend_G","Defend_G","Defend_G","Survivor","Neutralize","Doppelganger","Deflect","Dagger Spray","PiercingWail","Noxious Fumes+1","Deflect","Poisoned Stab","Catalyst+1","Blade Dance","Malaise","Backflip+1","Catalyst","Acrobatics","Predator+1","Skewer+1"],"relics":["Ring of the Snake","Ornamental Fan","Pantograph","Molten Egg 2","Ectoplasm"],"acts_visited":["Exordium","TheCity"],"potions_floor_usage":[6,10,18,25],"damage_taken":[{"damage":1,"enemies":"Small Slimes","floor":1,"turns":3},{"damage":0,"enemies":"2 Louse","floor":2,"turns":3},{"damage":0,"enemies":"Cultist","floor":3,"turns":4},{"damage":8,"enemies":"Exordium Wildlife","floor":5,"turns":5},{"damage":25,"enemies":"Lagavulin","floor":6,"turns":6},{"damage":24,"enemies":"Gremlin Nob","floor":10,"turns":4},{"damage":3,"enemies":"Looter","floor":13,"turns":4},{"damage":2,"enemies":"Lots of Slimes","floor":14,"turns":3},{"damage":33,"enemies":"The Guardian","floor":16,"turns":10},{"damage":4,"enemies":"3 Byrds","floor":18,"turns":3},{"damage":12,"enemies":"2 Thieves","floor":21,"turns":4},{"damage":14,"enemies":"Snake Plant","floor":24,"turns":4},{"damage":44,"enemies":"Gremlin Leader","floor":25,"turns":4}],"seed_played":"3437514564576394660","potions_obtained":[{"floor":1,"key":"DuplicationPotion"},{"floor":5,"key":"BlessingOfTheForge"},{"floor":10,"key":"Swift Potion"},{"floor":14,"key":"LiquidBronze"},{"floor":24,"key":"GamblersBrew"}],"is_trial":false,"path_per_floor":["M","M","M","$","M","E","R","?","T","E","?","R","M","M","R","B",null,"M","?","$","M","?","R","M","E"],"character_chosen":"THE_SILENT","items_purchased":["Noxious Fumes","Deflect","Catalyst","Acrobatics"],"campfire_rested":2,"item_purchase_floors":[4,4,20,20],"current_hp_per_floor":[58,58,58,58,50,25,25,25,25,1,1,20,17,15,15,7,51,47,41,41,29,29,48,34,0,0],"gold":0,"neow_bonus":"ONE_RANDOM_RARE_CARD","is_daily":false,"chose_seed":false,"campfire_upgraded":2,"win_rate":0.0,"timestamp":1610896600,"path_taken":["M","M","M","$","M","E","R","?","T","E","?","R","M","M","R","BOSS","M","?","$","?","?","R","M","E"],"items_purchased_type":["Card","Card","Card","Card"],"build_version":"2020-12-22","purchased_purges":1,"victory":false,"max_hp_per_floor":[66,66,66,66,66,66,66,66,66,66,66,66,66,66,66,66,66,66,66,66,66,66,66,66,66,66],"relic_stats":{"counters":[13,57],"Ornamental Fan":[56],"Pantograph":25,"Ectoplasm":115,"obtain_stats":[{"Ornamental Fan":6,"Pantograph":9,"Molten Egg 2":10,"Ectoplasm":17,"Ring of the Snake":0},{"Ornamental Fan":5,"Pantograph":5,"Molten Egg 2":6,"Ectoplasm":9,"Ring of the Snake":0},{"Ornamental Fan":21,"Pantograph":21,"Molten Egg 2":25,"Ectoplasm":42,"Ring of the Snake":0}],"Ring of the Snake":[26]},"card_choices":[{"not_picked":["Crippling Poison","Slice"],"picked":"Deflect","floor":1},{"not_picked":["Bane","Cloak And Dagger"],"picked":"Dagger Spray","floor":2},{"not_picked":["Escape Plan","Slice"],"picked":"PiercingWail","floor":3},{"not_picked":["Backstab","Accuracy"],"picked":"Poisoned Stab","floor":5},{"not_picked":["Dagger Throw","Deflect"],"picked":"Catalyst","floor":6},{"not_picked":["Reflex","Endless Agony+1"],"picked":"Blade Dance","floor":10},{"not_picked":["Flying Knee+1","Dagger Throw+1","Prepared"],"picked":"SKIP","floor":13},{"not_picked":["Unload+1","Prepared","Flying Knee+1"],"picked":"SKIP","floor":14},{"not_picked":["Bullet Time","Adrenaline"],"picked":"Malaise","floor":16},{"not_picked":["Prepared","Blade Dance"],"picked":"Backflip+1","floor":18},{"not_picked":["Terror","Dagger Throw+1"],"picked":"Predator+1","floor":21},{"not_picked":["Outmaneuver+1","Prepared"],"picked":"Skewer+1","floor":24}],"player_experience":3075671,"relics_obtained":[{"floor":6,"key":"Ornamental Fan"},{"floor":9,"key":"Pantograph"},{"floor":10,"key":"Molten Egg 2"}],"event_choices":[{"damage_healed":0,"gold_gain":0,"player_choice":"Ignored","damage_taken":0,"max_hp_gain":0,"max_hp_loss":0,"event_name":"Liars Game","floor":8,"gold_loss":0},{"damage_healed":0,"gold_gain":30,"player_choice":"Searched \u00271\u0027 times","damage_taken":0,"max_hp_gain":0,"max_hp_loss":0,"event_name":"Dead Adventurer","floor":11,"gold_loss":0},{"damage_healed":0,"gold_gain":0,"player_choice":"","damage_taken":6,"max_hp_gain":0,"max_hp_loss":0,"event_name":"Knowing Skull","floor":19,"potions_obtained":[],"gold_loss":0,"cards_obtained":[]},{"damage_healed":0,"gold_gain":50,"player_choice":"Stole From Cult","damage_taken":0,"max_hp_gain":0,"max_hp_loss":0,"event_name":"Nest","floor":22,"gold_loss":0}],"is_beta":false,"boss_relics":[{"not_picked":["Empty Cage","Tiny House"],"picked":"Ectoplasm"}],"items_purged_floors":[20],"is_endless":false,"potions_floor_spawned":[1,5,10,14,16,24],"killed_by":"Gremlin Leader","ascension_level":20}}