{"host":"cv77zuuuekizn3ic","time":1610856461,"event":{"mods":["AchievementEnabler","Act Like it!","BaseMod","Gensokyo","Marisa£®ÏF”Í°°ƒß¿Ì…≥£©","Minty Spire (QoL Compilation)","StSLib","Waifu the Spire","everything is the same but u backflip on backflip","slay the spire mod where everything is the same but ironclad has a cowboy hat"],"gold_per_floor":[119,119,130,148,164,164,178,178,178,194,210,210,229,229,229,328,328,347,235,251,72,82,82,116,131,131,131,131],"floor_reached":27,"language":"ZHS","playtime":1103,"items_purged":["Strike_R","Strike_R"],"score":229,"play_id":"e6a02897-8a4f-4b9a-8ce9-ca078ac5150c","local_time":"20210117120741","is_ascension_mode":false,"campfire_choices":[{"data":"Bash","floor":6.0,"key":"SMITH"},{"data":"Pommel Strike","floor":12.0,"key":"SMITH"},{"data":"Pommel Strike","floor":15.0,"key":"SMITH"},{"data":"Double Tap","floor":23.0,"key":"SMITH"}],"circlet_count":0,"master_deck":["Strike_R","Strike_R","Defend_R","Defend_R","Defend_R","Defend_R","Bash+1","Offering","Thunderclap","Shrug It Off","Rage","Dropkick","Pommel Strike+1","Pommel Strike+1","Double Tap+1","Shockwave","Sever Soul","True Grit","Battle Trance","Body Slam","Second Wind"],"relics":["Burning Blood"],"acts_visited":["Exordium","TheCity"],"potions_floor_usage":[],"damage_taken":[{"damage":7.0,"enemies":"Jaw Worm","floor":1.0,"turns":3.0},{"damage":6.0,"enemies":"2 Louse","floor":3.0,"turns":3.0},{"damage":6.0,"enemies":"Cultist","floor":4.0,"turns":3.0},{"damage":10.0,"enemies":"Looter","floor":5.0,"turns":3.0},{"damage":6.0,"enemies":"Exordium Thugs","floor":7.0,"turns":4.0},{"damage":6.0,"enemies":"2 Fungi Beasts","floor":10.0,"turns":2.0},{"damage":14.0,"enemies":"Large Slime","floor":11.0,"turns":5.0},{"damage":6.0,"enemies":"Blue Slaver","floor":13.0,"turns":1.0},{"damage":30.0,"enemies":"Slime Boss","floor":16.0,"turns":13.0},{"damage":30.0,"enemies":"2 Thieves","floor":18.0,"turns":4.0},{"damage":11.0,"enemies":"Chosen","floor":20.0,"turns":4.0},{"damage":6.0,"enemies":"Centurion and Healer","floor":22.0,"turns":3.0},{"damage":29.0,"enemies":"Slavers","floor":24.0,"turns":5.0},{"damage":29,"enemies":"Snake Plant","floor":25,"turns":4},{"damage":15,"enemies":"Shelled Parasite and Fungi","floor":27,"turns":4}],"seed_played":"-5456814411041557049","potions_obtained":[{"floor":3.0,"key":"Fruit Juice"},{"floor":4.0,"key":"SpeedPotion"},{"floor":5.0,"key":"SpeedPotion"},{"floor":16.0,"key":"SmokeBomb"},{"floor":22.0,"key":"Strength Potion"}],"is_trial":false,"path_per_floor":["M","?","M","M","M","R","M","?","T","M","M","R","M","?","R","B",null,"M","$","M","$","M","R","E","M","T","M"],"character_chosen":"IRONCLAD","items_purchased":["Sever Soul","Battle Trance"],"campfire_rested":0,"item_purchase_floors":[19,21],"current_hp_per_floor":[79,84,84,84,80,80,80,73,73,73,65,65,65,62,62,43,90,66,66,61,61,61,61,38,15,15,0,0],"gold":131,"neow_bonus":"ONE_RANDOM_RARE_CARD","is_daily":false,"chose_seed":false,"campfire_upgraded":4,"win_rate":0.0,"timestamp":1610856461,"path_taken":["M","?","M","M","M","R","M","?","T","M","M","R","M","?","R","BOSS","M","$","M","$","M","R","E","M","T","M"],"items_purchased_type":["Card","Card"],"build_version":"2020-12-22","purchased_purges":2,"victory":false,"max_hp_per_floor":[80,85,85,85,85,85,85,85,85,85,85,85,85,85,85,90,90,90,90,90,90,90,90,90,90,90,90,90],"card_choices":[{"not_picked":["True Grit","Entrench"],"picked":"Thunderclap","floor":1.0},{"not_picked":["Searing Blow","Intimidate"],"picked":"Shrug It Off","floor":3.0},{"not_picked":["Sever Soul","Sword Boomerang"],"picked":"Rage","floor":4.0},{"not_picked":["Sword Boomerang","Clothesline"],"picked":"Dropkick","floor":5.0},{"not_picked":["Twin Strike","Warcry"],"picked":"Pommel Strike","floor":7.0},{"not_picked":["Anger","Fiend Fire"],"picked":"Pommel Strike","floor":10.0},{"not_picked":["Reckless Charge","Sword Boomerang","Clothesline"],"picked":"SKIP","floor":11.0},{"not_picked":["Flex","Combust","Headbutt"],"picked":"SKIP","floor":13.0},{"not_picked":["Flex","Combust","Headbutt"],"picked":"SKIP","floor":13.0},{"not_picked":["Fiend Fire","Offering"],"picked":"Double Tap","floor":16.0},{"not_picked":["Pommel Strike","Havoc+1"],"picked":"Shockwave","floor":18.0},{"not_picked":["Havoc","Bludgeon"],"picked":"True Grit","floor":20.0},{"not_picked":["Iron Wave+1","Clash+1","Perfected Strike+1"],"picked":"SKIP","floor":22.0},{"not_picked":["Heavy Blade","Burning Pact"],"picked":"Body Slam","floor":24},{"not_picked":["Body Slam","Brutality"],"picked":"Second Wind","floor":25}],"player_experience":932374,"relics_obtained":[],"event_choices":[{"damage_healed":0.0,"max_hp_gain":5.0,"max_hp_loss":0.0,"gold_gain":0.0,"event_name":"Big Fish","player_choice":"Donut","floor":2.0,"gold_loss":0.0,"damage_taken":0.0},{"cards_removed":["Strike_R"],"damage_healed":0.0,"max_hp_gain":0.0,"max_hp_loss":0.0,"gold_gain":0.0,"event_name":"Golden Wing","player_choice":"Card Removal","floor":8.0,"gold_loss":0.0,"damage_taken":7.0},{"damage_healed":0.0,"max_hp_gain":0.0,"max_hp_loss":0.0,"gold_gain":0.0,"event_name":"Scrap Ooze","player_choice":"Fled","floor":14.0,"gold_loss":0.0,"damage_taken":3.0}],"is_beta":false,"boss_relics":[{"not_picked":["Busted Crown","SacredBark","Astrolabe"]}],"items_purged_floors":[19,21],"is_endless":false,"potions_floor_spawned":[3,4,5,11,16,18,22],"killed_by":"Shelled Parasite and Fungi","ascension_level":0}}