{"host":"at8674jmuidj9jgx","time":1610892523,"event":{"mods":["AchievementEnabler","BaseMod","Colored Map","Colored Powertips","Minty Spire (QoL Compilation)","SuperFastMode"],"gold_per_floor":[114,128,78,3,20,52,62,14,69,69,95,270,345,364,364,464,464,479,479,4,4,14,42,42,77,101,101,118,43,43,63,63,166,166,180,180,230,230,34,60,60,77,104,104,137,137,157,170,170,170,170],"floor_reached":50,"language":"ENG","playtime":3383,"items_purged":["Defend_G","Shame"],"score":596,"play_id":"4ffcf34e-dc78-4d74-afc1-7de4a802ac86","local_time":"20210117170843","is_ascension_mode":false,"campfire_choices":[{"data":"Acrobatics","floor":10,"key":"SMITH"},{"floor":15,"key":"REST"},{"data":"Reflex","floor":24,"key":"SMITH"},{"data":"Acrobatics","floor":27,"key":"SMITH"},{"data":"Underhanded Strike","floor":32,"key":"SMITH"},{"floor":41,"key":"REST"},{"floor":44,"key":"DIG"},{"floor":49,"key":"REST"}],"circlet_count":0,"master_deck":["Strike_G","Strike_G","Strike_G","Strike_G+1","Strike_G","Defend_G","Defend_G","Defend_G","Survivor","Neutralize","Acrobatics+1","Underhanded Strike+1","Acrobatics+1","All Out Attack","Underhanded Strike","All Out Attack+1","Choke","Doppelganger","Underhanded Strike+1","Prepared","Reflex+1","Choke","Prepared+1","Skewer+1","Burst","Riddle With Holes+1","Tactician+1","Underhanded Strike+1","Distraction"],"relics":["Ring of the Snake","White Beast Statue","Bronze Scales","Smiling Mask","Snecko Eye","Boot","Thread and Needle","Whetstone","Eternal Feather","Bottled Lightning","Omamori","MutagenicStrength","Fusion Hammer","Shovel","Ancient Tea Set","MealTicket","Toy Ornithopter","Regal Pillow","Lantern"],"acts_visited":["Exordium","TheCity","TheBeyond"],"potions_floor_usage":[6,11,11,16,23,31,33,33,35,40,47,48,50,50,50],"damage_taken":[{"damage":0,"enemies":"2 Louse","floor":1,"turns":2},{"damage":2,"enemies":"Jaw Worm","floor":2,"turns":5},{"damage":3,"enemies":"Small Slimes","floor":5,"turns":3},{"damage":13,"enemies":"Lagavulin","floor":6,"turns":5},{"damage":5,"enemies":"2 Fungi Beasts","floor":7,"turns":3},{"damage":14,"enemies":"Gremlin Nob","floor":11,"turns":3},{"damage":4,"enemies":"Blue Slaver","floor":14,"turns":2},{"damage":26,"enemies":"Slime Boss","floor":16,"turns":8},{"damage":5,"enemies":"Chosen","floor":18,"turns":2},{"damage":0,"enemies":"Shell Parasite","floor":22,"turns":2},{"damage":24,"enemies":"Slavers","floor":23,"turns":5},{"damage":0,"enemies":"Gremlin Leader","floor":25,"turns":2},{"damage":11,"enemies":"Snecko","floor":28,"turns":2},{"damage":6,"enemies":"Shelled Parasite and Fungi","floor":31,"turns":4},{"damage":73,"enemies":"Automaton","floor":33,"turns":6},{"damage":20,"enemies":"3 Darklings","floor":35,"turns":4},{"damage":42,"enemies":"Mind Bloom Boss Battle","floor":37,"turns":5},{"damage":31,"enemies":"Nemesis","floor":40,"turns":3},{"damage":0,"enemies":"Orb Walker","floor":42,"turns":1},{"damage":10,"enemies":"Giant Head","floor":45,"turns":5},{"damage":8,"enemies":"Transient","floor":47,"turns":5},{"damage":40,"enemies":"4 Shapes","floor":48,"turns":4},{"damage":106,"enemies":"Time Eater","floor":50,"turns":7}],"seed_played":"-7467664223080602543","potions_obtained":[{"floor":1,"key":"Fire Potion"},{"floor":6,"key":"BlessingOfTheForge"},{"floor":7,"key":"Fire Potion"},{"floor":11,"key":"DistilledChaos"},{"floor":14,"key":"SteroidPotion"},{"floor":16,"key":"FairyPotion"},{"floor":18,"key":"SkillPotion"},{"floor":23,"key":"Block Potion"},{"floor":28,"key":"BlessingOfTheForge"},{"floor":31,"key":"CultistPotion"},{"floor":33,"key":"Regen Potion"},{"floor":35,"key":"FearPotion"},{"floor":37,"key":"Weak Potion"},{"floor":40,"key":"Dexterity Potion"},{"floor":42,"key":"Explosive Potion"},{"floor":45,"key":"Fire Potion"},{"floor":47,"key":"ColorlessPotion"},{"floor":48,"key":"CunningPotion"}],"is_trial":false,"path_per_floor":["M","M","?","$","M","E","M","$","T","R","E","?","?","M","R","B",null,"M","?","$","?","M","E","R","E","T","R","M","?","?","M","R","B",null,"M","?","?","?","$","E","R","M","T","R","E","?","M","M","R","B"],"character_chosen":"THE_SILENT","items_purchased":["Underhanded Strike","Thread and Needle","Whetstone","Prepared","Ancient Tea Set"],"campfire_rested":3,"item_purchase_floors":[8,20,20,20,39],"current_hp_per_floor":[77,75,75,75,72,59,54,54,54,54,40,40,29,25,48,22,77,72,72,72,72,72,48,60,60,60,72,61,61,61,55,70,23,77,61,77,35,35,35,4,42,42,42,57,47,77,69,34,77,0,0],"gold":170,"neow_bonus":"TEN_PERCENT_HP_BONUS","is_daily":false,"chose_seed":false,"campfire_upgraded":4,"win_rate":0.0,"timestamp":1610892523,"path_taken":["M","M","?","$","M","E","M","?","T","R","E","?","?","M","R","BOSS","M","?","$","?","M","E","R","E","T","R","M","?","?","M","R","BOSS","M","?","?","?","$","E","R","?","T","R","E","?","M","M","R","BOSS"],"items_purchased_type":["Card","Relic","Relic","Card","Relic"],"build_version":"2020-12-22","purchased_purges":2,"victory":false,"max_hp_per_floor":[77,77,77,77,77,77,77,77,77,77,77,77,77,77,77,77,77,77,77,77,77,77,77,77,77,77,77,77,77,77,77,77,77,77,77,77,77,77,77,77,77,77,77,77,77,77,77,77,77,77,77],"card_choices":[{"not_picked":["Backstab","Sucker Punch"],"picked":"Acrobatics","floor":1},{"not_picked":["Blur","Dagger Spray"],"picked":"Underhanded Strike","floor":2},{"not_picked":["Accuracy","Quick Slash"],"picked":"Acrobatics","floor":5},{"not_picked":["Flechettes","PiercingWail","Well Laid Plans"],"picked":"SKIP","floor":6},{"not_picked":["Distraction","Terror"],"picked":"All Out Attack","floor":7},{"not_picked":["Acrobatics","Skewer"],"picked":"All Out Attack","floor":11},{"not_picked":["Acrobatics","PiercingWail"],"picked":"Choke","floor":14},{"not_picked":["Wraith Form v2","Die Die Die"],"picked":"Doppelganger","floor":16},{"not_picked":["Noxious Fumes","Flying Knee"],"picked":"Underhanded Strike+1","floor":18},{"not_picked":["PiercingWail","Deflect+1","Backstab"],"picked":"SKIP","floor":22},{"not_picked":["Deadly Poison","PiercingWail+1"],"picked":"Choke","floor":23},{"not_picked":["Footwork+1","Bane","Deadly Poison"],"picked":"SKIP","floor":25},{"not_picked":["Corpse Explosion","All Out Attack"],"picked":"Prepared+1","floor":28},{"not_picked":["Blade Dance+1","Sucker Punch+1"],"picked":"Skewer+1","floor":31},{"not_picked":["Unload","Wraith Form v2"],"picked":"Burst","floor":33},{"not_picked":["Blur+1","Flying Knee"],"picked":"Riddle With Holes+1","floor":35},{"not_picked":["Slice","Dodge and Roll+1"],"picked":"Tactician+1","floor":37},{"not_picked":["PiercingWail","All Out Attack+1","Heel Hook"],"picked":"SKIP","floor":40},{"not_picked":["Dagger Spray+1","Night Terror"],"picked":"Underhanded Strike+1","floor":42},{"not_picked":["Endless Agony","Flying Knee","Reflex+1"],"picked":"SKIP","floor":45},{"not_picked":["Underhanded Strike","Flying Knee","Deadly Poison"],"picked":"SKIP","floor":47},{"not_picked":["Escape Plan","Bane"],"picked":"Distraction","floor":48}],"player_experience":91603,"relics_obtained":[{"floor":6,"key":"White Beast Statue"},{"floor":9,"key":"Bronze Scales"},{"floor":11,"key":"Smiling Mask"},{"floor":23,"key":"Eternal Feather"},{"floor":25,"key":"Bottled Lightning"},{"floor":26,"key":"Omamori"},{"floor":37,"key":"Shovel"},{"floor":40,"key":"MealTicket"},{"floor":43,"key":"Toy Ornithopter"},{"floor":44,"key":"Regal Pillow"},{"floor":45,"key":"Lantern"}],"event_choices":[{"cards_removed":["Defend_G"],"damage_healed":0,"gold_gain":0,"player_choice":"Card Removal","damage_taken":0,"max_hp_gain":0,"max_hp_loss":0,"event_name":"The Cleric","floor":3,"gold_loss":50},{"damage_healed":0,"gold_gain":175,"player_choice":"AGREE","damage_taken":0,"max_hp_gain":0,"max_hp_loss":0,"event_name":"Liars Game","floor":12,"gold_loss":0,"cards_obtained":["Doubt"]},{"damage_healed":0,"gold_gain":75,"player_choice":"Gather Gold","damage_taken":11,"max_hp_gain":0,"max_hp_loss":0,"event_name":"World of Goop","floor":13,"gold_loss":0},{"damage_healed":0,"gold_gain":0,"player_choice":"Stole Relic","damage_taken":0,"relics_obtained":["Boot"],"max_hp_gain":0,"max_hp_loss":0,"event_name":"Addict","floor":19,"gold_loss":0,"cards_obtained":["Shame"]},{"damage_healed":0,"gold_gain":0,"player_choice":"Read","damage_taken":0,"max_hp_gain":0,"max_hp_loss":0,"event_name":"The Library","floor":21,"gold_loss":0,"cards_obtained":["Reflex"]},{"cards_removed":["Doubt"],"damage_healed":0,"gold_gain":0,"player_choice":"Gave Gold","damage_taken":0,"max_hp_gain":0,"max_hp_loss":0,"event_name":"Beggar","floor":29,"gold_loss":75},{"damage_healed":0,"gold_gain":0,"player_choice":"Inject Mutagens","damage_taken":0,"relics_obtained":["MutagenicStrength"],"max_hp_gain":0,"max_hp_loss":0,"event_name":"Drug Dealer","floor":30,"gold_loss":0},{"damage_healed":19,"gold_gain":0,"player_choice":"Writhe","damage_taken":0,"max_hp_gain":0,"max_hp_loss":0,"event_name":"Winding Halls","floor":36,"gold_loss":0,"cards_obtained":["Writhe"]},{"damage_healed":0,"gold_gain":0,"player_choice":"Fight","damage_taken":0,"max_hp_gain":0,"max_hp_loss":0,"event_name":"MindBloom","floor":37,"gold_loss":0},{"damage_healed":0,"gold_gain":0,"player_choice":"Ignored","damage_taken":0,"max_hp_gain":0,"max_hp_loss":0,"event_name":"SecretPortal","floor":38,"gold_loss":0},{"damage_healed":30,"gold_gain":0,"player_choice":"Full Heal","damage_taken":0,"max_hp_gain":0,"max_hp_loss":0,"event_name":"Wheel of Change","floor":46,"gold_loss":0}],"is_beta":false,"boss_relics":[{"not_picked":["Astrolabe","SacredBark"],"picked":"Snecko Eye"},{"not_picked":["Black Star","Cursed Key"],"picked":"Fusion Hammer"}],"items_purged_floors":[4,39],"is_endless":false,"potions_floor_spawned":[1,6,7,11,14,16,18,22,23,25,28,31,33,35,37,40,42,45,47,48],"killed_by":"Time Eater","ascension_level":0}}