{"host":"cvgulky4xr711dtb","time":1610894005,"event":{"mods":["AchievementEnabler","BaseMod","Highlight Path","Minty Spire (QoL Compilation)"],"gold_per_floor":[109,123,26,45,58,84,84,84,84,102,121,11,11,11,11,109,109,124,49,66,66,82,82,102,102,127,127,143,143,143],"floor_reached":29,"language":"ENG","playtime":1523,"items_purged":["CarveReality"],"score":279,"play_id":"08402a98-dc42-4dff-825a-84e7ed9ab5ae","local_time":"20210117143325","is_ascension_mode":false,"campfire_choices":[{"data":"Eruption","floor":7,"key":"SMITH"},{"floor":13,"key":"REST"},{"floor":15,"key":"REST"},{"floor":23,"key":"REST"},{"floor":25,"key":"REST"}],"circlet_count":0,"master_deck":["Eruption+1","Vigilance+1","EmptyMind","FollowUp","Wallop+1","Crescendo","Wireheading+1","Sanctity","EmptyBody","Vengeance+1","BowlingBash","Wallop","Weave","LessonLearned","DevaForm","Meditate","Wireheading+1","Pray","SashWhip","SpiritShield","FlyingSleeves","Conclude+1","Vigilance","CutThroughFate"],"relics":["PureWater","NeowsBlessing","Ornamental Fan","Blue Candle","Pandora\u0027s Box","Orichalcum"],"acts_visited":["Exordium","TheCity"],"potions_floor_usage":[16,16,21],"damage_taken":[{"damage":0,"enemies":"Small Slimes","floor":1,"turns":1},{"damage":0,"enemies":"Cultist","floor":2,"turns":1},{"damage":0,"enemies":"Jaw Worm","floor":4,"turns":1},{"damage":2,"enemies":"3 Louse","floor":5,"turns":3},{"damage":34,"enemies":"Gremlin Nob","floor":6,"turns":5},{"damage":23,"enemies":"Exordium Thugs","floor":10,"turns":5},{"damage":5,"enemies":"2 Fungi Beasts","floor":11,"turns":3},{"damage":0,"enemies":"Slime Boss","floor":16,"turns":3},{"damage":22,"enemies":"2 Thieves","floor":18,"turns":4},{"damage":25,"enemies":"Shell Parasite","floor":20,"turns":6},{"damage":21,"enemies":"Snake Plant","floor":21,"turns":3},{"damage":0,"enemies":"Centurion and Healer","floor":22,"turns":6},{"damage":0,"enemies":"Snecko","floor":24,"turns":5},{"damage":14,"enemies":"Snake Plant","floor":28,"turns":5},{"damage":32,"enemies":"Shelled Parasite and Fungi","floor":29,"turns":3}],"seed_played":"-5571851715748329187","potions_obtained":[{"floor":6,"key":"Ancient Potion"},{"floor":10,"key":"FearPotion"},{"floor":20,"key":"SmokeBomb"}],"is_trial":false,"path_per_floor":["M","M","$","M","M","E","R","?","T","M","M","$","R","$","R","B",null,"M","$","M","M","M","R","M","R","T","?","M","M"],"character_chosen":"WATCHER","items_purchased":["Wallop","Crescendo","Wallop","Weave"],"campfire_rested":4,"item_purchase_floors":[3,3,12,12],"current_hp_per_floor":[72,72,72,72,70,36,36,36,36,13,8,8,29,29,50,50,72,50,50,25,4,4,25,25,46,46,46,32,0,0],"gold":143,"neow_bonus":"THREE_ENEMY_KILL","is_daily":false,"chose_seed":false,"campfire_upgraded":1,"win_rate":0.0,"timestamp":1610894005,"path_taken":["M","M","$","M","M","E","R","?","T","M","M","$","R","?","R","BOSS","M","$","M","M","M","R","M","R","T","?","M","M"],"items_purchased_type":["Card","Card","Card","Card"],"build_version":"2020-12-22","purchased_purges":1,"victory":false,"max_hp_per_floor":[72,72,72,72,72,72,72,72,72,72,72,72,72,72,72,72,72,72,72,72,72,72,72,72,72,72,72,72,72,72],"card_choices":[{"not_picked":["FlyingSleeves","EmptyBody"],"picked":"EmptyMind","floor":1},{"not_picked":["JustLucky","FlyingSleeves"],"picked":"FollowUp","floor":2},{"not_picked":["Conclude","DeceiveReality"],"picked":"Wireheading","floor":4},{"not_picked":["SashWhip","Protect"],"picked":"Sanctity","floor":5},{"not_picked":["Fasting2","LikeWater"],"picked":"EmptyBody","floor":6},{"not_picked":["FlyingSleeves","Halt"],"picked":"Vengeance","floor":10},{"not_picked":["Evaluate","Crescendo"],"picked":"BowlingBash","floor":11},{"not_picked":["SpiritShield","Vault"],"picked":"LessonLearned","floor":16},{"not_picked":["ClearTheMind","SashWhip+1","Weave"],"picked":"SKIP","floor":18},{"not_picked":["Pray","Indignation+1"],"picked":"Conclude+1","floor":20},{"not_picked":["FollowUp","CarveReality","Evaluate"],"picked":"SKIP","floor":22},{"not_picked":["ForeignInfluence","Perseverance+1","Evaluate"],"picked":"SKIP","floor":24},{"not_picked":["Collect","ClearTheMind+1"],"picked":"CutThroughFate","floor":28}],"player_experience":191118,"relics_obtained":[{"floor":6,"key":"Ornamental Fan"},{"floor":9,"key":"Blue Candle"},{"floor":26,"key":"Orichalcum"}],"event_choices":[{"damage_healed":0,"gold_gain":0,"player_choice":"Ignored","damage_taken":0,"max_hp_gain":0,"max_hp_loss":0,"event_name":"NoteForYourself","floor":8,"gold_loss":0},{"damage_healed":0,"gold_gain":0,"player_choice":"Copied","damage_taken":0,"max_hp_gain":0,"max_hp_loss":0,"event_name":"Duplicator","floor":27,"gold_loss":0,"cards_obtained":["Vigilance"]}],"is_beta":false,"boss_relics":[{"not_picked":["SlaversCollar","Runic Pyramid"],"picked":"Pandora\u0027s Box"}],"items_purged_floors":[19],"is_endless":false,"potions_floor_spawned":[6,10,20,21],"killed_by":"Shelled Parasite and Fungi","ascension_level":0}}