{"host":"7sqhl7p0q0irnjd4","time":1610846998,"event":{"mods":["AchievementEnabler","BaseMod","Bestiary","Colored Map","Colored Powertips","Filter the Spire","Minty Spire (QoL Compilation)","Relic Stats","everything is the same but u backflip on backflip","ojb\u0027s Info Mod"],"gold_per_floor":[109,129,146,161,4,4,39,39,115,141,19,19,38,48,48,151,151,163,213,233,248,248,248],"floor_reached":22,"language":"ENG","playtime":1456,"items_purged":[],"score":238,"play_id":"77261e1a-3a78-4653-91c1-d77ca1ec8732","local_time":"20210116202958","is_ascension_mode":true,"campfire_choices":[{"data":"Dodge and Roll","floor":6.0,"key":"SMITH"},{"data":"Riddle With Holes","floor":8.0,"key":"SMITH"},{"floor":15.0,"key":"REST"}],"circlet_count":0,"master_deck":["Neutralize","Riddle With Holes+1","Noxious Fumes","Dodge and Roll+1","After Image","Acrobatics","Backflip","Escape Plan","Corpse Explosion","Blade Dance+1"],"relics":["Pandora\u0027s Box","Membership Card","StoneCalendar","The Courier","MealTicket","Sling","Ancient Tea Set","Black Star"],"acts_visited":["Exordium","TheCity"],"potions_floor_usage":[22],"damage_taken":[{"damage":16.0,"enemies":"Small Slimes","floor":1.0,"turns":17.0},{"damage":0.0,"enemies":"Cultist","floor":2.0,"turns":3.0},{"damage":6.0,"enemies":"2 Louse","floor":3.0,"turns":2.0},{"damage":13.0,"enemies":"Exordium Thugs","floor":4.0,"turns":5.0},{"damage":13.0,"enemies":"Gremlin Nob","floor":7.0,"turns":4.0},{"damage":4.0,"enemies":"3 Sentries","floor":10.0,"turns":7.0},{"damage":0.0,"enemies":"2 Fungi Beasts","floor":13.0,"turns":2.0},{"damage":11.0,"enemies":"Looter","floor":14.0,"turns":3.0},{"damage":12.0,"enemies":"Hexaghost","floor":16.0,"turns":8.0},{"damage":16.0,"enemies":"Chosen","floor":18.0,"turns":5.0},{"damage":13.0,"enemies":"2 Thieves","floor":20.0,"turns":3.0},{"damage":28.0,"enemies":"Centurion and Healer","floor":21.0,"turns":4.0},{"damage":16,"enemies":"Cultist and Chosen","floor":22,"turns":4}],"seed_played":"4933742540943354932","potions_obtained":[{"floor":3.0,"key":"LiquidMemories"},{"floor":4.0,"key":"FearPotion"},{"floor":16.0,"key":"Fire Potion"},{"floor":18.0,"key":"PowerPotion"},{"floor":20.0,"key":"PowerPotion"}],"is_trial":false,"path_per_floor":["M","M","M","M","$","R","E","R","T","E","$","?","M","M","R","B",null,"M","?","M","M","M"],"character_chosen":"THE_SILENT","items_purchased":["Membership Card","Acrobatics","Sling","Ancient Tea Set"],"campfire_rested":1,"item_purchase_floors":[5,5,11,11],"current_hp_per_floor":[54,54,48,35,35,35,22,22,22,18,33,33,33,22,43,31,70,54,54,41,13,0,0],"gold":248,"neow_bonus":"BOSS_RELIC","is_daily":false,"chose_seed":false,"campfire_upgraded":2,"win_rate":0.0,"timestamp":1610846998,"path_taken":["M","M","M","M","$","R","E","R","T","E","$","?","M","M","R","BOSS","M","?","?","M","M"],"items_purchased_type":["Relic","Card","Relic","Relic"],"build_version":"2020-12-22","purchased_purges":0,"victory":false,"max_hp_per_floor":[70,70,70,70,70,70,70,70,70,70,70,70,70,70,70,70,70,70,70,70,70,70,70],"relic_stats":{"counters":[13,67],"Pandora\u0027s Box":["Envenom","Glass Knife","Dash","Deflect","Quick Slash","Burst","Footwork","Leg Sweep","Footwork","Sucker Punch"],"StoneCalendar":[53],"MealTicket":15,"Black Star":0,"obtain_stats":[{"Pandora\u0027s Box":0,"StoneCalendar":7,"MealTicket":10,"The Courier":9,"Black Star":17,"Membership Card":5,"Sling":11,"Ancient Tea Set":11,"Ring of the Snake":0},{"Pandora\u0027s Box":0,"StoneCalendar":5,"MealTicket":6,"The Courier":5,"Black Star":9,"Membership Card":4,"Sling":6,"Ancient Tea Set":6,"Ring of the Snake":0},{"Pandora\u0027s Box":0,"StoneCalendar":31,"MealTicket":38,"The Courier":31,"Black Star":51,"Membership Card":27,"Sling":38,"Ancient Tea Set":38,"Ring of the Snake":0}]},"card_choices":[{"not_picked":["Slice","Prepared"],"picked":"Riddle With Holes","floor":1.0},{"not_picked":["Dagger Spray","Quick Slash"],"picked":"Noxious Fumes","floor":2.0},{"not_picked":["Poisoned Stab","Tactician"],"picked":"Dodge and Roll","floor":3.0},{"not_picked":["Cloak And Dagger","Deadly Poison"],"picked":"After Image","floor":4.0},{"not_picked":["Poisoned Stab","PiercingWail"],"picked":"Backflip","floor":7.0},{"not_picked":["Masterful Stab","Dagger Spray","Quick Slash"],"picked":"SKIP","floor":10.0},{"not_picked":["Backflip","Flying Knee","Dagger Spray"],"picked":"SKIP","floor":13.0},{"not_picked":["Blade Dance","Cloak And Dagger","Heel Hook"],"picked":"SKIP","floor":14.0},{"not_picked":["Phantasmal Killer","Tools of the Trade"],"picked":"Corpse Explosion","floor":16.0},{"not_picked":["Backflip","Setup+1","Quick Slash"],"picked":"SKIP","floor":18.0},{"not_picked":["Quick Slash+1","Prepared+1","Acrobatics"],"picked":"SKIP","floor":20.0},{"not_picked":["Calculated Gamble","Backflip"],"picked":"Blade Dance+1","floor":21.0}],"player_experience":329591,"relics_obtained":[{"floor":7.0,"key":"StoneCalendar"},{"floor":9.0,"key":"The Courier"},{"floor":10.0,"key":"MealTicket"}],"event_choices":[{"damage_healed":0.0,"max_hp_gain":0.0,"max_hp_loss":0.0,"gold_gain":0.0,"cards_transformed":["Survivor"],"event_name":"Living Wall","player_choice":"Change","floor":12.0,"gold_loss":0.0,"damage_taken":0.0,"cards_obtained":["Escape Plan"]},{"damage_healed":0.0,"max_hp_gain":0.0,"max_hp_loss":0.0,"gold_gain":100.0,"event_name":"The Joust","player_choice":"Bet on Murderer","floor":19.0,"gold_loss":50.0,"damage_taken":0.0}],"is_beta":false,"boss_relics":[{"not_picked":["Velvet Choker","SlaversCollar"],"picked":"Black Star"}],"items_purged_floors":[],"is_endless":false,"potions_floor_spawned":[3,4,16,18,20],"killed_by":"Cultist and Chosen","ascension_level":4}}