{"host":"uimu98mr9zvwuo5s","time":1610924433,"event":{"mods":["Aspiration","BaseMod","BetterRewards","Conspire","Defective Defect","GifTheSpireLib","Gremlin Mod","Highlight Path","Hubris","Infinite Spire","Jedi Mod","Minty Spire (QoL Compilation)","Replay The Spire","Shop Mod","StSLib","Stuff the Spire","Uncapped"],"gold_per_floor":[116,116,135,16,16,16,16,27,104,85,96,109,140,140,140,243,243,254,254,237,250,162,193,193,203,226,311,329,340,355,289,289,384,384,401,401,73,86,101,139,139,139,187,206,12,26,26,46,46,196,296,311,282,382,382,387,405,405,409,409,409,408,408,421,349,349,492,492,492,490,489,489,449,499,508,490,490,491,491,491,513,520,520,653,653,662,595,470,476,476,478,485,505,531,462,476,501,495,509,509,700,700,708,700,706,711,398,421,432,432,432,432,455,465,465,498,498,654,654,671,381,396,431,453,471,483,463,463,471,521,553,553,527,527,698,698,714,714,729,749,780,808,808,821,821,831,853,866,876,904,954,1086,1086,1086,1086,1117,1215],"floor_reached":158,"language":"ENG","playtime":9400,"items_purged":["Strike_B","Strike_B","Strike_B","Strike_B","Defend_B","Defend_B","Zap","hubris:PowerSurge","Heatsinks+1"],"score":4431,"play_id":"e0c8ed19-3a08-48f6-b1a0-896e4c0cd06b","local_time":"20210117180033","is_ascension_mode":false,"campfire_choices":[{"data":"ReplayTheSpireMod:Dual Polarity","floor":6,"key":"SMITH"},{"data":"Time Bomb","floor":15,"key":"SMITH"},{"data":"Electrodynamics","floor":24,"key":"SMITH"},{"data":"Steam","floor":32,"key":"SMITH"},{"data":"Specialist","floor":41,"key":"SMITH"},{"data":"jedi:bruteforce","floor":47,"key":"SMITH"},{"data":"Chill","floor":58,"key":"SMITH"},{"data":"StuffTheSpire:Synthwave","floor":61,"key":"SMITH"},{"data":"jedi:gatheringstorm","floor":63,"key":"SMITH"},{"floor":66,"key":"DIG"},{"data":"StuffTheSpire:Synthwave","floor":74,"key":"SMITH"},{"data":"Mirror Shield","floor":80,"key":"SMITH"},{"data":"jedi:gatheringstorm","floor":83,"key":"SMITH"},{"floor":100,"key":"RECALL"},{"data":"Tempest","floor":110,"key":"SMITH"},{"data":"jedi:BurstDark","floor":112,"key":"SMITH"},{"data":"StuffTheSpire:ForEach","floor":117,"key":"SMITH"},{"data":"StuffTheSpire:ShieldGenerator","floor":130,"key":"SMITH"},{"data":"StuffTheSpire:ShieldGenerator+1","floor":132,"key":"SMITH"},{"data":"StuffTheSpire:ShieldGenerator+2","floor":134,"key":"SMITH"},{"data":"hubris:Rewind","floor":151,"key":"SMITH"},{"data":"infinitespire:FutureSight","floor":154,"key":"SMITH"}],"circlet_count":0,"master_deck":["ReplayTheSpireMod:Dual Polarity+1","Time Bomb+1","hubris:PowerSurge+1","Electrodynamics+1","jedi:bruteforce+1","Specialist+1","Defragment+1","Mirror Shield+1","StuffTheSpire:Synthwave+1","jedi:gatheringstorm+1","Chill+1","StuffTheSpire:Synthwave+1","jedi:gatheringstorm+1","StuffTheSpire:ForEach+1","Tempest+1","ReplayTheSpireMod:Dual Polarity+1","StuffTheSpire:ShieldGenerator+3","Tempest+1","infinitespire:FutureSight+1","hubris:Rewind+1","Hello World"],"relics":["Cracked Core","MerchantsRug","Unceasing Top","Membership Card","Calipers","StuffTheSpire:Mouthbags","Runic Capacitor","BargainBundle","Replay:Rubber Ducky","hubris:SoftwareUpdate","hubris:MobiusCoin","aspiration:Stellarator","CultistMask","Vajra","Bronze Scales","Bag of Preparation","Pandora\u0027s Box","conspire:TreasureMap","infinitespire:Freezer","Symbiotic Virus","Lantern","Black Star","hubris:EmptyBottle","Cables","Potion Belt","Replay:Wanted Poster","aspiration:TomeofQuesting","Blood Vial","Replay:Mystery Machine","CaptainsWheel","Replay:Accelerometer","StuffTheSpire:GrapeVine","Anchor","Replay:PocketPolymizer","SacredBark","jedi:laserpointer","jedi:gremlinknob","Counterbalance","Carrot","conspire:SpecialSausage","infinitespire:SolderingIron","StuffTheSpire:CocoNut","Replay:Bandana","Matryoshka","hubris:RGBLights","StuffTheSpire:Experiment12","Raider\u0027s Mask","jedi:superconductor","jedi:archwizardhat","jedi:cryingmask","Runic Dome","hubris:SlimyHat","Emotion Chip","ReplayFunnel","ClockworkSouvenir","jedi:heavyjacket","Bird Faced Urn","Mercury Hourglass","Kunai","hubris:Zylophone","Golden Idol","jedi:arcanewood","Durian","BranchBurnRelic","DollysMirror","aspiration:Lifesprig","hubris:ToyBattleship","Red Mask","StuffTheSpire:ColdMirror","Toy Ornithopter","jedi:shrinkray","Empty Cage","Pear","Du-Vu Doll","infinitespire:Bottled Soul","Replay:Antivirus Software","infinitespire:ShieldingShard","Singing Bowl","ReplayTheSpireMod:Shallot","Blue Doll","Strawberry"],"acts_visited":["Exordium","TheCity","TheBeyond","Exordium","TheCity","TheBeyond","Exordium","TheCity","TheBeyond","TheEnding"],"potions_floor_usage":[33,76,152,152,152],"damage_taken":[{"damage":8,"enemies":"Cultist","floor":1,"turns":5},{"damage":5,"enemies":"Jaw Worm","floor":3,"turns":4},{"damage":0,"enemies":"Small Slimes","floor":8,"turns":4},{"damage":1,"enemies":"3 Louse","floor":11,"turns":4},{"damage":0,"enemies":"Looter","floor":12,"turns":3},{"damage":15,"enemies":"Gremlin Nob","floor":13,"turns":5},{"damage":13,"enemies":"Hexaghost","floor":16,"turns":9},{"damage":6,"enemies":"2 Thieves","floor":18,"turns":2},{"damage":0,"enemies":"3 Byrds","floor":21,"turns":2},{"damage":38,"enemies":"Slavers","floor":23,"turns":3},{"damage":16,"enemies":"Snake Plant","floor":25,"turns":3},{"damage":1,"enemies":"Nightmare","floor":27,"turns":6},{"damage":0,"enemies":"Chosen and Byrds","floor":28,"turns":2},{"damage":9,"enemies":"3 Cultists","floor":29,"turns":3},{"damage":0,"enemies":"Cultist and Chosen","floor":30,"turns":5},{"damage":6,"enemies":"conspire:MysteriousRune","floor":33,"turns":5},{"damage":2,"enemies":"3 Darklings","floor":35,"turns":3},{"damage":0,"enemies":"3 Shapes","floor":38,"turns":3},{"damage":0,"enemies":"Transient","floor":39,"turns":5},{"damage":0,"enemies":"R_Hoarder","floor":40,"turns":6},{"damage":0,"enemies":"Jaw Worm Horde","floor":44,"turns":2},{"damage":0,"enemies":"Spire Growth","floor":46,"turns":4},{"damage":0,"enemies":"Maw","floor":48,"turns":4},{"damage":56,"enemies":"Awakened One","floor":50,"turns":8},{"damage":0,"enemies":"Jaw Worm","floor":52,"turns":1},{"damage":0,"enemies":"2 Louse","floor":56,"turns":2},{"damage":0,"enemies":"Lagavulin","floor":57,"turns":3},{"damage":0,"enemies":"Small Slimes","floor":59,"turns":1},{"damage":41,"enemies":"Nightmare","floor":62,"turns":6},{"damage":0,"enemies":"Exordium Thugs","floor":64,"turns":1},{"damage":0,"enemies":"Slime Boss","floor":67,"turns":3},{"damage":0,"enemies":"Chosen","floor":69,"turns":2},{"damage":0,"enemies":"2 Thieves","floor":70,"turns":2},{"damage":0,"enemies":"3 Cultists","floor":71,"turns":2},{"damage":0,"enemies":"Centurion and Healer","floor":75,"turns":2},{"damage":56,"enemies":"Nightmare_Alpha","floor":76,"turns":9},{"damage":0,"enemies":"Snake Plant","floor":78,"turns":2},{"damage":0,"enemies":"Gremlin Leader","floor":81,"turns":3},{"damage":0,"enemies":"Cultist and Chosen","floor":82,"turns":2},{"damage":0,"enemies":"conspire:MysteriousRune","floor":84,"turns":4},{"damage":0,"enemies":"3 Darklings","floor":86,"turns":2},{"damage":0,"enemies":"3 Shapes","floor":89,"turns":1},{"damage":0,"enemies":"Jaw Worm Horde","floor":91,"turns":1},{"damage":0,"enemies":"3 Darklings","floor":92,"turns":1},{"damage":0,"enemies":"R_Hoarder","floor":93,"turns":3},{"damage":0,"enemies":"Sphere and 2 Shapes","floor":96,"turns":1},{"damage":0,"enemies":"Giant Head","floor":97,"turns":2},{"damage":0,"enemies":"Transient","floor":98,"turns":4},{"damage":0,"enemies":"4 Shapes","floor":99,"turns":1},{"damage":0,"enemies":"Awakened One","floor":101,"turns":3},{"damage":0,"enemies":"2 Louse","floor":103,"turns":1},{"damage":0,"enemies":"Cultist","floor":105,"turns":1},{"damage":0,"enemies":"Jaw Worm","floor":106,"turns":1},{"damage":0,"enemies":"3 Sentries","floor":108,"turns":1},{"damage":0,"enemies":"Blue Slaver","floor":109,"turns":1},{"damage":0,"enemies":"Gremlin Nob","floor":113,"turns":1},{"damage":0,"enemies":"Large Slime","floor":114,"turns":1},{"damage":0,"enemies":"Lagavulin","floor":116,"turns":3},{"damage":0,"enemies":"Fading Forest","floor":118,"turns":3},{"damage":0,"enemies":"Spheric Guardian","floor":120,"turns":1},{"damage":0,"enemies":"Chosen","floor":122,"turns":1},{"damage":0,"enemies":"Masked Bandits","floor":123,"turns":1},{"damage":0,"enemies":"Sentry and Sphere","floor":124,"turns":2},{"damage":0,"enemies":"Centurion and Healer","floor":125,"turns":1},{"damage":0,"enemies":"3 Cultists","floor":126,"turns":2},{"damage":0,"enemies":"Snecko","floor":129,"turns":1},{"damage":0,"enemies":"Nightmare","floor":131,"turns":2},{"damage":0,"enemies":"conspire:MysteriousRune","floor":135,"turns":2},{"damage":0,"enemies":"3 Darklings","floor":137,"turns":2},{"damage":0,"enemies":"3 Shapes","floor":139,"turns":1},{"damage":0,"enemies":"Maw","floor":140,"turns":2},{"damage":0,"enemies":"conspire:MimicChest","floor":141,"turns":2},{"damage":0,"enemies":"R_Hoarder","floor":142,"turns":2},{"damage":0,"enemies":"Sphere and 2 Shapes","floor":144,"turns":1},{"damage":0,"enemies":"3 Darklings","floor":146,"turns":1},{"damage":0,"enemies":"Writhing Mass","floor":147,"turns":1},{"damage":0,"enemies":"4 Shapes","floor":148,"turns":1},{"damage":0,"enemies":"Sphere and 2 Shapes","floor":149,"turns":1},{"damage":0,"enemies":"Nemesis","floor":150,"turns":1},{"damage":0,"enemies":"infinitespire:LordOfFortification","floor":152,"turns":7},{"damage":0,"enemies":"Shield and Spear","floor":156,"turns":2},{"damage":0,"enemies":"The Heart","floor":157,"turns":6}],"seed_played":"7702178937095448753","potions_obtained":[{"floor":1,"key":"Explosive Potion"},{"floor":8,"key":"jedi:mysterypotion"},{"floor":16,"key":"jedi:tentaclejuice"},{"floor":27,"key":"BlessingOfTheForge"},{"floor":28,"key":"AttackPotion"},{"floor":29,"key":"SteroidPotion"},{"floor":33,"key":"SkillPotion"},{"floor":38,"key":"LiquidBronze"},{"floor":48,"key":"jedi:tentaclejuice"},{"floor":50,"key":"Block Potion"},{"floor":59,"key":"Elixir"},{"floor":67,"key":"DistilledChaos"},{"floor":70,"key":"Strength Potion"},{"floor":75,"key":"AttackPotion"},{"floor":76,"key":"PowerPotion"},{"floor":78,"key":"PotionOfCapacity"},{"floor":89,"key":"Doom Potion"},{"floor":90,"key":"infinitespire:BlackPotion"},{"floor":90,"key":"Languid Potion"},{"floor":90,"key":"Explosive Potion"},{"floor":93,"key":"jedi:coolantleak"},{"floor":97,"key":"jedi:tentaclejuice"},{"floor":98,"key":"SkillPotion"},{"floor":103,"key":"EssenceOfSteel"},{"floor":105,"key":"jedi:coolantleak"},{"floor":106,"key":"Elixir"},{"floor":113,"key":"BlessingOfTheForge"},{"floor":123,"key":"Weak Potion"},{"floor":124,"key":"jedi:hoardpotion"},{"floor":126,"key":"FocusPotion"},{"floor":127,"key":"Death Potion"},{"floor":139,"key":"Doom Potion"},{"floor":141,"key":"Swift Potion"},{"floor":142,"key":"Adrenaline Potion"},{"floor":144,"key":"jedi:StrikingPotion"},{"floor":150,"key":"SteroidPotion"},{"floor":152,"key":"Milkshake"}],"is_trial":false,"path_per_floor":["M","?","M","$","?","R","?","M","T","$","M","M","E","?","R","B",null,"M","?","$","M","$","E","R","M","T","NM","M","M","M","$","R","B",null,"M","?","$","M","M","E","R","AVR","T","M","$","M","R","M","R","B",null,"M","$","?","$","M","E","R","M","T","R","NM","R","M","$","R","B",null,"M","M","M","?","?","R","M","NM","T","M","?","R","E","M","R","B",null,"M","$","$","M","?","M","M","E","T","$","M","E","M","M","R","B",null,"M","$","M","M","$","E","M","R","T","R","E","M","?","E","R","B",null,"M","$","M","?","M","M","M","?","T","M","R","NM","R","$","R","B",null,"M","?","M","M","?","E","AVR","M","T","M","M","M","M","E","R","B",null,"R","$","E","B",null],"character_chosen":"DEFECT","items_purchased":["MerchantsRug","hubris:PowerSurge","Unceasing Top","ReplayTheSpireMod:Dual Polarity","Membership Card","Calipers","Steam","StuffTheSpire:Mouthbags","Runic Capacitor","BargainBundle","Elixir","Adrenaline Potion","PowerPotion","Capacitor","Replay:Rubber Ducky","hubris:PowerSurge","Bag of Preparation","conspire:TreasureMap","infinitespire:Freezer","Symbiotic Virus","Specialist","Potion Belt","Mirror Shield","StuffTheSpire:Synthwave","aspiration:TomeofQuesting","Chill","Anchor","infinitespire:SolderingIron","Tempest","StuffTheSpire:CocoNut","Raider\u0027s Mask","jedi:superconductor","hubris:SlimyHat","Emotion Chip","ReplayFunnel","ClockworkSouvenir","DollysMirror","aspiration:Lifesprig","hubris:ToyBattleship"],"campfire_rested":0,"item_purchase_floors":[0,0,0,0,0,0,0,0,0,0,0,0,0,0,4,10,31,37,37,37,37,45,45,45,53,53,65,87,87,88,95,95,104,107,107,107,121,121,121],"current_hp_per_floor":[67,67,62,62,62,62,67,67,67,67,66,66,51,59,59,46,80,74,74,74,74,74,36,36,20,20,19,19,10,10,10,10,4,80,78,78,78,78,78,78,78,78,78,78,78,78,78,78,80,24,80,80,80,80,80,80,80,80,80,80,80,39,39,41,41,41,43,80,80,80,80,65,65,65,67,13,13,15,7,7,9,11,11,13,85,85,85,92,92,92,92,92,92,92,92,92,92,92,92,92,92,92,92,92,92,92,92,92,92,92,92,92,92,92,69,82,82,97,97,97,97,97,97,97,97,97,97,97,97,97,97,97,97,97,97,97,97,72,76,82,100,104,104,106,106,107,107,107,107,109,109,111,111,111,111,120,122],"gold":1215,"neow_bonus":"","is_daily":false,"chose_seed":false,"campfire_upgraded":20,"win_rate":0.0,"timestamp":1610924433,"path_taken":["M","?","M","?","?","R","?","M","T","$","?","M","E","?","R","BOSS","M","?","$","M","$","E","R","M","T","NM","?","M","M","?","R","BOSS","M","?","$","M","M","E","R","AVR","T","?","$","?","R","M","R","BOSS","M","$","?","$","?","E","R","M","T","R","NM","R","M","?","R","BOSS","M","M","M","?","?","R","?","NM","T","M","?","R","E","M","R","BOSS","M","?","$","M","?","M","M","E","T","$","M","E","M","M","R","BOSS","M","$","M","?","$","E","M","R","T","R","E","M","?","E","R","BOSS","M","$","M","?","M","M","M","?","T","?","?","NM","R","?","R","BOSS","M","?","M","M","?","E","AVR","M","T","?","M","?","M","E","R","BOSS","R","$","E","BOSS"],"items_purchased_type":["Relic","Card","Relic","Card","Relic","Relic","Card","Relic","Relic","Relic","Potion","Potion","Potion","Card","Relic","Card","Relic","Relic","Relic","Relic","Card","Relic","Card","Card","Relic","Card","Relic","Relic","Card","Relic","Relic","Relic","Relic","Relic","Relic","Relic","Relic","Relic","Relic"],"build_version":"2020-12-22","purchased_purges":9,"victory":true,"max_hp_per_floor":[75,75,75,75,75,75,80,80,80,80,80,80,80,80,80,80,80,80,80,80,80,80,80,80,80,80,80,80,80,80,80,80,80,80,80,80,80,80,80,80,80,80,80,80,80,80,80,80,80,80,80,80,80,80,80,80,80,80,80,80,80,80,80,80,80,80,80,80,80,80,80,85,85,85,85,85,85,85,85,85,85,85,85,85,85,85,85,92,92,92,92,92,92,92,92,92,92,92,92,92,92,92,92,92,92,92,92,92,92,92,92,92,92,92,92,97,97,97,97,97,97,97,97,97,97,97,97,97,97,97,97,97,97,97,97,97,97,97,97,97,107,107,107,107,107,107,107,107,107,109,109,111,111,111,111,120,122],"card_choices":[{"not_picked":["conspire:SharedLibrary","Coolheaded","ReplayTheSpireMod:Dual Polarity"],"picked":"SKIP","floor":1},{"not_picked":["StuffTheSpire:Plugnplay","Streamline"],"picked":"Time Bomb","floor":3},{"not_picked":["Hologram","BasicCrystalCard","Steam"],"picked":"SKIP","floor":8},{"not_picked":["Gash","Rebound","jedi:BurstLightning"],"picked":"SKIP","floor":11},{"not_picked":["Blizzard","jedi:spotbugs","Beam Cell"],"picked":"SKIP","floor":12},{"not_picked":["Streamline","StuffTheSpire:LoadUp","jedi:spotbugs"],"picked":"SKIP","floor":13},{"not_picked":["jedi:gatheringstorm","Seek"],"picked":"Electrodynamics","floor":16},{"not_picked":["Fusion","Compile Driver","Beam Cell+1"],"picked":"SKIP","floor":18},{"not_picked":["Beam Cell","jedi:blockon","jedi:BurstFrost"],"picked":"SKIP","floor":21},{"not_picked":["Stack+1","Streamline","Ball Lightning"],"picked":"SKIP","floor":23},{"not_picked":["Redo","ReplayTheSpireMod:Repulse","Rip and Tear"],"picked":"SKIP","floor":25},{"not_picked":["Ball Lightning","jedi:locknload","StuffTheSpire:Plugnplay"],"picked":"SKIP","floor":27},{"not_picked":["Ball Lightning","jedi:locknload","StuffTheSpire:Plugnplay"],"picked":"SKIP","floor":27},{"not_picked":["Sweeping Beam","jedi:blockon+1","jedi:BurstLightning"],"picked":"SKIP","floor":28},{"not_picked":["Leap","Turbo","Redo"],"picked":"SKIP","floor":29},{"not_picked":["StuffTheSpire:Plugnplay","Sweeping Beam","Ball Lightning"],"picked":"SKIP","floor":30},{"not_picked":["StuffTheSpire:SnapShoot","Barrage+1"],"picked":"Heatsinks+1","floor":35},{"not_picked":["Cold Snap","Glacier+1"],"picked":"Defragment+1","floor":38},{"not_picked":["StuffTheSpire:NuclearReactor+1","Barrage+1","Rebound+1"],"picked":"SKIP","floor":39},{"not_picked":["Leap+1","Coolheaded","Turbo+1"],"picked":"SKIP","floor":40},{"not_picked":["ReplayTheSpireMod:GoodbyeWorld+1","Aggregate","Sweeping Beam"],"picked":"SKIP","floor":44},{"not_picked":["Conserve Battery+1","Beam Cell","Steam+1"],"picked":"SKIP","floor":46},{"not_picked":["FTL","Reinforced Body+1","jedi:markofdeath"],"picked":"SKIP","floor":48},{"not_picked":["Thunder Strike","Reboot"],"picked":"jedi:gatheringstorm","floor":50},{"not_picked":["Ball Lightning","Hologram","Barrage"],"picked":"SKIP","floor":52},{"not_picked":["Cold Snap","Ball Lightning","Stack"],"picked":"SKIP","floor":56},{"not_picked":["Undo","Hologram","jedi:overflow"],"picked":"SKIP","floor":57},{"not_picked":["Go for the Eyes","Doom and Gloom","Panic Button"],"picked":"SKIP","floor":59},{"not_picked":["Compile Driver","Hologram","Ball Lightning"],"picked":"SKIP","floor":62},{"not_picked":["hubris:DoWhile","Stack","Cold Snap"],"picked":"SKIP","floor":64},{"not_picked":["infinitespire:Fortify","infinitespire:Punishment"],"picked":"infinitespire:Collect","floor":67},{"not_picked":["Redo","StuffTheSpire:LoadUp","Genetic Algorithm"],"picked":"SKIP","floor":69},{"not_picked":["Genetic Algorithm","Compile Driver+1","jedi:blockon+1"],"picked":"SKIP","floor":70},{"not_picked":["Cold Snap+1","Turbo","Stack+1"],"picked":"SKIP","floor":71},{"not_picked":["Buffer","StuffTheSpire:Synthwave+1","Leap"],"picked":"SKIP","floor":75},{"not_picked":["ReplayTheSpireMod:Dual Polarity","Coolheaded","StuffTheSpire:LaunchingStrike"],"picked":"SKIP","floor":76},{"not_picked":["jedi:hex+1","Steam","Compile Driver+1"],"picked":"SKIP","floor":78},{"not_picked":["Sweeping Beam+1","Rebound+1","Beam Cell+1"],"picked":"SKIP","floor":81},{"not_picked":["Stack","jedi:BurstFrost","Go for the Eyes+1"],"picked":"SKIP","floor":82},{"not_picked":["Creative AI","Seek"],"picked":"StuffTheSpire:ForEach","floor":84},{"not_picked":["Ball Lightning","Leap+1","Steam Power"],"picked":"SKIP","floor":86},{"not_picked":["Ball Lightning","jedi:sharpshooter","jedi:overflow"],"picked":"SKIP","floor":89},{"not_picked":["Hologram+1","Heatsinks","StuffTheSpire:LoadUp"],"picked":"SKIP","floor":91},{"not_picked":["Beam Cell","Compile Driver"],"picked":"ReplayTheSpireMod:Dual Polarity+1","floor":92},{"not_picked":["StuffTheSpire:LoadUp+1","jedi:reiji","Recycle"],"picked":"SKIP","floor":93},{"not_picked":["Streamline+1","jedi:overflow+1","Beam Cell+1"],"picked":"SKIP","floor":96},{"not_picked":["jedi:overflow","StuffTheSpire:SnapShoot"],"picked":"StuffTheSpire:ShieldGenerator","floor":97},{"not_picked":["Streamline","Turbo+1","Sunder"],"picked":"SKIP","floor":98},{"not_picked":["Glacier+1","Beam Cell","jedi:BurstFrost+1"],"picked":"SKIP","floor":99},{"not_picked":["StuffTheSpire:Purify","Meteor Strike"],"picked":"jedi:BurstDark","floor":101},{"not_picked":["Ball Lightning","Cold Snap","Go for the Eyes"],"picked":"SKIP","floor":103},{"not_picked":["Barrage","StuffTheSpire:Plugnplay","StuffTheSpire:Coldhearted"],"picked":"SKIP","floor":105},{"not_picked":["Sweeping Beam","StuffTheSpire:Rend","Cold Snap"],"picked":"SKIP","floor":106},{"not_picked":["StuffTheSpire:Plugnplay","Stack","ReplaySort"],"picked":"SKIP","floor":108},{"not_picked":["Turbo","Beam Cell","Gash"],"picked":"SKIP","floor":109},{"not_picked":["hubris:Prefetch","Cold Snap","StuffTheSpire:ShieldGenerator"],"picked":"SKIP","floor":113},{"not_picked":["Beam Cell","Turbo","Stack"],"picked":"SKIP","floor":114},{"not_picked":["Beam Cell","Turbo","Stack"],"picked":"SKIP","floor":114},{"not_picked":["StuffTheSpire:LoadUp","Doom and Gloom","Ball Lightning"],"picked":"SKIP","floor":116},{"not_picked":["Go for the Eyes+1","jedi:BurstFrost","Hologram"],"picked":"SKIP","floor":120},{"not_picked":["Ball Lightning","StuffTheSpire:LoadUp","Beam Cell"],"picked":"SKIP","floor":122},{"not_picked":["Streamline","Turbo","Time Bomb"],"picked":"SKIP","floor":124},{"not_picked":["Steam","ReplayTheSpireMod:Repulse","Conserve Battery"],"picked":"SKIP","floor":125},{"not_picked":["Chill+1","Compile Driver","Barrage+1"],"picked":"SKIP","floor":126},{"not_picked":["hubris:Prefetch","Barrage+1","Sunder+1"],"picked":"SKIP","floor":129},{"not_picked":["Sweeping Beam","Go for the Eyes+1","hubris:Ukulele"],"picked":"SKIP","floor":131},{"not_picked":["Crystallizer","Gash","Sunder+1"],"picked":"SKIP","floor":137},{"not_picked":["ReplayTheSpireMod:Haul","infinitespire:Fortify"],"picked":"infinitespire:FutureSight","floor":138},{"not_picked":["StuffTheSpire:LoadUp+1","Coolheaded","Go for the Eyes+1"],"picked":"SKIP","floor":139},{"not_picked":["Blizzard","Gash","Hologram+1"],"picked":"SKIP","floor":140},{"not_picked":["Coolheaded","Crystallizer","StuffTheSpire:Coldhearted"],"picked":"SKIP","floor":142},{"not_picked":["StuffTheSpire:Plugnplay+1","Steam+1","Gash"],"picked":"SKIP","floor":144},{"not_picked":["Turbo+1","ReplaySolidLightProjector+1","StuffTheSpire:ShieldGenerator+1"],"picked":"SKIP","floor":146},{"not_picked":["jedi:blockon","Hologram+1","Steam"],"picked":"SKIP","floor":147},{"not_picked":["Capacitor+1","jedi:BurstLightning+1","jedi:blockon"],"picked":"SKIP","floor":148},{"not_picked":["Scrape+1","Heatsinks+1","ReplayTheSpireMod:Reroute Power+1"],"picked":"SKIP","floor":149},{"not_picked":["Defragment+1","jedi:overflow+1","ReplayTheSpireMod:Calculation Training+1"],"picked":"Singing Bowl","floor":150},{"not_picked":["StuffTheSpire:Purify","Rainbow","Amplify"],"picked":"Singing Bowl","floor":152},{"not_picked":["ReplayTheSpireMod:Repulse+1","jedi:sharpshooter+1","Go for the Eyes"],"picked":"Singing Bowl","floor":156},{"not_picked":["jedi:gatheringstorm","Thunder Strike","Rainbow"],"picked":"Singing Bowl","floor":157}],"player_experience":217902,"relics_obtained":[{"floor":9,"key":"hubris:SoftwareUpdate"},{"floor":13,"key":"hubris:MobiusCoin"},{"floor":23,"key":"Vajra"},{"floor":26,"key":"Bronze Scales"},{"floor":27,"key":"conspire:GlowingRock"},{"floor":40,"key":"Lantern"},{"floor":43,"key":"Cables"},{"floor":57,"key":"Blood Vial"},{"floor":57,"key":"Replay:Mystery Machine"},{"floor":60,"key":"CaptainsWheel"},{"floor":62,"key":"Replay:Accelerometer"},{"floor":62,"key":"StuffTheSpire:GrapeVine"},{"floor":66,"key":"Replay:PocketPolymizer"},{"floor":76,"key":"jedi:laserpointer"},{"floor":76,"key":"jedi:gremlinknob"},{"floor":81,"key":"Counterbalance"},{"floor":81,"key":"Carrot"},{"floor":93,"key":"Replay:Bandana"},{"floor":93,"key":"Matryoshka"},{"floor":94,"key":"hubris:RGBLights"},{"floor":94,"key":"StuffTheSpire:Experiment12"},{"floor":97,"key":"jedi:archwizardhat"},{"floor":97,"key":"jedi:cryingmask"},{"floor":108,"key":"jedi:heavyjacket"},{"floor":108,"key":"Bird Faced Urn"},{"floor":111,"key":"Mercury Hourglass"},{"floor":111,"key":"Kunai"},{"floor":113,"key":"Dead Branch"},{"floor":113,"key":"hubris:Zylophone"},{"floor":116,"key":"jedi:arcanewood"},{"floor":116,"key":"Durian"},{"floor":123,"key":"Red Mask"},{"floor":128,"key":"StuffTheSpire:ColdMirror"},{"floor":131,"key":"Toy Ornithopter"},{"floor":131,"key":"jedi:shrinkray"},{"floor":141,"key":"Pear"},{"floor":142,"key":"Du-Vu Doll"},{"floor":142,"key":"infinitespire:Bottled Soul"},{"floor":145,"key":"infinitespire:ShieldingShard"},{"floor":150,"key":"Singing Bowl"},{"floor":150,"key":"ReplayTheSpireMod:Shallot"},{"floor":156,"key":"Blue Doll"},{"floor":156,"key":"Strawberry"}],"event_choices":[{"damage_healed":0,"gold_gain":0,"player_choice":"Donut","damage_taken":0,"max_hp_gain":5,"max_hp_loss":0,"event_name":"Big Fish","floor":7,"gold_loss":0},{"damage_healed":0,"gold_gain":0,"player_choice":"Trade","damage_taken":0,"relics_obtained":["CultistMask"],"max_hp_gain":0,"max_hp_loss":0,"event_name":"FaceTrader","floor":19,"gold_loss":0},{"damage_healed":0,"gold_gain":0,"player_choice":"Ignored","damage_taken":0,"max_hp_gain":0,"max_hp_loss":0,"event_name":"SecretPortal","floor":36,"gold_loss":0},{"damage_healed":0,"gold_gain":100,"player_choice":"Pray","damage_taken":0,"max_hp_gain":0,"max_hp_loss":0,"event_name":"Golden Shrine","floor":54,"gold_loss":0},{"damage_healed":0,"gold_gain":0,"player_choice":"Shed Blood","damage_taken":20,"max_hp_gain":5,"max_hp_loss":0,"event_name":"Forgotten Altar","floor":72,"gold_loss":0},{"damage_healed":0,"gold_gain":0,"player_choice":"Upgraded Two","damage_taken":0,"max_hp_gain":0,"max_hp_loss":0,"event_name":"Designer","floor":73,"gold_loss":40,"cards_upgraded":["Dualcast","infinitespire:Collect"]},{"damage_healed":0,"gold_gain":0,"player_choice":"Damaged","damage_taken":8,"max_hp_gain":0,"max_hp_loss":0,"event_name":"Wheel of Change","floor":79,"gold_loss":0},{"damage_healed":0,"gold_gain":0,"player_choice":"Got Potions","damage_taken":0,"max_hp_gain":0,"max_hp_loss":0,"event_name":"Lab","floor":90,"gold_loss":0},{"damage_healed":0,"gold_gain":0,"player_choice":"Take Damage","damage_taken":23,"relics_obtained":["Golden Idol"],"max_hp_gain":0,"max_hp_loss":0,"event_name":"Golden Idol","floor":115,"gold_loss":0},{"damage_healed":0,"gold_gain":0,"player_choice":"Fought Bandits","damage_taken":0,"max_hp_gain":0,"max_hp_loss":0,"event_name":"Masked Bandits","floor":123,"gold_loss":0},{"damage_healed":0,"gold_gain":0,"player_choice":"Bought 1 Potion","damage_taken":0,"max_hp_gain":0,"max_hp_loss":0,"event_name":"The Woman in Blue","floor":127,"gold_loss":0}],"is_beta":false,"boss_relics":[{"not_picked":["StuffTheSpire:RunicHypercube","conspire:SpecialSausage"],"picked":"aspiration:Stellarator"},{"not_picked":["Honey Jar","Calling Bell"],"picked":"Pandora\u0027s Box"},{"not_picked":["infinitespire:Cupcake","aspiration:SilentSkillbook"],"picked":"Replay:Wanted Poster"},{"not_picked":["Replay:Ancient Bell","Replay:Bronze Core"],"picked":"SacredBark"},{"not_picked":["Fusion Hammer","ReplayTheSpireMod:DimensionalGlitch"],"picked":"conspire:SpecialSausage"},{"not_picked":["Ring of Chaos","Tiny House"],"picked":"Runic Dome"},{"not_picked":["Replay:Bronze Core","StuffTheSpire:ModemDavis","hubris:GrandSneckoEye"]},{"not_picked":["Sozu","hubris:Stopwatch"],"picked":"Empty Cage"},{"not_picked":["jedi:hotpepper","aspiration:WatcherSkillbook","ChewingGum"]}],"items_purged_floors":[0,0,4,20,22,31,42,121,133],"is_endless":true,"potions_floor_spawned":[1,8,16,27,28,29,33,38,48,50,59,67,70,75,76,78,81,89,93,97,98,103,105,106,113,123,124,126,139,141,142,144,150,152,156,157],"ascension_level":0}}