{"host":"viqlxz8almhbqoia","time":1610859309,"event":{"mods":["BaseMod","CapriCore","Colored Map","Custom Start","DeckTracker","Hermit","Minty Spire (QoL Compilation)","READ ME - Guardian Mod","StSLib","SuperFastMode","The Cursed"],"gold_per_floor":[113,130,130,2,16,50,128,128,196,196,210,2,0,0,0,0,0],"floor_reached":16,"language":"KOR","playtime":359,"items_purged":["Strike_G"],"score":196,"play_id":"c4b3f267-dcb3-4af1-be3f-66936552edd1","local_time":"20210117135509","is_ascension_mode":true,"campfire_choices":[{"floor":8,"key":"REST"},{"data":"Bouncing Flask","floor":10,"key":"SMITH"},{"data":"Footwork","floor":15,"key":"SMITH"}],"circlet_count":0,"master_deck":["AscendersBane","Strike_G","Strike_G","Strike_G","Defend_G","Defend_G","Defend_G","Defend_G","Defend_G","Survivor","Neutralize","Blade Dance","Bouncing Flask+1","Deadly Poison","Escape Plan","Footwork+1"],"relics":["HoveringKite","Snake Skull","Ornamental Fan","Question Card","TwistedFunnel"],"acts_visited":["Exordium"],"potions_floor_usage":[6],"damage_taken":[{"damage":5,"enemies":"Jaw Worm","floor":1,"turns":6},{"damage":0,"enemies":"2 Louse","floor":2,"turns":2},{"damage":5,"enemies":"Small Slimes","floor":5,"turns":4},{"damage":47,"enemies":"Gremlin Nob","floor":6,"turns":5},{"damage":14,"enemies":"Gremlin Gang","floor":11,"turns":5},{"damage":8,"enemies":"Hexaghost","floor":16,"turns":7}],"seed_played":"1123467866039920046","potions_obtained":[{"floor":5,"key":"Weak Potion"}],"is_trial":false,"path_per_floor":["M","M","?","$","M","E","T","R","T","R","M","$","?","$","R","B"],"character_chosen":"THE_SILENT","items_purchased":["Deadly Poison","TwistedFunnel","Footwork"],"campfire_rested":1,"item_purchase_floors":[4,12,12],"current_hp_per_floor":[54,54,54,54,49,2,2,21,21,21,7,7,7,7,7,0,0],"gold":0,"neow_bonus":"BOSS_RELIC","is_daily":false,"chose_seed":false,"campfire_upgraded":2,"win_rate":0.0,"timestamp":1610859309,"path_taken":["M","M","?","$","M","E","?","R","T","R","M","?","?","?","R","BOSS"],"items_purchased_type":["Card","Relic","Card"],"build_version":"2020-12-22","purchased_purges":1,"victory":false,"max_hp_per_floor":[66,66,66,66,66,66,66,66,66,66,66,66,66,66,66,66,66],"card_choices":[{"not_picked":["Bane","Deflect"],"picked":"Blade Dance","floor":1},{"not_picked":["Skewer","Choke"],"picked":"Bouncing Flask","floor":2},{"not_picked":["Sucker Punch","Caltrops","Deadly Poison"],"picked":"SKIP","floor":5},{"not_picked":["Skewer","Die Die Die"],"picked":"Escape Plan","floor":6},{"not_picked":["Flying Knee","Outmaneuver","Leg Sweep","Blade Dance"],"picked":"SKIP","floor":11}],"player_experience":889880,"relics_obtained":[{"floor":6,"key":"Snake Skull"},{"floor":7,"key":"Ornamental Fan"},{"floor":9,"key":"Question Card"}],"event_choices":[{"cards_removed":["Strike_G"],"damage_healed":0,"gold_gain":0,"player_choice":"Forget","damage_taken":0,"max_hp_gain":0,"max_hp_loss":0,"event_name":"Living Wall","floor":3,"gold_loss":0},{"damage_healed":0,"gold_gain":0,"player_choice":"Left Gold","damage_taken":0,"max_hp_gain":0,"max_hp_loss":0,"event_name":"World of Goop","floor":13,"gold_loss":2}],"is_beta":false,"boss_relics":[],"items_purged_floors":[4],"is_endless":false,"potions_floor_spawned":[5],"killed_by":"Hexaghost","ascension_level":20}}