{"host":"xm0tf1maiknh0fp9","time":1610843540,"event":{"mods":["BaseMod","Colored Map","Colored Powertips","Googly Eyes","Minty Spire (QoL Compilation)","Replay The Spire","StSLib"],"gold_per_floor":[117,134,144,163,182,182,209,224,249,249,249,249,249,267,267,370,370,386,386,87,87,87,117,57,57,84,111,156,267,131,131,131,131,131],"floor_reached":33,"language":"ENG","playtime":866,"items_purged":[],"score":400,"play_id":"62b6c926-bc7d-4606-891a-5fcef8df8778","local_time":"20210116193220","is_ascension_mode":true,"campfire_choices":[{"data":"Predator","floor":6.0,"key":"SMITH"},{"data":"Predator","floor":10.0,"key":"SMITH"},{"data":"Blade Dance","floor":12.0,"key":"SMITH"},{"data":"Neutralize","floor":15.0,"key":"SMITH"},{"floor":25,"key":"REST"},{"floor":32,"key":"REST"}],"circlet_count":0,"master_deck":["Strike_G+1","Strike_G+1","Strike_G+1","Strike_G+1","Defend_G+1","Defend_G+1","Defend_G+1","Defend_G+1","Defend_G+1","Survivor","Neutralize+1","Predator+1","Blade Dance+1","Predator+1","Riddle With Holes","Malaise","Draining Mist"],"relics":["ChewingGum","Juzu Bracelet","Replay:Mystery Machine","Replay:Bronze Core","CaptainsWheel","Chameleon Ring","MawBank","Orichalcum","HandDrill","Iron Hammer"],"acts_visited":["Exordium","TheCity"],"potions_floor_usage":[16,16,18,28],"damage_taken":[{"damage":0.0,"enemies":"Cultist","floor":1.0,"turns":4.0},{"damage":0.0,"enemies":"Small Slimes","floor":2.0,"turns":3.0},{"damage":7.0,"enemies":"Jaw Worm","floor":3.0,"turns":3.0},{"damage":0.0,"enemies":"Red Slaver","floor":4.0,"turns":4.0},{"damage":1.0,"enemies":"2 Fungi Beasts","floor":5.0,"turns":4.0},{"damage":4.0,"enemies":"Replay:BlueRogue","floor":7.0,"turns":4.0},{"damage":0.0,"enemies":"Large Slime","floor":8.0,"turns":4.0},{"damage":0.0,"enemies":"Blue Slaver","floor":14.0,"turns":2.0},{"damage":22,"enemies":"The Guardian","floor":16,"turns":11},{"damage":32,"enemies":"Shell Parasite","floor":18,"turns":5},{"damage":35,"enemies":"Gremlin Leader","floor":23,"turns":7},{"damage":0,"enemies":"Spheric Guardian","floor":27,"turns":3},{"damage":4,"enemies":"Book of Stabbing","floor":28,"turns":8},{"damage":49,"enemies":"Collector","floor":33,"turns":7}],"seed_played":"-6215591949667799777","potions_obtained":[{"floor":1.0,"key":"Explosive Potion"},{"floor":4.0,"key":"Adrenaline Potion"},{"floor":11.0,"key":"DistilledChaos"},{"floor":11.0,"key":"Doom Potion"},{"floor":11.0,"key":"Regen Potion"},{"floor":16,"key":"BlessingOfTheForge"}],"is_trial":false,"path_per_floor":["M","M","M","M","M","R","E","M","T","R","?","R","?","M","R","B",null,"M","?","$","?","?","E","?","R","T","M","E","?","$","T","R","B"],"character_chosen":"THE_SILENT","items_purchased":["CaptainsWheel","HandDrill"],"campfire_rested":2,"item_purchase_floors":[20,30],"current_hp_per_floor":[63,63,56,56,55,55,51,51,51,51,51,51,51,51,51,29,60,40,40,40,40,40,5,5,26,26,26,22,22,22,22,43,0,0],"gold":131,"neow_bonus":"BOSS_RELIC","is_daily":false,"chose_seed":false,"campfire_upgraded":4,"win_rate":0.0,"timestamp":1610843540,"path_taken":["M","M","M","?","M","R","E","M","T","R","?","R","?","M","R","BOSS","M","?","$","?","?","E","?","R","T","M","E","?","?","?","R","BOSS"],"items_purchased_type":["Relic","Relic"],"build_version":"2020-12-22","purchased_purges":0,"victory":false,"max_hp_per_floor":[70,70,70,70,70,70,70,70,70,70,70,70,70,70,70,70,70,70,70,70,70,70,70,70,70,70,70,70,70,70,70,70,70,70],"card_choices":[{"not_picked":["Reflex","Cloak And Dagger"],"picked":"Predator","floor":1.0},{"not_picked":["Calculated Gamble","Acrobatics","Crippling Poison"],"picked":"SKIP","floor":2.0},{"not_picked":["Prepared","Skewer"],"picked":"Blade Dance","floor":3.0},{"not_picked":["Acrobatics","Hidden Blade","Poisoned Stab"],"picked":"SKIP","floor":4.0},{"not_picked":["Masterful Stab","Deflect","Backstab"],"picked":"SKIP","floor":5.0},{"not_picked":["Dash","Dagger Throw"],"picked":"Predator","floor":7.0},{"not_picked":["Slice","Backflip","Catalyst"],"picked":"SKIP","floor":8.0},{"not_picked":["Catalyst","Bane","Fluid Movement"],"picked":"SKIP","floor":14.0},{"not_picked":["Cloak And Dagger","Bouncing Flask","Outmaneuver+1"],"picked":"SKIP","floor":18},{"not_picked":["Deadly Poison","Flying Knee","Hidden Blade"],"picked":"SKIP","floor":23},{"not_picked":["Dodge and Roll","Slice"],"picked":"Malaise","floor":27},{"not_picked":["ReplayTheSpireMod:Speed Training","Infinite Blades"],"picked":"Draining Mist","floor":28}],"player_experience":133115,"relics_obtained":[{"floor":7.0,"key":"Juzu Bracelet"},{"floor":9.0,"key":"Replay:Mystery Machine"},{"floor":23,"key":"Chameleon Ring"},{"floor":26,"key":"MawBank"},{"floor":28,"key":"Orichalcum"},{"floor":31,"key":"Iron Hammer"}],"event_choices":[{"damage_healed":0.0,"max_hp_gain":0.0,"max_hp_loss":0.0,"gold_gain":0.0,"event_name":"Lab","player_choice":"Got Potions","floor":11.0,"gold_loss":0.0,"damage_taken":0.0},{"damage_healed":0.0,"max_hp_gain":0.0,"max_hp_loss":0.0,"gold_gain":0.0,"event_name":"Liars Game","player_choice":"Ignored","floor":13.0,"gold_loss":0.0,"damage_taken":0.0},{"damage_healed":0,"gold_gain":0,"player_choice":"Read","damage_taken":0,"max_hp_gain":0,"max_hp_loss":0,"event_name":"The Library","floor":19,"gold_loss":0,"cards_obtained":["Riddle With Holes"]},{"cards_removed":["Strike_G"],"damage_healed":0,"gold_gain":0,"player_choice":"Card Removal","damage_taken":0,"max_hp_gain":0,"max_hp_loss":0,"event_name":"Wheel of Change","floor":21,"gold_loss":0},{"damage_healed":0,"gold_gain":0,"player_choice":"Simplicity","damage_taken":0,"max_hp_gain":0,"max_hp_loss":0,"event_name":"Back to Basics","floor":22,"gold_loss":0,"cards_upgraded":["Strike_G","Strike_G","Strike_G","Strike_G","Defend_G","Defend_G","Defend_G","Defend_G","Defend_G"]},{"damage_healed":0,"gold_gain":99,"player_choice":"Stole From Cult","damage_taken":0,"max_hp_gain":0,"max_hp_loss":0,"event_name":"Nest","floor":29,"gold_loss":0}],"is_beta":false,"boss_relics":[{"not_picked":["ReplayTheSpireMod:DimensionalGlitch","Coffee Dripper"],"picked":"Replay:Bronze Core"}],"items_purged_floors":[],"is_endless":false,"potions_floor_spawned":[1,4,16],"killed_by":"Collector","ascension_level":6}}