{"host":"0t7fmok77kj5m0rp","time":1610907147,"event":{"mods":["BaseMod","Minty Spire (QoL Compilation)","Remilia£®¿Ÿ√◊¿Ú—«£©","StSLib"],"gold_per_floor":[144,189,189,234,9,9,54,99,99,99,144,189,189,64,64,364,364,409,454,301,301,111,201,201,246,246,171,96,141,141,186,186,486,486,531,231,381,181,226,316,316,361,361,361,361,1,46,91,91,91],"floor_reached":51,"language":"ZHS","playtime":2147,"items_purged":[],"score":1089,"play_id":"34e28b2c-aecc-4224-9cbb-6bd0990aac65","local_time":"20210118021227","daily_mods":["SealedDeck","Hoarder","Midas"],"is_ascension_mode":false,"campfire_choices":[{"floor":6.0,"key":"REST"},{"floor":13.0,"key":"REST"},{"floor":15.0,"key":"REST"},{"floor":30.0,"key":"REST"},{"floor":32.0,"key":"REST"},{"floor":41.0,"key":"REST"},{"floor":44.0,"key":"REST"},{"floor":49.0,"key":"REST"}],"circlet_count":0,"master_deck":["Ball Lightning+1","Ball Lightning","Ball Lightning","Turbo","Turbo","Conserve Battery","Conserve Battery","Leap","Leap","Leap","Conserve Battery","Conserve Battery","Conserve Battery","Sweeping Beam","Sweeping Beam","Sweeping Beam","Sweeping Beam","Sweeping Beam","Sweeping Beam","Cold Snap","Cold Snap+1","Cold Snap","Redo","Redo","Redo","Sweeping Beam","Sweeping Beam","Sweeping Beam","Double Energy","Double Energy","Double Energy","Chaos+1","Chaos+1","Chaos+1","Fission+1","Fission+1","Fission+1","Reboot+1","Reboot+1","Reboot+1","Necronomicurse","Necronomicurse","Necronomicurse","Capacitor","Capacitor","Capacitor","Seek+1","Seek+1","Seek+1","Pride","Pride","Rainbow+1","Rainbow+1","Rainbow+1","Aggregate+1","Aggregate+1","Aggregate+1","Multi-Cast+1","Multi-Cast+1","Multi-Cast+1","Seek+1","Seek+1","Seek+1"],"relics":["Cracked Core","Membership Card","DataDisk","Toxic Egg 2","Kunai","Matryoshka","Fusion Hammer","OrangePellets","Necronomicon","Ice Cream","Whetstone","GreatHeart","Bag of Preparation","Molten Egg 2","Orrery","Nuclear Battery","Thread and Needle","CaptainsWheel","Bird Faced Urn","DollysMirror","Gremlin Horn","Bottled Lightning","Juzu Bracelet","The Courier","Lizard Tail","Strange Spoon","Ancient Tea Set","Torii"],"acts_visited":["Exordium","TheCity","TheBeyond"],"potions_floor_usage":[],"damage_taken":[{"damage":0.0,"enemies":"2 Louse","floor":1.0,"turns":2.0},{"damage":0.0,"enemies":"Cultist","floor":2.0,"turns":3.0},{"damage":8.0,"enemies":"Small Slimes","floor":4.0,"turns":2.0},{"damage":0.0,"enemies":"Looter","floor":7.0,"turns":3.0},{"damage":6.0,"enemies":"2 Fungi Beasts","floor":8.0,"turns":2.0},{"damage":0.0,"enemies":"Large Slime","floor":11.0,"turns":4.0},{"damage":0.0,"enemies":"Lots of Slimes","floor":12.0,"turns":1.0},{"damage":0.0,"enemies":"Slime Boss","floor":16.0,"turns":6.0},{"damage":0.0,"enemies":"Spheric Guardian","floor":18.0,"turns":3.0},{"damage":0.0,"enemies":"Chosen","floor":19.0,"turns":3.0},{"damage":23.0,"enemies":"Slavers","floor":23.0,"turns":3.0},{"damage":15.0,"enemies":"3 Cultists","floor":25.0,"turns":4.0},{"damage":5.0,"enemies":"Snake Plant","floor":29.0,"turns":2.0},{"damage":0.0,"enemies":"Sentry and Sphere","floor":31.0,"turns":2.0},{"damage":45.0,"enemies":"Automaton","floor":33.0,"turns":9.0},{"damage":10.0,"enemies":"3 Darklings","floor":35.0,"turns":3.0},{"damage":6.0,"enemies":"Mind Bloom Boss Battle","floor":37.0,"turns":5.0},{"damage":0.0,"enemies":"3 Shapes","floor":39.0,"turns":1.0},{"damage":0.0,"enemies":"Reptomancer","floor":40.0,"turns":1.0},{"damage":0.0,"enemies":"Transient","floor":42.0,"turns":1.0},{"damage":0.0,"enemies":"Writhing Mass","floor":47.0,"turns":1.0},{"damage":0.0,"enemies":"Jaw Worm Horde","floor":48.0,"turns":1.0},{"damage":33,"enemies":"Awakened One","floor":50,"turns":4}],"seed_played":"7372172642885907109","potions_obtained":[{"floor":7.0,"key":"SneckoOil"},{"floor":12.0,"key":"SpeedPotion"},{"floor":16.0,"key":"ColorlessPotion"},{"floor":25.0,"key":"LiquidBronze"},{"floor":29.0,"key":"LiquidMemories"},{"floor":31.0,"key":"FairyPotion"}],"is_trial":false,"path_per_floor":["M","M","?","M","$","R","M","M","T","?","M","M","R","$","R","B",null,"M","M","$","?","$","E","?","M","T","$","?","M","R","M","R","B",null,"M","$","?","$","M","E","R","M","T","R","?","$","M","M","R","B",null],"character_chosen":"DEFECT","items_purchased":["Membership Card","DataDisk","Matryoshka","Reboot+1","OrangePellets","Ice Cream","Capacitor","Orrery","Thread and Needle","CaptainsWheel","DollysMirror","Gremlin Horn","Lizard Tail","Strange Spoon","Ancient Tea Set","Torii"],"campfire_rested":8,"item_purchase_floors":[5,5,14,20,20,22,22,27,36,36,38,38,46,46,46,46],"current_hp_per_floor":[75,75,68,60,60,75,75,69,69,69,69,69,75,75,75,75,75,75,75,75,59,59,36,36,21,21,21,21,16,38,38,60,15,75,65,65,59,59,59,59,75,75,75,75,75,75,75,75,75,42],"gold":91,"neow_bonus":"","is_daily":true,"chose_seed":false,"campfire_upgraded":0,"win_rate":0.0,"timestamp":1610907147,"path_taken":["M","M","?","M","$","R","M","M","T","?","M","M","R","$","R","BOSS","M","M","$","?","$","E","?","M","T","$","?","M","R","M","R","BOSS","M","$","?","$","M","E","R","M","T","R","?","$","M","M","R","BOSS"],"items_purchased_type":["Relic","Relic","Relic","Card","Relic","Relic","Card","Relic","Relic","Relic","Relic","Relic","Relic","Relic","Relic","Relic"],"build_version":"2020-12-22","purchased_purges":0,"victory":true,"max_hp_per_floor":[75,75,75,75,75,75,75,75,75,75,75,75,75,75,75,75,75,75,75,75,75,75,75,75,75,75,75,75,75,75,75,75,75,75,75,75,75,75,75,75,75,75,75,75,75,75,75,75,75,75],"card_choices":[{"not_picked":["Hologram","Gash"],"picked":"Double Energy","floor":1.0},{"not_picked":["Beam Cell","Gash","BootSequence"],"picked":"SKIP","floor":2.0},{"not_picked":["Leap","Creative AI","Redo"],"picked":"SKIP","floor":4.0},{"not_picked":["Ball Lightning","White Noise","Capacitor"],"picked":"SKIP","floor":7.0},{"not_picked":["Turbo","Cold Snap","Redo"],"picked":"SKIP","floor":8.0},{"not_picked":["Conserve Battery+1","Blizzard","Coolheaded+1"],"picked":"SKIP","floor":11.0},{"not_picked":["Hello World","Streamline"],"picked":"Chaos+1","floor":12.0},{"not_picked":["Hyperbeam","Amplify+1"],"picked":"Fission+1","floor":16.0},{"not_picked":["Gash","Storm","Rebound"],"picked":"SKIP","floor":18.0},{"not_picked":["Genetic Algorithm+1","BootSequence+1","Glacier+1"],"picked":"SKIP","floor":19.0},{"not_picked":["Blizzard","Defragment"],"picked":"Seek+1","floor":23.0},{"not_picked":["Steam+1","Steam Power+1","Beam Cell"],"picked":"SKIP","floor":25.0},{"not_picked":["Ball Lightning+1","Compile Driver+1"],"picked":"Rainbow+1","floor":27.0},{"not_picked":["Leap+1","Stack+1","Aggregate+1"],"picked":"SKIP","floor":29.0},{"not_picked":["Leap+1","Stack+1"],"picked":"Aggregate+1","floor":29.0},{"not_picked":["Sweeping Beam+1","Leap+1","Coolheaded+1"],"picked":"SKIP","floor":31.0},{"not_picked":["All For One+1","Hyperbeam+1"],"picked":"Multi-Cast+1","floor":33.0},{"not_picked":["Coolheaded+1","Barrage+1","Sweeping Beam+1"],"picked":"SKIP","floor":35.0},{"not_picked":["Redo+1","Darkness+1","Streamline+1"],"picked":"SKIP","floor":39.0},{"not_picked":["Melter+1","Barrage+1","Self Repair+1"],"picked":"SKIP","floor":40.0},{"not_picked":["Doom and Gloom+1","Tempest+1","Hello World+1"],"picked":"SKIP","floor":42.0},{"not_picked":["Turbo+1","Loop","Streamline+1"],"picked":"SKIP","floor":47.0},{"not_picked":["Turbo+1","Sweeping Beam+1","Rebound+1"],"picked":"SKIP","floor":48.0}],"player_experience":57113,"relics_obtained":[{"floor":9.0,"key":"Toxic Egg 2"},{"floor":21.0,"key":"Necronomicon"},{"floor":23.0,"key":"Whetstone"},{"floor":26.0,"key":"Bag of Preparation"},{"floor":26.0,"key":"Molten Egg 2"},{"floor":37.0,"key":"Bird Faced Urn"},{"floor":40.0,"key":"Bottled Lightning"},{"floor":43.0,"key":"Juzu Bracelet"},{"floor":43.0,"key":"The Courier"}],"event_choices":[{"cards_removed":["Conserve Battery"],"damage_healed":0.0,"max_hp_gain":0.0,"max_hp_loss":0.0,"gold_gain":0.0,"event_name":"Golden Wing","player_choice":"Card Removal","floor":3.0,"gold_loss":0.0,"damage_taken":7.0},{"cards_removed":["Turbo"],"damage_healed":0.0,"max_hp_gain":0.0,"max_hp_loss":0.0,"gold_gain":0.0,"event_name":"WeMeetAgain","player_choice":"Gave Card","floor":10.0,"gold_loss":0.0,"damage_taken":0.0,"relics_obtained":["Kunai"]},{"damage_healed":0.0,"max_hp_gain":0.0,"max_hp_loss":0.0,"gold_gain":0.0,"event_name":"Cursed Tome","player_choice":"Obtained Book","floor":21.0,"gold_loss":0.0,"damage_taken":16.0},{"cards_removed":["Pride"],"damage_healed":0.0,"max_hp_gain":0.0,"max_hp_loss":0.0,"gold_gain":0.0,"event_name":"Beggar","player_choice":"Gave Gold","floor":28.0,"gold_loss":75.0,"damage_taken":0.0},{"damage_healed":0.0,"max_hp_gain":0.0,"max_hp_loss":0.0,"gold_gain":0.0,"event_name":"MindBloom","player_choice":"Fight","floor":37.0,"gold_loss":0.0,"damage_taken":0.0},{"damage_healed":0.0,"max_hp_gain":0.0,"max_hp_loss":0.0,"gold_gain":0.0,"event_name":"Mysterious Sphere","player_choice":"Ignored","floor":45.0,"gold_loss":0.0,"damage_taken":0.0}],"is_beta":false,"boss_relics":[{"not_picked":["SlaversCollar","Philosopher\u0027s Stone"],"picked":"Fusion Hammer"},{"not_picked":["Black Star","Astrolabe"],"picked":"Nuclear Battery"}],"items_purged_floors":[],"is_endless":false,"potions_floor_spawned":[7,12,16,25,29,31,33,39,42],"ascension_level":0}}