{"host":"8rqsnaeml9gxb0kp","time":1610842085,"event":{"mods":["AchievementEnabler","BaseMod","Dark Map","Minty Spire (QoL Compilation)","StSLib"],"gold_per_floor":[115,115,115,131,56,83,95,95,95,105,120,138,150,165,165,269,269,286,302,42,59,75,75,75,75],"floor_reached":24,"language":"ENG","playtime":1300,"items_purged":["Strike_R"],"score":235,"play_id":"0268814a-2f67-4e81-b71a-c5d39d3d431a","local_time":"20210116160805","is_ascension_mode":true,"campfire_choices":[{"floor":15,"key":"REST"},{"data":"Inflame","floor":23,"key":"SMITH"}],"circlet_count":0,"master_deck":["Strike_R+1","Strike_R","Defend_R","Defend_R","Defend_R","Defend_R","Bash+1","Dropkick","Dual Wield","Burning Pact","Carnage","Iron Wave","Cleave","Inflame+1","Blood for Blood","Thunderclap","Shrug It Off","Combust","Feed","Sword Boomerang","Power Through+1","Shockwave","Shrug It Off+1"],"relics":["Black Blood","HornCleat","Lantern","InkBottle","Self Forming Clay"],"acts_visited":["Exordium","TheCity"],"potions_floor_usage":[16,16,22,24,24,24],"damage_taken":[{"damage":0,"enemies":"2 Louse","floor":1,"turns":2},{"damage":2,"enemies":"Jaw Worm","floor":4,"turns":4},{"damage":38,"enemies":"Lagavulin","floor":6,"turns":8},{"damage":6,"enemies":"Small Slimes","floor":7,"turns":4},{"damage":3,"enemies":"Exordium Wildlife","floor":10,"turns":3},{"damage":4,"enemies":"2 Fungi Beasts","floor":11,"turns":3},{"damage":13,"enemies":"Large Slime","floor":12,"turns":5},{"damage":0,"enemies":"Exordium Wildlife","floor":13,"turns":4},{"damage":1,"enemies":"Looter","floor":14,"turns":3},{"damage":45,"enemies":"The Guardian","floor":16,"turns":8},{"damage":7,"enemies":"Chosen","floor":18,"turns":4},{"damage":0,"enemies":"3 Byrds","floor":19,"turns":4},{"damage":8,"enemies":"Centurion and Healer","floor":21,"turns":8},{"damage":19,"enemies":"Snake Plant","floor":22,"turns":4},{"damage":65,"enemies":"Slavers","floor":24,"turns":8}],"seed_played":"1969412052058255028","potions_obtained":[{"floor":1,"key":"BlessingOfTheForge"},{"floor":6,"key":"GamblersBrew"},{"floor":7,"key":"Weak Potion"},{"floor":12,"key":"Explosive Potion"},{"floor":19,"key":"Swift Potion"},{"floor":21,"key":"BlessingOfTheForge"},{"floor":22,"key":"Fire Potion"}],"is_trial":false,"path_per_floor":["M","?","?","M","$","E","M","?","T","M","M","M","M","M","R","B",null,"M","M","$","M","M","R","E"],"character_chosen":"IRONCLAD","items_purchased":["Self Forming Clay"],"campfire_rested":1,"item_purchase_floors":[20],"current_hp_per_floor":[72,58,46,50,50,18,18,18,18,21,23,16,22,27,48,9,72,72,72,72,72,65,65,0,0],"gold":75,"neow_bonus":"TRANSFORM_TWO_CARDS","is_daily":false,"chose_seed":false,"campfire_upgraded":1,"win_rate":0.0,"timestamp":1610842085,"path_taken":["M","?","?","M","$","E","M","?","T","M","M","M","M","M","R","BOSS","M","M","$","M","M","R","E"],"items_purchased_type":["Relic"],"build_version":"2020-12-22","purchased_purges":1,"victory":false,"max_hp_per_floor":[72,72,72,72,72,72,72,72,72,72,72,72,72,72,72,72,72,72,72,72,72,72,72,72,72],"card_choices":[{"not_picked":["Evolve","Anger"],"picked":"Burning Pact","floor":1},{"not_picked":["Perfected Strike","Shrug It Off"],"picked":"Carnage","floor":4},{"not_picked":["Double Tap","Seeing Red"],"picked":"Iron Wave","floor":6},{"not_picked":["Dark Embrace","Perfected Strike"],"picked":"Cleave","floor":7},{"not_picked":["Dark Embrace","Spot Weakness"],"picked":"Inflame","floor":10},{"not_picked":["Heavy Blade","Reckless Charge"],"picked":"Blood for Blood","floor":11},{"not_picked":["Infernal Blade","Pommel Strike"],"picked":"Thunderclap","floor":12},{"not_picked":["Cleave","True Grit"],"picked":"Shrug It Off","floor":13},{"not_picked":["Bloodletting","Infernal Blade"],"picked":"Combust","floor":14},{"not_picked":["Fiend Fire","Corruption"],"picked":"Feed","floor":16},{"not_picked":["Intimidate","Evolve"],"picked":"Sword Boomerang","floor":18},{"not_picked":["Armaments","Hemokinesis"],"picked":"Power Through+1","floor":19},{"not_picked":["Heavy Blade","Warcry"],"picked":"Shockwave","floor":21},{"not_picked":["Body Slam","Cleave+1"],"picked":"Shrug It Off+1","floor":22}],"player_experience":76773,"relics_obtained":[{"floor":6,"key":"Lantern"},{"floor":9,"key":"InkBottle"}],"event_choices":[{"damage_healed":0,"gold_gain":0,"player_choice":"Entered Light","damage_taken":14,"max_hp_gain":0,"max_hp_loss":0,"event_name":"Shining Light","floor":2,"gold_loss":0,"cards_upgraded":["Bash","Strike_R"]},{"damage_healed":0,"gold_gain":0,"player_choice":"Success","damage_taken":12,"relics_obtained":["HornCleat"],"max_hp_gain":0,"max_hp_loss":0,"event_name":"Scrap Ooze","floor":3,"gold_loss":0},{"damage_healed":0,"gold_gain":0,"player_choice":"Ignored","damage_taken":0,"max_hp_gain":0,"max_hp_loss":0,"event_name":"Liars Game","floor":8,"gold_loss":0}],"is_beta":false,"boss_relics":[{"not_picked":["Cursed Key","Velvet Choker"],"picked":"Black Blood"}],"items_purged_floors":[5],"is_endless":false,"potions_floor_spawned":[1,6,7,12,19,21,22],"killed_by":"Slavers","ascension_level":3}}