{"host":"bydnmyvf669xu6ab","time":1610850988,"event":{"mods":["BaseMod","BetterRewards","Colored Map","Highlight Path","Minty Spire (QoL Compilation)","Poor People Problems","Rare Cards Sparkle","Relic Stats","Shop Mod","Spikes Relics","StSLib","SuperFastMode"],"gold_per_floor":[113,66,116,154,47,47,114,180,180,180,180,180,455,430,430,525,525,544,544,525,541,586,586,151,151,176,195,248,248,279,294,294,395,395,432,15,29,29,46,46,97,97,165,207,225,239,239,276,276,276],"floor_reached":51,"language":"ENG","playtime":6242,"items_purged":["Regret","Strike_R"],"score":1039,"play_id":"ad11554d-b177-4d71-9c65-dd141e3240ad","local_time":"20210116183628","is_ascension_mode":true,"campfire_choices":[{"data":"Armaments","floor":6,"key":"SMITH"},{"data":"Enlightenment","floor":10,"key":"SMITH"},{"data":"Feed","floor":12,"key":"SMITH"},{"data":"HandOfGreed","floor":15,"key":"SMITH"},{"data":"Armaments","floor":23,"key":"SMITH"},{"data":"Apotheosis","floor":25,"key":"SMITH"},{"data":"Metallicize","floor":29,"key":"SMITH"},{"data":"Reaper","floor":32,"key":"SMITH"},{"data":"Spot Weakness","floor":40,"key":"SMITH"},{"data":"Metallicize","floor":42,"key":"SMITH"},{"data":"Sharp Hide","floor":47,"key":"SMITH"},{"data":"Flex","floor":49,"key":"SMITH"}],"circlet_count":0,"master_deck":["Strike_R","Strike_R","Strike_R","Strike_R","Defend_R","Defend_R","Defend_R","Defend_R","Bash","PlatinumSkin","Metallicize+1","HandOfGreed+1","Enlightenment+1","Disarm","Shrug It Off","Armaments+1","Clothesline","Metallicize+1","Cleave","PlatinumSkin","Seeing Red","Feed+1","Cleave","Feed","Pommel Strike","Armaments+1","Offering","True Grit","Apotheosis+1","Limit Break","Reaper+1","Limit Break","Headbutt","Flex+1","Body Slam","Bandage Up","Sharp Hide+1","Flex+1","Decay","Spot Weakness+1","Entrench+1","Hatred","Flame Barrier+1","True Grit+1","Body Slam+1","Headbutt+1","Thunderclap+1","Flex","Battle Trance+1"],"relics":["Burning Blood","CaptainsWheel","ExplosiveVial","Bird Faced Urn","Calipers","Odd Mushroom","Paper Frog","Frozen Egg 2","The Courier","Runic Pyramid","Lee\u0027s Waffle","RollingBoulder","Mango","GiantMaggot","Cursed Key","ClockworkSouvenir","Prayer Wheel"],"acts_visited":["Exordium","TheCity","TheBeyond"],"potions_floor_usage":[28,39],"damage_taken":[{"damage":0,"enemies":"Jaw Worm","floor":1,"turns":3},{"damage":1,"enemies":"Small Slimes","floor":3,"turns":4},{"damage":4,"enemies":"Cultist","floor":4,"turns":6},{"damage":18,"enemies":"The Mushroom Lair","floor":7,"turns":7},{"damage":15,"enemies":"3 Sentries","floor":8,"turns":11},{"damage":18,"enemies":"Exordium Thugs","floor":14,"turns":7},{"damage":25,"enemies":"The Guardian","floor":16,"turns":13},{"damage":39,"enemies":"3 Byrds","floor":18,"turns":8},{"damage":29,"enemies":"2 Thieves","floor":20,"turns":4},{"damage":18,"enemies":"Snake Plant","floor":21,"turns":7},{"damage":42,"enemies":"Centurion and Healer","floor":22,"turns":12},{"damage":34,"enemies":"Sentry and Sphere","floor":27,"turns":8},{"damage":45,"enemies":"Slavers","floor":28,"turns":6},{"damage":30,"enemies":"Gremlin Leader","floor":30,"turns":8},{"damage":25,"enemies":"Cultist and Chosen","floor":31,"turns":7},{"damage":68,"enemies":"Collector","floor":33,"turns":13},{"damage":8,"enemies":"3 Shapes","floor":35,"turns":6},{"damage":15,"enemies":"Orb Walker","floor":37,"turns":4},{"damage":47,"enemies":"Transient","floor":39,"turns":5},{"damage":44,"enemies":"Nemesis","floor":41,"turns":5},{"damage":20,"enemies":"Sphere and 2 Shapes","floor":44,"turns":7},{"damage":13,"enemies":"Spire Growth","floor":45,"turns":7},{"damage":13,"enemies":"Maw","floor":46,"turns":10},{"damage":7,"enemies":"Sphere and 2 Shapes","floor":48,"turns":7},{"damage":112,"enemies":"Awakened One","floor":50,"turns":11}],"seed_played":"-2929809796449306742","potions_obtained":[{"floor":14,"key":"LiquidMemories"},{"floor":20,"key":"Regen Potion"},{"floor":27,"key":"EssenceOfSteel"},{"floor":31,"key":"LiquidMemories"},{"floor":41,"key":"HeartOfIron"}],"is_trial":false,"path_per_floor":["M","$","M","M","$","R","?","E","T","R","T","R","?","M","R","B",null,"M","$","M","M","M","R","$","R","T","M","E","R","E","M","R","B",null,"M","$","M","?","M","R","E","R","T","M","M","M","R","M","R","B",null],"character_chosen":"IRONCLAD","items_purchased":["PlatinumSkin","CaptainsWheel","ExplosiveVial","Bird Faced Urn","Calipers","Metallicize","HandOfGreed","Enlightenment","Disarm","Armaments","Cleave","PlatinumSkin","Apotheosis","Limit Break","Lee\u0027s Waffle","Flex","ClockworkSouvenir","Body Slam","Bandage Up","Sharp Hide"],"campfire_rested":0,"item_purchase_floors":[0,0,0,0,0,0,0,0,0,2,5,5,24,24,24,36,36,36,36,36],"current_hp_per_floor":[40,40,49,55,55,55,47,44,44,44,44,44,44,43,43,38,91,71,71,56,54,30,30,117,117,117,103,85,85,100,106,106,77,159,163,163,166,166,148,148,155,155,155,167,174,181,181,187,187,134],"gold":276,"neow_bonus":"","is_daily":false,"chose_seed":false,"campfire_upgraded":12,"win_rate":0.0,"timestamp":1610850988,"path_taken":["M","$","M","M","$","R","?","E","T","R","?","R","?","M","R","BOSS","M","$","?","M","M","R","$","R","T","M","E","R","E","M","R","BOSS","M","$","M","?","M","R","E","R","T","M","M","M","R","?","R","BOSS"],"items_purchased_type":["Card","Relic","Relic","Relic","Relic","Card","Card","Card","Card","Card","Card","Card","Card","Card","Relic","Card","Relic","Card","Card","Card"],"build_version":"2020-12-22","purchased_purges":2,"victory":true,"max_hp_per_floor":[80,80,80,80,80,80,80,80,80,80,80,80,80,85,85,91,91,98,98,102,106,110,110,117,117,117,125,142,142,146,155,155,159,159,163,163,167,167,167,167,167,167,167,175,179,183,183,187,187,195],"relic_stats":{"Lee\u0027s Waffle":87,"counters":[295,1498],"Bird Faced Urn":[132],"Prayer Wheel":4,"Cursed Key":1,"obtain_stats":[{"infinitespire:BottledMercury":29,"Ginger":10,"Whetstone":26,"Bottled Tornado":6,"Boot":54,"Blood Vial":20,"ZombieTooth":53,"Sundial":24,"MealTicket":41,"infinitespire:Golems Mask":25,"Fusion Hammer":17,"Kunai":0,"MerchantsRug":8,"GiantMaggot":9,"Blue Candle":41,"Velvet Choker":17,"Eternal Feather":44,"Pen Nib":8,"infinitespire:Lychee Nut":26,"Bird Faced Urn":23,"MutagenicStrength":20,"Pandora\u0027s Box":17,"Mark of Pain":17,"infinitespire:PuzzleCube":26,"Unceasing Top":14,"Regal Pillow":0,"Lantern":28,"Torii":27,"Magic Flower":48,"Bag of Preparation":0,"HeavenlyBonsai":24,"Cursed Key":34,"Burning Blood":0,"Matryoshka":0,"Toolbox":24,"Chemical X":0,"InkBottle":0,"Paper Frog":42,"Potion Belt":38,"Lee\u0027s Waffle":24,"Self Forming Clay":12,"Golden Idol":3,"Thread and Needle":39,"infinitespire:Joker Card":8,"PreservedInsect":0,"The Courier":23,"Omamori":12,"infinitespire:CheckeredPen":9,"infinitespire:Lucky Rock":9,"Frozen Egg 2":9,"Busted Crown":34,"ExplosiveVial":0,"SpikesRelics:DaevaFist":7,"Art of War":11,"Bottled Lightning":43,"Toy Ornithopter":23,"infinitespire:Midas Blood":13,"ShockBauble":19,"Calipers":0,"Nilry\u0027s Codex":30,"Vajra":26,"Sozu":17,"Lizard Tail":28,"Centennial Puzzle":30,"HornCleat":26,"DollysMirror":28,"Strawberry":31,"Prayer Wheel":0,"Philosopher\u0027s Stone":17,"Toxic Egg 2":0,"LugNut":2,"Happy Flower":23,"Dead Branch":0,"Letter Opener":0,"War Paint":0,"Question Card":11,"Bottled Flame":41,"Shuriken":19,"Bronze Scales":22,"Molten Egg 2":0,"Black Star":17,"CosmicIsotope":17,"Darkstone Periapt":11,"SnailShell":43,"Black Blood":34,"BrokenLever":12,"Mango":28,"Incense Burner":38,"Juzu Bracelet":0,"PrismaticShard":0,"ClockworkSouvenir":20,"HailfireSword":17,"Nunchaku":7,"Dream Catcher":13,"Mummified Hand":0,"Gambling Chip":40,"Pantograph":0,"MiniBlackHole":8,"RollingBoulder":13,"Red Mask":42,"Red Skull":10,"Runic Pyramid":17,"infinitespire:FocusingShard":43,"Orichalcum":14,"Odd Mushroom":7,"White Beast Statue":14,"Mercury Hourglass":10,"Sandwich":34,"CaptainsWheel":29,"infinitespire:WardingShard":46,"infinitespire:Satchel":44,"GolemAmulet":46,"Bag of Marbles":26,"Membership Card":0},{"infinitespire:BottledMercury":100,"Ginger":31,"Whetstone":201,"Bottled Tornado":191,"Boot":82,"Blood Vial":115,"ZombieTooth":268,"Sundial":159,"MealTicket":57,"infinitespire:Golems Mask":71,"Fusion Hammer":9,"Kunai":83,"MerchantsRug":5,"GiantMaggot":167,"Blue Candle":77,"Velvet Choker":91,"Eternal Feather":184,"Pen Nib":5,"infinitespire:Lychee Nut":15,"Bird Faced Urn":13,"MutagenicStrength":139,"Pandora\u0027s Box":114,"Mark of Pain":46,"infinitespire:PuzzleCube":49,"Unceasing Top":126,"Regal Pillow":83,"Lantern":142,"Torii":201,"Magic Flower":267,"Bag of Preparation":83,"HeavenlyBonsai":37,"Cursed Key":53,"Burning Blood":0,"Matryoshka":61,"Toolbox":229,"Chemical X":61,"InkBottle":83,"Paper Frog":57,"Potion Belt":21,"Lee\u0027s Waffle":281,"Self Forming Clay":194,"Golden Idol":219,"Thread and Needle":56,"infinitespire:Joker Card":42,"PreservedInsect":83,"The Courier":255,"Omamori":6,"infinitespire:CheckeredPen":30,"infinitespire:Lucky Rock":87,"Frozen Egg 2":275,"Busted Crown":73,"ExplosiveVial":270,"SpikesRelics:DaevaFist":42,"Art of War":44,"Bottled Lightning":210,"Toy Ornithopter":70,"infinitespire:Midas Blood":90,"ShockBauble":251,"Calipers":270,"Nilry\u0027s Codex":100,"Vajra":142,"Sozu":68,"Lizard Tail":160,"Centennial Puzzle":232,"HornCleat":71,"DollysMirror":50,"Strawberry":52,"Prayer Wheel":130,"Philosopher\u0027s Stone":195,"Toxic Egg 2":0,"LugNut":28,"Happy Flower":96,"Dead Branch":0,"Letter Opener":27,"War Paint":0,"Question Card":111,"Bottled Flame":183,"Shuriken":10,"Bronze Scales":69,"Molten Egg 2":61,"Black Star":138,"CosmicIsotope":226,"Darkstone Periapt":31,"SnailShell":25,"Black Blood":19,"BrokenLever":65,"Mango":283,"Incense Burner":56,"Juzu Bracelet":147,"PrismaticShard":27,"ClockworkSouvenir":35,"HailfireSword":33,"Nunchaku":134,"Dream Catcher":224,"Mummified Hand":211,"Gambling Chip":23,"Pantograph":27,"MiniBlackHole":216,"RollingBoulder":66,"Red Mask":77,"Red Skull":135,"Runic Pyramid":277,"infinitespire:FocusingShard":77,"Orichalcum":170,"Odd Mushroom":245,"White Beast Statue":217,"Mercury Hourglass":124,"Sandwich":102,"CaptainsWheel":161,"infinitespire:WardingShard":26,"infinitespire:Satchel":78,"GolemAmulet":79,"Bag of Marbles":175,"Membership Card":0},{"infinitespire:BottledMercury":388,"Ginger":129,"Whetstone":908,"Bottled Tornado":850,"Boot":332,"Blood Vial":461,"ZombieTooth":1299,"Sundial":700,"MealTicket":249,"infinitespire:Golems Mask":296,"Fusion Hammer":34,"Kunai":340,"MerchantsRug":17,"GiantMaggot":733,"Blue Candle":313,"Velvet Choker":365,"Eternal Feather":813,"Pen Nib":17,"infinitespire:Lychee Nut":54,"Bird Faced Urn":48,"MutagenicStrength":599,"Pandora\u0027s Box":456,"Mark of Pain":199,"infinitespire:PuzzleCube":210,"Unceasing Top":523,"Regal Pillow":340,"Lantern":611,"Torii":908,"Magic Flower":1290,"Bag of Preparation":340,"HeavenlyBonsai":154,"Cursed Key":231,"Burning Blood":0,"Matryoshka":268,"Toolbox":1078,"Chemical X":268,"InkBottle":340,"Paper Frog":249,"Potion Belt":84,"Lee\u0027s Waffle":1394,"Self Forming Clay":862,"Golden Idol":1017,"Thread and Needle":242,"infinitespire:Joker Card":180,"PreservedInsect":340,"The Courier":1226,"Omamori":21,"infinitespire:CheckeredPen":123,"infinitespire:Lucky Rock":351,"Frozen Egg 2":1343,"Busted Crown":304,"ExplosiveVial":1312,"SpikesRelics:DaevaFist":180,"Art of War":188,"Bottled Lightning":965,"Toy Ornithopter":294,"infinitespire:Midas Blood":361,"ShockBauble":1208,"Calipers":1312,"Nilry\u0027s Codex":388,"Vajra":611,"Sozu":289,"Lizard Tail":701,"Centennial Puzzle":1109,"HornCleat":296,"DollysMirror":215,"Strawberry":223,"Prayer Wheel":549,"Philosopher\u0027s Stone":869,"Toxic Egg 2":0,"LugNut":114,"Happy Flower":376,"Dead Branch":0,"Letter Opener":111,"War Paint":0,"Question Card":439,"Bottled Flame":810,"Shuriken":36,"Bronze Scales":290,"Molten Egg 2":268,"Black Star":592,"CosmicIsotope":1056,"Darkstone Periapt":129,"SnailShell":102,"Black Blood":75,"BrokenLever":278,"Mango":1408,"Incense Burner":242,"Juzu Bracelet":650,"PrismaticShard":111,"ClockworkSouvenir":146,"HailfireSword":139,"Nunchaku":570,"Dream Catcher":1041,"Mummified Hand":970,"Gambling Chip":93,"Pantograph":111,"MiniBlackHole":997,"RollingBoulder":281,"Red Mask":313,"Red Skull":575,"Runic Pyramid":1363,"infinitespire:FocusingShard":313,"Orichalcum":748,"Odd Mushroom":1180,"White Beast Statue":1004,"Mercury Hourglass":514,"Sandwich":401,"CaptainsWheel":709,"infinitespire:WardingShard":107,"infinitespire:Satchel":318,"GolemAmulet":321,"Bag of Marbles":775,"Membership Card":0}],"Burning Blood":1637},"card_choices":[{"not_picked":["Sentinel","Twin Strike"],"picked":"Shrug It Off","floor":1},{"not_picked":["Havoc","Feel No Pain"],"picked":"Clothesline","floor":3},{"not_picked":["Disarm","Cleave"],"picked":"Metallicize","floor":4},{"not_picked":["Clothesline","BarbarianYell"],"picked":"Seeing Red","floor":7},{"not_picked":["Pommel Strike","Clothesline"],"picked":"Feed","floor":8},{"not_picked":["Infernal Blade","Pommel Strike"],"picked":"Cleave","floor":14},{"not_picked":["Immolate","Fiend Fire"],"picked":"Feed","floor":16},{"not_picked":["Uppercut","Power Through"],"picked":"Pommel Strike","floor":18},{"not_picked":["Havoc+1","Blood for Blood"],"picked":"Armaments","floor":20},{"not_picked":["Rampage","Flex+1"],"picked":"Offering","floor":21},{"not_picked":["Pommel Strike","Blood for Blood"],"picked":"True Grit","floor":22},{"not_picked":["Power Through","Wild Strike","Shrug It Off"],"picked":"SKIP","floor":27},{"not_picked":["Iron Wave+1","Flex+1"],"picked":"Reaper","floor":28},{"not_picked":["Sword Boomerang","Second Wind","Wild Strike"],"picked":"SKIP","floor":30},{"not_picked":["Combust+1","Wild Strike","Sever Soul"],"picked":"SKIP","floor":31},{"not_picked":["Feed","Reaper"],"picked":"Limit Break","floor":33},{"not_picked":["Iron Wave+1","Hemokinesis+1"],"picked":"Headbutt","floor":35},{"not_picked":["True Grit+1","Sentinel"],"picked":"Flex+1","floor":37},{"not_picked":["Armaments+1","Combust+1"],"picked":"Spot Weakness","floor":39},{"not_picked":["Brutality+1","Sentinel+1"],"picked":"Entrench+1","floor":41},{"not_picked":["Inflame+1","Clash+1"],"picked":"Flame Barrier+1","floor":44},{"not_picked":["Anger+1","Shrug It Off"],"picked":"True Grit+1","floor":44},{"not_picked":["Headbutt+1","Seeing Red+1"],"picked":"Body Slam+1","floor":45},{"not_picked":["Iron Wave","Sword Boomerang"],"picked":"Headbutt+1","floor":45},{"not_picked":["Havoc","Brutality+1"],"picked":"Thunderclap+1","floor":46},{"not_picked":["Pommel Strike+1","Reckless Charge+1"],"picked":"Flex","floor":46},{"not_picked":["Iron Wave+1","Wild Strike"],"picked":"Battle Trance+1","floor":48},{"not_picked":["Pommel Strike+1","True Grit+1","Anger+1"],"picked":"SKIP","floor":48}],"player_experience":2254780,"relics_obtained":[{"floor":7,"key":"Odd Mushroom"},{"floor":8,"key":"Paper Frog"},{"floor":9,"key":"Frozen Egg 2"},{"floor":11,"key":"The Courier"},{"floor":26,"key":"RollingBoulder"},{"floor":28,"key":"Mango"},{"floor":30,"key":"GiantMaggot"},{"floor":41,"key":"Prayer Wheel"}],"event_choices":[{"damage_healed":0,"gold_gain":0,"player_choice":"Fought Mushrooms","damage_taken":0,"max_hp_gain":0,"max_hp_loss":0,"event_name":"Mushrooms","floor":7,"gold_loss":0},{"damage_healed":0,"gold_gain":275,"player_choice":"Desecrate","damage_taken":0,"max_hp_gain":0,"max_hp_loss":0,"event_name":"Golden Shrine","floor":13,"gold_loss":0,"cards_obtained":["Regret"]},{"damage_healed":0,"gold_gain":0,"player_choice":"Cursed","damage_taken":0,"max_hp_gain":0,"max_hp_loss":0,"event_name":"Wheel of Change","floor":38,"gold_loss":0,"cards_obtained":["Decay"]}],"is_beta":false,"boss_relics":[{"not_picked":["Fusion Hammer","HailfireSword"],"picked":"Runic Pyramid"},{"not_picked":["Runic Cube","Coffee Dripper"],"picked":"Cursed Key"}],"items_purged_floors":[24,36],"is_endless":false,"potions_floor_spawned":[14,20,27,31,33,35,37,41,45],"ascension_level":1}}