{"host":"wjw2tk2y2rycscg9","time":1610913960,"event":{"mods":["2.2 Compatiblity","Act Like it!","Aspiration","BaseMod","Colored Map","Dota2Spire","Downfall","Hallownest","Hubris","Infinite Spire","Minty Spire (QoL Compilation)","Relic Stats","StSLib","The Alterego","Unceasing Turn Reminder"],"gold_per_floor":[111,111,111,111,126,126,126,126,126,153,153,153,153,271,271,369,369,387,387,387,405,162,189,203,203,203,203,303,323,323,332,332,440,440,456,456,456],"floor_reached":36,"language":"ENG","playtime":1382,"items_purged":[],"score":476,"play_id":"b82afe6c-093f-4aaa-b116-3f86e79301e9","local_time":"20210117130600","is_ascension_mode":false,"campfire_choices":[{"data":"alterego_mod:BrynhildrsRune","floor":6.0,"key":"SMITH"},{"data":"alterego_mod:Impale","floor":8.0,"key":"SMITH"},{"data":"alterego_mod:Smother","floor":11.0,"key":"SMITH"},{"data":"alterego_mod:BigMeatyClaws","floor":13.0,"key":"SMITH"},{"data":"Hallownest:skillLeafShield","floor":15.0,"key":"SMITH"},{"data":"alterego_mod:IndependentAction","floor":27,"key":"SMITH"},{"data":"1","floor":32,"key":"LIFT"}],"circlet_count":0,"master_deck":["alterego_mod:Strike+1","alterego_mod:Strike","alterego_mod:Strike","alterego_mod:Strike+1","alterego_mod:Impale+1","alterego_mod:BigMeatyClaws+1","alterego_mod:BrynhildrsRune+1","Hallownest:skillLeafShield","Hallownest:skillLeafShield","Hallownest:skillLeafShield","Hallownest:skillLeafShield+1","Hallownest:skillLeafShield+1","alterego_mod:Smother+1","alterego_mod:MagicResistance+1","alterego_mod:IndependentAction+1","alterego_mod:Punishment+1","alterego_mod:SakuraLabyrinth","champ:StrikeOfGenius"],"relics":["alterego_mod:MasochisticConstitution","Hallownest:DreamNailRelic","Dota2Spire:EchoSabre","Shuriken","hubris:Icosahedron","Dota2Spire:RefresherOrb","Membership Card","Dota2Spire:MagicBottle","Whetstone","Akabeko","FossilizedHelix","Girya","hubris:PeanutButter","CeramicFish","PrismaticShard","sneckomod:SneckoTalon"],"acts_visited":["Hallownest:Greenpath","TheCity","TheBeyond"],"potions_floor_usage":[28,28,33],"damage_taken":[{"damage":6.0,"enemies":"Hallownest:2_MossCreeps","floor":1.0,"turns":7.0},{"damage":5.0,"enemies":"Hallownest:2_Tiktiks_and_1_Crawlid","floor":5.0,"turns":5.0},{"damage":6.0,"enemies":"Hallownest:eliteVengeflyKing","floor":10.0,"turns":7.0},{"damage":1.0,"enemies":"2_ Uuma","floor":14.0,"turns":4.0},{"damage":32.0,"enemies":"Hallownest:BossFalseKnight","floor":16.0,"turns":8.0},{"damage":0.0,"enemies":"3 Byrds","floor":18.0,"turns":4.0},{"damage":6.0,"enemies":"Spheric Guardian","floor":21.0,"turns":4.0},{"damage":25,"enemies":"Nightmare","floor":23,"turns":6},{"damage":8,"enemies":"Snecko","floor":24,"turns":5},{"damage":0,"enemies":"Colosseum Slavers","floor":28,"turns":2},{"damage":0,"enemies":"Colosseum Nobs","floor":28,"turns":4},{"damage":0,"enemies":"3 Cultists","floor":29,"turns":4},{"damage":0,"enemies":"Champ","floor":33,"turns":6},{"damage":28,"enemies":"3 Shapes","floor":35,"turns":6},{"damage":0,"enemies":"infinitespire:Three Voidlings","floor":36,"turns":4},{"damage":75,"enemies":"Nightmare_Alpha","floor":36,"turns":5}],"seed_played":"-5973214523230350273","potions_obtained":[{"floor":10.0,"key":"FearPotion"},{"floor":18.0,"key":"Dota2Spire:Clarity"},{"floor":24,"key":"Explosive Potion"},{"floor":28,"key":"LiquidBronze"}],"is_trial":true,"path_per_floor":["M","?","$","?","M","R","?","R","T","E","R","?","R","M","R","B",null,"M","?","?","M","$","NM","M","AVR","T","R","?","M","T","?","R","B",null,"M","?"],"character_chosen":"The_Alterego","items_purchased":["Membership Card","Dota2Spire:MagicBottle","alterego_mod:IndependentAction"],"campfire_rested":0,"item_purchase_floors":[22,22,22],"current_hp_per_floor":[71,71,71,71,72,72,81,81,81,76,76,76,76,76,76,45,84,84,84,84,79,79,55,48,48,48,48,87,87,87,79,79,79,87,68,0,0],"gold":456,"neow_bonus":"","is_daily":false,"chose_seed":false,"campfire_upgraded":6,"win_rate":0.0,"timestamp":1610913960,"path_taken":["M","?","?","?","M","R","?","R","T","E","R","?","R","M","R","BOSS","M","?","?","M","$","NM","M","AVR","T","R","?","M","?","?","R","BOSS","M","?"],"items_purchased_type":["Relic","Relic","Card"],"build_version":"2020-12-22","purchased_purges":0,"victory":false,"max_hp_per_floor":[71,71,71,71,72,72,81,81,81,82,82,82,82,83,83,84,84,84,84,84,85,85,86,87,87,87,87,87,87,87,87,87,87,87,88,88,88],"relic_stats":{"counters":[16,81],"Shuriken":[63],"CeramicFish":18,"Whetstone":["alterego_mod:Strike","alterego_mod:Strike"],"obtain_stats":[{"Dota2Spire:EchoSabre":9,"Girya":28,"alterego_mod:MasochisticConstitution":0,"CeramicFish":30,"Dota2Spire:RefresherOrb":17,"Hallownest:DreamNailRelic":2,"Whetstone":23,"PrismaticShard":31,"sneckomod:SneckoTalon":34,"Akabeko":25,"Dota2Spire:MagicBottle":22,"hubris:Icosahedron":12,"Shuriken":10,"hubris:PeanutButter":28,"Membership Card":22,"FossilizedHelix":26},{"Dota2Spire:EchoSabre":2,"Girya":11,"alterego_mod:MasochisticConstitution":0,"CeramicFish":12,"Dota2Spire:RefresherOrb":5,"Hallownest:DreamNailRelic":1,"Whetstone":8,"PrismaticShard":12,"sneckomod:SneckoTalon":13,"Akabeko":9,"Dota2Spire:MagicBottle":7,"hubris:Icosahedron":3,"Shuriken":3,"hubris:PeanutButter":11,"Membership Card":7,"FossilizedHelix":9},{"Dota2Spire:EchoSabre":12,"Girya":56,"alterego_mod:MasochisticConstitution":0,"CeramicFish":60,"Dota2Spire:RefresherOrb":31,"Hallownest:DreamNailRelic":7,"Whetstone":45,"PrismaticShard":60,"sneckomod:SneckoTalon":66,"Akabeko":50,"Dota2Spire:MagicBottle":39,"hubris:Icosahedron":19,"Shuriken":19,"hubris:PeanutButter":56,"Membership Card":39,"FossilizedHelix":50}]},"card_choices":[{"not_picked":["alterego_mod:BoobPocket","alterego_mod:BeGentle","alterego_mod:RocketPunch"],"picked":"SKIP","floor":1.0},{"not_picked":["alterego_mod:SakuraPetals","alterego_mod:Maid","alterego_mod:Rip"],"picked":"SKIP","floor":5.0},{"not_picked":["alterego_mod:Bounce","alterego_mod:Skirt"],"picked":"alterego_mod:Smother","floor":10.0},{"not_picked":["alterego_mod:Jiggle","alterego_mod:Bounce","alterego_mod:DeftHands"],"picked":"SKIP","floor":14.0},{"not_picked":["alterego_mod:Cycle+1","alterego_mod:Bounce+1","alterego_mod:Pet+1"],"picked":"SKIP","floor":18.0},{"not_picked":["alterego_mod:ChallengeComplete","alterego_mod:BeGentle+1"],"picked":"alterego_mod:MagicResistance+1","floor":21.0},{"not_picked":["alterego_mod:Punishment","alterego_mod:DiscoLights+1","alterego_mod:GachaTicket+1"],"picked":"SKIP","floor":23},{"not_picked":["alterego_mod:PerceptionDisorder","alterego_mod:TrashNCrash","alterego_mod:Bunnysuit+1"],"picked":"SKIP","floor":24},{"not_picked":["alterego_mod:Exercise","alterego_mod:DiscoLights+1"],"picked":"alterego_mod:Punishment+1","floor":28},{"not_picked":["alterego_mod:Birthday","alterego_mod:DiscoLights","alterego_mod:Santa"],"picked":"SKIP","floor":29},{"not_picked":["alterego_mod:DestructionOfProperty","alterego_mod:Bounce+1"],"picked":"alterego_mod:SakuraLabyrinth","floor":31},{"not_picked":["champ:IgnorePain","Bullet Time"],"picked":"champ:StrikeOfGenius","floor":33},{"not_picked":["Havoc+1","alterego_mod:Undulate","Mind Blast"],"picked":"SKIP","floor":35}],"player_experience":1033651,"relics_obtained":[{"floor":9.0,"key":"Dota2Spire:EchoSabre"},{"floor":10.0,"key":"Shuriken"},{"floor":23,"key":"Whetstone"},{"floor":26,"key":"FossilizedHelix"},{"floor":28,"key":"Girya"},{"floor":28,"key":"hubris:PeanutButter"},{"floor":30,"key":"CeramicFish"},{"floor":31,"key":"PrismaticShard"}],"event_choices":[{"damage_healed":0.0,"max_hp_gain":0.0,"max_hp_loss":0.0,"gold_gain":0.0,"event_name":"Beggar","player_choice":"Ignored","floor":19.0,"gold_loss":0.0,"damage_taken":0.0},{"damage_healed":0,"gold_gain":0,"player_choice":"Fight","damage_taken":0,"max_hp_gain":0,"max_hp_loss":0,"event_name":"Colosseum","floor":28,"gold_loss":0},{"damage_healed":0,"gold_gain":0,"player_choice":"Fought Nobs","damage_taken":0,"max_hp_gain":0,"max_hp_loss":0,"event_name":"Colosseum","floor":28,"gold_loss":0}],"is_beta":false,"boss_relics":[{"not_picked":["hubris:Stopwatch","aspiration:RitualDagger"],"picked":"Dota2Spire:RefresherOrb"},{"not_picked":["Sozu","Runic Dome"],"picked":"sneckomod:SneckoTalon"}],"items_purged_floors":[],"is_endless":true,"potions_floor_spawned":[10,18,24,28,36],"killed_by":"Nightmare_Alpha","ascension_level":0}}