{"host":"2tgyrzvaa7l04o2e","time":1610848765,"event":{"mods":["BaseMod","Highlight Path","Minty Spire (QoL Compilation)","Permanent Neow","Relic Stats"],"gold_per_floor":[112,131,143,143,162,193,26,52,79,93,129,129,129,189,189,309,309,323,40,86,86,86,148,148,165,165,222,283,310,383,438,450,589,601,630,642,666,678,678],"floor_reached":38,"language":"ENG","playtime":2880,"items_purged":["WreathOfFlame"],"score":687,"play_id":"afd089d0-71cc-4585-a478-b0769f969217","local_time":"20210117025925","is_ascension_mode":true,"campfire_choices":[{"floor":13,"key":"REST"},{"floor":15,"key":"REST"},{"floor":24,"key":"REST"},{"floor":32,"key":"REST"}],"circlet_count":0,"master_deck":["Eruption","Vigilance","FearNoEvil","Wireheading","BowlingBash","CutThroughFate","DeceiveReality","EmptyFist","Wish","Establishment","Consecrate","Protect","LikeWater","SpiritShield","Swivel","LikeWater","Wallop","ReachHeaven","MentalFortress","Evaluate+1","BattleHymn","Apotheosis","DeceiveReality","WaveOfTheHand","Halt+1","EmptyMind","TalkToTheHand","ClearTheMind","CutThroughFate","Crescendo","Meditate","SpiritShield","FearNoEvil+1","Halt+1"],"relics":["Fusion Hammer","GremlinMask","Matryoshka","Toy Ornithopter","Orichalcum","Dream Catcher","Lantern","Pandora\u0027s Box","Art of War","Kunai","MawBank","Bag of Preparation","Runic Dome"],"acts_visited":["Exordium","TheCity","TheBeyond"],"potions_floor_usage":[6,11,14,14,27,30,30,30],"damage_taken":[{"damage":7,"enemies":"Jaw Worm","floor":1,"turns":4},{"damage":0,"enemies":"Cultist","floor":2,"turns":2},{"damage":0,"enemies":"2 Louse","floor":3,"turns":4},{"damage":0,"enemies":"Exordium Thugs","floor":5,"turns":5},{"damage":16,"enemies":"Gremlin Nob","floor":6,"turns":3},{"damage":12,"enemies":"Lagavulin","floor":8,"turns":5},{"damage":0,"enemies":"2 Fungi Beasts","floor":10,"turns":3},{"damage":1,"enemies":"Exordium Wildlife","floor":11,"turns":4},{"damage":30,"enemies":"Gremlin Nob","floor":14,"turns":3},{"damage":2,"enemies":"The Guardian","floor":16,"turns":13},{"damage":24,"enemies":"2 Thieves","floor":18,"turns":4},{"damage":4,"enemies":"Chosen","floor":20,"turns":6},{"damage":19,"enemies":"Gremlin Leader","floor":23,"turns":7},{"damage":7,"enemies":"Sentry and Sphere","floor":25,"turns":6},{"damage":0,"enemies":"Centurion and Healer","floor":27,"turns":6},{"damage":3,"enemies":"Snake Plant","floor":28,"turns":7},{"damage":1,"enemies":"Shelled Parasite and Fungi","floor":29,"turns":4},{"damage":22,"enemies":"Slavers","floor":30,"turns":7},{"damage":2,"enemies":"Snecko","floor":31,"turns":9},{"damage":0,"enemies":"Automaton","floor":33,"turns":12},{"damage":3,"enemies":"Orb Walker","floor":35,"turns":5},{"damage":13,"enemies":"3 Shapes","floor":37,"turns":3},{"damage":60,"enemies":"Sphere and 2 Shapes","floor":38,"turns":3}],"seed_played":"702420927736495923","potions_obtained":[{"floor":5,"key":"AttackPotion"},{"floor":6,"key":"Explosive Potion"},{"floor":10,"key":"Energy Potion"},{"floor":11,"key":"CultistPotion"},{"floor":25,"key":"SneckoOil"},{"floor":27,"key":"Ancient Potion"},{"floor":28,"key":"Strength Potion"},{"floor":29,"key":"ColorlessPotion"},{"floor":31,"key":"Strength Potion"},{"floor":33,"key":"Weak Potion"},{"floor":37,"key":"AttackPotion"}],"is_trial":false,"path_per_floor":["M","M","M","?","M","E","$","E","T","M","M","?","R","E","R","B",null,"M","$","M","?","?","E","R","M","T","M","M","M","E","M","R","B",null,"M","?","M","M"],"character_chosen":"WATCHER","items_purchased":["EmptyFist","Toy Ornithopter","BattleHymn","Apotheosis"],"campfire_rested":4,"item_purchase_floors":[7,7,19,19],"current_hp_per_floor":[58,58,58,58,58,42,42,30,30,30,34,34,55,35,56,54,68,44,44,40,40,40,21,42,35,35,40,37,36,29,27,48,48,66,63,63,50,0,0],"gold":678,"neow_bonus":"BOSS_RELIC","is_daily":false,"chose_seed":false,"campfire_upgraded":0,"win_rate":0.0,"timestamp":1610848765,"path_taken":["M","M","M","?","M","E","$","E","T","M","?","?","R","E","R","BOSS","M","$","M","?","?","E","R","M","T","M","M","M","E","M","R","BOSS","M","?","M","M"],"items_purchased_type":["Card","Relic","Card","Card"],"build_version":"2020-12-22","purchased_purges":1,"victory":false,"max_hp_per_floor":[72,72,72,72,72,72,72,72,72,72,72,72,72,72,72,72,72,72,72,72,72,72,72,72,72,72,72,72,72,72,72,72,72,72,72,72,72,72,72],"relic_stats":{"Dream Catcher":4,"counters":[23,125],"Pandora\u0027s Box":["Swivel","LikeWater","Wallop","WreathOfFlame","Collect","ReachHeaven","Vengeance","MentalFortress"],"Art of War":[4],"Bag of Preparation":[10],"Kunai":[11],"Orichalcum":[66],"MawBank":144,"obtain_stats":[{"Lantern":14,"GremlinMask":4,"Bag of Preparation":30,"Orichalcum":8,"MawBank":26,"Runic Dome":34,"Dream Catcher":9,"Matryoshka":6,"Pandora\u0027s Box":17,"Fusion Hammer":0,"Art of War":23,"Kunai":26,"PureWater":0,"Toy Ornithopter":7},{"Lantern":9,"GremlinMask":3,"Bag of Preparation":18,"Orichalcum":6,"MawBank":14,"Runic Dome":20,"Dream Catcher":6,"Matryoshka":5,"Pandora\u0027s Box":10,"Fusion Hammer":0,"Art of War":13,"Kunai":14,"PureWater":0,"Toy Ornithopter":5},{"Lantern":33,"GremlinMask":10,"Bag of Preparation":93,"Orichalcum":23,"MawBank":69,"Runic Dome":114,"Dream Catcher":23,"Matryoshka":18,"Pandora\u0027s Box":46,"Fusion Hammer":0,"Art of War":63,"Kunai":69,"PureWater":0,"Toy Ornithopter":18}],"Toy Ornithopter":35},"card_choices":[{"not_picked":["EmptyBody","PathToVictory"],"picked":"FearNoEvil","floor":1},{"not_picked":["Indignation","EmptyBody"],"picked":"Wireheading","floor":2},{"not_picked":["Prostrate","WreathOfFlame"],"picked":"BowlingBash","floor":3},{"not_picked":["Protect","Evaluate"],"picked":"CutThroughFate","floor":5},{"not_picked":["FlurryOfBlows","Halt"],"picked":"DeceiveReality","floor":6},{"not_picked":["ForeignInfluence","Perseverance"],"picked":"Wish","floor":8},{"not_picked":["Swivel","ClearTheMind","Crescendo"],"picked":"SKIP","floor":10},{"not_picked":["EmptyBody","Adaptation"],"picked":"Establishment","floor":11},{"not_picked":["CutThroughFate","WheelKick"],"picked":"Consecrate","floor":13},{"not_picked":["SashWhip","EmptyBody"],"picked":"Protect","floor":14},{"not_picked":["ThirdEye","Prostrate"],"picked":"LikeWater","floor":15},{"not_picked":["DeusExMachina","Scrawl"],"picked":"SpiritShield","floor":16},{"not_picked":["ForeignInfluence","InnerPeace+1"],"picked":"Evaluate+1","floor":18},{"not_picked":["Consecrate","DeceiveReality","PathToVictory"],"picked":"SKIP","floor":20},{"not_picked":["Sanctity","PathToVictory"],"picked":"Halt+1","floor":23},{"not_picked":["LikeWater","Study"],"picked":"EmptyMind","floor":24},{"not_picked":["Swivel","ClearTheMind"],"picked":"TalkToTheHand","floor":25},{"not_picked":["Swivel","CrushJoints"],"picked":"ClearTheMind","floor":27},{"not_picked":["DevaForm","Weave","SandsOfTime"],"picked":"SKIP","floor":28},{"not_picked":["JustLucky","WaveOfTheHand","Adaptation"],"picked":"SKIP","floor":29},{"not_picked":["CrushJoints","PathToVictory"],"picked":"CutThroughFate","floor":30},{"not_picked":["SignatureMove+1","Pray"],"picked":"Crescendo","floor":31},{"not_picked":["Prostrate","EmptyBody"],"picked":"Meditate","floor":32},{"not_picked":["ConjureBlade","Wish"],"picked":"SpiritShield","floor":33},{"not_picked":["PathToVictory","ThirdEye+1"],"picked":"FearNoEvil+1","floor":35},{"not_picked":["WheelKick","ThirdEye"],"picked":"Halt+1","floor":37}],"player_experience":635334,"relics_obtained":[{"floor":6,"key":"Matryoshka"},{"floor":8,"key":"Orichalcum"},{"floor":9,"key":"Dream Catcher"},{"floor":14,"key":"Lantern"},{"floor":23,"key":"Art of War"},{"floor":26,"key":"Kunai"},{"floor":26,"key":"MawBank"},{"floor":30,"key":"Bag of Preparation"}],"event_choices":[{"damage_healed":0,"gold_gain":0,"player_choice":"Trade","damage_taken":0,"relics_obtained":["GremlinMask"],"max_hp_gain":0,"max_hp_loss":0,"event_name":"FaceTrader","floor":4,"gold_loss":0},{"damage_healed":0,"gold_gain":0,"player_choice":"Ignored","damage_taken":0,"max_hp_gain":0,"max_hp_loss":0,"event_name":"Liars Game","floor":12,"gold_loss":0},{"damage_healed":0,"gold_gain":0,"player_choice":"Ignored","damage_taken":0,"max_hp_gain":0,"max_hp_loss":0,"event_name":"Vampires","floor":21,"gold_loss":0},{"damage_healed":0,"gold_gain":0,"cards_transformed":["Collect","Vengeance"],"player_choice":"Became Test Subject","damage_taken":0,"max_hp_gain":0,"max_hp_loss":0,"event_name":"Drug Dealer","floor":22,"gold_loss":0,"cards_obtained":["DeceiveReality","WaveOfTheHand"]},{"damage_healed":0,"gold_gain":0,"player_choice":"Ignored","damage_taken":0,"max_hp_gain":0,"max_hp_loss":0,"event_name":"Tomb of Lord Red Mask","floor":36,"gold_loss":0}],"is_beta":false,"boss_relics":[{"not_picked":["Coffee Dripper","Tiny House"],"picked":"Pandora\u0027s Box"},{"not_picked":["Snecko Eye","Velvet Choker"],"picked":"Runic Dome"}],"items_purged_floors":[19],"is_endless":false,"potions_floor_spawned":[5,6,10,11,25,27,28,29,31,33,37],"killed_by":"Sphere and 2 Shapes","ascension_level":7}}