{"host":"6p0attdrtjqaih7v","time":1610869764,"event":{"mods":["2.2 Compatiblity","AchievementEnabler","Bard","BaseMod","Better Skull","Better Third Choice","Colored Powertips","Hermit","Highlight Path","Jorbs\u0027s Wanderer Trilogy","Key Reminder","Minty Spire (QoL Compilation)","Permanent Neow","Quick Restart","Random Character Button","Relic Stats","Replay The Spire","Robot Space Explorer","StSLib"],"gold_per_floor":[112,112,112,130,140,175,175,190,190,223,223,223,223,254,254,329,329,342,359,3,14,31,62,62,73,73,73,107,118,118,145,145,145,145],"floor_reached":33,"language":"ENG","playtime":1491,"items_purged":["Strike_R+1"],"score":750,"play_id":"bb43b685-0488-4c59-9b16-562b46405b1d","local_time":"20210117024924","is_ascension_mode":true,"campfire_choices":[{"data":"Bludgeon","floor":7,"key":"SMITH"},{"floor":12,"key":"REST"},{"data":"Flame Barrier","floor":15,"key":"SMITH"},{"data":"Combust","floor":27,"key":"SMITH"},{"data":"Fiend Fire","floor":32,"key":"SMITH"}],"circlet_count":0,"master_deck":["AscendersBane","Defend_R","Defend_R+1","Defend_R","Defend_R","Bash","Evolve","Battle Trance","Bludgeon+1","Pommel Strike+1","Anger+1","Flame Barrier+1","Havoc","Fiend Fire+1","Flame Barrier","Shrug It Off","Disarm","Body Slam","Feel No Pain+1","Thunderclap+1","Combust+1","Metallicize+1"],"relics":["Burning Blood","Bag of Marbles","InkBottle","Whetstone","PreservedInsect","King of Hearts","Replay:Grab Bag","Mark of Pain","Replay:Drink Me","Lantern","Boot","Enchiridion","Tiny Chest","Regal Pillow","Divine Protection"],"acts_visited":["Exordium","TheCity"],"potions_floor_usage":[6,10,28,33],"damage_taken":[{"damage":9,"enemies":"Small Slimes","floor":1,"turns":4},{"damage":7,"enemies":"2 Louse","floor":4,"turns":3},{"damage":1,"enemies":"Cultist","floor":5,"turns":3},{"damage":8,"enemies":"3 Sentries","floor":6,"turns":12},{"damage":0,"enemies":"Blue Slaver","floor":8,"turns":1},{"damage":25,"enemies":"Lagavulin","floor":10,"turns":6},{"damage":0,"enemies":"Gremlin Nob","floor":14,"turns":1},{"damage":45,"enemies":"Slime Boss","floor":16,"turns":11},{"damage":0,"enemies":"Chosen","floor":18,"turns":2},{"damage":0,"enemies":"Spheric Guardian","floor":19,"turns":2},{"damage":0,"enemies":"Snake Plant","floor":21,"turns":1},{"damage":9,"enemies":"Centurion and Healer","floor":22,"turns":3},{"damage":0,"enemies":"Book of Stabbing","floor":23,"turns":3},{"damage":0,"enemies":"Sentry and Sphere","floor":25,"turns":3},{"damage":15,"enemies":"Gremlin Leader","floor":28,"turns":6},{"damage":0,"enemies":"Snake Plant","floor":29,"turns":1},{"damage":8,"enemies":"Slavers","floor":31,"turns":4},{"damage":49,"enemies":"Champ","floor":33,"turns":9}],"seed_played":"-4656541711286094439","potions_obtained":[{"floor":0,"key":"HeartOfIron"},{"floor":0,"key":"ColorlessPotion"},{"floor":5,"key":"LifebloodPotion"},{"floor":16,"key":"Milkshake"},{"floor":19,"key":"Languid Potion"},{"floor":22,"key":"LifebloodPotion"},{"floor":28,"key":"BlessingOfTheForge"}],"is_trial":false,"path_per_floor":["M","?","?","M","M","E","R","M","T","E","?","R","?","E","R","B",null,"M","M","$","M","M","E","?","M","T","R","E","M","?","E","R","B"],"character_chosen":"IRONCLAD","items_purchased":["Shrug It Off","Disarm","Lantern"],"campfire_rested":1,"item_purchase_floors":[20,20,20],"current_hp_per_floor":[65,65,54,53,58,56,56,62,62,43,20,42,42,48,48,9,45,51,57,57,57,54,57,36,42,42,42,33,39,50,48,48,0,0],"gold":145,"neow_bonus":"THREE_SMALL_POTIONS","is_daily":false,"chose_seed":false,"campfire_upgraded":4,"win_rate":0.0,"timestamp":1610869764,"path_taken":["M","?","?","M","M","E","R","M","T","E","?","R","?","E","R","BOSS","M","M","$","?","M","E","?","M","T","R","E","M","?","E","R","BOSS"],"items_purchased_type":["Card","Card","Relic"],"build_version":"2020-12-22","purchased_purges":1,"victory":false,"max_hp_per_floor":[75,75,75,75,75,75,75,75,75,75,75,75,75,75,75,75,57,57,57,57,57,57,57,57,57,57,57,57,57,57,57,57,57,57],"relic_stats":{"Regal Pillow":0,"counters":[18,75],"Tiny Chest":0,"PreservedInsect":152,"Whetstone":["Anger","Strike_R"],"Boot":[12],"obtain_stats":[{"Divine Protection":31,"Lantern":20,"Regal Pillow":28,"Replay:Grab Bag":17,"Enchiridion":24,"PreservedInsect":10,"King of Hearts":14,"Whetstone":9,"Boot":23,"Burning Blood":0,"Tiny Chest":26,"Mark of Pain":17,"Bag of Marbles":3,"Replay:Drink Me":17,"InkBottle":6},{"Divine Protection":17,"Lantern":10,"Regal Pillow":15,"Replay:Grab Bag":8,"Enchiridion":13,"PreservedInsect":6,"King of Hearts":7,"Whetstone":5,"Boot":13,"Burning Blood":0,"Tiny Chest":14,"Mark of Pain":8,"Bag of Marbles":1,"Replay:Drink Me":8,"InkBottle":4},{"Divine Protection":66,"Lantern":45,"Regal Pillow":61,"Replay:Grab Bag":41,"Enchiridion":52,"PreservedInsect":29,"King of Hearts":30,"Whetstone":23,"Boot":52,"Burning Blood":0,"Tiny Chest":55,"Mark of Pain":41,"Bag of Marbles":4,"Replay:Drink Me":41,"InkBottle":22}],"Burning Blood":93,"InkBottle":[15]},"card_choices":[{"not_picked":["Pommel Strike","Clothesline"],"picked":"Evolve","floor":1},{"not_picked":["Second Wind","Dark Embrace"],"picked":"Battle Trance","floor":4},{"not_picked":["Flex","Fire Breathing"],"picked":"Bludgeon","floor":5},{"not_picked":["Sword Boomerang","Clash"],"picked":"Pommel Strike","floor":6},{"not_picked":["Warcry","Hemokinesis"],"picked":"Anger","floor":8},{"not_picked":["Pummel","Battle Trance"],"picked":"Flame Barrier","floor":10},{"not_picked":["Clash","Uppercut","Perfected Strike"],"picked":"SKIP","floor":14},{"not_picked":["Limit Break","Double Tap"],"picked":"Fiend Fire","floor":16},{"not_picked":["Perfected Strike","Iron Wave","Pommel Strike"],"picked":"SKIP","floor":18},{"not_picked":["Twin Strike","Havoc"],"picked":"Flame Barrier","floor":19},{"not_picked":["Evolve","Pummel"],"picked":"Body Slam","floor":21},{"not_picked":["Havoc","Uppercut"],"picked":"Feel No Pain+1","floor":22},{"not_picked":["Entrench+1","Perfected Strike"],"picked":"Thunderclap+1","floor":23},{"not_picked":["Headbutt","Disarm+1"],"picked":"Combust","floor":25},{"not_picked":["Flex","Headbutt","Corruption"],"picked":"SKIP","floor":28},{"not_picked":["Heavy Blade","Havoc"],"picked":"Metallicize+1","floor":29},{"not_picked":["Cleave+1","Perfected Strike+1","Searing Blow"],"picked":"SKIP","floor":31}],"player_experience":864287,"relics_obtained":[{"floor":6,"key":"InkBottle"},{"floor":9,"key":"Whetstone"},{"floor":10,"key":"PreservedInsect"},{"floor":14,"key":"King of Hearts"},{"floor":23,"key":"Boot"},{"floor":24,"key":"Enchiridion"},{"floor":26,"key":"Tiny Chest"},{"floor":28,"key":"Regal Pillow"},{"floor":31,"key":"Divine Protection"}],"event_choices":[{"damage_healed":0,"gold_gain":0,"player_choice":"Leave","damage_taken":0,"max_hp_gain":0,"max_hp_loss":0,"event_name":"The Cleric","floor":2,"gold_loss":0},{"damage_healed":0,"gold_gain":0,"player_choice":"Relic ","damage_taken":11,"max_hp_gain":0,"max_hp_loss":0,"event_name":"betterThird:BetterScrap","floor":3,"gold_loss":0,"cards_obtained":["Escape Plan"]},{"damage_healed":0,"gold_gain":0,"player_choice":"Entered Light","damage_taken":23,"max_hp_gain":0,"max_hp_loss":0,"event_name":"Shining Light","floor":11,"gold_loss":0,"cards_upgraded":["Defend_R","Pommel Strike"]},{"damage_healed":0,"gold_gain":0,"cards_transformed":["Strike_R"],"player_choice":"Transformed","damage_taken":0,"max_hp_gain":0,"max_hp_loss":0,"event_name":"Transmorgrifier","floor":13,"gold_loss":0,"cards_obtained":["Havoc"]},{"damage_healed":0,"gold_gain":0,"player_choice":"Obtained Book","damage_taken":21,"max_hp_gain":0,"max_hp_loss":0,"event_name":"Cursed Tome","floor":24,"gold_loss":0},{"damage_healed":11,"gold_gain":0,"player_choice":"Heal","damage_taken":0,"max_hp_gain":0,"max_hp_loss":0,"event_name":"The Library","floor":30,"gold_loss":0}],"is_beta":false,"boss_relics":[{"not_picked":["Astrolabe","Pandora\u0027s Box"],"picked":"Replay:Grab Bag"},{"not_picked":["Sozu","Philosopher\u0027s Stone"],"picked":"Mark of Pain"},{"not_picked":["Empty Cage","Ring of Chaos"],"picked":"Replay:Drink Me"}],"items_purged_floors":[20],"is_endless":false,"potions_floor_spawned":[1,4,5,16,19,22,28],"killed_by":"Champ","ascension_level":20}}