{"host":"r53pw7z744tg3fxg","time":1610924140,"event":{"mods":["AchievementEnabler","BaseMod","Colored Map","Colored Powertips","Highlight Path","Minty Spire (QoL Compilation)","Quick Restart","Transform Curses"],"gold_per_floor":[119,130,145,156,81,81,99,125,125,53,87,87,7,26,26,103,103,119,119,119],"floor_reached":19,"language":"ENG","playtime":769,"items_purged":["Regret"],"score":322,"play_id":"ba2dd51d-2783-435b-8053-bd2ac93fcdfe","local_time":"20210117155540","is_ascension_mode":true,"campfire_choices":[{"floor":6.0,"key":"REST"},{"floor":12,"key":"REST"},{"floor":15,"key":"REST"}],"circlet_count":0,"master_deck":["AscendersBane","Strike_P","Strike_P","Strike_P","Strike_P","Defend_P","Defend_P","Defend_P","Defend_P","Eruption","Vigilance","Halt","Evaluate","PathToVictory","FlurryOfBlows","Prostrate","BowlingBash","ForeignInfluence","ReachHeaven","EmptyBody","LessonLearned","Conclude"],"relics":["HolyWater","GoldenEye","Mercury Hourglass","The Courier","Smiling Mask"],"acts_visited":["Exordium","TheCity"],"potions_floor_usage":[11,16],"damage_taken":[{"damage":5.0,"enemies":"2 Louse","floor":1.0,"turns":3.0},{"damage":3.0,"enemies":"Small Slimes","floor":2.0,"turns":4.0},{"damage":2.0,"enemies":"Cultist","floor":3.0,"turns":3.0},{"damage":7.0,"enemies":"Gremlin Gang","floor":4.0,"turns":4.0},{"damage":3.0,"enemies":"Looter","floor":7.0,"turns":2.0},{"damage":30,"enemies":"3 Sentries","floor":8,"turns":12},{"damage":23,"enemies":"Lagavulin","floor":11,"turns":8},{"damage":4,"enemies":"Red Slaver","floor":14,"turns":4},{"damage":19,"enemies":"Hexaghost","floor":16,"turns":9},{"damage":4,"enemies":"Chosen","floor":18,"turns":4},{"damage":55,"enemies":"Masked Bandits","floor":19,"turns":3}],"seed_played":"5046464120586049515","potions_obtained":[{"floor":2.0,"key":"StancePotion"},{"floor":7.0,"key":"SmokeBomb"},{"floor":8,"key":"Block Potion"},{"floor":14,"key":"GamblersBrew"}],"is_trial":false,"path_per_floor":["M","M","M","M","$","R","M","E","T","?","E","R","$","M","R","B",null,"M","?"],"character_chosen":"WATCHER","items_purchased":["ReachHeaven","EmptyBody"],"campfire_rested":3,"item_purchase_floors":[13,13],"current_hp_per_floor":[56,53,51,44,44,64,61,31,31,31,8,28,28,24,44,25,57,53,0,0],"gold":119,"neow_bonus":"ONE_RARE_RELIC","is_daily":false,"chose_seed":false,"campfire_upgraded":0,"win_rate":0.0,"timestamp":1610924140,"path_taken":["M","M","M","M","$","R","M","E","T","?","E","R","$","M","R","BOSS","M","?"],"items_purchased_type":["Card","Card"],"build_version":"2020-12-22","purchased_purges":1,"victory":false,"max_hp_per_floor":[68,68,68,68,68,68,68,68,68,68,68,68,68,68,68,68,68,68,68,68],"card_choices":[{"not_picked":["SignatureMove","Crescendo"],"picked":"Halt","floor":1.0},{"not_picked":["Halt","CutThroughFate"],"picked":"Evaluate","floor":2.0},{"not_picked":["Crescendo","LikeWater"],"picked":"PathToVictory","floor":3.0},{"not_picked":["EmptyMind","Halt"],"picked":"FlurryOfBlows","floor":4.0},{"not_picked":["EmptyMind","InnerPeace"],"picked":"Prostrate","floor":7.0},{"not_picked":["FlurryOfBlows","JustLucky"],"picked":"BowlingBash","floor":8},{"not_picked":["Consecrate","CutThroughFate"],"picked":"ForeignInfluence","floor":11},{"not_picked":["Blasphemy","ClearTheMind","Weave"],"picked":"SKIP","floor":14},{"not_picked":["Judgement","Alpha"],"picked":"LessonLearned","floor":16},{"not_picked":["SashWhip","Protect+1"],"picked":"Conclude","floor":18}],"player_experience":1295009,"relics_obtained":[{"floor":8,"key":"Mercury Hourglass"},{"floor":9,"key":"The Courier"},{"floor":11,"key":"Smiling Mask"}],"event_choices":[{"damage_healed":0,"gold_gain":0,"player_choice":"Left Gold","damage_taken":0,"max_hp_gain":0,"max_hp_loss":0,"event_name":"World of Goop","floor":10,"gold_loss":72},{"damage_healed":0,"gold_gain":0,"player_choice":"Fought Bandits","damage_taken":0,"max_hp_gain":0,"max_hp_loss":0,"event_name":"Masked Bandits","floor":19,"gold_loss":0}],"is_beta":false,"boss_relics":[{"not_picked":["Ectoplasm","Snecko Eye"],"picked":"HolyWater"}],"items_purged_floors":[5],"is_endless":false,"potions_floor_spawned":[2,7,8,14],"killed_by":"Masked Bandits","ascension_level":16}}