{"host":"J","time":1610898167,"event":{"mods":["AchievementEnabler","BaseMod","Block Reminder","Highlight Path","Minty Spire (QoL Compilation)","Permanent Neow","Quick Restart","Relic Stats","UnlockEverythingMod"],"gold_per_floor":[115,130,146,162,177,203,203,235,261,261,261,277,277,311,311,311,311],"floor_reached":16,"language":"ENG","playtime":1070,"items_purged":[],"score":214,"play_id":"e23637dd-1200-4229-9b79-47f835bb197e","local_time":"20210117164247","is_ascension_mode":true,"campfire_choices":[{"data":"Bash","floor":7.0,"key":"SMITH"},{"floor":11.0,"key":"REST"},{"data":"Twin Strike","floor":15.0,"key":"SMITH"}],"circlet_count":0,"master_deck":["AscendersBane","Strike_R","Strike_R","Strike_R","Strike_R","Strike_R","Defend_R","Defend_R","Defend_R","Defend_R","Bash+1","Thunderclap+1","Twin Strike+1","Limit Break","Iron Wave","Headbutt+1","Iron Wave"],"relics":["Burning Blood","Regal Pillow","Art of War","Happy Flower","Golden Idol","Whetstone"],"acts_visited":[],"potions_floor_usage":[16,16],"damage_taken":[{"damage":1.0,"enemies":"Small Slimes","floor":1.0,"turns":4.0},{"damage":6.0,"enemies":"Jaw Worm","floor":2.0,"turns":5.0},{"damage":7.0,"enemies":"2 Louse","floor":3.0,"turns":3.0},{"damage":19.0,"enemies":"Blue Slaver","floor":4.0,"turns":4.0},{"damage":2.0,"enemies":"3 Louse","floor":5.0,"turns":5.0},{"damage":29.0,"enemies":"Gremlin Nob","floor":6.0,"turns":4.0},{"damage":42.0,"enemies":"Lagavulin","floor":8.0,"turns":7.0},{"damage":1.0,"enemies":"2 Fungi Beasts","floor":12.0,"turns":3.0},{"damage":28.0,"enemies":"Gremlin Nob","floor":14.0,"turns":4.0},{"damage":34,"enemies":"The Guardian","floor":16,"turns":11}],"seed_played":"7928653169887215631","potions_obtained":[{"floor":3.0,"key":"AttackPotion"},{"floor":4.0,"key":"SpeedPotion"},{"floor":12.0,"key":"LiquidBronze"},{"floor":14.0,"key":"ColorlessPotion"}],"is_trial":false,"path_per_floor":["M","M","M","M","M","E","R","E","T","?","R","M","?","E","R","B"],"character_chosen":"IRONCLAD","items_purchased":[],"campfire_rested":1,"item_purchase_floors":[],"current_hp_per_floor":[80,80,79,66,70,47,47,11,11,11,50,55,55,33,33,0,0],"gold":311,"neow_bonus":"TEN_PERCENT_HP_BONUS","is_daily":false,"chose_seed":false,"campfire_upgraded":2,"win_rate":0.0,"timestamp":1610898167,"path_taken":["M","M","M","M","M","E","R","E","T","?","R","M","?","E","R","BOSS"],"items_purchased_type":[],"build_version":"2020-12-18","purchased_purges":0,"victory":false,"max_hp_per_floor":[82,82,82,82,82,82,82,82,82,82,82,82,74,74,74,74,74],"relic_stats":{"Regal Pillow":15,"Happy Flower":[6],"counters":[10,50],"Golden Idol":7,"Art of War":[2],"Whetstone":["Thunderclap","Headbutt"],"obtain_stats":[{"Regal Pillow":6,"Happy Flower":9,"Golden Idol":13,"Art of War":8,"Whetstone":14,"Burning Blood":0},{"Regal Pillow":6,"Happy Flower":7,"Golden Idol":8,"Art of War":7,"Whetstone":9,"Burning Blood":0},{"Regal Pillow":25,"Happy Flower":32,"Golden Idol":35,"Art of War":32,"Whetstone":39,"Burning Blood":0}],"Burning Blood":54},"card_choices":[{"not_picked":["Anger","Feel No Pain"],"picked":"Thunderclap","floor":1.0},{"not_picked":["Wild Strike","Shrug It Off","Anger"],"picked":"SKIP","floor":2.0},{"not_picked":["Warcry","Clash"],"picked":"Twin Strike","floor":3.0},{"not_picked":["Sword Boomerang","Dual Wield"],"picked":"Limit Break","floor":4.0},{"not_picked":["Ghostly Armor","Shrug It Off","Anger"],"picked":"SKIP","floor":5.0},{"not_picked":["Havoc","Battle Trance"],"picked":"Iron Wave","floor":6.0},{"not_picked":["Flex","Clash","Dark Embrace"],"picked":"SKIP","floor":8.0},{"not_picked":["Sword Boomerang","Flex"],"picked":"Headbutt","floor":12.0},{"not_picked":["Clash","Rampage"],"picked":"Iron Wave","floor":14.0}],"player_experience":241865,"relics_obtained":[{"floor":6.0,"key":"Regal Pillow"},{"floor":8.0,"key":"Art of War"},{"floor":9.0,"key":"Happy Flower"},{"floor":14.0,"key":"Whetstone"}],"event_choices":[{"damage_healed":0.0,"max_hp_gain":0.0,"max_hp_loss":0.0,"gold_gain":0.0,"event_name":"Liars Game","player_choice":"Ignored","floor":10.0,"gold_loss":0.0,"damage_taken":0.0},{"damage_healed":0.0,"max_hp_gain":0.0,"max_hp_loss":8.0,"gold_gain":0.0,"event_name":"Golden Idol","player_choice":"Lose Max HP","floor":13.0,"gold_loss":0.0,"damage_taken":0.0,"relics_obtained":["Golden Idol"]}],"is_beta":true,"boss_relics":[],"items_purged_floors":[],"is_endless":false,"potions_floor_spawned":[3,4,12,14],"killed_by":"The Guardian","ascension_level":15}}