{"host":"ccw6t0i2dpm5wyxf","time":1610892264,"event":{"mods":["BaseMod","Colored Map","Minty Spire (QoL Compilation)","Permanent Neow"],"gold_per_floor":[110,110,35,35,210,243,268,268,293,307,330,330,351,351,351,471,471,471,471],"floor_reached":18,"language":"ENG","playtime":514,"items_purged":["Injury"],"score":200,"play_id":"aca53196-4090-4c95-ae04-a682dd3ba71c","local_time":"20210117080424","is_ascension_mode":true,"campfire_choices":[{"floor":8,"key":"REST"},{"floor":15,"key":"REST"}],"circlet_count":0,"master_deck":["Strike_G","Strike_G","Strike_G","Strike_G","Strike_G","Defend_G","Defend_G","Defend_G","Defend_G","Defend_G","Survivor","Neutralize","CurseOfTheBell","Slice","Doubt","Cloak And Dagger+1","Slice","Choke","Parasite","Slice","Adrenaline"],"relics":["Calling Bell","PreservedInsect","Frozen Egg 2","Tough Bandages","Golden Idol","Strawberry","Blood Vial","Snecko Eye"],"acts_visited":["Exordium","TheCity"],"potions_floor_usage":[16,16,16],"damage_taken":[{"damage":1,"enemies":"Small Slimes","floor":1,"turns":4},{"damage":45,"enemies":"3 Sentries","floor":6,"turns":9},{"damage":14,"enemies":"Jaw Worm","floor":7,"turns":6},{"damage":0,"enemies":"2 Louse","floor":10,"turns":4},{"damage":4,"enemies":"Red Slaver","floor":11,"turns":3},{"damage":15,"enemies":"2 Fungi Beasts","floor":13,"turns":4},{"damage":44,"enemies":"Hexaghost","floor":16,"turns":12},{"damage":68,"enemies":"Spheric Guardian","floor":18,"turns":8}],"seed_played":"9019335875723218675","potions_obtained":[{"floor":1,"key":"BlessingOfTheForge"},{"floor":7,"key":"Dexterity Potion"},{"floor":10,"key":"PowerPotion"},{"floor":16,"key":"Poison Potion"}],"is_trial":false,"path_per_floor":["M","?","$","$","?","E","M","R","T","M","M","?","M","?","R","B",null,"M"],"character_chosen":"THE_SILENT","items_purchased":[],"campfire_rested":2,"item_purchase_floors":[],"current_hp_per_floor":[69,69,69,69,69,31,17,40,40,42,40,59,46,46,69,27,65,0,0],"gold":471,"neow_bonus":"BOSS_RELIC","is_daily":false,"chose_seed":false,"campfire_upgraded":0,"win_rate":0.0,"timestamp":1610892264,"path_taken":["M","?","?","$","?","E","M","R","T","M","?","?","M","?","R","BOSS","M"],"items_purchased_type":[],"build_version":"2020-12-22","purchased_purges":1,"victory":false,"max_hp_per_floor":[70,70,70,70,70,77,77,77,77,77,77,77,77,77,77,77,77,77,77],"card_choices":[{"not_picked":["Poisoned Stab","Dagger Spray"],"picked":"Slice","floor":1},{"not_picked":["PiercingWail","Prepared"],"picked":"Cloak And Dagger","floor":6},{"not_picked":["Dodge and Roll","Flechettes"],"picked":"Slice","floor":7},{"not_picked":["Bane","Riddle With Holes"],"picked":"Choke","floor":10},{"not_picked":["Night Terror","Acrobatics","Blur"],"picked":"SKIP","floor":11},{"not_picked":["Dodge and Roll","Underhanded Strike"],"picked":"Slice","floor":13},{"not_picked":["Wraith Form v2+1","Bullet Time"],"picked":"Adrenaline","floor":16}],"player_experience":278186,"relics_obtained":[{"floor":0,"key":"PreservedInsect"},{"floor":0,"key":"Frozen Egg 2"},{"floor":0,"key":"Tough Bandages"},{"floor":6,"key":"Strawberry"},{"floor":9,"key":"Blood Vial"}],"event_choices":[{"damage_healed":0,"gold_gain":0,"player_choice":"Take Wound","damage_taken":0,"relics_obtained":["Golden Idol"],"max_hp_gain":0,"max_hp_loss":0,"event_name":"Golden Idol","floor":2,"gold_loss":0,"cards_obtained":["Injury"]},{"damage_healed":0,"gold_gain":175,"player_choice":"AGREE","damage_taken":0,"max_hp_gain":0,"max_hp_loss":0,"event_name":"Liars Game","floor":5,"gold_loss":0,"cards_obtained":["Doubt"]},{"damage_healed":19,"gold_gain":0,"player_choice":"Healed and dodged fight","damage_taken":0,"max_hp_gain":0,"max_hp_loss":0,"event_name":"Mushrooms","floor":12,"gold_loss":0,"cards_obtained":["Parasite"]},{"damage_healed":0,"gold_gain":0,"player_choice":"Grow","damage_taken":0,"max_hp_gain":0,"max_hp_loss":0,"event_name":"Living Wall","floor":14,"gold_loss":0,"cards_upgraded":["Cloak And Dagger"]}],"is_beta":false,"boss_relics":[{"not_picked":["Runic Dome","Coffee Dripper"],"picked":"Snecko Eye"}],"items_purged_floors":[3],"is_endless":false,"potions_floor_spawned":[1,7,10,16],"killed_by":"Spheric Guardian","ascension_level":5}}