{"host":"zxkjcgzis4pm3za5","time":1609516562,"event":{"mods":["AchievementEnabler","BaseMod","Colored Map","Colored Powertips","Minty Spire (QoL Compilation)","Quick Restart","RNG Fix","Random Character Button","StSLib"],"gold_per_floor":[114,134,36,36,36,75,75,89,113,21,57,57,72,96,96,225,225,248,248,64,83,83,126,126,147,147,161,161,161,161,181,181,181,181],"floor_reached":33,"playtime":1080,"items_purged":["Defend_G"],"score":520,"play_id":"27b0aeed-6861-4373-9584-a014395799a6","local_time":"20210101212602","is_ascension_mode":true,"campfire_choices":[{"data":"Cloak And Dagger","floor":7,"key":"SMITH"},{"data":"Footwork","floor":15,"key":"SMITH"},{"data":"J.A.X.","floor":24,"key":"SMITH"},{"data":"Cloak And Dagger","floor":30,"key":"SMITH"},{"data":"Venomology","floor":32,"key":"SMITH"}],"circlet_count":0,"master_deck":["AscendersBane","Strike_G","Strike_G","Strike_G","Strike_G","Strike_G","Defend_G","Defend_G","Defend_G","Defend_G","Survivor","Neutralize","Dagger Spray","Quick Slash","Cloak And Dagger+1","Venomology+1","Dash","Footwork+1","Deflect","Phantasmal Killer","Noxious Fumes","Finisher","Unload","Backstab","Predator","PiercingWail","J.A.X.+1","Dodge and Roll+1","Cloak And Dagger+1","Clumsy","PiercingWail","Terror"],"relics":["Ring of the Snake","NeowsBlessing","Bloody Idol","Sundial","Ancient Tea Set","Gremlin Horn","Cursed Key","Oddly Smooth Stone","Frozen Egg 2","Letter Opener"],"acts_visited":["Exordium","TheCity"],"potions_floor_usage":[11,13,14,16,16,18,23,27,33,33],"damage_taken":[{"damage":0,"enemies":"Cultist","floor":1,"turns":1},{"damage":0,"enemies":"Jaw Worm","floor":2,"turns":1},{"damage":0,"enemies":"Lagavulin","floor":6,"turns":1},{"damage":1,"enemies":"2 Louse","floor":8,"turns":3},{"damage":15,"enemies":"Gremlin Nob","floor":11,"turns":6},{"damage":0,"enemies":"Large Slime","floor":13,"turns":5},{"damage":0,"enemies":"Looter","floor":14,"turns":4},{"damage":40,"enemies":"Slime Boss","floor":16,"turns":10},{"damage":0,"enemies":"Chosen","floor":18,"turns":4},{"damage":13,"enemies":"2 Thieves","floor":21,"turns":4},{"damage":3,"enemies":"Slavers","floor":23,"turns":3},{"damage":3,"enemies":"Sentry and Sphere","floor":25,"turns":1},{"damage":18,"enemies":"Centurion and Healer","floor":27,"turns":3},{"damage":0,"enemies":"3 Cultists","floor":31,"turns":6},{"damage":50,"enemies":"Automaton","floor":33,"turns":10}],"seed_played":"6653576150713801548","potions_obtained":[{"floor":1,"key":"Ancient Potion"},{"floor":11,"key":"Ancient Potion"},{"floor":14,"key":"Energy Potion"},{"floor":21,"key":"DuplicationPotion"},{"floor":23,"key":"EssenceOfSteel"},{"floor":31,"key":"EssenceOfSteel"}],"is_trial":false,"path_per_floor":["M","M","$","?","?","E","R","M","T","$","E","$","M","M","R","B",null,"M","?","$","M","?","E","R","M","T","M","?","?","R","M","R","B"],"character_chosen":"THE_SILENT","items_purchased":["Cloak And Dagger","Footwork","Deflect","Predator","Oddly Smooth Stone"],"campfire_rested":0,"item_purchase_floors":[3,10,10,20,20],"current_hp_per_floor":[63,63,63,63,63,63,63,62,62,62,47,47,47,47,47,7,51,51,51,51,38,38,35,35,32,32,14,35,35,35,40,40,0,0],"gold":181,"neow_bonus":"THREE_ENEMY_KILL","is_daily":false,"chose_seed":false,"campfire_upgraded":5,"win_rate":0.0,"timestamp":1609516562,"path_taken":["M","M","$","?","?","E","R","M","T","$","E","?","M","?","R","BOSS","M","?","$","?","?","E","R","?","T","M","?","?","R","M","R","BOSS"],"items_purchased_type":["Card","Card","Card","Card","Relic"],"build_version":"2020-12-22","purchased_purges":1,"victory":false,"max_hp_per_floor":[70,70,70,65,65,65,65,65,65,65,65,65,65,65,65,65,65,65,65,65,65,65,65,65,65,65,65,65,65,65,65,65,65,65],"card_choices":[{"not_picked":["Acrobatics","Slice"],"picked":"Dagger Spray","floor":1},{"not_picked":["Flechettes","Flying Knee"],"picked":"Quick Slash","floor":2},{"not_picked":["Deadly Poison","Well Laid Plans"],"picked":"Venomology","floor":6},{"not_picked":["Underhanded Strike","Bane"],"picked":"Dash","floor":8},{"not_picked":["PiercingWail","Bouncing Flask"],"picked":"Phantasmal Killer","floor":11},{"not_picked":["Backflip","Underhanded Strike"],"picked":"Noxious Fumes","floor":13},{"not_picked":["Setup","Quick Slash"],"picked":"Finisher","floor":14},{"not_picked":["Night Terror","Storm of Steel"],"picked":"Unload","floor":16},{"not_picked":["Underhanded Strike","Setup"],"picked":"Backstab","floor":18},{"not_picked":["Heel Hook","Dagger Spray"],"picked":"PiercingWail","floor":21},{"not_picked":["PiercingWail","Grand Finale"],"picked":"Dodge and Roll+1","floor":23},{"not_picked":["Endless Agony","Calculated Gamble+1"],"picked":"Cloak And Dagger","floor":25},{"not_picked":["Sucker Punch","Dagger Throw"],"picked":"PiercingWail","floor":27},{"not_picked":["Predator","Backflip"],"picked":"Terror","floor":31}],"player_experience":173819,"relics_obtained":[{"floor":6,"key":"Sundial"},{"floor":9,"key":"Ancient Tea Set"},{"floor":11,"key":"Gremlin Horn"},{"floor":23,"key":"Frozen Egg 2"},{"floor":26,"key":"Letter Opener"}],"event_choices":[{"damage_healed":0,"gold_gain":0,"player_choice":"Lose Max HP","damage_taken":0,"relics_obtained":["Golden Idol"],"max_hp_gain":0,"max_hp_loss":5,"event_name":"Golden Idol","floor":4,"gold_loss":0},{"damage_healed":0,"gold_gain":0,"player_choice":"Leave","damage_taken":0,"max_hp_gain":0,"max_hp_loss":0,"event_name":"The Cleric","floor":5,"gold_loss":0},{"damage_healed":0,"gold_gain":0,"player_choice":"Bought 0 Potions","damage_taken":0,"max_hp_gain":0,"max_hp_loss":0,"event_name":"The Woman in Blue","floor":19,"gold_loss":0},{"damage_healed":0,"gold_gain":0,"player_choice":"Obtain J.A.X.","damage_taken":0,"max_hp_gain":0,"max_hp_loss":0,"event_name":"Drug Dealer","floor":22,"gold_loss":0,"cards_obtained":["J.A.X."]},{"damage_healed":21,"gold_gain":0,"player_choice":"Heal","damage_taken":0,"max_hp_gain":0,"max_hp_loss":0,"event_name":"The Library","floor":28,"gold_loss":0},{"damage_healed":0,"gold_gain":0,"player_choice":"Gave Idol","damage_taken":0,"relics_obtained":["Bloody Idol"],"max_hp_gain":0,"max_hp_loss":0,"event_name":"Forgotten Altar","floor":29,"relics_lost":["Golden Idol"],"gold_loss":0}],"is_beta":false,"boss_relics":[{"not_picked":["Ectoplasm","SacredBark"],"picked":"Cursed Key"}],"items_purged_floors":[3],"is_endless":false,"potions_floor_spawned":[1,11,14,21,23,31],"killed_by":"Automaton","ascension_level":12}}