{"host":"rolltorest","time":1609468023,"event":{"mods":["BaseMod","Minty Spire (QoL Compilation)","Relic Stats","Slay the Relics Exporter","StSLib","The Marked"],"gold_per_floor":[109,59,18,35,35,68,68,95,122,122,191,201,201,215,215,215,215],"floor_reached":16,"playtime":4790,"items_purged":[],"score":133,"play_id":"9a463f11-1bda-4022-9b41-ca71c18500d0","local_time":"20201231182703","is_ascension_mode":false,"campfire_choices":[{"data":"theMarked:SoldierOfQuellstein","floor":7,"key":"SMITH"},{"data":"theMarked:Defy","floor":10,"key":"SMITH"},{"data":"theMarked:Electrocute","floor":13,"key":"SMITH"},{"data":"theMarked:TunnelVision","floor":15,"key":"SMITH"}],"circlet_count":0,"master_deck":["theMarked:Strike","theMarked:Strike","theMarked:Strike","theMarked:Defend","theMarked:Defend","theMarked:Defend","theMarked:Defend","theMarked:SoldierOfQuellstein+1","theMarked:Electrocute+1","theMarked:TunnelVision+1","theMarked:TwofoldDefense","theMarked:Defy+1"],"relics":["theMarked:ArtifactOfAir","NeowsBlessing","Juzu Bracelet","Smiling Mask"],"acts_visited":["Exordium"],"potions_floor_usage":[16],"damage_taken":[{"damage":0,"enemies":"Small Slimes","floor":1,"turns":1},{"damage":0,"enemies":"Cultist","floor":4,"turns":1},{"damage":0,"enemies":"3 Sentries","floor":6,"turns":1},{"damage":32,"enemies":"Gremlin Nob","floor":8,"turns":4},{"damage":0,"enemies":"2 Louse","floor":12,"turns":2},{"damage":0,"enemies":"Looter","floor":14,"turns":3},{"damage":35,"enemies":"Hexaghost","floor":16,"turns":10}],"seed_played":"1038196058614388529","potions_obtained":[{"floor":4,"key":"SneckoOil"},{"floor":8,"key":"SkillPotion"}],"is_trial":false,"path_per_floor":["M","?","$","M","?","E","R","E","T","R","?","M","R","M","R","B"],"character_chosen":"THE_DEFAULT","items_purchased":["theMarked:TunnelVision"],"campfire_rested":0,"item_purchase_floors":[3],"current_hp_per_floor":[70,70,70,70,70,70,70,38,38,38,38,38,38,38,38,3,3],"gold":215,"neow_bonus":"THREE_ENEMY_KILL","is_daily":false,"chose_seed":false,"campfire_upgraded":4,"win_rate":0.0,"timestamp":1609468023,"path_taken":["M","?","$","M","?","E","R","E","T","R","?","M","R","M","R","BOSS"],"items_purchased_type":["Card"],"build_version":"2020-12-18","purchased_purges":0,"victory":false,"max_hp_per_floor":[70,70,70,70,70,70,70,70,70,70,70,70,70,70,70,70,70],"relic_stats":{"counters":[7,22],"Juzu Bracelet":1,"Smiling Mask":0,"obtain_stats":[{"theMarked:ArtifactOfAir":0,"NeowsBlessing":0,"Juzu Bracelet":6,"Smiling Mask":8},{"theMarked:ArtifactOfAir":0,"NeowsBlessing":0,"Juzu Bracelet":3,"Smiling Mask":4},{"theMarked:ArtifactOfAir":0,"NeowsBlessing":0,"Juzu Bracelet":3,"Smiling Mask":7}]},"card_choices":[{"not_picked":["theMarked:WardOff","theMarked:PowerFlow"],"picked":"theMarked:Electrocute","floor":1},{"not_picked":["theMarked:Static","theMarked:Overthink","theMarked:Polarize"],"picked":"SKIP","floor":4},{"not_picked":["theMarked:Standoff","theMarked:Convert","theMarked:Improvise"],"picked":"SKIP","floor":6},{"not_picked":["theMarked:ChannelForce","theMarked:Parkour"],"picked":"theMarked:Defy","floor":8},{"not_picked":["theMarked:CreepingChasm","theMarked:Parkour","theMarked:EnhancedHearing"],"picked":"SKIP","floor":12},{"not_picked":["theMarked:Frustration","theMarked:TunnelVision","theMarked:Generate"],"picked":"SKIP","floor":14}],"player_experience":1714791,"relics_obtained":[{"floor":6,"key":"Juzu Bracelet"},{"floor":8,"key":"Smiling Mask"}],"event_choices":[{"cards_removed":["theMarked:Strike"],"damage_healed":0,"gold_gain":0,"player_choice":"Card Removal","damage_taken":0,"max_hp_gain":0,"max_hp_loss":0,"event_name":"The Cleric","floor":2,"gold_loss":50},{"damage_healed":0,"gold_gain":0,"cards_transformed":["theMarked:Strike"],"player_choice":"Transformed","damage_taken":0,"max_hp_gain":0,"max_hp_loss":0,"event_name":"Transmorgrifier","floor":5,"gold_loss":0,"cards_obtained":["theMarked:TwofoldDefense"]},{"damage_healed":0,"gold_gain":69,"player_choice":"Gained Gold","damage_taken":0,"max_hp_gain":0,"max_hp_loss":0,"event_name":"Golden Wing","floor":11,"gold_loss":0}],"is_beta":true,"boss_relics":[],"items_purged_floors":[],"is_endless":false,"potions_floor_spawned":[4,8],"killed_by":"Hexaghost","ascension_level":0}}