{"host":"jm9833yuloeli2yd","time":1609482848,"event":{"mods":["AchievementEnabler","BaseMod","Better Altar","Better Match","Better Note","Better Sensory Stone","Better Skull","Better Third Choice","Better Vampires","BetterRewards","Colored Map","Colored Powertips","DeckTracker","Marked Mod","Minty Spire (QoL Compilation)","Permanent Neow","Quick Restart","StSLib","SuperFastMode"],"gold_per_floor":[110,110,126,137,62,87,87,127,201,229,249,272,316,40,40,121,121,146,182,208,51,78,118,118,162,207,242,276,385,427,427,427,508,508,532,532,541,541,600,631,674,700,700,735,755,527,554,575,575,575,575,575],"floor_reached":51,"playtime":2716,"items_purged":["Defend_G"],"score":2262,"play_id":"6033b556-fc43-474a-be87-635d0bbb9a4a","local_time":"20210101013408","is_ascension_mode":true,"campfire_choices":[{"data":"Neutralize","floor":7.0,"key":"SMITH"},{"floor":15.0,"key":"REST"},{"floor":24.0,"key":"REST"},{"floor":32.0,"key":"RECALL"},{"floor":49.0,"key":"REST"}],"circlet_count":0,"master_deck":["AscendersBane","Defend_G","Defend_G","Defend_G","Defend_G","Survivor","Neutralize+1","Noxious Fumes","Glass Knife","Flying Knee+1","Caltrops","Footwork","Backstab","Night Terror","Unload+1","Blade Dance","Blur","Bouncing Flask+1","Leg Sweep","After Image","Blade Dance","Bite","Bite","Bite","PiercingWail+1","Masterful Stab+1","Blade Dance","Tactician","Well Laid Plans","Footwork","Backflip","Noxious Fumes","Wraith Form v2","Prepared+1","Wraith Form v2","Deflect","Malaise","Catalyst","Trip","Well Laid Plans","Catalyst"],"relics":["Ring of the Snake","ClockworkSouvenir","Du-Vu Doll","CeramicFish","Paper Crane","Letter Opener","Shuriken","Fusion Hammer","Sling","War Paint","Bottled Flame","Bag of Preparation","WingedGreaves","Question Card","Bird Faced Urn","Mummified Hand","Matryoshka","Whetstone","Sundial","Busted Crown","Tingsha","Potion Belt","Oddly Smooth Stone","Nunchaku","The Courier","Boot"],"acts_visited":["Exordium","TheCity","TheBeyond"],"potions_floor_usage":[51,51],"damage_taken":[{"damage":1.0,"enemies":"Cultist","floor":1.0,"turns":3.0},{"damage":9.0,"enemies":"Jaw Worm","floor":3.0,"turns":3.0},{"damage":5.0,"enemies":"Small Slimes","floor":4.0,"turns":4.0},{"damage":24.0,"enemies":"Gremlin Nob","floor":6.0,"turns":4.0},{"damage":10.0,"enemies":"3 Sentries","floor":8.0,"turns":8.0},{"damage":18.0,"enemies":"3 Louse","floor":10.0,"turns":4.0},{"damage":0.0,"enemies":"Blue Slaver","floor":11.0,"turns":3.0},{"damage":5.0,"enemies":"2 Fungi Beasts","floor":12.0,"turns":3.0},{"damage":20.0,"enemies":"Gremlin Nob","floor":13.0,"turns":4.0},{"damage":15.0,"enemies":"The Guardian","floor":16.0,"turns":11.0},{"damage":15.0,"enemies":"2 Thieves","floor":18.0,"turns":5.0},{"damage":8.0,"enemies":"Spheric Guardian","floor":20.0,"turns":5.0},{"damage":10.0,"enemies":"Centurion and Healer","floor":22.0,"turns":6.0},{"damage":6.0,"enemies":"Book of Stabbing","floor":23.0,"turns":5.0},{"damage":0.0,"enemies":"Gremlin Leader","floor":25.0,"turns":5.0},{"damage":7.0,"enemies":"Book of Stabbing","floor":27.0,"turns":3.0},{"damage":3.0,"enemies":"Gremlin Leader","floor":28.0,"turns":4.0},{"damage":5.0,"enemies":"Colosseum Slavers","floor":29.0,"turns":3.0},{"damage":8.0,"enemies":"Colosseum Nobs","floor":29.0,"turns":4.0},{"damage":2.0,"enemies":"Slavers","floor":30.0,"turns":3.0},{"damage":23.0,"enemies":"Champ","floor":33.0,"turns":8.0},{"damage":4.0,"enemies":"3 Shapes","floor":35.0,"turns":5.0},{"damage":22.0,"enemies":"2 Orb Walkers","floor":39.0,"turns":4.0},{"damage":7.0,"enemies":"Nemesis","floor":40.0,"turns":7.0},{"damage":16.0,"enemies":"Giant Head","floor":41.0,"turns":6.0},{"damage":0.0,"enemies":"Reptomancer","floor":42.0,"turns":7.0},{"damage":5.0,"enemies":"Giant Head","floor":44.0,"turns":4.0},{"damage":0.0,"enemies":"Orb Walker","floor":45.0,"turns":3.0},{"damage":11.0,"enemies":"Maw","floor":47.0,"turns":5.0},{"damage":0.0,"enemies":"Transient","floor":48.0,"turns":6.0},{"damage":36.0,"enemies":"Time Eater","floor":50.0,"turns":12.0},{"damage":53,"enemies":"Donu and Deca","floor":51,"turns":4}],"seed_played":"-4054356363001552097","potions_obtained":[{"floor":2.0,"key":"FairyPotion"},{"floor":2.0,"key":"FairyPotion"},{"floor":11.0,"key":"LiquidMemories"},{"floor":22.0,"key":"Weak Potion"},{"floor":25.0,"key":"Swift Potion"},{"floor":30.0,"key":"GamblersBrew"},{"floor":35.0,"key":"Block Potion"},{"floor":40.0,"key":"SteroidPotion"},{"floor":41.0,"key":"Swift Potion"}],"is_trial":false,"path_per_floor":["M","?","M","M","?","E","R","E","T","M","M","M","E","$","R","B",null,"M","?","M","$","M","E","R","E","T","E","E","?","E","T","R","B",null,"M","?","?","?","?","E","E","E","T","E","M","$","M","M","R","B","B"],"character_chosen":"THE_SILENT","items_purchased":["Noxious Fumes","Glass Knife","ClockworkSouvenir","Shuriken","Sling","Catalyst","SkillPotion","Trip"],"campfire_rested":3,"item_purchase_floors":[0,0,0,14,21,46,46,46],"current_hp_per_floor":[58,58,49,44,44,20,20,10,10,11,11,6,19,19,38,23,55,40,40,38,38,38,38,50,50,50,45,50,46,50,50,50,39,47,50,50,38,38,32,47,42,50,50,47,50,50,50,50,50,32,0,0],"gold":575,"neow_bonus":"","is_daily":false,"chose_seed":false,"campfire_upgraded":1,"win_rate":0.0,"timestamp":1609482848,"path_taken":["M","?","M","?","?","E","R","E","T","M","M","M","E","$","R","BOSS","M","?","M","$","M","E","R","E","T","E","E","?","E","?","R","BOSS","M","?","?","?","?","E","E","E","T","E","M","$","M","M","R","BOSS","BOSS"],"items_purchased_type":["Card","Card","Relic","Relic","Relic","Card","Potion","Card"],"build_version":"2020-12-22","purchased_purges":1,"victory":false,"max_hp_per_floor":[66,66,66,66,66,66,66,66,66,66,66,66,66,66,66,66,66,66,50,50,50,50,50,50,50,50,50,50,50,50,50,50,50,50,50,50,50,50,50,50,50,50,50,50,50,50,50,50,50,50,50,50],"card_choices":[{"not_picked":["Tactician","Setup"],"picked":"Caltrops","floor":1.0},{"not_picked":["Tactician","Bane"],"picked":"Footwork","floor":3.0},{"not_picked":["Concentrate","Dagger Throw"],"picked":"Backstab","floor":4.0},{"not_picked":["Underhanded Strike","Accuracy"],"picked":"Night Terror","floor":6.0},{"not_picked":["Prepared","Riddle With Holes"],"picked":"Unload","floor":8.0},{"not_picked":["Backstab","Quick Slash"],"picked":"Blade Dance","floor":10.0},{"not_picked":["Heel Hook","Sucker Punch"],"picked":"Blur","floor":11.0},{"not_picked":["Backstab","Acrobatics"],"picked":"Bouncing Flask","floor":12.0},{"not_picked":["Flying Knee","Backflip"],"picked":"Leg Sweep","floor":13.0},{"not_picked":["Doppelganger","Envenom"],"picked":"After Image","floor":16.0},{"not_picked":["Escape Plan","Deadly Poison"],"picked":"Blade Dance","floor":18.0},{"not_picked":["Noxious Fumes","Skewer"],"picked":"PiercingWail","floor":20.0},{"not_picked":["Quick Slash","Acrobatics"],"picked":"Masterful Stab+1","floor":22.0},{"not_picked":["Outmaneuver+1","Distraction"],"picked":"Blade Dance","floor":23.0},{"not_picked":["Slice","Dagger Throw+1"],"picked":"Tactician","floor":25.0},{"not_picked":["Deadly Poison","Poisoned Stab"],"picked":"Well Laid Plans","floor":27.0},{"not_picked":["Dodge and Roll","Unload"],"picked":"Footwork","floor":28.0},{"not_picked":["Slice","Deadly Poison","Dagger Throw"],"picked":"Backflip","floor":29.0},{"not_picked":["Quick Slash","Flying Knee","Slice+1"],"picked":"Noxious Fumes","floor":30.0},{"not_picked":["Tools of the Trade","Die Die Die","Night Terror"],"picked":"Wraith Form v2","floor":33.0},{"not_picked":["Skewer+1"],"picked":"Prepared+1","floor":35.0},{"not_picked":["Deadly Poison"],"picked":"Deflect","floor":39.0},{"not_picked":["Slice+1","Concentrate"],"picked":"SKIP","floor":40.0},{"not_picked":["Choke"],"picked":"Malaise","floor":41.0},{"not_picked":["Dagger Spray","Setup"],"picked":"SKIP","floor":42.0},{"not_picked":["Deadly Poison","Dagger Spray+1"],"picked":"SKIP","floor":44.0},{"not_picked":["Dagger Throw","Choke"],"picked":"SKIP","floor":45.0},{"not_picked":["Flechettes"],"picked":"Well Laid Plans","floor":47.0},{"not_picked":["Well Laid Plans+1"],"picked":"Catalyst","floor":48.0}],"player_experience":1230808,"relics_obtained":[{"floor":6.0,"key":"Du-Vu Doll"},{"floor":8.0,"key":"CeramicFish"},{"floor":9.0,"key":"Paper Crane"},{"floor":13.0,"key":"Letter Opener"},{"floor":23.0,"key":"War Paint"},{"floor":25.0,"key":"Bottled Flame"},{"floor":26.0,"key":"Bag of Preparation"},{"floor":27.0,"key":"WingedGreaves"},{"floor":28.0,"key":"Question Card"},{"floor":29.0,"key":"Bird Faced Urn"},{"floor":29.0,"key":"Mummified Hand"},{"floor":30.0,"key":"Matryoshka"},{"floor":31.0,"key":"Whetstone"},{"floor":31.0,"key":"Sundial"},{"floor":39.0,"key":"Tingsha"},{"floor":40.0,"key":"Potion Belt"},{"floor":41.0,"key":"Oddly Smooth Stone"},{"floor":42.0,"key":"Nunchaku"},{"floor":43.0,"key":"The Courier"},{"floor":44.0,"key":"Boot"}],"event_choices":[{"damage_healed":0.0,"max_hp_gain":0.0,"max_hp_loss":0.0,"gold_gain":0.0,"event_name":"Lab","player_choice":"Got Potions","floor":2.0,"gold_loss":0.0,"damage_taken":0.0},{"cards_removed":["Strike_G"],"damage_healed":0.0,"max_hp_gain":0.0,"max_hp_loss":0.0,"gold_gain":0.0,"event_name":"The Cleric","player_choice":"Card Removal","floor":5.0,"gold_loss":75.0,"damage_taken":0.0},{"damage_healed":0.0,"max_hp_gain":0.0,"max_hp_loss":16.0,"gold_gain":0.0,"event_name":"Vampires","player_choice":"Became a vampire","floor":19.0,"gold_loss":0.0,"damage_taken":0.0,"cards_obtained":["Bite","Bite","Bite","Bite"]},{"damage_healed":0.0,"max_hp_gain":0.0,"max_hp_loss":0.0,"gold_gain":0.0,"event_name":"Colosseum","player_choice":"Fight","floor":29.0,"gold_loss":0.0,"damage_taken":0.0},{"damage_healed":0.0,"max_hp_gain":0.0,"max_hp_loss":0.0,"gold_gain":0.0,"event_name":"Colosseum","player_choice":"Fought Nobs","floor":29.0,"gold_loss":0.0,"damage_taken":0.0},{"damage_healed":0.0,"max_hp_gain":0.0,"max_hp_loss":0.0,"gold_gain":0.0,"event_name":"Tomb of Lord Red Mask","player_choice":"Ignored","floor":36.0,"gold_loss":0.0,"damage_taken":0.0},{"damage_healed":0.0,"max_hp_gain":0.0,"max_hp_loss":12.0,"gold_gain":3.0,"event_name":"betterStone:BetterStone","player_choice":"2","floor":37.0,"gold_loss":0.0,"damage_taken":0.0},{"cards_removed":["Bite"],"damage_healed":0.0,"max_hp_gain":0.0,"max_hp_loss":0.0,"gold_gain":0.0,"event_name":"Falling","player_choice":"Removed Attack","floor":38.0,"gold_loss":0.0,"damage_taken":0.0},{"damage_healed":0.0,"max_hp_gain":0.0,"max_hp_loss":0.0,"gold_gain":0.0,"event_name":"Mysterious Sphere","player_choice":"Fight","floor":39.0,"gold_loss":0.0,"damage_taken":0.0}],"is_beta":false,"boss_relics":[{"not_picked":["Coffee Dripper","HoveringKite"],"picked":"Fusion Hammer"},{"not_picked":["Runic Pyramid","WristBlade"],"picked":"Busted Crown"}],"items_purged_floors":[46],"is_endless":false,"potions_floor_spawned":[4,8,11,12,22,25,29,30,35,40,41],"killed_by":"Donu and Deca","ascension_level":20}}