{"host":"eqn7luyqlbzuqhgd","time":1609533788,"event":{"mods":["2.2 Compatiblity","Act Like it!","BaseMod","CapriCore","Friendly Minions","Hermit","Koishi","KomeijiMod","Marisa£¨Ùöéë¡¡Øª×âÞÞ£©","Minty Spire (QoL Compilation)","Reimu£¨ÚÏ???£©","StSLib","The Cursed","The Dragon Tamer","The Gatherer","The Immortal","The Poker Player"],"gold_per_floor":[109,123,133,133,83,83,109,109,134,152,164,48,62,25,25,122,122,137,62,74,88,102,102,131,148,148,148,160,179,179,190,190,291,291,307,407,307,324,343,343,373,373,373,373,385,420,49,68,68,68],"floor_reached":51,"playtime":3247,"items_purged":["hermit:Purgatory","hermit:Midnight"],"score":804,"play_id":"fb6535a5-b32e-4e58-bc63-dbe77422671b","local_time":"20210102054308","is_ascension_mode":true,"campfire_choices":[{"data":"hermit:Reprieve","floor":6.0,"key":"SMITH"},{"data":"hermit:Snipe","floor":8.0,"key":"SMITH"},{"data":"hermit:CalledShot","floor":15.0,"key":"SMITH"},{"data":"hermit:LoneWolf","floor":23.0,"key":"SMITH"},{"data":"hermit:DeadMansHand","floor":27.0,"key":"SMITH"},{"data":"hermit:Gambit","floor":30.0,"key":"SMITH"},{"data":"hermit:CalledShot","floor":32.0,"key":"SMITH"},{"data":"hermit:Quickdraw","floor":40.0,"key":"SMITH"},{"data":"hermit:Roughhouse","floor":42.0,"key":"SMITH"},{"data":"hermit:BigShot","floor":44.0,"key":"SMITH"},{"data":"hermit:ShadowCloak","floor":49,"key":"SMITH"}],"circlet_count":0,"master_deck":["hermit:Snapshot","hermit:Covet","hermit:Reprieve+1","hermit:Deadeye","hermit:Ricochet","hermit:Snipe+1","hermit:Deadeye","hermit:LoneWolf+1","hermit:BigShot+1","hermit:CalledShot+1","hermit:BigShot","hermit:Gambit+1","hermit:BodyArmor","hermit:Quickdraw+1","hermit:SprayPray","hermit:Roughhouse+1","hermit:Feint+1","hermit:Gestalt","hermit:DeadMansHand+1","hermit:Cheat+1","hermit:Enervate","hermit:CalledShot+1","hermit:Adapt","hermit:Combo+1","hermit:DeadMansHand+1","hermit:ShadowCloak+1"],"relics":["hermit:Momento","ThirstyCross","MealTicket","Centennial Puzzle","Pandora\u0027s Box","hermit:CharredGlove","Tea:ReiMu","Empty Cage","Anchor","Pen Nib","Dream Catcher","Oddly Smooth Stone","DollysMirror"],"acts_visited":["Exordium","TheCity","TheBeyond"],"potions_floor_usage":[48,48],"damage_taken":[{"damage":7.0,"enemies":"Jaw Worm","floor":1.0,"turns":3.0},{"damage":3.0,"enemies":"2 Louse","floor":2.0,"turns":3.0},{"damage":1.0,"enemies":"Cultist","floor":3.0,"turns":4.0},{"damage":26.0,"enemies":"Lagavulin","floor":7.0,"turns":4.0},{"damage":11.0,"enemies":"Gremlin Gang","floor":10.0,"turns":4.0},{"damage":8.0,"enemies":"Blue Slaver","floor":11.0,"turns":2.0},{"damage":18.0,"enemies":"Large Slime","floor":13.0,"turns":2.0},{"damage":39.0,"enemies":"The Guardian","floor":16.0,"turns":6.0},{"damage":0.0,"enemies":"Shell Parasite","floor":18.0,"turns":3.0},{"damage":4.0,"enemies":"3 Byrds","floor":20.0,"turns":4.0},{"damage":14.0,"enemies":"Cultist and Chosen","floor":21.0,"turns":5.0},{"damage":2.0,"enemies":"Snake Plant","floor":22.0,"turns":2.0},{"damage":27.0,"enemies":"Book of Stabbing","floor":24.0,"turns":5.0},{"damage":12.0,"enemies":"Shelled Parasite and Fungi","floor":25.0,"turns":5.0},{"damage":2.0,"enemies":"Centurion and Healer","floor":28.0,"turns":4.0},{"damage":8.0,"enemies":"Snecko","floor":29.0,"turns":6.0},{"damage":2.0,"enemies":"Snake Plant","floor":31.0,"turns":2.0},{"damage":3.0,"enemies":"Champ","floor":33.0,"turns":8.0},{"damage":14.0,"enemies":"3 Shapes","floor":35.0,"turns":2.0},{"damage":0.0,"enemies":"Orb Walker","floor":38.0,"turns":2.0},{"damage":2.0,"enemies":"Maw","floor":39.0,"turns":5.0},{"damage":19.0,"enemies":"Nemesis","floor":41.0,"turns":7.0},{"damage":3.0,"enemies":"Transient","floor":45.0,"turns":5.0},{"damage":9.0,"enemies":"Giant Head","floor":46.0,"turns":5.0},{"damage":22,"enemies":"4 Shapes","floor":48,"turns":5},{"damage":29,"enemies":"Awakened One","floor":50,"turns":7}],"seed_played":"145524013814620958","potions_obtained":[{"floor":7.0,"key":"Weak Potion"},{"floor":10.0,"key":"Energy Potion"},{"floor":11.0,"key":"hermit:BlackBile"},{"floor":13.0,"key":"GamblersBrew"},{"floor":22.0,"key":"LiquidBronze"},{"floor":24.0,"key":"hermit:Tonic"},{"floor":25.0,"key":"hermit:BlackBile"},{"floor":29.0,"key":"EssenceOfSteel"},{"floor":33.0,"key":"LiquidMemories"},{"floor":39.0,"key":"SkillPotion"},{"floor":41.0,"key":"Explosive Potion"}],"is_trial":false,"path_per_floor":["M","M","M","?","?","R","E","R","T","M","M","$","M","$","R","B",null,"M","$","M","M","M","R","E","M","T","R","M","M","R","M","R","B",null,"M","?","$","M","M","R","E","R","T","R","M","E","$","M","R","B",null],"character_chosen":"HERMIT","items_purchased":["hermit:BigShot","hermit:CalledShot","hermit:BigShot","Oddly Smooth Stone","DollysMirror","hermit:ShadowCloak"],"campfire_rested":0,"item_purchase_floors":[12,12,14,47,47,47],"current_hp_per_floor":[68,69,72,72,72,72,49,49,49,38,34,49,35,50,50,15,75,75,75,71,57,55,55,32,24,24,24,26,22,22,24,24,25,75,65,65,75,75,74,74,56,56,56,56,53,56,71,53,53,28],"gold":68,"neow_bonus":"ONE_RANDOM_RARE_CARD","is_daily":false,"chose_seed":false,"campfire_upgraded":11,"win_rate":0.0,"timestamp":1609533788,"path_taken":["M","M","M","?","?","R","E","R","T","?","M","$","M","$","R","BOSS","M","$","M","M","M","R","E","M","T","R","M","M","R","M","R","BOSS","M","?","$","?","M","R","E","R","T","R","M","E","$","?","R","BOSS"],"items_purchased_type":["Card","Card","Card","Relic","Relic","Card"],"build_version":"2020-12-22","purchased_purges":2,"victory":true,"max_hp_per_floor":[75,75,75,75,75,75,75,75,75,75,75,75,75,75,75,75,75,75,75,75,75,75,75,75,75,75,75,75,75,75,75,75,75,75,75,75,75,75,75,75,75,75,75,75,75,75,75,75,75,75],"card_choices":[{"not_picked":["hermit:Ricochet","hermit:Misfire"],"picked":"hermit:Deadeye","floor":1.0},{"not_picked":["hermit:Roulette","hermit:Feint"],"picked":"hermit:Ricochet","floor":2.0},{"not_picked":["hermit:Virtue","hermit:Dive","hermit:LuckOfTheDraw"],"picked":"SKIP","floor":3.0},{"not_picked":["hermit:TakeAim","hermit:OverwhelmingPower"],"picked":"hermit:Snipe","floor":7.0},{"not_picked":["hermit:NoHoldsBarred","hermit:TrackingShot"],"picked":"hermit:Deadeye","floor":10.0},{"not_picked":["hermit:ItchyTrigger","hermit:WideOpen"],"picked":"hermit:LoneWolf","floor":11.0},{"not_picked":["hermit:Misfire","hermit:TrackingShot"],"picked":"hermit:Midnight","floor":13.0},{"not_picked":["hermit:HighNoon","hermit:BlackWind"],"picked":"hermit:Gambit","floor":16.0},{"not_picked":["hermit:Quickdraw+1","hermit:SprayPray"],"picked":"hermit:Feint+1","floor":18.0},{"not_picked":["hermit:Manifest","hermit:BigShot"],"picked":"hermit:Gestalt","floor":20.0},{"not_picked":["hermit:Midnight","hermit:Feint","hermit:Deadeye"],"picked":"SKIP","floor":21.0},{"not_picked":["hermit:Glare+1","hermit:Snipe+1"],"picked":"hermit:DeadMansHand","floor":22.0},{"not_picked":["hermit:Gestalt","hermit:CursedWeapon","hermit:Brawl+1"],"picked":"SKIP","floor":24.0},{"not_picked":["hermit:Coalescence","hermit:Spite"],"picked":"hermit:Cheat+1","floor":25.0},{"not_picked":["hermit:BlackWind","hermit:GoldenBullet"],"picked":"hermit:Enervate","floor":28.0},{"not_picked":["hermit:Glare","hermit:HoleUp","hermit:Snipe"],"picked":"SKIP","floor":29.0},{"not_picked":["hermit:Quickdraw+1","hermit:TrackingShot"],"picked":"hermit:CalledShot","floor":31.0},{"not_picked":["hermit:BlackWind","hermit:Dissolve"],"picked":"hermit:Adapt","floor":33.0},{"not_picked":["hermit:Desperado","hermit:Headshot+1"],"picked":"hermit:Combo+1","floor":35.0},{"not_picked":["hermit:Glare","hermit:TrackingShot","hermit:Ricochet+1"],"picked":"SKIP","floor":38.0},{"not_picked":["hermit:GoldenBullet+1","hermit:GhostlyPresence","hermit:Shortfuse"],"picked":"SKIP","floor":39.0},{"not_picked":["hermit:ItchyTrigger+1","hermit:Purgatory","hermit:HighNoon"],"picked":"SKIP","floor":41.0},{"not_picked":["hermit:SprayPray","hermit:Dive","hermit:LowProfile"],"picked":"SKIP","floor":45.0},{"not_picked":["hermit:TrackingShot+1","hermit:SprayPray+1","hermit:Snipe"],"picked":"SKIP","floor":46.0},{"not_picked":["hermit:Maintenance","hermit:BodyArmor","hermit:Grudge+1"],"picked":"SKIP","floor":48}],"player_experience":782504,"relics_obtained":[{"floor":7.0,"key":"MealTicket"},{"floor":9.0,"key":"Centennial Puzzle"},{"floor":24.0,"key":"hermit:CharredGlove"},{"floor":26.0,"key":"Tea:ReiMu"},{"floor":41.0,"key":"Anchor"},{"floor":43.0,"key":"Pen Nib"},{"floor":46.0,"key":"Dream Catcher"}],"event_choices":[{"cards_removed":["hermit:Defend_Hermit"],"damage_healed":0.0,"max_hp_gain":0.0,"max_hp_loss":0.0,"gold_gain":0.0,"event_name":"The Cleric","player_choice":"Card Removal","floor":5.0,"gold_loss":50.0,"damage_taken":0.0},{"damage_healed":0.0,"max_hp_gain":0.0,"max_hp_loss":0.0,"gold_gain":100.0,"event_name":"Golden Shrine","player_choice":"Pray","floor":36.0,"gold_loss":0.0,"damage_taken":0.0}],"is_beta":false,"boss_relics":[{"not_picked":["Sozu","hermit:DentedPlate"],"picked":"Pandora\u0027s Box"},{"not_picked":["Philosopher\u0027s Stone","SlaversCollar"],"picked":"Empty Cage"}],"items_purged_floors":[19,37],"is_endless":false,"potions_floor_spawned":[7,10,11,13,22,24,25,29,33,39,41],"ascension_level":2}}