{"host":"g01l53quoe6lrer0","time":1609532219,"event":{"mods":["2.2 Compatiblity","BaseMod","Colored Map","Highlight Path","Keyboard Shortcuts","Minty Spire (QoL Compilation)","Permanent Neow","Quick Restart","StSLib","everything is the same but u backflip on backflip"],"gold_per_floor":[364,380,380,106,123,123,154,165,188,88,88,127,127,140,140,140,140],"floor_reached":16,"playtime":573,"items_purged":["Strike_R","Strike_R"],"score":121,"play_id":"17a619c5-8833-4b54-b2db-83324a3bc2f0","local_time":"20210102051659","is_ascension_mode":true,"campfire_choices":[{"data":"Dark Embrace","floor":6,"key":"SMITH"},{"data":"Barricade","floor":13,"key":"SMITH"},{"data":"Iron Wave","floor":15,"key":"SMITH"}],"circlet_count":0,"master_deck":["Strike_R","Strike_R","Strike_R","Defend_R","Defend_R","Defend_R","Defend_R","Bash","Dark Embrace+1","Shrug It Off","Exhume","Flash of Steel","Evolve","Immolate","Havoc","Battle Trance","Barricade+1","Iron Wave+1","True Grit"],"relics":["Burning Blood","Omamori","Anchor","Golden Idol","Blood Vial"],"acts_visited":["Exordium"],"potions_floor_usage":[12,16,16],"damage_taken":[{"damage":0.0,"enemies":"Small Slimes","floor":1.0,"turns":5.0},{"damage":6.0,"enemies":"Cultist","floor":2.0,"turns":3.0},{"damage":0,"enemies":"2 Louse","floor":5,"turns":1},{"damage":28,"enemies":"Gremlin Nob","floor":7,"turns":5},{"damage":0,"enemies":"2 Fungi Beasts","floor":8,"turns":2},{"damage":13,"enemies":"3 Sentries","floor":12,"turns":4},{"damage":0,"enemies":"3 Louse","floor":14,"turns":2},{"damage":31,"enemies":"The Guardian","floor":16,"turns":13}],"seed_played":"-2236135938040221567","potions_obtained":[{"floor":2.0,"key":"Block Potion"},{"floor":5,"key":"Explosive Potion"},{"floor":14,"key":"Block Potion"}],"is_trial":false,"path_per_floor":["M","M","?","$","M","R","E","M","T","$","?","E","R","M","R","B"],"character_chosen":"IRONCLAD","items_purchased":["Evolve","Immolate"],"campfire_rested":0,"item_purchase_floors":[4,4],"current_hp_per_floor":[72,72,72,72,72,72,50,56,56,56,38,31,31,39,39,10,10],"gold":140,"neow_bonus":"TWO_FIFTY_GOLD","is_daily":false,"chose_seed":false,"campfire_upgraded":3,"win_rate":0.0,"timestamp":1609532219,"path_taken":["M","M","?","$","M","R","E","?","T","?","?","E","R","M","R","BOSS"],"items_purchased_type":["Card","Card"],"build_version":"2020-12-22","purchased_purges":2,"victory":false,"max_hp_per_floor":[72,72,72,72,72,72,72,72,72,72,72,72,72,72,72,72,72],"card_choices":[{"not_picked":["Anger","Warcry"],"picked":"Dark Embrace","floor":1.0},{"not_picked":["Dark Embrace","Heavy Blade"],"picked":"Shrug It Off","floor":2.0},{"not_picked":["Anger","Whirlwind"],"picked":"Havoc","floor":5},{"not_picked":["Evolve","Clash"],"picked":"Battle Trance","floor":7},{"not_picked":["Flame Barrier","Infernal Blade"],"picked":"Barricade","floor":8},{"not_picked":["Anger","Limit Break"],"picked":"Iron Wave","floor":12},{"not_picked":["Clothesline","Searing Blow"],"picked":"True Grit","floor":14}],"player_experience":3529,"relics_obtained":[{"floor":7,"key":"Omamori"},{"floor":9,"key":"Anchor"},{"floor":12,"key":"Blood Vial"}],"event_choices":[{"damage_healed":0,"gold_gain":0,"player_choice":"2 cards matched","damage_taken":0,"max_hp_gain":0,"max_hp_loss":0,"event_name":"Match and Keep!","floor":3,"gold_loss":0,"cards_obtained":["Exhume","Flash of Steel"]},{"damage_healed":0,"gold_gain":0,"player_choice":"Take Damage","damage_taken":18,"relics_obtained":["Golden Idol"],"max_hp_gain":0,"max_hp_loss":0,"event_name":"Golden Idol","floor":11,"gold_loss":0}],"is_beta":false,"boss_relics":[],"items_purged_floors":[4,10],"is_endless":false,"potions_floor_spawned":[2,5,14],"killed_by":"The Guardian","ascension_level":2}}