{"host":"gzsdmyo07u314vug","time":1609483540,"event":{"mods":["2.2 Compatiblity","BaseMod","Downfall","GifTheSpireLib","Minty Spire (QoL Compilation)","Quick Restart","Rare Cards Sparkle","Relic Stats","Replay The Spire","Shop Mod","StSLib","The Bug Knight","The Construct","The Elementalist","The Servant 0.9.4","Unceasing Turn Reminder","everything is the same but u backflip on backflip","slay the spire mod where everything is the same but ironclad has a cowboy hat","vexMod"],"gold_per_floor":[113,125,142,142,160,160,179,179,250,250,250],"floor_reached":10,"playtime":526,"items_purged":[],"score":120,"play_id":"c002af93-37e0-4186-997f-58830fb8b1dd","local_time":"20210101034540","is_ascension_mode":true,"campfire_choices":[{"floor":6,"key":"REST"},{"data":"Riddle With Holes","floor":8,"key":"SMITH"}],"circlet_count":0,"master_deck":["AscendersBane","Strike_G","Strike_G","Strike_G","Strike_G","Strike_G","Defend_G","Defend_G","Defend_G","Defend_G","Defend_G","Survivor","Neutralize","Riddle With Holes+1","Prepared","Underhanded Strike","A Thousand Cuts","Footwork"],"relics":["Ring of the Snake","Incense Burner","Blue Candle"],"acts_visited":["Exordium"],"potions_floor_usage":[5],"damage_taken":[{"damage":7,"enemies":"Small Slimes","floor":1,"turns":4},{"damage":19,"enemies":"Jaw Worm","floor":2,"turns":6},{"damage":1,"enemies":"Cultist","floor":3,"turns":3},{"damage":10,"enemies":"Gremlin Gang","floor":5,"turns":6},{"damage":11,"enemies":"2 Fungi Beasts","floor":7,"turns":3},{"damage":22,"enemies":"Lagavulin","floor":10,"turns":7}],"seed_played":"7969199966255891827","potions_obtained":[{"floor":3,"key":"Slimebound:ThreeZeroPotion"}],"is_trial":false,"path_per_floor":["M","M","M","?","M","R","M","R","T","E"],"character_chosen":"THE_SILENT","items_purchased":[],"campfire_rested":1,"item_purchase_floors":[],"current_hp_per_floor":[37,18,17,17,7,26,15,15,15,0,0],"gold":250,"neow_bonus":"ONE_RARE_RELIC","is_daily":false,"chose_seed":false,"campfire_upgraded":1,"win_rate":0.0,"timestamp":1609483540,"path_taken":["M","M","M","?","M","R","M","R","T","E"],"items_purchased_type":[],"build_version":"2020-12-22","purchased_purges":0,"victory":false,"max_hp_per_floor":[66,66,66,66,66,66,66,66,66,66,66],"relic_stats":{"counters":[6,29],"Blue Candle":[0],"obtain_stats":[{"Blue Candle":9,"Incense Burner":0,"Ring of the Snake":0},{"Blue Candle":5,"Incense Burner":0,"Ring of the Snake":0},{"Blue Candle":22,"Incense Burner":0,"Ring of the Snake":0}],"Ring of the Snake":[12]},"card_choices":[{"not_picked":["Underhanded Strike","Replay:Poison Smokescreen"],"picked":"Riddle With Holes","floor":1},{"not_picked":["Heel Hook","Catalyst"],"picked":"Prepared","floor":2},{"not_picked":["Backflip","Dash"],"picked":"Underhanded Strike","floor":3},{"not_picked":["Outmaneuver","Deadly Poison"],"picked":"A Thousand Cuts","floor":5},{"not_picked":["Poisoned Stab","Slice"],"picked":"Footwork","floor":7}],"player_experience":626232,"relics_obtained":[{"floor":9,"key":"Blue Candle"}],"event_choices":[],"is_beta":false,"boss_relics":[],"items_purged_floors":[],"is_endless":false,"potions_floor_spawned":[3],"killed_by":"Lagavulin","ascension_level":20}}