{"host":"uc0x0d8zaap3n3zi","time":1609509609,"event":{"mods":["2.2 Compatiblity","AchievementEnabler","Act Like it!","Alarm Clock","BaseMod","Colored Powertips","Downfall","Minty Spire (QoL Compilation)","Pale of the Ancients","Rare Cards Sparkle","Relic Stats","StSLib","The Cursed","The Marked","The Servant 0.9.4","slay the spire mod where everything is the same but ironclad has a cowboy hat"],"gold_per_floor":[215,215,226,245,4,38,38,58,83,83,83,99,110,127,127,226,276,288,312,211,228,248,248,273,273,299,2,2,2,2,17,17,121,121,138,138,158,58,77,77,95,95,95,95,113,163,176,194,194,194,194,194,194],"floor_reached":52,"playtime":2738,"items_purged":["Strike_R","Strike_R"],"score":716,"play_id":"cee8b080-940a-4589-918d-0c4e797fe16a","local_time":"20210102030009","is_ascension_mode":false,"campfire_choices":[{"data":"Body Slam","floor":7.0,"key":"SMITH"},{"data":"Power Through","floor":10.0,"key":"SMITH"},{"floor":15.0,"key":"REST"},{"floor":23.0,"key":"REST"},{"data":"Armaments","floor":25.0,"key":"SMITH"},{"data":"Demon Form","floor":32.0,"key":"SMITH"},{"data":"Limit Break","floor":40.0,"key":"SMITH"},{"data":"True Grit","floor":42.0,"key":"SMITH"},{"data":"Demon Form","floor":44.0,"key":"SMITH"},{"floor":49.0,"key":"REST"}],"circlet_count":0,"master_deck":["Strike_R","Strike_R","Strike_R","Defend_R","Defend_R+1","Defend_R","Defend_R","Bash","Flex","Power Through+1","Body Slam+1","Demon Form+1","True Grit+1","Flex","Demon Form+1","Sword Boomerang","Iron Wave","Armaments+1","Cleave","Feed","Shrug It Off","Limit Break+1","True Grit+1","Shrug It Off+1","Parasite","Sword Boomerang","Heavy Blade"],"relics":["Burning Blood","Mummified Hand","Regal Pillow","Blood Vial","Tiny House","Bag of Preparation","Centennial Puzzle","Pantograph","HornCleat","FaceOfCleric","SacredBark","Ornamental Fan","Thread and Needle","paleoftheancients:Timepiece","paleoftheancients:KeyRelic","Sozu","Mercury Hourglass"],"acts_visited":["Exordium","TheCity","TheBeyond","paleoftheancients:PaleOfTheAncients"],"potions_floor_usage":[50],"damage_taken":[{"damage":6.0,"enemies":"Small Slimes","floor":1.0,"turns":4.0},{"damage":2.0,"enemies":"2 Louse","floor":3.0,"turns":3.0},{"damage":6.0,"enemies":"Cultist","floor":4.0,"turns":3.0},{"damage":32.0,"enemies":"Gremlin Nob","floor":6.0,"turns":4.0},{"damage":15.0,"enemies":"Exordium Thugs","floor":8.0,"turns":5.0},{"damage":16.0,"enemies":"Red Slaver","floor":12.0,"turns":4.0},{"damage":8.0,"enemies":"Lots of Slimes","floor":13.0,"turns":5.0},{"damage":17.0,"enemies":"Blue Slaver","floor":14.0,"turns":5.0},{"damage":41.0,"enemies":"Hexaghost","floor":16.0,"turns":9.0},{"damage":8.0,"enemies":"Shell Parasite","floor":18.0,"turns":6.0},{"damage":45.0,"enemies":"3 Byrds","floor":21.0,"turns":10.0},{"damage":16.0,"enemies":"3 Cultists","floor":22.0,"turns":6.0},{"damage":32.0,"enemies":"Slavers","floor":24.0,"turns":6.0},{"damage":13.0,"enemies":"Cultist and Chosen","floor":31.0,"turns":6.0},{"damage":45.0,"enemies":"Champ","floor":33.0,"turns":10.0},{"damage":30.0,"enemies":"Orb Walker","floor":35.0,"turns":6.0},{"damage":8.0,"enemies":"3 Shapes","floor":37.0,"turns":7.0},{"damage":35.0,"enemies":"Maw","floor":39.0,"turns":9.0},{"damage":25.0,"enemies":"Writhing Mass","floor":41.0,"turns":12.0},{"damage":26.0,"enemies":"4 Shapes","floor":45.0,"turns":16.0},{"damage":27.0,"enemies":"Mind Bloom Boss Battle","floor":46.0,"turns":16.0},{"damage":35.0,"enemies":"Sphere and 2 Shapes","floor":47.0,"turns":8.0},{"damage":10.0,"enemies":"Jaw Worm Horde","floor":48.0,"turns":7.0},{"damage":132,"enemies":"Donu and Deca","floor":50,"turns":11},{"damage":113,"enemies":"Donu and Deca","floor":51,"turns":6},{"damage":132,"enemies":"Donu and Deca","floor":52,"turns":9}],"seed_played":"-4830847339431039773","potions_obtained":[{"floor":4.0,"key":"Ancient Potion"},{"floor":6.0,"key":"Block Potion"},{"floor":13.0,"key":"Fire Potion"},{"floor":14.0,"key":"DuplicationPotion"},{"floor":17.0,"key":"BloodPotion"},{"floor":31.0,"key":"SpeedPotion"},{"floor":33.0,"key":"FearPotion"},{"floor":37.0,"key":"LiquidMemories"},{"floor":46.0,"key":"EssenceOfSteel"}],"is_trial":false,"path_per_floor":["M","?","M","M","$","E","R","M","T","R","?","M","M","M","R","B",null,"M","T","$","M","M","R","E","R","T","$","T","?","?","M","R","B",null,"M","?","M","$","M","R","M","R","T","R","M","?","M","M","R","B","M","M"],"character_chosen":"IRONCLAD","items_purchased":["Mummified Hand","Armaments","Pantograph","Shrug It Off"],"campfire_rested":3,"item_purchase_floors":[5,20,27,27],"current_hp_per_floor":[80,80,80,80,80,54,54,45,45,45,45,37,37,28,67,34,85,83,83,83,46,38,78,54,54,54,54,54,54,54,54,54,43,91,68,92,94,94,68,68,52,52,52,52,38,45,22,21,68,109,110,0,0],"gold":194,"neow_bonus":"HUNDRED_GOLD","is_daily":false,"chose_seed":false,"campfire_upgraded":7,"win_rate":0.0,"timestamp":1609509609,"path_taken":["M","?","M","M","$","E","R","M","T","R","?","M","M","M","R","BOSS","M","?","?","M","?","R","E","R","T","$","?","?","?","M","R","BOSS","M","?","M","$","M","R","?","R","T","R","M","?","M","M","R","BOSS","M","M"],"items_purchased_type":["Relic","Card","Relic","Card"],"build_version":"2020-12-22","purchased_purges":2,"victory":false,"max_hp_per_floor":[80,80,80,80,80,80,80,80,80,80,80,80,80,80,80,80,85,85,85,85,85,85,85,85,85,85,85,85,85,85,90,90,91,91,92,92,96,96,97,97,98,98,98,98,102,103,107,108,108,109,110,110,110],"relic_stats":{"Regal Pillow":45,"counters":[26,193],"Bag of Preparation":[30],"Burning Blood":140,"Mercury Hourglass":[108],"Blood Vial":32,"Sozu":0,"Centennial Puzzle":[39],"FaceOfCleric":12,"Mummified Hand":[22],"Ornamental Fan":[20],"Pantograph":75,"obtain_stats":[{"Regal Pillow":6,"paleoftheancients:KeyRelic":50,"Tiny House":17,"SacredBark":34,"Thread and Needle":46,"Bag of Preparation":24,"Burning Blood":0,"Mercury Hourglass":50,"Blood Vial":9,"paleoftheancients:Timepiece":50,"Sozu":50,"Centennial Puzzle":26,"HornCleat":28,"FaceOfCleric":30,"Mummified Hand":5,"Ornamental Fan":43,"Pantograph":27},{"Regal Pillow":4,"paleoftheancients:KeyRelic":24,"Tiny House":9,"SacredBark":15,"Thread and Needle":21,"Bag of Preparation":13,"Burning Blood":0,"Mercury Hourglass":24,"Blood Vial":5,"paleoftheancients:Timepiece":24,"Sozu":24,"Centennial Puzzle":13,"HornCleat":13,"FaceOfCleric":13,"Mummified Hand":3,"Ornamental Fan":19,"Pantograph":13},{"Regal Pillow":14,"paleoftheancients:KeyRelic":178,"Tiny House":42,"SacredBark":86,"Thread and Needle":152,"Bag of Preparation":70,"Burning Blood":0,"Mercury Hourglass":178,"Blood Vial":19,"paleoftheancients:Timepiece":178,"Sozu":178,"Centennial Puzzle":70,"HornCleat":70,"FaceOfCleric":70,"Mummified Hand":10,"Ornamental Fan":120,"Pantograph":70}]},"card_choices":[{"not_picked":["Heavy Blade","Sever Soul","True Grit"],"picked":"SKIP","floor":1.0},{"not_picked":["Sword Boomerang","Evolve"],"picked":"Flex","floor":3.0},{"not_picked":["Havoc","Clash"],"picked":"Power Through","floor":4.0},{"not_picked":["Perfected Strike","Anger"],"picked":"Body Slam","floor":6.0},{"not_picked":["Intimidate","Headbutt"],"picked":"Demon Form","floor":8.0},{"not_picked":["Havoc","Sword Boomerang","Shockwave"],"picked":"SKIP","floor":12.0},{"not_picked":["Twin Strike","Fire Breathing"],"picked":"True Grit","floor":13.0},{"not_picked":["Anger","Warcry"],"picked":"Flex","floor":14.0},{"not_picked":["Fiend Fire","Reaper"],"picked":"Demon Form","floor":16.0},{"not_picked":["Heavy Blade","Disarm"],"picked":"Sword Boomerang","floor":17.0},{"not_picked":["Clash","Havoc"],"picked":"Iron Wave","floor":18.0},{"not_picked":["Clash+1","Carnage"],"picked":"Cleave","floor":21.0},{"not_picked":["True Grit","Pummel+1","Inflame+1"],"picked":"SKIP","floor":22.0},{"not_picked":["Battle Trance","Clothesline"],"picked":"Feed","floor":24.0},{"not_picked":["Warcry","Seeing Red","Pommel Strike"],"picked":"SKIP","floor":31.0},{"not_picked":["Immolate","Impervious"],"picked":"Limit Break","floor":33.0},{"not_picked":["Clash+1","Uppercut+1"],"picked":"True Grit+1","floor":35.0},{"not_picked":["Armaments+1","Body Slam+1","Second Wind+1"],"picked":"SKIP","floor":37.0},{"not_picked":["Clothesline","Anger+1"],"picked":"Shrug It Off+1","floor":39.0},{"not_picked":["Body Slam","Uppercut"],"picked":"Sword Boomerang","floor":41.0},{"not_picked":["Heavy Blade","Exhume","Second Wind+1"],"picked":"SKIP","floor":45.0},{"not_picked":["Exhume","Second Wind+1"],"picked":"Heavy Blade","floor":45.0},{"not_picked":["Warcry+1","Inflame+1","Armaments"],"picked":"SKIP","floor":47.0},{"not_picked":["Headbutt","Infernal Blade","Iron Wave"],"picked":"SKIP","floor":48.0}],"player_experience":268376,"relics_obtained":[{"floor":6.0,"key":"Regal Pillow"},{"floor":9.0,"key":"Blood Vial"},{"floor":24.0,"key":"Bag of Preparation"},{"floor":26.0,"key":"Centennial Puzzle"},{"floor":28.0,"key":"HornCleat"},{"floor":43.0,"key":"Ornamental Fan"},{"floor":46.0,"key":"Thread and Needle"}],"event_choices":[{"damage_healed":0.0,"max_hp_gain":0.0,"max_hp_loss":0.0,"gold_gain":0.0,"event_name":"Golden Wing","player_choice":"Ignored","floor":2.0,"gold_loss":0.0,"damage_taken":0.0},{"damage_healed":0.0,"max_hp_gain":0.0,"max_hp_loss":0.0,"gold_gain":0.0,"event_name":"The Woman in Blue","player_choice":"Bought 0 Potions","floor":11.0,"gold_loss":0.0,"damage_taken":0.0},{"damage_healed":0.0,"max_hp_gain":0.0,"max_hp_loss":0.0,"gold_gain":0.0,"event_name":"FaceTrader","player_choice":"Trade","floor":30.0,"gold_loss":0.0,"damage_taken":0.0,"relics_obtained":["FaceOfCleric"]},{"damage_healed":24.0,"max_hp_gain":0.0,"max_hp_loss":0.0,"gold_gain":0.0,"event_name":"Wheel of Change","player_choice":"Full Heal","floor":36.0,"gold_loss":0.0,"damage_taken":0.0},{"damage_healed":0.0,"max_hp_gain":0.0,"max_hp_loss":0.0,"gold_gain":0.0,"event_name":"MindBloom","player_choice":"Fight","floor":46.0,"gold_loss":0.0,"damage_taken":0.0}],"is_beta":false,"boss_relics":[{"not_picked":["Velvet Choker","Cursed Key"],"picked":"Tiny House"},{"not_picked":["Runic Dome","Mark of Pain"],"picked":"SacredBark"}],"items_purged_floors":[20,38],"is_endless":false,"potions_floor_spawned":[4,6,13,14,21,31,33,37,41,46],"killed_by":"Donu and Deca","ascension_level":0}}