{"host":"bc298c4gavna5tx2","time":1609465045,"event":{"mods":["ATMod(°¢èªMod)","Act Like it!","BaseMod","Challenge The Spire","Minty Spire (QoL Compilation)","MostiFishMod","Quick Restart","Spicy Shops","StSLib","¡¾¹¦ÄÜMod¡¿»ìãçÖ®»·ÐÞ¸´²¹¶¡","¡¾ÒÅÎï¿¨ÅÆ¡¿REMEMod"],"gold_per_floor":[112,129,148,148,165,196,208,242,242,242,242,20,20,40,40,143,143,160,173,173,193,208,240,140,140,140,156,156,184,204,54,54,155,155,165,440,440,454,454,480,480,480,480,264,291,291,291,341,341,341,341,341,66,104,104],"floor_reached":56,"playtime":1494,"items_purged":["Defend_R","Defend_R","Pride","Strike_R","Regret","Defend_R","Strike_R","Defend_R","Bash+1"],"score":1964,"play_id":"11c5824b-4373-4317-bb2d-2012342a7f69","local_time":"20210101093725","is_ascension_mode":true,"campfire_choices":[{"data":"Heavy Blade","floor":10,"key":"SMITH"},{"data":"MostiFishMod:DarkDeal","floor":13,"key":"SMITH"},{"data":"Bash","floor":15,"key":"SMITH"},{"floor":25,"key":"RECALL"},{"data":"REME_WheelOfFate","floor":32,"key":"SMITH"},{"data":"Reaper","floor":42,"key":"SMITH"},{"data":"REME_FirmDetermination","floor":46,"key":"SMITH"},{"data":"AT_DrawKnifeCut","floor":49,"key":"SMITH"},{"data":"Spot Weakness","floor":52,"key":"SMITH"}],"circlet_count":0,"master_deck":["Strike_R","AT_FamilyPortrait+1","MostiFishMod:DarkDeal+1","Heavy Blade+1","Spot Weakness+1","AT_FamilyPortrait+1","MostiFishMod:PerfectStrikeMKII+1","Shrug It Off","Rage+1","MostiFishMod:ButterFly+1","AT_DrawKnifeCut+1","REME_WheelOfFate+1","Reaper+1","REME_FirmDetermination+1","Mayhem+1","MostiFishMod:CullingBlade+1"],"relics":["Burning Blood","REME_ComplimentaryCards","AT_ATBox","DaveBox","Civilization","SynthV:TestCard","Torii","AT_BellowingDragoncrestRing","DollysMirror","Brimstone","DiscerningMonocle","OriginationStaff","AT_EbonyIvory","Bag of Marbles","SynthV","AT_DeathDance","SynthV:C4","AT_SunfireAegis","CultistMask","Self Forming Clay","Bird Faced Urn","Technique","Happy Flower","Du-Vu Doll","AT_TimeSand","Frozen Eye","GuanYuAspect","Peace Pipe","CaptainsWheel","MetatronsCube","Toolbox","Bronze Scales","AT_BellDemon","PreservedInsect","Juzu Bracelet","Oddly Smooth Stone","Orichalcum","HornCleat","CeramicFish","SentryEyes","BrkXgEgg","Regal Pillow","TungstenRod","Eternal Feather","Paper Frog","FossilizedHelix","Bag of Preparation","AT_RedTearstoneRing","Mummified Hand","HandDrill","BirthdayGift-Tetrahedron","REME_LimitBreaker","AT_ForceNature","ThornShield"],"acts_visited":["Exordium","TheCity","TheBeyond","TheEnding"],"potions_floor_usage":[8,18,22,23,38],"damage_taken":[{"damage":12.0,"enemies":"Jaw Worm","floor":1.0,"turns":2.0},{"damage":0.0,"enemies":"Small Slimes","floor":2.0,"turns":2.0},{"damage":0.0,"enemies":"2 Louse","floor":3.0,"turns":2.0},{"damage":11.0,"enemies":"Lots of Slimes","floor":5.0,"turns":1.0},{"damage":0.0,"enemies":"Gremlin Nob","floor":6.0,"turns":2.0},{"damage":5.0,"enemies":"Looter","floor":7.0,"turns":1.0},{"damage":5,"enemies":"Lagavulin","floor":8,"turns":2},{"damage":6,"enemies":"Gremlin Gang","floor":14,"turns":2},{"damage":5,"enemies":"Hexaghost","floor":16,"turns":2},{"damage":12,"enemies":"2 Thieves","floor":18,"turns":2},{"damage":0,"enemies":"Spheric Guardian","floor":19,"turns":1},{"damage":12,"enemies":"Shelled Parasite and Fungi","floor":21,"turns":2},{"damage":0,"enemies":"Cultist and Chosen","floor":22,"turns":2},{"damage":28,"enemies":"Slavers","floor":23,"turns":3},{"damage":0,"enemies":"3 Cultists","floor":27,"turns":1},{"damage":0,"enemies":"REME_1_Revenger","floor":29,"turns":1},{"damage":5,"enemies":"Sentry and Sphere","floor":30,"turns":2},{"damage":0,"enemies":"Champ","floor":33,"turns":3},{"damage":8,"enemies":"3 Shapes","floor":35,"turns":1},{"damage":7,"enemies":"3 Darklings","floor":38,"turns":2},{"damage":0,"enemies":"Reptomancer","floor":40,"turns":1},{"damage":0,"enemies":"Giant Head","floor":45,"turns":1},{"damage":0,"enemies":"Mind Bloom Boss Battle","floor":48,"turns":1},{"damage":0,"enemies":"Donu and Deca","floor":50,"turns":3},{"damage":0,"enemies":"Shield and Spear","floor":54,"turns":1},{"damage":0,"enemies":"The Heart","floor":55,"turns":3}],"seed_played":"-8201124697388183160","potions_obtained":[{"floor":0.0,"key":"CultistPotion"},{"floor":0.0,"key":"DistilledChaos"},{"floor":0.0,"key":"Explosive Potion"},{"floor":6.0,"key":"Swift Potion"},{"floor":14,"key":"Explosive Potion"},{"floor":16,"key":"Block Potion"},{"floor":18,"key":"DistilledChaos"},{"floor":22,"key":"Dexterity Potion"},{"floor":30,"key":"Explosive Potion"},{"floor":48,"key":"BloodPotion"}],"is_trial":false,"path_per_floor":["M","M","M","?","M","E","M","E","T","R","?","$","R","M","R","B",null,"M","M","?","M","M","E","$","R","T","M","?","E","M","$","R","B",null,"M","?","$","M","?","E","?","R","T","$","E","R","?","?","R","B",null,"R","$","E","B",null],"character_chosen":"IRONCLAD","items_purchased":["DollysMirror","Brimstone","AT_EbonyIvory","Bag of Marbles","SynthV","AT_DeathDance","SynthV:C4","MostiFishMod:ButterFly","Bird Faced Urn","Technique","Happy Flower","Du-Vu Doll","AT_TimeSand","Frozen Eye","REME_WheelOfFate","Peace Pipe","CaptainsWheel","MetatronsCube","Toolbox","Bronze Scales","AT_BellDemon","CeramicFish","SentryEyes","BrkXgEgg","Regal Pillow","TungstenRod","Mayhem+1","AT_RedTearstoneRing","Mummified Hand","HandDrill","BirthdayGift-Tetrahedron","REME_LimitBreaker"],"campfire_rested":0,"item_purchase_floors":[12,12,24,24,24,24,24,24,31,31,31,31,31,31,31,37,37,37,37,37,37,44,44,44,44,44,44,53,53,53,53,53],"current_hp_per_floor":[75,84,89,94,99,115,127,140,140,140,140,140,140,157,157,175,175,189,216,216,233,264,270,270,270,270,307,307,345,380,380,380,424,212,229,229,229,252,252,282,282,282,282,282,313,318,318,348,353,426,489,489,489,516,569],"gold":104,"neow_bonus":"THREE_SMALL_POTIONS","is_daily":false,"chose_seed":false,"campfire_upgraded":8,"win_rate":0.0,"timestamp":1609465045,"path_taken":["M","M","M","?","M","E","M","E","T","R","?","$","R","?","R","BOSS","M","M","?","M","M","E","$","R","T","?","?","E","?","$","R","BOSS","M","?","?","M","?","E","?","R","T","$","E","R","?","?","R","BOSS","R","$","E","BOSS"],"items_purchased_type":["Relic","Relic","Relic","Relic","Relic","Relic","Relic","Card","Relic","Relic","Relic","Relic","Relic","Relic","Card","Relic","Relic","Relic","Relic","Relic","Relic","Relic","Relic","Relic","Relic","Relic","Card","Relic","Relic","Relic","Relic","Relic"],"build_version":"2020-12-22","purchased_purges":9,"victory":true,"max_hp_per_floor":[81,84,89,94,104,115,127,140,140,140,140,140,140,157,157,175,175,195,216,216,239,264,292,292,292,292,323,323,355,389,389,389,424,212,250,250,250,294,294,341,341,341,341,341,389,389,389,438,438,489,489,489,489,542,596],"card_choices":[{"not_picked":["Anger","AT_BodySlamDance","Wild Strike"],"picked":"SKIP","floor":1.0},{"not_picked":["REME_SingleHolding","Entrench","Flex","Body Slam","AT_DiedThrough"],"picked":"SKIP","floor":2.0},{"not_picked":["MostiFishMod:BrandingRite","REME_Scribble","Sword Boomerang","Cleave","AT_BodySlamDance"],"picked":"SKIP","floor":3.0},{"not_picked":["Entrench","Pommel Strike","Perfected Strike","Sword Boomerang"],"picked":"Heavy Blade","floor":5.0},{"not_picked":["Inflame","Havoc","Feel No Pain","Metallicize","Dual Wield"],"picked":"SKIP","floor":6.0},{"not_picked":["Twin Strike","Corruption","AT_BodySlamDance","Flex","Headbutt"],"picked":"SKIP","floor":7.0},{"not_picked":["Twin Strike","Heavy Blade","Ghostly Armor","Clothesline"],"picked":"Spot Weakness","floor":8},{"not_picked":["REME_Cut","Bloodletting","Sword Boomerang","REME_SingleHolding","Body Slam"],"picked":"SKIP","floor":14},{"not_picked":["Double Tap","Demon Form","MostiFishMod:Mania","MostiFishMod:OrdinaryWorld"],"picked":"MostiFishMod:PerfectStrikeMKII","floor":16},{"not_picked":["Sever Soul","Shrug It Off+1","AT_BodySlamDance+1","Inflame","Pommel Strike"],"picked":"SKIP","floor":18},{"not_picked":["Cleave","Sword Boomerang","Wild Strike+1","Flex","Armaments"],"picked":"SKIP","floor":19},{"not_picked":["Flex+1","Sever Soul","Exhume","AT_ShrugMaster"],"picked":"Rage+1","floor":21},{"not_picked":["Twin Strike","Armaments+1","Thunderclap","AT_BodySlamDance","Disarm"],"picked":"SKIP","floor":22},{"not_picked":["Anger","Cleave","AT_ManFootWork","Bludgeon","Havoc"],"picked":"SKIP","floor":23},{"not_picked":["Reckless Charge+1","Headbutt+1","Shrug It Off","Heavy Blade+1","Sentinel"],"picked":"SKIP","floor":27},{"not_picked":["Battle Trance+1","Twin Strike","Disarm","Dark Embrace"],"picked":"AT_DrawKnifeCut","floor":29},{"not_picked":["Armaments+1","Clothesline","Disarm","Cleave","Sword Boomerang"],"picked":"SKIP","floor":30},{"not_picked":["Corruption","Impervious","MostiFishMod:Mania","Fiend Fire"],"picked":"Reaper","floor":33},{"not_picked":["AT_ShrugMaster","Iron Wave","Heavy Blade","True Grit+1","Warcry+1"],"picked":"SKIP","floor":35},{"not_picked":["Headbutt+1","True Grit+1","Perfected Strike","Cleave","Twin Strike"],"picked":"SKIP","floor":38},{"not_picked":["REME_TwoStrings","MostiFishMod:SupremeArchaeology","PanicButton","Mind Blast"],"picked":"REME_FirmDetermination","floor":39},{"not_picked":["MostiFishMod:BrandingRite+1","Carnage+1","Seeing Red+1","Wild Strike","MostiFishMod:UltimateDefense"],"picked":"SKIP","floor":40},{"not_picked":["Dual Wield","Rupture","Uppercut+1","Entrench+1","Clothesline+1"],"picked":"SKIP","floor":45},{"not_picked":["Dark Embrace","AT_BodySlamDance+1","Pommel Strike+1","Shrug It Off"],"picked":"MostiFishMod:CullingBlade+1","floor":54}],"player_experience":79751,"relics_obtained":[{"floor":1.0,"key":"SynthV:TestCard"},{"floor":6.0,"key":"Torii"},{"floor":8,"key":"AT_BellowingDragoncrestRing"},{"floor":23,"key":"OriginationStaff"},{"floor":26,"key":"AT_SunfireAegis"},{"floor":29,"key":"Self Forming Clay"},{"floor":38,"key":"Juzu Bracelet"},{"floor":40,"key":"Oddly Smooth Stone"},{"floor":40,"key":"Orichalcum"},{"floor":43,"key":"HornCleat"},{"floor":45,"key":"Eternal Feather"},{"floor":45,"key":"Paper Frog"},{"floor":48,"key":"FossilizedHelix"},{"floor":48,"key":"Bag of Preparation"},{"floor":54,"key":"AT_ForceNature"},{"floor":54,"key":"ThornShield"}],"event_choices":[{"damage_healed":0.0,"max_hp_gain":5.0,"max_hp_loss":0.0,"gold_gain":0.0,"event_name":"Big Fish","player_choice":"Donut","floor":4.0,"gold_loss":0.0,"damage_taken":0.0},{"damage_healed":0,"gold_gain":0,"player_choice":"Grow","damage_taken":0,"max_hp_gain":0,"max_hp_loss":0,"event_name":"Living Wall","floor":11,"gold_loss":0,"cards_upgraded":["AT_FamilyPortrait"]},{"damage_healed":0,"gold_gain":0,"cards_transformed":["Strike_R"],"player_choice":"Transformed","damage_taken":0,"max_hp_gain":0,"max_hp_loss":0,"event_name":"Transmorgrifier","floor":20,"gold_loss":0,"cards_obtained":["Shrug It Off"]},{"damage_healed":0,"gold_gain":0,"player_choice":"Trade","damage_taken":0,"relics_obtained":["CultistMask"],"max_hp_gain":0,"max_hp_loss":0,"event_name":"FaceTrader","floor":28,"gold_loss":0},{"damage_healed":0,"gold_gain":275,"player_choice":"Desecrate","damage_taken":0,"max_hp_gain":0,"max_hp_loss":0,"event_name":"Golden Shrine","floor":36,"gold_loss":0,"cards_obtained":["Regret"]},{"damage_healed":0,"gold_gain":0,"player_choice":"Memory 1","damage_taken":0,"max_hp_gain":0,"max_hp_loss":0,"event_name":"SensoryStone","floor":39,"gold_loss":0},{"cards_removed":["Strike_R"],"damage_healed":0,"gold_gain":0,"player_choice":"Removed Attack","damage_taken":0,"max_hp_gain":0,"max_hp_loss":0,"event_name":"Falling","floor":41,"gold_loss":0},{"damage_healed":0,"gold_gain":0,"player_choice":"0 cards matched","damage_taken":0,"max_hp_gain":0,"max_hp_loss":0,"event_name":"Match and Keep!","floor":47,"gold_loss":0,"cards_obtained":[]},{"damage_healed":0,"gold_gain":0,"player_choice":"Fight","damage_taken":0,"max_hp_gain":0,"max_hp_loss":0,"event_name":"MindBloom","floor":48,"gold_loss":0}],"is_beta":false,"boss_relics":[{"not_picked":["REME_ChargedStone","Calling Bell"],"picked":"DiscerningMonocle"},{"not_picked":["TakeMeEscape","SynthV:MejaisSoulstealer"],"picked":"GuanYuAspect"}],"items_purged_floors":[24,24,31,31,37,44,44,53,53],"is_endless":false,"potions_floor_spawned":[1,6,14,16,18,19,22,30,48],"ascension_level":4}}