{"host":"naykp6d9ulahlwib","time":1609532317,"event":{"mods":["BaseMod","Highlight Path","Minty Spire (QoL Compilation)","Relic Filter","StSLib"],"gold_per_floor":[119,44,44,119,19,50,50,84,84,84,100,100,114,145,145,219,219,236,236,236,111,137,137,137,137,137,171,171,188,38,38,38,114,114,134,145,164,144,156,172,172,172,172,172,172,222,241,241,241],"floor_reached":48,"playtime":3184,"items_purged":["Strike_P","Defend_P","Strike_P","Eruption+1"],"score":1074,"play_id":"a90224b0-6ea6-4d56-8be8-e52f3ca0a642","local_time":"20210101141837","is_ascension_mode":true,"campfire_choices":[{"data":"Eruption","floor":7.0,"key":"SMITH"},{"floor":10.0,"key":"REST"},{"data":"Conclude","floor":12.0,"key":"SMITH"},{"data":"WaveOfTheHand","floor":15.0,"key":"SMITH"},{"data":"Alpha","floor":23.0,"key":"SMITH"},{"floor":25.0,"key":"REST"},{"data":"DeceiveReality","floor":28.0,"key":"SMITH"},{"floor":32.0,"key":"RECALL"},{"floor":42.0,"key":"REST"},{"data":"Omniscience","floor":45.0,"key":"SMITH"}],"circlet_count":0,"master_deck":["AscendersBane","Defend_P+1","Defend_P+1","Vigilance","Consecrate","EmptyFist","Conclude+1","DeceiveReality+1","WaveOfTheHand+1","Alpha+1","Omniscience+1","EmptyBody+1","Wireheading","MasterReality","Evaluate+1"],"relics":["PureWater","NeowsBlessing","Prayer Wheel","Matryoshka","Mercury Hourglass","War Paint","Bottled Lightning","Empty Cage","Nilry\u0027s Codex","Orichalcum","Pantograph","Red Mask","Happy Flower","SacredBark","Eternal Feather"],"acts_visited":["Exordium","TheCity","TheBeyond"],"potions_floor_usage":[48],"damage_taken":[{"damage":0.0,"enemies":"Cultist","floor":1.0,"turns":1.0},{"damage":0.0,"enemies":"Gremlin Nob","floor":6.0,"turns":1.0},{"damage":0.0,"enemies":"Lagavulin","floor":8.0,"turns":1.0},{"damage":0.0,"enemies":"2 Louse","floor":11.0,"turns":2.0},{"damage":0.0,"enemies":"Jaw Worm","floor":13.0,"turns":1.0},{"damage":0.0,"enemies":"Gremlin Nob","floor":14.0,"turns":2.0},{"damage":9.0,"enemies":"Slime Boss","floor":16.0,"turns":5.0},{"damage":7.0,"enemies":"Chosen","floor":18.0,"turns":6.0},{"damage":0.0,"enemies":"Masked Bandits","floor":22.0,"turns":1.0},{"damage":9.0,"enemies":"Slavers","floor":27.0,"turns":3.0},{"damage":0.0,"enemies":"Spheric Guardian","floor":29.0,"turns":3.0},{"damage":4.0,"enemies":"Champ","floor":33.0,"turns":13.0},{"damage":6.0,"enemies":"3 Darklings","floor":35.0,"turns":3.0},{"damage":11.0,"enemies":"3 Shapes","floor":36.0,"turns":4.0},{"damage":16.0,"enemies":"Transient","floor":37.0,"turns":6.0},{"damage":3.0,"enemies":"3 Darklings","floor":39.0,"turns":2.0},{"damage":5.0,"enemies":"Jaw Worm Horde","floor":40.0,"turns":2.0},{"damage":28.0,"enemies":"4 Shapes","floor":47.0,"turns":4.0},{"damage":45,"enemies":"Transient","floor":48,"turns":4}],"seed_played":"7287766724675795267","potions_obtained":[{"floor":6.0,"key":"Ambrosia"},{"floor":8.0,"key":"Energy Potion"},{"floor":13.0,"key":"Ambrosia"},{"floor":22.0,"key":"SpeedPotion"},{"floor":31.0,"key":"PowerPotion"},{"floor":39.0,"key":"SteroidPotion"},{"floor":47.0,"key":"SpeedPotion"}],"is_trial":false,"path_per_floor":["M","$","?","?","$","E","R","E","T","R","M","R","M","E","R","B",null,"M","?","T","$","?","R","$","R","T","E","R","M","$","?","R","B",null,"M","M","M","?","M","M","?","R","T","$","R","?","M","M"],"character_chosen":"WATCHER","items_purchased":[],"campfire_rested":3,"item_purchase_floors":[],"current_hp_per_floor":[61,61,54,43,43,43,43,43,43,63,63,63,63,63,63,54,65,58,37,37,37,37,37,37,57,57,48,48,48,48,48,48,64,67,61,50,34,34,31,26,26,46,46,46,52,52,24,0,0],"gold":241,"neow_bonus":"THREE_ENEMY_KILL","is_daily":false,"chose_seed":false,"campfire_upgraded":6,"win_rate":0.0,"timestamp":1609532317,"path_taken":["M","$","?","?","?","E","R","E","T","R","M","R","M","E","R","BOSS","M","?","?","$","?","R","?","R","T","E","R","M","$","?","R","BOSS","M","M","?","?","?","M","?","R","T","$","R","?","?","M"],"items_purchased_type":[],"build_version":"2020-12-22","purchased_purges":4,"victory":false,"max_hp_per_floor":[68,68,68,68,68,68,68,68,68,68,68,68,68,68,68,68,68,68,68,68,68,68,68,68,68,68,68,68,68,68,68,68,68,68,68,68,68,68,68,68,68,68,68,68,68,68,68,68,68],"card_choices":[{"not_picked":["CutThroughFate","Evaluate"],"picked":"Consecrate","floor":1.0},{"not_picked":["FlyingSleeves","Evaluate"],"picked":"EmptyFist","floor":6.0},{"not_picked":["ClearTheMind","JustLucky","Study"],"picked":"SKIP","floor":8.0},{"not_picked":["Judgement","ThirdEye"],"picked":"Conclude","floor":11.0},{"not_picked":["Crescendo","Evaluate","MentalFortress"],"picked":"SKIP","floor":11.0},{"not_picked":["BowlingBash","Indignation"],"picked":"DeceiveReality","floor":13.0},{"not_picked":["FlurryOfBlows","MentalFortress","CutThroughFate"],"picked":"SKIP","floor":13.0},{"not_picked":["Crescendo","CrushJoints"],"picked":"WaveOfTheHand","floor":14.0},{"not_picked":["Omniscience","MasterReality"],"picked":"Alpha","floor":16.0},{"not_picked":["Crescendo","JustLucky","LikeWater"],"picked":"SKIP","floor":18.0},{"not_picked":["FollowUp","WheelKick","FlyingSleeves"],"picked":"SKIP","floor":18.0},{"not_picked":["Conclude","Fasting2","Crescendo"],"picked":"SKIP","floor":27.0},{"not_picked":["ClearTheMind","WaveOfTheHand","Prostrate"],"picked":"SKIP","floor":29.0},{"not_picked":["ClearTheMind","Tantrum","Halt"],"picked":"SKIP","floor":29.0},{"not_picked":["LessonLearned","Brilliance"],"picked":"Omniscience","floor":33.0},{"not_picked":["FlyingSleeves","Wireheading+1"],"picked":"EmptyBody+1","floor":35.0},{"not_picked":["BowlingBash","Consecrate","Omniscience"],"picked":"SKIP","floor":35.0},{"not_picked":["ThirdEye+1","Halt"],"picked":"Wireheading","floor":36.0},{"not_picked":["ClearTheMind+1","ReachHeaven","FearNoEvil"],"picked":"SKIP","floor":36.0},{"not_picked":["Prostrate","WreathOfFlame"],"picked":"MasterReality","floor":37.0},{"not_picked":["PathToVictory","LikeWater","Prostrate+1"],"picked":"SKIP","floor":37.0},{"not_picked":["ForeignInfluence","Wallop","EmptyFist"],"picked":"SKIP","floor":39.0},{"not_picked":["Protect","CutThroughFate","Conclude"],"picked":"SKIP","floor":39.0},{"not_picked":["EmptyFist+1","JustLucky","ClearTheMind"],"picked":"SKIP","floor":40.0},{"not_picked":["EmptyBody","CrushJoints","DevaForm"],"picked":"SKIP","floor":40.0},{"not_picked":["CrushJoints+1","WindmillStrike+1"],"picked":"Evaluate+1","floor":47.0},{"not_picked":["Conclude","Prostrate","BowlingBash"],"picked":"SKIP","floor":47.0}],"player_experience":950542,"relics_obtained":[{"floor":6.0,"key":"Prayer Wheel"},{"floor":8.0,"key":"Matryoshka"},{"floor":9.0,"key":"Mercury Hourglass"},{"floor":9.0,"key":"War Paint"},{"floor":14.0,"key":"Bottled Lightning"},{"floor":19.0,"key":"Nilry\u0027s Codex"},{"floor":20.0,"key":"Orichalcum"},{"floor":20.0,"key":"Pantograph"},{"floor":22.0,"key":"Red Mask"},{"floor":27.0,"key":"Happy Flower"},{"floor":43.0,"key":"Eternal Feather"}],"event_choices":[{"cards_removed":["Strike_P"],"damage_healed":0.0,"max_hp_gain":0.0,"max_hp_loss":0.0,"gold_gain":0.0,"event_name":"Golden Wing","player_choice":"Card Removal","floor":3.0,"gold_loss":0.0,"damage_taken":7.0},{"damage_healed":0.0,"max_hp_gain":0.0,"max_hp_loss":0.0,"gold_gain":75.0,"event_name":"World of Goop","player_choice":"Gather Gold","floor":4.0,"gold_loss":0.0,"damage_taken":11.0},{"damage_healed":0.0,"max_hp_gain":0.0,"max_hp_loss":0.0,"gold_gain":0.0,"event_name":"Cursed Tome","player_choice":"Obtained Book","floor":19.0,"gold_loss":0.0,"damage_taken":21.0},{"damage_healed":0.0,"max_hp_gain":0.0,"max_hp_loss":0.0,"gold_gain":0.0,"event_name":"Masked Bandits","player_choice":"Fought Bandits","floor":22.0,"gold_loss":0.0,"damage_taken":0.0},{"damage_healed":0.0,"max_hp_gain":0.0,"max_hp_loss":0.0,"gold_gain":0.0,"event_name":"Lab","player_choice":"Got Potions","floor":31.0,"gold_loss":0.0,"damage_taken":0.0},{"damage_healed":0.0,"max_hp_gain":0.0,"max_hp_loss":0.0,"gold_gain":0.0,"event_name":"The Woman in Blue","player_choice":"Bought 1 Potion","floor":38.0,"gold_loss":0.0,"damage_taken":0.0},{"damage_healed":0.0,"max_hp_gain":0.0,"max_hp_loss":0.0,"gold_gain":0.0,"event_name":"Mysterious Sphere","player_choice":"Ignored","floor":41.0,"gold_loss":0.0,"damage_taken":0.0},{"damage_healed":0.0,"max_hp_gain":0.0,"max_hp_loss":0.0,"gold_gain":50.0,"event_name":"Golden Shrine","player_choice":"Pray","floor":46.0,"gold_loss":0.0,"damage_taken":0.0}],"is_beta":false,"boss_relics":[{"not_picked":["Sozu","Astrolabe"],"picked":"Empty Cage"},{"not_picked":["Snecko Eye","Runic Pyramid"],"picked":"SacredBark"}],"items_purged_floors":[2,5,21,30],"is_endless":false,"potions_floor_spawned":[6,8,13,14,22,35,39,47],"killed_by":"Transient","ascension_level":20}}