{"host":"t7mx8yfj1no5p62f","time":1609518560,"event":{"mods":["BaseMod","Colored Map","Colored Powertips","Minty Spire (QoL Compilation)","Relic Stats","StSLib"],"gold_per_floor":[19,19,37,48,123,148,148,176,176,207,187,216,35,65,65,65,65],"floor_reached":16,"playtime":575,"items_purged":["Strike_R"],"score":322,"play_id":"bd212487-8eed-44bc-bbff-6fd16b7f9013","local_time":"20210101112920","is_ascension_mode":true,"campfire_choices":[{"data":"Combust","floor":7.0,"key":"SMITH"},{"data":"True Grit","floor":15.0,"key":"SMITH"}],"circlet_count":0,"master_deck":["AscendersBane","Strike_R","Strike_R","Strike_R","Defend_R","Defend_R","Defend_R","Bash","Pummel","Sword Boomerang+1","Thunderclap","Iron Wave","Combust+1","Offering","Armaments","True Grit+1","Impervious","Twin Strike","Shockwave","Evolve"],"relics":["Burning Blood","Gambling Chip","Matryoshka","Eternal Feather","Shuriken","WingedGreaves","Turnip"],"acts_visited":["Exordium"],"potions_floor_usage":[16],"damage_taken":[{"damage":12.0,"enemies":"Jaw Worm","floor":1.0,"turns":4.0},{"damage":1.0,"enemies":"Cultist","floor":3.0,"turns":3.0},{"damage":3.0,"enemies":"2 Louse","floor":4.0,"turns":3.0},{"damage":19.0,"enemies":"3 Sentries","floor":6.0,"turns":5.0},{"damage":0.0,"enemies":"Gremlin Nob","floor":8.0,"turns":1.0},{"damage":23.0,"enemies":"3 Sentries","floor":10.0,"turns":5.0},{"damage":9.0,"enemies":"Gremlin Nob","floor":12.0,"turns":3.0},{"damage":30.0,"enemies":"3 Sentries","floor":14.0,"turns":5.0},{"damage":41,"enemies":"Slime Boss","floor":16,"turns":5}],"seed_played":"5542489531457468301","potions_obtained":[{"floor":4.0,"key":"Regen Potion"},{"floor":6.0,"key":"SteroidPotion"},{"floor":10.0,"key":"GamblersBrew"}],"is_trial":false,"path_per_floor":["M","?","M","M","?","E","R","E","T","E","?","E","$","E","R","B"],"character_chosen":"IRONCLAD","items_purchased":["Twin Strike","Shockwave"],"campfire_rested":0,"item_purchase_floors":[13,13],"current_hp_per_floor":[62,62,67,70,59,46,46,52,52,35,35,32,32,22,34,0,0],"gold":65,"neow_bonus":"TRANSFORM_TWO_CARDS","is_daily":false,"chose_seed":false,"campfire_upgraded":2,"win_rate":0.0,"timestamp":1609518560,"path_taken":["M","?","M","M","?","E","R","E","T","E","?","E","$","E","R","BOSS"],"items_purchased_type":["Card","Card"],"build_version":"2020-12-22","purchased_purges":1,"victory":false,"max_hp_per_floor":[75,75,75,75,75,75,75,75,75,75,75,75,75,75,75,75,75],"relic_stats":{"counters":[9,34],"Shuriken":[6],"Gambling Chip":[19],"Eternal Feather":12,"Turnip":[0],"obtain_stats":[{"Matryoshka":8,"Shuriken":10,"Gambling Chip":6,"Eternal Feather":9,"WingedGreaves":12,"Turnip":14,"Burning Blood":0},{"Matryoshka":5,"Shuriken":6,"Gambling Chip":4,"Eternal Feather":5,"WingedGreaves":7,"Turnip":8,"Burning Blood":0},{"Matryoshka":16,"Shuriken":21,"Gambling Chip":15,"Eternal Feather":16,"WingedGreaves":24,"Turnip":29,"Burning Blood":0}],"Burning Blood":48},"card_choices":[{"not_picked":["Body Slam","Clash"],"picked":"Thunderclap","floor":1.0},{"not_picked":["Sentinel","Havoc"],"picked":"Iron Wave","floor":3.0},{"not_picked":["Armaments","True Grit"],"picked":"Combust","floor":4.0},{"not_picked":["Sword Boomerang","Anger"],"picked":"Offering","floor":6.0},{"not_picked":["Dropkick","Thunderclap"],"picked":"Armaments","floor":8.0},{"not_picked":["Flex","Warcry"],"picked":"True Grit","floor":10.0},{"not_picked":["Wild Strike","True Grit"],"picked":"Impervious","floor":12.0},{"not_picked":["Combust","Burning Pact"],"picked":"Evolve","floor":14.0}],"player_experience":1625353,"relics_obtained":[{"floor":6.0,"key":"Gambling Chip"},{"floor":8.0,"key":"Matryoshka"},{"floor":9.0,"key":"Eternal Feather"},{"floor":10.0,"key":"Shuriken"},{"floor":12.0,"key":"WingedGreaves"},{"floor":14.0,"key":"Turnip"}],"event_choices":[{"damage_healed":0.0,"max_hp_gain":0.0,"max_hp_loss":0.0,"gold_gain":0.0,"event_name":"Living Wall","player_choice":"Grow","floor":2.0,"gold_loss":0.0,"damage_taken":0.0,"cards_upgraded":["Sword Boomerang"]},{"damage_healed":0.0,"max_hp_gain":0.0,"max_hp_loss":0.0,"gold_gain":75.0,"event_name":"World of Goop","player_choice":"Gather Gold","floor":5.0,"gold_loss":0.0,"damage_taken":11.0},{"damage_healed":0.0,"max_hp_gain":0.0,"max_hp_loss":0.0,"gold_gain":0.0,"event_name":"The Woman in Blue","player_choice":"Bought 1 Potion","floor":11.0,"gold_loss":0.0,"damage_taken":0.0}],"is_beta":false,"boss_relics":[],"items_purged_floors":[13],"is_endless":false,"potions_floor_spawned":[4,6,10],"killed_by":"Slime Boss","ascension_level":20}}