{"host":"9whf1n4a9wpiw119","time":1609495925,"event":{"mods":["Aspiration","BaseMod","Beaked The Cultist","Bestiary","Better Altar","Better Note","Better Skull","Better Third Choice","Challenge The Spire","Colored Map","Colored Powertips","Conspire","Emptier Cage","Energized Spire","GifTheSpireLib","Halation","Hermit","Highlight Path","Hubris","Infinite Spire","Minty Spire (QoL Compilation)","Quick Restart","Rare Cards Sparkle","Relic Stats","Replay The Spire","Shop Mod","Spikes Relics","StSLib","Stuff the Spire","SuperFastMode","Synergy Search","The Construct","The Jungle"],"gold_per_floor":[117,117,132,132,132,132,163,163,210,244,254,309,309,321,321,417,417,437,712,727,98,8,8,34,34,34,34,66,66,100,100,100,197,197,214,214,234,234,245,245,245,276,276,304,304,304,329,329,329,329,329,329,329],"floor_reached":52,"playtime":3274,"items_purged":["Regret","Strike_P","Strike_P"],"score":1072,"play_id":"194cea2e-785c-4146-ba01-4d5d22f09f8e","local_time":"20210101131205","is_ascension_mode":true,"campfire_choices":[{"data":"Vigilance","floor":6.0,"key":"SMITH"},{"data":"SpiritShield","floor":8.0,"key":"SMITH"},{"data":"TalkToTheHand","floor":13.0,"key":"SMITH"},{"floor":23.0,"key":"REST"},{"data":"Study","floor":27.0,"key":"SMITH"},{"floor":29.0,"key":"REST"},{"floor":32.0,"key":"REST"},{"floor":43,"key":"REST"},{"data":"Crescendo","floor":46,"key":"SMITH"},{"data":"Defend_P","floor":49,"key":"SMITH"},{"data":"Defend_P","floor":51,"key":"SMITH"}],"circlet_count":0,"master_deck":["Strike_P","Strike_P","Defend_P+1","Defend_P+1","Defend_P","Defend_P","Eruption+1","Vigilance+1","Replay:Vibes+1","Conclude","SpiritShield+1","Crescendo+1","TalkToTheHand+1","Alpha+1","ClearTheMind+1","Replay:AtTheReady+1","Study+1","Defend_G+1","Vault+1","DeusExMachina+1","Master of Strategy+1","Reforge+1","SpiritShield+1","Replay:AtTheReady+1","beaked:Foresight+1","Replay:AllIn+1","beaked:Foresight+1"],"relics":["PureWater","NeowsBlessing","halation:YellowSoulGem","hubris:GlazedTorus","aspiration:ChemicalBlood","Ginger","Toxic Egg 2","energizedSpire:BlackCloud","SpikesRelics:ToyHorsey","Quantum Egg","Oddly Smooth Stone","infinitespire:Satchel","TeardropLocket","ZombieTooth","ReplayTheSpireMod:ShopPack","aspiration:BeakedSkillbook","aspiration:HiddenCompartment","Juzu Bracelet","ReplayTheSpireMod:Lightbulb","Mirror","Pet Ghost"],"acts_visited":["Exordium","TheCity","TheBeyond"],"potions_floor_usage":[37,39,47,52,52,52,52,52,52,52],"damage_taken":[{"damage":0.0,"enemies":"Jaw Worm","floor":1.0,"turns":1.0},{"damage":0.0,"enemies":"Cultist","floor":3.0,"turns":1.0},{"damage":0.0,"enemies":"Replay:BlueRogue","floor":7.0,"turns":1.0},{"damage":3.0,"enemies":"3 Sentries","floor":10.0,"turns":5.0},{"damage":0.0,"enemies":"Small Slimes","floor":11.0,"turns":3.0},{"damage":42.0,"enemies":"Lagavulin Event","floor":12.0,"turns":7.0},{"damage":0.0,"enemies":"2 Fungi Beasts","floor":14.0,"turns":2.0},{"damage":0.0,"enemies":"Slime Boss","floor":16.0,"turns":4.0},{"damage":0.0,"enemies":"3 Byrds","floor":18.0,"turns":2.0},{"damage":20.0,"enemies":"2 Thieves","floor":20.0,"turns":3.0},{"damage":14.0,"enemies":"conspire:Head Lice","floor":24.0,"turns":6.0},{"damage":16.0,"enemies":"Book of Stabbing","floor":28.0,"turns":4.0},{"damage":5.0,"enemies":"Replay:Snechameleon","floor":30.0,"turns":5.0},{"damage":11.0,"enemies":"conspire:MysteriousRune","floor":33.0,"turns":10.0},{"damage":3.0,"enemies":"Orb Walker","floor":35.0,"turns":5.0},{"damage":8,"enemies":"3 Shapes","floor":37,"turns":4},{"damage":15,"enemies":"Writhing Mass","floor":39,"turns":7},{"damage":0,"enemies":"Nemesis","floor":42,"turns":12},{"damage":4,"enemies":"beaked:SuperParasite","floor":44,"turns":8},{"damage":0,"enemies":"Nightmare","floor":47,"turns":6},{"damage":85,"enemies":"hubris:GrandSnecko","floor":52,"turns":17}],"seed_played":"-9010069883383960387","potions_obtained":[{"floor":7.0,"key":"SteroidPotion"},{"floor":12.0,"key":"EntropicBrew"},{"floor":16.0,"key":"Adrenaline Potion"},{"floor":24.0,"key":"AttackPotion"},{"floor":28.0,"key":"Strength Potion"},{"floor":30.0,"key":"LiquidMemories"},{"floor":33.0,"key":"Regen Potion"},{"floor":44,"key":"AttackPotion"},{"floor":47,"key":"Swift Potion"},{"floor":52,"key":"EntropicBrew"}],"is_trial":false,"path_per_floor":["M","?","M","?","$","R","E","R","T","E","M","?","R","M","R_BF","B",null,"M","?","M","$","?","R","E","?","T","R","E","R","E","AVR","R","B",null,"M","AVR","M","?","M","PTL","PTL","E","R","E","T","R","NM","?","R","?","R","B"],"character_chosen":"WATCHER","items_purchased":["SpikesRelics:ToyHorsey","Quantum Egg","Replay:AtTheReady+1"],"campfire_rested":4,"item_purchase_floors":[21,21,21],"current_hp_per_floor":[65,65,65,65,65,65,65,65,65,62,62,20,20,20,20,20,59,59,59,39,39,39,60,46,46,46,46,30,51,46,46,67,56,68,65,65,57,57,57,57,57,57,72,68,68,68,68,68,68,68,68,0,0],"gold":329,"neow_bonus":"THREE_ENEMY_KILL","is_daily":false,"chose_seed":false,"campfire_upgraded":7,"win_rate":0.0,"timestamp":1609495925,"path_taken":["M","?","?","?","$","R","E","R","T","E","M","?","R","M","R_BF","BOSS","M","?","M","$","?","R","E","?","T","R","E","R","E","AVR","R","BOSS","M","AVR","M","?","M","PTL","PTL","E","R","E","T","R","NM","?","R","?","R","BOSS"],"items_purchased_type":["Relic","Relic","Card"],"build_version":"2020-12-22","purchased_purges":3,"victory":false,"max_hp_per_floor":[72,72,72,72,72,72,72,72,72,72,72,72,72,72,72,72,72,72,72,72,72,72,72,72,72,72,72,72,72,72,72,72,72,72,72,72,72,72,72,72,72,72,72,72,72,72,72,72,72,72,72,72,72],"relic_stats":{"counters":[21,113],"Juzu Bracelet":0,"Ginger":[133],"obtain_stats":[{"halation:YellowSoulGem":4,"NeowsBlessing":0,"Quantum Egg":21,"Oddly Smooth Stone":24,"Juzu Bracelet":42,"Ginger":12,"TeardropLocket":28,"aspiration:HiddenCompartment":36,"Pet Ghost":47,"energizedSpire:BlackCloud":17,"ZombieTooth":30,"SpikesRelics:ToyHorsey":21,"infinitespire:Satchel":26,"PureWater":0,"Toxic Egg 2":15,"aspiration:BeakedSkillbook":34,"ReplayTheSpireMod:Lightbulb":44,"Mirror":45,"hubris:GlazedTorus":7,"aspiration:ChemicalBlood":9,"ReplayTheSpireMod:ShopPack":31},{"halation:YellowSoulGem":2,"NeowsBlessing":0,"Quantum Egg":10,"Oddly Smooth Stone":11,"Juzu Bracelet":18,"Ginger":5,"TeardropLocket":12,"aspiration:HiddenCompartment":15,"Pet Ghost":20,"energizedSpire:BlackCloud":8,"ZombieTooth":13,"SpikesRelics:ToyHorsey":10,"infinitespire:Satchel":11,"PureWater":0,"Toxic Egg 2":7,"aspiration:BeakedSkillbook":14,"ReplayTheSpireMod:Lightbulb":19,"Mirror":19,"hubris:GlazedTorus":3,"aspiration:ChemicalBlood":3,"ReplayTheSpireMod:ShopPack":13},{"halation:YellowSoulGem":2,"NeowsBlessing":0,"Quantum Egg":29,"Oddly Smooth Stone":35,"Juzu Bracelet":82,"Ginger":11,"TeardropLocket":39,"aspiration:HiddenCompartment":59,"Pet Ghost":96,"energizedSpire:BlackCloud":24,"ZombieTooth":44,"SpikesRelics:ToyHorsey":29,"infinitespire:Satchel":35,"PureWater":0,"Toxic Egg 2":20,"aspiration:BeakedSkillbook":54,"ReplayTheSpireMod:Lightbulb":90,"Mirror":90,"hubris:GlazedTorus":3,"aspiration:ChemicalBlood":3,"ReplayTheSpireMod:ShopPack":44}]},"card_choices":[{"not_picked":["FlyingSleeves","Replay:DivineShield"],"picked":"Replay:Vibes","floor":1.0},{"not_picked":["ClearTheMind","CarveReality"],"picked":"Conclude","floor":3.0},{"not_picked":["FlyingSleeves","Replay:DivineShield"],"picked":"SpiritShield","floor":7.0},{"not_picked":["SashWhip","ForeignInfluence"],"picked":"Crescendo","floor":10.0},{"not_picked":["Adaptation","Replay:Anticipation"],"picked":"TalkToTheHand","floor":11.0},{"not_picked":["WreathOfFlame","FlurryOfBlows","ForeignInfluence"],"picked":"SKIP","floor":14.0},{"not_picked":["SpiritShield+1","Replay:AllIn+1"],"picked":"Alpha+1","floor":16.0},{"not_picked":["SashWhip","Pray+1"],"picked":"ClearTheMind+1","floor":18.0},{"not_picked":["Crescendo+1","CutThroughFate","Vengeance+1"],"picked":"SKIP","floor":20.0},{"not_picked":["ClearTheMind+1","BowlingBash"],"picked":"Study","floor":24.0},{"not_picked":["CrushJoints","Conclude"],"picked":"Vault+1","floor":28.0},{"not_picked":["SashWhip","InnerPeace+1"],"picked":"DeusExMachina+1","floor":30.0},{"not_picked":["The Bomb","Violence"],"picked":"Master of Strategy","floor":31.0},{"not_picked":["PanicButton","Blind"],"picked":"Reforge","floor":31.0},{"not_picked":["DeusExMachina+1","Judgement+1"],"picked":"SpiritShield+1","floor":33.0},{"not_picked":["CrushJoints+1","beaked:WarriorEssence+1","beaked:MimicMachine+1"],"picked":"Replay:AtTheReady+1","floor":35.0},{"not_picked":["beaked:Redirect+1","FlyingSleeves","beaked:Recite+1"],"picked":"beaked:Foresight+1","floor":37},{"not_picked":["FollowUp","beaked:Cower+1","BowlingBash+1","Replay:ManipulateFuture+1"],"picked":"SKIP","floor":39},{"not_picked":["beaked:Foresight+1","beaked:Resilience+1","beaked:Windmill"],"picked":"Replay:AllIn+1","floor":42},{"not_picked":["beaked:Cower+1","SignatureMove","beaked:BloodForTheGods+1"],"picked":"beaked:Foresight+1","floor":44},{"not_picked":["WreathOfFlame+1","beaked:Negation+1","beaked:FeelMyPain+1","beaked:RuinSticks"],"picked":"SKIP","floor":47}],"player_experience":1082178,"relics_obtained":[{"floor":7.0,"key":"hubris:GlazedTorus"},{"floor":9.0,"key":"aspiration:ChemicalBlood"},{"floor":24.0,"key":"Oddly Smooth Stone"},{"floor":26.0,"key":"infinitespire:Satchel"},{"floor":28.0,"key":"TeardropLocket"},{"floor":30.0,"key":"ZombieTooth"},{"floor":42,"key":"Juzu Bracelet"},{"floor":44,"key":"ReplayTheSpireMod:Lightbulb"},{"floor":45,"key":"Mirror"},{"floor":47,"key":"Pet Ghost"}],"event_choices":[{"damage_healed":0.0,"max_hp_gain":0.0,"max_hp_loss":0.0,"gold_gain":0.0,"event_name":"Upgrade Shrine","player_choice":"Upgraded","floor":2.0,"gold_loss":0.0,"damage_taken":0.0,"cards_upgraded":["Eruption"]},{"damage_healed":0.0,"max_hp_gain":0.0,"max_hp_loss":0.0,"gold_gain":0.0,"event_name":"Dead Adventurer","player_choice":"Searched \u00272\u0027 times","floor":12.0,"gold_loss":0.0,"damage_taken":0.0,"relics_obtained":["Ginger"]},{"damage_healed":0.0,"max_hp_gain":0.0,"max_hp_loss":0.0,"gold_gain":275.0,"event_name":"Golden Shrine","player_choice":"Desecrate","floor":19.0,"gold_loss":0.0,"damage_taken":0.0,"cards_obtained":["Regret"]},{"cards_removed":["Injury"],"damage_healed":0.0,"max_hp_gain":0.0,"max_hp_loss":0.0,"gold_gain":0.0,"event_name":"Designer","player_choice":"Upgrade and Remove","floor":22.0,"gold_loss":90.0,"damage_taken":0.0,"cards_upgraded":["Replay:Vibes"]},{"cards_removed":["Strike_P"],"damage_healed":0.0,"max_hp_gain":0.0,"max_hp_loss":0.0,"gold_gain":0.0,"event_name":"betterNote:BetterNote","player_choice":"Take \u0026 Give","floor":25.0,"gold_loss":0.0,"damage_taken":0.0,"cards_obtained":["Defend_G"]},{"damage_healed":0,"gold_gain":0,"player_choice":"Leave","damage_taken":0,"max_hp_gain":0,"max_hp_loss":0,"event_name":"conspire:Investor","floor":48,"gold_loss":0}],"is_beta":false,"boss_relics":[{"not_picked":["halation:CatFaceCupcake","energizedSpire:HugeHouse"],"picked":"energizedSpire:BlackCloud"},{"not_picked":["Runic Dome","aspiration:PoetsPen"],"picked":"aspiration:BeakedSkillbook"}],"items_purged_floors":[21,31,36],"is_endless":false,"potions_floor_spawned":[7,12,14,16,20,30,35,44,47],"killed_by":"hubris:GrandSnecko","ascension_level":8}}