{"host":"7yxt37kap0q16lk4","time":1609506633,"event":{"mods":["2.2 Compatiblity","Act Like it!","BaseMod","Better Third Choice","Better-Laid Plans","Colored Map","Custom Start","Highlight Path","Keyboard Shortcuts","Minty Spire (QoL Compilation)","Quick Restart","Rare Cards Sparkle","Relic Stats","Shop Mod","Slay the Relics Exporter","StSLib","SuperFastMode"],"gold_per_floor":[111,124,140,157,16,16,41,41,41,41,71,71,105,117,117,190,190,207,207,207,157,157,191,202,202,202,237,13,25,25,44,44,121,121,137,137,29,48,61,96,96,126,173,201,218,1,1,55,55,55,55,55,55,0,35,35,35],"floor_reached":56,"playtime":1585,"items_purged":["Strike_G","Strike_G","Dagger Spray","Strike_G+1"],"score":2107,"play_id":"cb9cb5bb-512e-4e19-bbcd-d2dfaa03e024","local_time":"20210101221033","is_ascension_mode":true,"campfire_choices":[{"data":"Terror","floor":6.0,"key":"SMITH"},{"floor":10.0,"key":"REST"},{"floor":15.0,"key":"REST"},{"floor":25.0,"key":"REST"},{"data":"Burst","floor":30.0,"key":"SMITH"},{"data":"Cloak And Dagger","floor":32.0,"key":"SMITH"},{"data":"Wraith Form v2","floor":41.0,"key":"SMITH"},{"floor":47.0,"key":"RECALL"},{"floor":49.0,"key":"REST"},{"data":"After Image","floor":53,"key":"SMITH"}],"circlet_count":0,"master_deck":["AscendersBane","Strike_G+1","Strike_G+1","Defend_G+1","Defend_G+1","Defend_G+1","Defend_G+1","Defend_G+1","Survivor+1","Neutralize","Backflip+1","Terror+1","Slice","Flash of Steel","Crippling Poison","Cloak And Dagger+1","Cloak And Dagger+1","Accuracy","Burst+1","Backstab+1","Backstab+1","Well Laid Plans","Catalyst+1","After Image+1","Wraith Form v2+1","Catalyst+1","Acrobatics","Backflip","Crippling Poison+1","Backflip"],"relics":["Smiling Mask","Membership Card","WristBlade","Mercury Hourglass","Molten Egg 2","Singing Bowl","Oddly Smooth Stone","Black Star","Potion Belt","Bottled Lightning","Omamori","Lizard Tail","Ninja Scroll","Kunai","Runic Dome","War Paint","DollysMirror","Bronze Scales","Blue Candle","Anchor","Blood Vial","Juzu Bracelet","Snake Skull","FossilizedHelix","The Specimen","Sundial","Vajra"],"acts_visited":["Exordium","TheCity","TheBeyond","TheEnding"],"potions_floor_usage":[51,56],"damage_taken":[{"damage":7.0,"enemies":"Cultist","floor":1.0,"turns":5.0},{"damage":7.0,"enemies":"Jaw Worm","floor":2.0,"turns":5.0},{"damage":5.0,"enemies":"2 Louse","floor":3.0,"turns":3.0},{"damage":17.0,"enemies":"Large Slime","floor":4.0,"turns":6.0},{"damage":16.0,"enemies":"3 Sentries","floor":7.0,"turns":9.0},{"damage":25.0,"enemies":"Gremlin Nob","floor":11.0,"turns":4.0},{"damage":5.0,"enemies":"3 Sentries","floor":13.0,"turns":4.0},{"damage":2.0,"enemies":"Exordium Wildlife","floor":14.0,"turns":4.0},{"damage":3.0,"enemies":"Hexaghost","floor":16.0,"turns":6.0},{"damage":7.0,"enemies":"Spheric Guardian","floor":18.0,"turns":4.0},{"damage":26.0,"enemies":"Slavers","floor":23.0,"turns":5.0},{"damage":0.0,"enemies":"2 Thieves","floor":24.0,"turns":3.0},{"damage":14.0,"enemies":"Book of Stabbing","floor":27.0,"turns":3.0},{"damage":0.0,"enemies":"Snecko","floor":29.0,"turns":2.0},{"damage":0.0,"enemies":"Cultist and Chosen","floor":31.0,"turns":2.0},{"damage":27.0,"enemies":"Collector","floor":33.0,"turns":7.0},{"damage":4.0,"enemies":"3 Darklings","floor":35.0,"turns":5.0},{"damage":0.0,"enemies":"3 Shapes","floor":38.0,"turns":4.0},{"damage":6.0,"enemies":"Sphere and 2 Shapes","floor":39.0,"turns":6.0},{"damage":2.0,"enemies":"Giant Head","floor":40.0,"turns":7.0},{"damage":0.0,"enemies":"Nemesis","floor":42.0,"turns":5.0},{"damage":15.0,"enemies":"Reptomancer","floor":44.0,"turns":5.0},{"damage":3.0,"enemies":"Writhing Mass","floor":45.0,"turns":4.0},{"damage":12.0,"enemies":"2 Orb Walkers","floor":48.0,"turns":5.0},{"damage":5.0,"enemies":"Donu and Deca","floor":50.0,"turns":12.0},{"damage":71,"enemies":"Time Eater","floor":51,"turns":9},{"damage":30,"enemies":"Shield and Spear","floor":55,"turns":6},{"damage":58,"enemies":"The Heart","floor":56,"turns":6}],"seed_played":"8055022984345061537","potions_obtained":[{"floor":1.0,"key":"Fruit Juice"},{"floor":11.0,"key":"Explosive Potion"},{"floor":14.0,"key":"Poison Potion"},{"floor":24.0,"key":"BlessingOfTheForge"},{"floor":31.0,"key":"LiquidMemories"},{"floor":38.0,"key":"PowerPotion"},{"floor":40.0,"key":"Poison Potion"},{"floor":44.0,"key":"DistilledChaos"},{"floor":48.0,"key":"EssenceOfSteel"}],"is_trial":false,"path_per_floor":["M","M","M","M","$","R","E","?","T","R","E","?","E","M","R","B",null,"M","?","?","$","?","E","M","R","T","E","$","M","R","M","R","B",null,"M","?","$","M","M","E","R","E","T","E","M","$","R","?","R","B","B",null,"R","$","E","B"],"character_chosen":"THE_SILENT","items_purchased":["Flash of Steel","Crippling Poison","Kunai","After Image","DollysMirror","Acrobatics","FossilizedHelix","Backflip","SpeedPotion"],"campfire_rested":4,"item_purchase_floors":[5,5,28,28,37,37,46,54,54],"current_hp_per_floor":[52,45,45,28,28,28,12,12,12,33,8,8,3,3,24,21,60,53,53,53,53,53,29,29,51,51,37,37,39,39,41,41,14,63,61,61,61,63,57,55,55,57,57,46,47,47,47,39,66,63,45,80,80,80,54,0,0],"gold":35,"neow_bonus":"BOSS_RELIC","is_daily":false,"chose_seed":false,"campfire_upgraded":5,"win_rate":0.0,"timestamp":1609506633,"path_taken":["M","M","M","M","?","R","E","?","T","R","E","?","E","M","R","BOSS","M","?","?","?","?","E","M","R","T","E","$","M","R","M","R","BOSS","M","?","?","M","M","E","R","E","T","E","M","$","R","?","R","BOSS","BOSS","R","$","E","BOSS"],"items_purchased_type":["Card","Card","Relic","Card","Relic","Card","Relic","Card","Potion"],"build_version":"2020-12-22","purchased_purges":4,"victory":false,"max_hp_per_floor":[66,66,71,71,71,71,71,71,71,71,71,71,71,73,73,73,73,73,73,73,73,73,75,75,75,75,75,75,77,77,79,79,79,79,81,81,81,83,83,83,83,85,85,87,89,89,89,91,91,91,91,91,91,91,93,93,93],"relic_stats":{"Singing Bowl":22,"counters":[28,145],"Blue Candle":[0],"Snake Skull":[31],"Juzu Bracelet":0,"War Paint":["Survivor","Backflip"],"Smiling Mask":26,"Mercury Hourglass":[400],"Blood Vial":14,"Lizard Tail":45,"Sundial":[0],"Bronze Scales":[254],"Black Star":6,"Kunai":[49],"obtain_stats":[{"Singing Bowl":11,"Vajra":55,"Snake Skull":44,"Juzu Bracelet":44,"Smiling Mask":0,"Blood Vial":42,"Lizard Tail":27,"WristBlade":0,"Ninja Scroll":27,"DollysMirror":37,"Sundial":55,"Kunai":28,"Ring of the Snake":0,"Potion Belt":23,"The Specimen":48,"Blue Candle":40,"Oddly Smooth Stone":13,"Omamori":26,"War Paint":36,"Mercury Hourglass":7,"Runic Dome":34,"Anchor":42,"Bronze Scales":40,"Molten Egg 2":9,"Black Star":17,"Membership Card":0,"Bottled Lightning":23,"FossilizedHelix":46},{"Singing Bowl":6,"Vajra":27,"Snake Skull":22,"Juzu Bracelet":22,"Smiling Mask":0,"Blood Vial":21,"Lizard Tail":13,"WristBlade":0,"Ninja Scroll":13,"DollysMirror":17,"Sundial":27,"Kunai":13,"Ring of the Snake":0,"Potion Belt":11,"The Specimen":24,"Blue Candle":20,"Oddly Smooth Stone":7,"Omamori":12,"War Paint":17,"Mercury Hourglass":5,"Runic Dome":16,"Anchor":21,"Bronze Scales":20,"Molten Egg 2":5,"Black Star":9,"Membership Card":0,"Bottled Lightning":11,"FossilizedHelix":23},{"Singing Bowl":32,"Vajra":139,"Snake Skull":103,"Juzu Bracelet":103,"Smiling Mask":0,"Blood Vial":98,"Lizard Tail":60,"WristBlade":0,"Ninja Scroll":60,"DollysMirror":76,"Sundial":139,"Kunai":60,"Ring of the Snake":0,"Potion Belt":54,"The Specimen":112,"Blue Candle":93,"Oddly Smooth Stone":36,"Omamori":57,"War Paint":76,"Mercury Hourglass":28,"Runic Dome":71,"Anchor":98,"Bronze Scales":93,"Molten Egg 2":28,"Black Star":46,"Membership Card":0,"Bottled Lightning":54,"FossilizedHelix":107}]},"card_choices":[{"not_picked":["Finisher","Underhanded Strike"],"picked":"Backflip","floor":1.0},{"not_picked":["Blur","Dagger Throw"],"picked":"Terror","floor":2.0},{"not_picked":["Bane","Footwork"],"picked":"Dagger Spray","floor":3.0},{"not_picked":["Predator","Wraith Form v2"],"picked":"Slice","floor":4.0},{"not_picked":["Caltrops","Setup"],"picked":"Cloak And Dagger","floor":7.0},{"not_picked":["Leg Sweep","Dagger Spray+1"],"picked":"Cloak And Dagger","floor":11.0},{"not_picked":["Flying Knee+1","Prepared"],"picked":"Accuracy","floor":13.0},{"not_picked":["Slice+1","Phantasmal Killer","Distraction"],"picked":"Singing Bowl","floor":14.0},{"not_picked":["Glass Knife+1","Venomology"],"picked":"Burst","floor":16.0},{"not_picked":["Poisoned Stab+1","Sucker Punch+1"],"picked":"Backstab+1","floor":18.0},{"not_picked":["Dodge and Roll+1","Underhanded Strike+1","Sucker Punch+1"],"picked":"Singing Bowl","floor":23.0},{"not_picked":["Cloak And Dagger","Dash+1"],"picked":"Well Laid Plans","floor":24.0},{"not_picked":["Blur","Phantasmal Killer"],"picked":"Catalyst+1","floor":27.0},{"not_picked":["Distraction+1","Prepared","Terror"],"picked":"Singing Bowl","floor":29.0},{"not_picked":["Dagger Spray+1","Footwork","Dodge and Roll"],"picked":"Singing Bowl","floor":31.0},{"not_picked":["Storm of Steel","Die Die Die+1"],"picked":"Wraith Form v2","floor":33.0},{"not_picked":["Flying Knee+1","Underhanded Strike+1","Concentrate"],"picked":"Singing Bowl","floor":35.0},{"not_picked":["Infinite Blades","Accuracy","Cloak And Dagger"],"picked":"Singing Bowl","floor":38.0},{"not_picked":["Prepared","Dagger Throw+1"],"picked":"Backflip","floor":39.0},{"not_picked":["Deadly Poison","Escape Plan"],"picked":"Crippling Poison+1","floor":40.0},{"not_picked":["A Thousand Cuts","Skewer+1","Crippling Poison"],"picked":"Singing Bowl","floor":42.0},{"not_picked":["Setup","Sucker Punch+1","Well Laid Plans"],"picked":"Singing Bowl","floor":44.0},{"not_picked":["Dagger Throw+1","Blur","Bane+1"],"picked":"Singing Bowl","floor":45.0},{"not_picked":["Crippling Poison","Skewer+1","Deflect+1"],"picked":"Singing Bowl","floor":48.0},{"not_picked":["All Out Attack+1","Poisoned Stab+1","Heel Hook+1"],"picked":"Singing Bowl","floor":55}],"player_experience":1033882,"relics_obtained":[{"floor":7.0,"key":"Mercury Hourglass"},{"floor":9.0,"key":"Molten Egg 2"},{"floor":11.0,"key":"Singing Bowl"},{"floor":13.0,"key":"Oddly Smooth Stone"},{"floor":23.0,"key":"Potion Belt"},{"floor":23.0,"key":"Bottled Lightning"},{"floor":26.0,"key":"Omamori"},{"floor":27.0,"key":"Lizard Tail"},{"floor":27.0,"key":"Ninja Scroll"},{"floor":40.0,"key":"Bronze Scales"},{"floor":40.0,"key":"Blue Candle"},{"floor":42.0,"key":"Anchor"},{"floor":42.0,"key":"Blood Vial"},{"floor":44.0,"key":"Juzu Bracelet"},{"floor":44.0,"key":"Snake Skull"},{"floor":48.0,"key":"The Specimen"},{"floor":55,"key":"Sundial"},{"floor":55,"key":"Vajra"}],"event_choices":[{"damage_healed":0.0,"max_hp_gain":0.0,"max_hp_loss":0.0,"gold_gain":0.0,"event_name":"Living Wall","player_choice":"Grow","floor":8.0,"gold_loss":0.0,"damage_taken":0.0,"cards_upgraded":["Cloak And Dagger"]},{"damage_healed":8.0,"max_hp_gain":0.0,"max_hp_loss":71.0,"gold_gain":0.0,"event_name":"betterThird:BetterShining","player_choice":"Leave","floor":12.0,"gold_loss":0.0,"damage_taken":0.0},{"damage_healed":0.0,"max_hp_gain":0.0,"max_hp_loss":0.0,"gold_gain":0.0,"event_name":"Vampires","player_choice":"Ignored","floor":19.0,"gold_loss":0.0,"damage_taken":0.0},{"damage_healed":0.0,"max_hp_gain":0.0,"max_hp_loss":0.0,"gold_gain":0.0,"event_name":"The Library","player_choice":"Read","floor":20.0,"gold_loss":0.0,"damage_taken":0.0,"cards_obtained":["Backstab"]},{"damage_healed":0.0,"max_hp_gain":0.0,"max_hp_loss":8.0,"gold_gain":0.0,"event_name":"betterThird:BetterWriting","player_choice":"Simplicity","floor":22.0,"gold_loss":0.0,"damage_taken":0.0},{"damage_healed":0.0,"max_hp_gain":0.0,"max_hp_loss":0.0,"gold_gain":0.0,"event_name":"WeMeetAgain","player_choice":"Gave Potion","floor":36.0,"gold_loss":0.0,"damage_taken":0.0,"relics_obtained":["War Paint"]},{"damage_healed":0.0,"max_hp_gain":0.0,"max_hp_loss":0.0,"gold_gain":0.0,"event_name":"Mysterious Sphere","player_choice":"Fight","floor":48.0,"gold_loss":0.0,"damage_taken":0.0}],"is_beta":false,"boss_relics":[{"not_picked":["Cursed Key","Tiny House"],"picked":"Black Star"},{"not_picked":["Empty Cage","SacredBark"],"picked":"Runic Dome"}],"items_purged_floors":[5,21,28,46],"is_endless":false,"potions_floor_spawned":[1,11,14,24,31,38,40,44,48],"killed_by":"The Heart","ascension_level":20}}