{"host":"jl15pmpb41l0mhji","time":1609523940,"event":{"mods":["2.2 Compatiblity","AchievementEnabler","BaseMod","Better Altar","Better Match","Better Note","Better Sensory Stone","Better Skull","Better Third Choice","Better Vampires","Colored Map","Displayed Cursed Tome","Emptier Cage","Hermit","Highlight Path","Minty Spire (QoL Compilation)","Permanent Neow","Random Character Button","Relic Stats","StSLib","The Hierophant"],"gold_per_floor":[117,67,67,92,92,92,17,61,84,84,104,123,157,181,181,312,312,330,355,20,20,20,20,64,64,64,77,97,97,141,161,161,161,161],"floor_reached":33,"playtime":1515,"items_purged":["Defend_G","Defend_G"],"score":362,"play_id":"561a53e5-176f-4c15-861e-12e55047700f","local_time":"20210101115900","is_ascension_mode":true,"campfire_choices":[{"data":"Neutralize","floor":6,"key":"SMITH"},{"data":"Tactician","floor":10,"key":"SMITH"},{"data":"Phantasmal Killer","floor":15,"key":"SMITH"},{"data":"Searing Blow+1","floor":23,"key":"SMITH"},{"data":"Searing Blow+2","floor":25,"key":"SMITH"},{"data":"Searing Blow+3","floor":32,"key":"SMITH"}],"circlet_count":0,"master_deck":["Strike_G+1","Strike_G","Strike_G+1","Strike_G","Defend_G","Defend_G","Defend_G","Survivor","Neutralize+1","Riddle With Holes+1","Tactician+1","Acrobatics","Phantasmal Killer+1","Deflect","Phantasmal Killer","Backflip+1","Searing Blow+4","Injury","Concentrate+1","Footwork"],"relics":["Ring of the Snake","Toy Ornithopter","Golden Idol","Smiling Mask","Dream Catcher","Cursed Key","Ginger","Nloth\u0027s Gift","PreservedInsect","InkBottle","Letter Opener","Bag of Preparation"],"acts_visited":["Exordium","TheCity"],"potions_floor_usage":[8,13,16,28,33,33,33],"damage_taken":[{"damage":0,"enemies":"Cultist","floor":1,"turns":4},{"damage":0,"enemies":"Small Slimes","floor":4,"turns":5},{"damage":10,"enemies":"Gremlin Nob","floor":8,"turns":3},{"damage":0,"enemies":"Jaw Worm","floor":11,"turns":2},{"damage":9,"enemies":"Exordium Thugs","floor":12,"turns":4},{"damage":18,"enemies":"Lagavulin","floor":13,"turns":5},{"damage":7,"enemies":"Blue Slaver","floor":14,"turns":3},{"damage":0,"enemies":"Slime Boss","floor":16,"turns":6},{"damage":0,"enemies":"Shell Parasite","floor":18,"turns":4},{"damage":0,"enemies":"Chosen","floor":19,"turns":3},{"damage":6,"enemies":"Book of Stabbing","floor":24,"turns":4},{"damage":6,"enemies":"Snake Plant","floor":27,"turns":2},{"damage":0,"enemies":"Snecko","floor":28,"turns":2},{"damage":7,"enemies":"Slavers","floor":30,"turns":3},{"damage":10,"enemies":"Chosen and Byrds","floor":31,"turns":4},{"damage":59,"enemies":"Collector","floor":33,"turns":6}],"seed_played":"-2719791045780648848","potions_obtained":[{"floor":1,"key":"ColorlessPotion"},{"floor":11,"key":"Regen Potion"},{"floor":13,"key":"DistilledChaos"},{"floor":18,"key":"Swift Potion"},{"floor":27,"key":"SkillPotion"},{"floor":30,"key":"SpeedPotion"},{"floor":31,"key":"Ancient Potion"}],"is_trial":false,"path_per_floor":["M","?","?","M","?","R","$","E","T","R","M","M","E","M","R","B",null,"M","M","$","?","?","R","E","R","T","M","M","?","E","M","R","B"],"character_chosen":"THE_SILENT","items_purchased":["Ginger"],"campfire_rested":0,"item_purchase_floors":[20],"current_hp_per_floor":[70,70,65,65,65,65,65,55,55,55,55,46,47,40,40,45,65,65,65,65,65,65,65,59,59,59,53,58,58,51,41,41,0,0],"gold":161,"neow_bonus":"RANDOM_COMMON_RELIC","is_daily":false,"chose_seed":false,"campfire_upgraded":6,"win_rate":0.0,"timestamp":1609523940,"path_taken":["M","?","?","M","?","R","$","E","T","R","M","?","E","M","R","BOSS","M","M","$","?","?","R","E","R","T","?","M","?","E","M","R","BOSS"],"items_purchased_type":["Relic"],"build_version":"2020-12-22","purchased_purges":2,"victory":false,"max_hp_per_floor":[70,70,65,65,65,65,65,65,65,65,65,65,65,65,65,65,65,65,65,65,65,65,65,65,65,65,65,65,65,65,65,65,65,65],"relic_stats":{"counters":[16,60],"Golden Idol":98,"PreservedInsect":39,"Bag of Preparation":[4],"Ginger":[3],"Letter Opener":[95],"Smiling Mask":50,"Cursed Key":1,"Dream Catcher":0,"Nloth\u0027s Gift":1,"obtain_stats":[{"Golden Idol":3,"PreservedInsect":24,"Bag of Preparation":30,"Whetstone":9,"Ginger":20,"Letter Opener":29,"Smiling Mask":8,"Cursed Key":17,"Dream Catcher":13,"Nloth\u0027s Gift":22,"Toy Ornithopter":0,"InkBottle":26,"Ring of the Snake":0},{"Golden Idol":1,"PreservedInsect":11,"Bag of Preparation":14,"Whetstone":3,"Ginger":10,"Letter Opener":13,"Smiling Mask":3,"Cursed Key":8,"Dream Catcher":6,"Nloth\u0027s Gift":10,"Toy Ornithopter":0,"InkBottle":11,"Ring of the Snake":0},{"Golden Idol":4,"PreservedInsect":43,"Bag of Preparation":50,"Whetstone":12,"Ginger":39,"Letter Opener":47,"Smiling Mask":12,"Cursed Key":32,"Dream Catcher":23,"Nloth\u0027s Gift":39,"Toy Ornithopter":0,"InkBottle":43,"Ring of the Snake":0}],"Toy Ornithopter":30,"InkBottle":[8],"Ring of the Snake":[32]},"card_choices":[{"not_picked":["Masterful Stab","Outmaneuver"],"picked":"Riddle With Holes","floor":1},{"not_picked":["Skewer","Acrobatics","Escape Plan"],"picked":"SKIP","floor":4},{"not_picked":["Accuracy","Acrobatics"],"picked":"Tactician","floor":8},{"not_picked":["Leg Sweep","Blade Dance"],"picked":"Acrobatics","floor":11},{"not_picked":["Well Laid Plans","Deadly Poison","Noxious Fumes"],"picked":"SKIP","floor":12},{"not_picked":["Sucker Punch","Predator"],"picked":"Phantasmal Killer","floor":13},{"not_picked":["Outmaneuver","Crippling Poison"],"picked":"Deflect","floor":14},{"not_picked":["Grand Finale","Envenom"],"picked":"Phantasmal Killer","floor":16},{"not_picked":["Skewer+1","Choke"],"picked":"Backflip+1","floor":18},{"not_picked":["Finisher+1","Flying Knee","Slice"],"picked":"SKIP","floor":19},{"not_picked":["Envenom","Dodge and Roll+1","Heel Hook"],"picked":"SKIP","floor":24},{"not_picked":["Outmaneuver+1","Grand Finale"],"picked":"Concentrate+1","floor":27},{"not_picked":["Quick Slash","PiercingWail"],"picked":"Footwork","floor":28},{"not_picked":["Deadly Poison","Concentrate","Accuracy+1"],"picked":"SKIP","floor":30},{"not_picked":["Blade Dance","Poisoned Stab+1","Outmaneuver+1"],"picked":"SKIP","floor":31}],"player_experience":1662954,"relics_obtained":[{"floor":8,"key":"Smiling Mask"},{"floor":9,"key":"Whetstone"},{"floor":13,"key":"Dream Catcher"},{"floor":24,"key":"PreservedInsect"},{"floor":26,"key":"InkBottle"},{"floor":29,"key":"Letter Opener"},{"floor":30,"key":"Bag of Preparation"}],"event_choices":[{"cards_removed":["Strike_G"],"damage_healed":0,"gold_gain":0,"player_choice":"Card Removal","damage_taken":0,"max_hp_gain":0,"max_hp_loss":0,"event_name":"The Cleric","floor":2,"gold_loss":50},{"damage_healed":0,"gold_gain":0,"player_choice":"Lose Max HP","damage_taken":0,"relics_obtained":["Golden Idol"],"max_hp_gain":0,"max_hp_loss":5,"event_name":"Golden Idol","floor":3,"gold_loss":0},{"damage_healed":0,"gold_gain":0,"player_choice":"Forge","damage_taken":0,"max_hp_gain":0,"max_hp_loss":0,"event_name":"Accursed Blacksmith","floor":5,"gold_loss":0,"cards_upgraded":["Riddle With Holes"]},{"cards_removed":["Riddle With Holes"],"damage_healed":0,"gold_gain":0,"player_choice":"Take \u0026 Give","damage_taken":0,"max_hp_gain":0,"max_hp_loss":0,"event_name":"betterNote:BetterNote","floor":21,"gold_loss":0,"cards_obtained":["Searing Blow"]},{"damage_healed":0,"gold_gain":0,"player_choice":"Traded Relic","damage_taken":0,"relics_obtained":["Nloth\u0027s Gift"],"max_hp_gain":0,"max_hp_loss":0,"event_name":"N\u0027loth","floor":22,"relics_lost":["Whetstone"],"gold_loss":0},{"damage_healed":0,"gold_gain":0,"player_choice":"Relic","damage_taken":0,"max_hp_gain":0,"max_hp_loss":0,"event_name":"Wheel of Change","floor":29,"gold_loss":0}],"is_beta":false,"boss_relics":[{"not_picked":["Runic Dome","WristBlade"],"picked":"Cursed Key"}],"items_purged_floors":[7,20],"is_endless":false,"potions_floor_spawned":[1,11,13,18,27,30,31],"killed_by":"Collector","ascension_level":1}}