{"host":"d57r1g6l9rdx1vko","time":1609534283,"event":{"mods":["AchievementEnabler","BaseMod","Colored Map","Colored Powertips","GifTheSpireLib","Marisa£®ÏF”Í°°ƒß¿Ì…≥£©","Minty Spire (QoL Compilation)","Replay The Spire","StSLib"],"gold_per_floor":[113,126,139,139,156,184,184,210,233,262,118,130,130,141,141,241,241,258,278,295,27,0,0,0],"floor_reached":23,"playtime":1955,"items_purged":["MasterSpark","Strike_MRS"],"score":266,"play_id":"a9b53870-c5c4-41cc-a015-f24eca02b8c6","local_time":"20210102045123","is_ascension_mode":true,"campfire_choices":[{"floor":7.0,"key":"REST"},{"floor":13.0,"key":"REST"},{"floor":15.0,"key":"REST"}],"circlet_count":0,"master_deck":["Strike_MRS","Strike_MRS","Strike_MRS+1","Defend_MRS","Defend_MRS","Defend_MRS","Defend_MRS","UpSweep","AlicesGift","JA","ShootingEcho","StarlightTyphoon","Parasite","Parasite","MaximisePower","ChargeUpSpray","MeteoricShower+1","PropBag","TreasureHunter","ManaConvection"],"relics":["MiniHakkero","Unceasing Top","Pet Ghost","Gremlin Food","ShroomBag","Membership Card","Replay:Mystery Machine"],"acts_visited":["Exordium","TheCity"],"potions_floor_usage":[],"damage_taken":[{"damage":0.0,"enemies":"Small Slimes","floor":1.0,"turns":3.0},{"damage":1.0,"enemies":"Cultist","floor":2.0,"turns":3.0},{"damage":2.0,"enemies":"Jaw Worm","floor":3.0,"turns":3.0},{"damage":20.0,"enemies":"Exordium Wildlife","floor":5.0,"turns":4.0},{"damage":26.0,"enemies":"3 Sentries","floor":6.0,"turns":5.0},{"damage":35.0,"enemies":"Lagavulin","floor":8.0,"turns":4.0},{"damage":20.0,"enemies":"3 Sentries","floor":10.0,"turns":6.0},{"damage":4.0,"enemies":"Blue Slaver","floor":12.0,"turns":3.0},{"damage":11.0,"enemies":"Looter","floor":14.0,"turns":2.0},{"damage":25.0,"enemies":"Fading Forest","floor":16.0,"turns":11.0},{"damage":32.0,"enemies":"2 Thieves","floor":18.0,"turns":3.0},{"damage":7.0,"enemies":"Chosen","floor":19.0,"turns":3.0},{"damage":39.0,"enemies":"Snake Plant","floor":20.0,"turns":5.0},{"damage":18,"enemies":"Gremlin Leader","floor":23,"turns":1}],"seed_played":"-8277344477480587863","potions_obtained":[{"floor":2.0,"key":"Swift Potion"},{"floor":5.0,"key":"SkillPotion"},{"floor":10.0,"key":"Weak Potion"},{"floor":12.0,"key":"Weak Potion"},{"floor":16.0,"key":"SmokeBomb"},{"floor":19.0,"key":"ColorlessPotion"}],"is_trial":false,"path_per_floor":["M","M","M","?","M","E","R","E","T","E","$","M","R","M","R","B",null,"M","M","M","$","?","E"],"character_chosen":"MARISA","items_purchased":["ChargeUpSpray","Membership Card","Replay:Mystery Machine"],"campfire_rested":3,"item_purchase_floors":[11,21,21],"current_hp_per_floor":[82,81,79,79,59,33,57,22,22,2,2,2,26,17,41,28,69,41,38,15,15,15,0,0],"gold":0,"neow_bonus":"TEN_PERCENT_HP_BONUS","is_daily":false,"chose_seed":false,"campfire_upgraded":0,"win_rate":0.0,"timestamp":1609534283,"path_taken":["M","M","M","?","M","E","R","E","T","E","$","M","R","M","R","BOSS","M","M","M","?","?","E"],"items_purchased_type":["Card","Relic","Relic"],"build_version":"2020-12-22","purchased_purges":2,"victory":false,"max_hp_per_floor":[82,82,82,82,82,82,82,82,82,82,82,82,82,82,82,82,82,82,82,82,82,82,82,82],"card_choices":[{"not_picked":["6A","Singularity","BlazeAway"],"picked":"SKIP","floor":1.0},{"not_picked":["Acceleration","GalacticHalo"],"picked":"AlicesGift","floor":2.0},{"not_picked":["MeteoricShower","6A"],"picked":"JA","floor":3.0},{"not_picked":["GrandCross","AsteroidBelt","6A"],"picked":"SKIP","floor":5.0},{"not_picked":["SatelliteIllusion","AsteroidBelt"],"picked":"ShootingEcho","floor":6.0},{"not_picked":["GalacticHalo","UnstableBomb"],"picked":"StarlightTyphoon","floor":8.0},{"not_picked":["ShootTheMoon","OrrerysSun"],"picked":"MaximisePower","floor":10.0},{"not_picked":["6A","DC"],"picked":"MeteoricShower","floor":12.0},{"not_picked":["BlazeAway","Occultation"],"picked":"PropBag","floor":14.0},{"not_picked":["SatelliteIllusion","JA"],"picked":"TreasureHunter","floor":16.0},{"not_picked":["MagicAbsorber","UnstableBomb","WitchLeyline"],"picked":"SKIP","floor":18.0},{"not_picked":["OneTimeOff","Occultation"],"picked":"ManaConvection","floor":19.0},{"not_picked":["DoubleSpark","OpenUniverse","GalacticHalo+1"],"picked":"SKIP","floor":20.0}],"player_experience":118805,"relics_obtained":[{"floor":6.0,"key":"Unceasing Top"},{"floor":8.0,"key":"Pet Ghost"},{"floor":9.0,"key":"Gremlin Food"},{"floor":10.0,"key":"ShroomBag"}],"event_choices":[{"damage_healed":0.0,"max_hp_gain":0.0,"max_hp_loss":0.0,"gold_gain":0.0,"event_name":"Match and Keep!","player_choice":"0 cards matched","floor":4.0,"gold_loss":0.0,"damage_taken":0.0,"cards_obtained":[]},{"damage_healed":0.0,"max_hp_gain":0.0,"max_hp_loss":0.0,"gold_gain":0.0,"event_name":"Masked Bandits","player_choice":"Paid Fearfully","floor":22.0,"gold_loss":27.0,"damage_taken":0.0}],"is_beta":false,"boss_relics":[{"not_picked":["Snecko Eye","Runic Dome","Replay:Bronze Core"]}],"items_purged_floors":[11,21],"is_endless":false,"potions_floor_spawned":[2,5,10,12,16,19],"killed_by":"Gremlin Leader","ascension_level":5}}