{"host":"jm9833yuloeli2yd","time":1609479115,"event":{"mods":["AchievementEnabler","BaseMod","Better Altar","Better Match","Better Note","Better Sensory Stone","Better Skull","Better Third Choice","Better Vampires","BetterRewards","Colored Map","Colored Powertips","DeckTracker","Marked Mod","Minty Spire (QoL Compilation)","Permanent Neow","Quick Restart","StSLib","SuperFastMode"],"gold_per_floor":[115,115,135,162,177,205,225,36,36,48,66,66,100,120,120,120,120],"floor_reached":16,"playtime":554,"items_purged":["Strike_G"],"score":328,"play_id":"6910c871-a9b7-4cfc-98b8-b65357828f9b","local_time":"20210101003155","is_ascension_mode":true,"campfire_choices":[{"data":"Envenom","floor":12,"key":"SMITH"},{"floor":15,"key":"REST"}],"circlet_count":0,"master_deck":["AscendersBane","Strike_G","Strike_G","Strike_G","Strike_G+1","Defend_G","Defend_G","Defend_G","Defend_G+1","Defend_G","Survivor","Neutralize","Heel Hook","Poisoned Stab","Slice","Choke","Escape Plan","Sucker Punch","Envenom+1","Glass Knife","Dagger Spray","Backflip"],"relics":["Ring of the Snake","Paper Crane","Potion Belt","Singing Bowl","Sundial","WingedGreaves"],"acts_visited":["Exordium"],"potions_floor_usage":[6,6,13,13,16],"damage_taken":[{"damage":4.0,"enemies":"Jaw Worm","floor":1.0,"turns":6.0},{"damage":0.0,"enemies":"Cultist","floor":3.0,"turns":4.0},{"damage":2.0,"enemies":"Small Slimes","floor":5.0,"turns":2.0},{"damage":10,"enemies":"Lagavulin","floor":6,"turns":9},{"damage":0,"enemies":"Looter","floor":7,"turns":4},{"damage":4,"enemies":"Large Slime","floor":10,"turns":6},{"damage":0,"enemies":"3 Louse","floor":11,"turns":4},{"damage":6,"enemies":"3 Sentries","floor":13,"turns":5},{"damage":5,"enemies":"Blue Slaver","floor":14,"turns":3},{"damage":26,"enemies":"The Guardian","floor":16,"turns":9}],"seed_played":"8484271542347631157","potions_obtained":[{"floor":3.0,"key":"Dexterity Potion"},{"floor":5.0,"key":"SkillPotion"},{"floor":7,"key":"Swift Potion"},{"floor":14,"key":"SkillPotion"}],"is_trial":false,"path_per_floor":["M","?","M","T","M","E","M","$","T","M","M","R","E","M","R","B"],"character_chosen":"THE_SILENT","items_purchased":["Paper Crane","Heel Hook","Sucker Punch","Envenom","Energy Potion"],"campfire_rested":1,"item_purchase_floors":[0,0,8,8,8],"current_hp_per_floor":[48,28,28,28,26,18,18,18,18,14,14,14,8,5,26,0,0],"gold":120,"neow_bonus":"","is_daily":false,"chose_seed":false,"campfire_upgraded":1,"win_rate":0.0,"timestamp":1609479115,"path_taken":["M","?","M","?","M","E","?","$","T","M","M","R","E","M","R","BOSS"],"items_purchased_type":["Relic","Card","Card","Card","Potion"],"build_version":"2020-12-22","purchased_purges":1,"victory":false,"max_hp_per_floor":[66,66,66,66,66,68,68,68,68,68,68,68,68,70,70,70,70],"card_choices":[{"not_picked":["Escape Plan","Outmaneuver"],"picked":"Poisoned Stab","floor":1.0},{"not_picked":["Dodge and Roll","Underhanded Strike"],"picked":"Slice","floor":3.0},{"not_picked":["Dodge and Roll","Prepared"],"picked":"Choke","floor":5.0},{"not_picked":["Outmaneuver","Underhanded Strike","Cloak And Dagger"],"picked":"Singing Bowl","floor":6},{"not_picked":["Predator","Slice"],"picked":"Escape Plan","floor":7},{"not_picked":["Prepared","Sucker Punch"],"picked":"Glass Knife","floor":10},{"not_picked":["Slice","Dagger Throw"],"picked":"Dagger Spray","floor":11},{"not_picked":["Eviscerate","Sucker Punch"],"picked":"Backflip","floor":13},{"not_picked":["Distraction","Flying Knee","Underhanded Strike"],"picked":"Singing Bowl","floor":14}],"player_experience":1230808,"relics_obtained":[{"floor":4.0,"key":"Potion Belt"},{"floor":6,"key":"Singing Bowl"},{"floor":9,"key":"Sundial"},{"floor":13,"key":"WingedGreaves"}],"event_choices":[{"damage_healed":48.0,"max_hp_gain":0.0,"max_hp_loss":66.0,"gold_gain":0.0,"event_name":"betterThird:BetterShining","player_choice":"Upgrade","floor":2.0,"gold_loss":0.0,"damage_taken":20.0,"cards_upgraded":["Strike_G","Defend_G"]}],"is_beta":false,"boss_relics":[],"items_purged_floors":[0],"is_endless":false,"potions_floor_spawned":[3,5,7,14],"killed_by":"The Guardian","ascension_level":20}}