{"host":"yludllxm6rzdxpbb","time":1609527550,"event":{"mods":["AchievementEnabler","BaseMod","Better Third Choice","BetterRewards","Colored Map","Colored Powertips","Hermit","Hubris","Infinite Spire","Minty Spire (QoL Compilation)","Quick Restart","Replay The Spire","StSLib","The Hierophant","The Necromancer"],"gold_per_floor":[119,92,109,120,295,295,308,383,383,383,411,411,440,455,455,455,455],"floor_reached":16,"playtime":659,"items_purged":[],"score":126,"play_id":"dffd67fe-810c-44dd-8a16-19a53986c3d4","local_time":"20210101215910","is_ascension_mode":true,"campfire_choices":[{"floor":6,"key":"RECALL"},{"floor":10,"key":"REST"},{"floor":15,"key":"REST"}],"circlet_count":0,"master_deck":["Strike_R","Strike_R","Strike_R","Strike_R","Strike_R","Defend_R","Defend_R","Defend_R","Defend_R","Bash","Flex","Pommel Strike","Thunderclap","Doubt","Flex","Flame Barrier","Offering","Rage","Life Link"],"relics":["Burning Blood","betterThird:SlimedRelic","hubris:MobiusCoin","Replay:Wax Seal","Potion Belt"],"acts_visited":["Exordium"],"potions_floor_usage":[8,11,13],"damage_taken":[{"damage":1,"enemies":"Jaw Worm","floor":1,"turns":5},{"damage":2,"enemies":"2 Louse","floor":3,"turns":4},{"damage":12,"enemies":"Small Slimes","floor":4,"turns":3},{"damage":7,"enemies":"Gremlin Gang","floor":7,"turns":5},{"damage":31,"enemies":"3 Sentries","floor":8,"turns":7},{"damage":32,"enemies":"Gremlin Nob","floor":11,"turns":4},{"damage":10,"enemies":"3 Sentries","floor":13,"turns":8},{"damage":6,"enemies":"Looter","floor":14,"turns":3},{"damage":71,"enemies":"Hexaghost","floor":16,"turns":15}],"seed_played":"9003088574600304249","potions_obtained":[{"floor":3,"key":"Explosive Potion"},{"floor":7,"key":"DistilledChaos"},{"floor":8,"key":"Toxic Potion"},{"floor":14,"key":"SpeedPotion"}],"is_trial":false,"path_per_floor":["M","?","M","M","?","R","M","E","T","R","E","?","E","M","R","B"],"character_chosen":"IRONCLAD","items_purchased":[],"campfire_rested":2,"item_purchase_floors":[],"current_hp_per_floor":[88,77,81,75,75,75,74,49,49,75,49,49,45,45,71,0,0],"gold":455,"neow_bonus":"TEN_PERCENT_HP_BONUS","is_daily":false,"chose_seed":false,"campfire_upgraded":0,"win_rate":0.0,"timestamp":1609527550,"path_taken":["M","?","M","M","?","R","M","E","T","R","E","?","E","M","R","BOSS"],"items_purchased_type":[],"build_version":"2020-12-22","purchased_purges":0,"victory":false,"max_hp_per_floor":[88,88,88,88,88,88,88,88,88,88,88,88,88,88,88,88,88],"card_choices":[{"not_picked":["Clothesline","Twin Strike"],"picked":"Flex","floor":1},{"not_picked":["ReplayTheSpireMod:Strike From Hell","hubris:StunningStrike"],"picked":"Pommel Strike","floor":3},{"not_picked":["Twin Strike","Clothesline"],"picked":"Thunderclap","floor":4},{"not_picked":["hubris:SharpeningStone","Defy Death"],"picked":"Flex","floor":7},{"not_picked":["Replay:Undeath\u0027s Touch","Headbutt"],"picked":"Flame Barrier","floor":8},{"not_picked":["Eclipse","Run Through"],"picked":"Offering","floor":11},{"not_picked":["Replay:Undeath\u0027s Touch","Burning Pact"],"picked":"Rage","floor":13},{"not_picked":["Rampage","Body Slam"],"picked":"Life Link","floor":14}],"player_experience":324843,"relics_obtained":[{"floor":8,"key":"hubris:MobiusCoin"},{"floor":11,"key":"Replay:Wax Seal"},{"floor":13,"key":"Potion Belt"}],"event_choices":[{"damage_healed":0,"gold_gain":0,"player_choice":"Slimed","damage_taken":11,"max_hp_gain":0,"max_hp_loss":0,"event_name":"betterThird:BetterGoop","floor":2,"gold_loss":27},{"damage_healed":0,"gold_gain":175,"player_choice":"AGREE","damage_taken":120,"max_hp_gain":0,"max_hp_loss":0,"event_name":"betterThird:BetterSerpent","floor":5,"gold_loss":0}],"is_beta":false,"boss_relics":[],"items_purged_floors":[],"is_endless":false,"potions_floor_spawned":[3,7,8,14],"killed_by":"Hexaghost","ascension_level":1}}