{"host":"lkyw40t68mxhwfjf","time":1609514099,"event":{"mods":["2.2 Compatiblity","Act Like it!","Arknights The Spire","BaseMod","Hallownest","HololiveMod","Hubris","Koishi","Lobotomy","Marisa¡]Ãú«B¡@Å]²z¨F¡^","Minty Spire (QoL Compilation)","Prisma Mod","Reimu¡]³Õ???¡^","Remilia¡]Á¢¦Ì²ú?¡^","Replay The Spire","RumiaBox-ÅS¦Ì?ªº¯«¯µ²°¤l","StSLib","The Animator","The Servant 0.9.4","TheSwordswoman","WarShipGirlsR/??¤Ö¤kR mod","Youmu¡]»î¾z§¯?¡^","Yuyuko"],"gold_per_floor":[119,138,213,213,163,163,338,338,393,393,33,33,53,84,84,181,181,193,206,221,221,221],"floor_reached":21,"playtime":630,"items_purged":["Doubt"],"score":177,"play_id":"eb9c609d-7d3a-41b7-95e1-dc297e7eb713","local_time":"20210101231459","is_ascension_mode":false,"campfire_choices":[{"data":"ats:Emotion Absorption","floor":6,"key":"SMITH"},{"floor":10,"key":"RECALL"},{"floor":12,"key":"REST"},{"data":"ats:Composite Medical Shells","floor":15,"key":"SMITH"}],"circlet_count":0,"master_deck":["ats:Strike G","ats:Strike S","ats:Armor Crushing Shot","ats:Defend+1","ats:Defend","ats:Defend","ats:Emotion Absorption+1","ats:Flexible Camouflage","ats:Blood Oath+1","ats:Flexible Camouflage","ats:Blood Oath","ats:Composite Medical Shells+1","ats:Flexible Camouflage","ats:Wolf Pack","CurseOfTheBell","hubris:DuctTapeCard","ats:Assault Order","ats:Apocalypse+1"],"relics":["ats:Sanity","Quantum Egg","Pen Nib","ats:Berate","ats:Originium","ReplayTheSpireMod:TigerMarble","Calling Bell","Art of War","hubris:DuctTape","hubris:CuriousFeather"],"acts_visited":["Exordium","TheCity"],"potions_floor_usage":[],"damage_taken":[{"damage":7,"enemies":"2 Louse","floor":1,"turns":3},{"damage":7,"enemies":"Small Slimes","floor":2,"turns":5},{"damage":1,"enemies":"Cultist","floor":13,"turns":3},{"damage":18,"enemies":"3 Sentries","floor":14,"turns":4},{"damage":33,"enemies":"The Guardian","floor":16,"turns":11},{"damage":5,"enemies":"Spheric Guardian","floor":18,"turns":4},{"damage":25,"enemies":"2 Thieves","floor":19,"turns":4},{"damage":45,"enemies":"Snecko","floor":20,"turns":7},{"damage":42,"enemies":"Snake Plant","floor":21,"turns":3}],"seed_played":"6484002951170124831","potions_obtained":[{"floor":1,"key":"GrandPatriotsElixir:ReiMu"},{"floor":14,"key":"Elixir"},{"floor":16,"key":"Strength Potion"},{"floor":20,"key":"ColorlessPotion"}],"is_trial":false,"path_per_floor":["M","M","?","?","?","R","?","?","T","R","$","R","M","E","R","B",null,"M","M","M","M"],"character_chosen":"DOCTOR_CLASS","items_purchased":["ats:Flexible Camouflage","ats:Blood Oath","ats:Berate"],"campfire_rested":1,"item_purchase_floors":[11,11,11],"current_hp_per_floor":[72,65,54,38,38,38,38,38,38,38,38,61,65,63,63,62,79,77,58,29,0,0],"gold":221,"neow_bonus":"TEN_PERCENT_HP_BONUS","is_daily":false,"chose_seed":false,"campfire_upgraded":2,"win_rate":0.0,"timestamp":1609514099,"path_taken":["M","M","?","?","?","R","?","?","T","R","$","R","M","E","R","BOSS","M","M","?","M"],"items_purchased_type":["Card","Card","Relic"],"build_version":"2020-12-22","purchased_purges":1,"victory":false,"max_hp_per_floor":[79,79,79,79,79,79,79,79,79,79,79,79,79,79,79,79,79,79,79,79,79,79],"card_choices":[{"not_picked":["ats:Hook Shot","ats:Childhood Dance"],"picked":"ats:Flexible Camouflage","floor":1},{"not_picked":["ats:Guardian Obelisk","ats:LN2 Cannon"],"picked":"ats:Blood Oath","floor":2},{"not_picked":["ats:Very Hot Blade","ats:Revitalization"],"picked":"ats:Composite Medical Shells","floor":13},{"not_picked":["ats:Ignite","ats:Childhood Dance"],"picked":"ats:Flexible Camouflage","floor":14},{"not_picked":["ats:Dogmatic Field","ats:Rat Pack"],"picked":"ats:Wolf Pack","floor":16},{"not_picked":["ats:Shell Defense","ats:Sword Rain"],"picked":"ats:Assault Order","floor":18},{"not_picked":["ats:Directed Diagnosis","ats:Ignite+1","ats:Part Time Job"],"picked":"SKIP","floor":19},{"not_picked":["ats:Flexible Camouflage","ats:Defend Order"],"picked":"ats:Apocalypse+1","floor":20}],"player_experience":397455,"relics_obtained":[{"floor":8,"key":"Quantum Egg"},{"floor":9,"key":"Pen Nib"},{"floor":14,"key":"ats:Originium"},{"floor":14,"key":"ReplayTheSpireMod:TigerMarble"},{"floor":17,"key":"Art of War"},{"floor":17,"key":"hubris:DuctTape"},{"floor":17,"key":"hubris:CuriousFeather"}],"event_choices":[{"damage_healed":0,"gold_gain":75,"player_choice":"Gather Gold","damage_taken":11,"max_hp_gain":0,"max_hp_loss":0,"event_name":"World of Goop","floor":3,"gold_loss":0},{"damage_healed":0,"gold_gain":0,"player_choice":"Entered Light","damage_taken":16,"max_hp_gain":0,"max_hp_loss":0,"event_name":"Shining Light","floor":4,"gold_loss":0,"cards_upgraded":["ats:Blood Oath","ats:Defend"]},{"cards_removed":["ats:Strike V"],"damage_healed":0,"gold_gain":0,"player_choice":"Card Removal","damage_taken":0,"max_hp_gain":0,"max_hp_loss":0,"event_name":"The Cleric","floor":5,"gold_loss":50},{"damage_healed":0,"gold_gain":175,"player_choice":"AGREE","damage_taken":0,"max_hp_gain":0,"max_hp_loss":0,"event_name":"Liars Game","floor":7,"gold_loss":0,"cards_obtained":["Doubt"]},{"damage_healed":0,"gold_gain":0,"player_choice":"Relic","damage_taken":0,"max_hp_gain":0,"max_hp_loss":0,"event_name":"Wheel of Change","floor":8,"gold_loss":0}],"is_beta":false,"boss_relics":[{"not_picked":["Coffee Dripper","Tiny House"],"picked":"Calling Bell"}],"items_purged_floors":[11],"is_endless":false,"potions_floor_spawned":[1,14,16,20],"killed_by":"Snake Plant","ascension_level":0}}