{"host":"lxgv1wbl12oya7hr","time":1609534397,"event":{"mods":["BaseMod","Minty Spire (QoL Compilation)","Permanent Neow","StSLib"],"gold_per_floor":[115,115,45,57,9,28,6,6,6,33,33,82,82,137,137,236,236,247,172,199,199,219,219,245,245,245,272,304,316,328,85,85,85,85],"floor_reached":33,"playtime":1215,"items_purged":["Strike_R","Defend_R"],"score":316,"play_id":"3dd7af51-866f-4ee7-836e-9daace94d3a2","local_time":"20210101125317","is_ascension_mode":true,"campfire_choices":[{"data":"Clothesline","floor":11,"key":"SMITH"},{"data":"Bash","floor":13,"key":"SMITH"},{"data":"Iron Wave","floor":15,"key":"SMITH"},{"data":"Demon Form","floor":23,"key":"SMITH"},{"data":"Immolate","floor":25,"key":"SMITH"},{"floor":29,"key":"RECALL"},{"data":"Seeing Red","floor":32,"key":"SMITH"}],"circlet_count":0,"master_deck":["Defend_R","Defend_R","Defend_R+1","Bash+1","Clothesline+1","Feed+1","Dropkick","Iron Wave+1","Twin Strike","Seeing Red+1","Flex+1","Cleave","Demon Form+1","Immolate+1","Rupture+1","Sword Boomerang","Bite","Bite","Bite","Bite","Bite"],"relics":["Coffee Dripper","Regal Pillow","Anchor","Empty Cage","Red Mask","Nloth\u0027s Gift","Pear","Pen Nib","MawBank","HandDrill"],"acts_visited":["Exordium","TheCity"],"potions_floor_usage":[10,16,20,24,27,33],"damage_taken":[{"damage":6,"enemies":"Jaw Worm","floor":1,"turns":3},{"damage":0,"enemies":"Cultist","floor":4,"turns":2},{"damage":0,"enemies":"2 Louse","floor":6,"turns":2},{"damage":6,"enemies":"Gremlin Nob","floor":10,"turns":3},{"damage":23,"enemies":"The Guardian","floor":16,"turns":7},{"damage":0,"enemies":"Chosen","floor":18,"turns":3},{"damage":41,"enemies":"Masked Bandits","floor":20,"turns":6},{"damage":18,"enemies":"Shell Parasite","floor":22,"turns":3},{"damage":20,"enemies":"Book of Stabbing","floor":24,"turns":4},{"damage":18,"enemies":"Gremlin Leader","floor":27,"turns":5},{"damage":0,"enemies":"Chosen and Byrds","floor":28,"turns":2},{"damage":27,"enemies":"Collector","floor":33,"turns":3}],"seed_played":"3547705507824428109","potions_obtained":[{"floor":4,"key":"PowerPotion"},{"floor":10,"key":"PowerPotion"},{"floor":16,"key":"ElixirPotion"},{"floor":18,"key":"Swift Potion"},{"floor":22,"key":"Energy Potion"},{"floor":24,"key":"CultistPotion"},{"floor":27,"key":"SpeedPotion"}],"is_trial":false,"path_per_floor":["M","?","$","M","$","M","$","?","T","E","R","T","R","T","R","B",null,"M","$","?","?","M","R","E","R","T","E","M","R","?","$","R","B"],"character_chosen":"IRONCLAD","items_purchased":["Dropkick","Twin Strike","Flex","HandDrill"],"campfire_rested":0,"item_purchase_floors":[3,5,7,31],"current_hp_per_floor":[74,74,74,74,74,77,77,77,77,75,75,75,75,75,75,56,91,95,95,58,58,40,40,30,30,30,12,12,12,12,12,12,0,0],"gold":85,"neow_bonus":"BOSS_RELIC","is_daily":false,"chose_seed":false,"campfire_upgraded":6,"win_rate":0.0,"timestamp":1609534397,"path_taken":["M","?","?","M","$","M","$","?","T","E","R","?","R","?","R","BOSS","M","$","?","?","M","R","E","R","T","E","?","R","?","$","R","BOSS"],"items_purchased_type":["Card","Card","Card","Relic"],"build_version":"2020-12-22","purchased_purges":2,"victory":false,"max_hp_per_floor":[80,80,80,80,80,83,83,83,83,87,87,87,87,87,87,91,91,95,95,99,99,99,99,109,109,109,109,109,109,76,76,76,76,76],"card_choices":[{"not_picked":["Feel No Pain","Wild Strike"],"picked":"Clothesline","floor":1},{"not_picked":["Armaments","Warcry"],"picked":"Iron Wave","floor":4},{"not_picked":["Bloodletting","Feel No Pain"],"picked":"Seeing Red","floor":6},{"not_picked":["Reaper","Clash"],"picked":"Cleave","floor":10},{"not_picked":["Corruption","Reaper"],"picked":"Demon Form","floor":16},{"not_picked":["Hemokinesis","Anger","Rupture"],"picked":"SKIP","floor":18},{"not_picked":["Headbutt","Bloodletting+1","Cleave"],"picked":"SKIP","floor":22},{"not_picked":["Twin Strike","Uppercut"],"picked":"Immolate","floor":24},{"not_picked":["Hemokinesis","Wild Strike"],"picked":"Rupture+1","floor":27},{"not_picked":["Inflame","Twin Strike"],"picked":"Sword Boomerang","floor":28}],"player_experience":2222736,"relics_obtained":[{"floor":10,"key":"Regal Pillow"},{"floor":12,"key":"Anchor"},{"floor":14,"key":"War Paint"},{"floor":20,"key":"Red Mask"},{"floor":24,"key":"Pear"},{"floor":26,"key":"Pen Nib"},{"floor":27,"key":"MawBank"}],"event_choices":[{"damage_healed":0,"gold_gain":0,"player_choice":"1 cards matched","damage_taken":0,"max_hp_gain":0,"max_hp_loss":0,"event_name":"Match and Keep!","floor":2,"gold_loss":0,"cards_obtained":["Feed"]},{"damage_healed":0,"gold_gain":0,"player_choice":"Grow","damage_taken":0,"max_hp_gain":0,"max_hp_loss":0,"event_name":"Living Wall","floor":8,"gold_loss":0,"cards_upgraded":["Feed"]},{"damage_healed":0,"gold_gain":0,"player_choice":"Fought Bandits","damage_taken":0,"max_hp_gain":0,"max_hp_loss":0,"event_name":"Masked Bandits","floor":20,"gold_loss":0},{"damage_healed":0,"gold_gain":0,"player_choice":"Traded Relic","damage_taken":0,"relics_obtained":["Nloth\u0027s Gift"],"max_hp_gain":0,"max_hp_loss":0,"event_name":"N\u0027loth","floor":21,"relics_lost":["War Paint"],"gold_loss":0},{"damage_healed":0,"gold_gain":0,"player_choice":"Became a vampire","damage_taken":0,"max_hp_gain":0,"max_hp_loss":33,"event_name":"Vampires","floor":30,"gold_loss":0,"cards_obtained":["Bite","Bite","Bite","Bite","Bite"]}],"is_beta":false,"boss_relics":[{"not_picked":["Cursed Key","Snecko Eye"],"picked":"Empty Cage"}],"items_purged_floors":[19,31],"is_endless":false,"potions_floor_spawned":[4,10,16,18,22,24,27],"killed_by":"Collector","ascension_level":1}}