{"host":"qswkx8hggytna0kc","time":1609474327,"event":{"mods":["Aspiration","BaseMod","BetterRewards","Colored Map","Colored Powertips","Highlight Path","Hubris","Mimic Mod","Minty Spire (QoL Compilation)","Quick Restart","Replay The Spire","StSLib","SuperFastMode"],"gold_per_floor":[110,128,148,148,159,159,159,159],"floor_reached":7,"playtime":217,"items_purged":[],"score":54,"play_id":"7dca87ea-1fa3-4206-85f5-d6fcc36fd333","local_time":"20210101121207","is_ascension_mode":true,"campfire_choices":[{"data":"Zap","floor":6,"key":"SMITH"}],"circlet_count":0,"master_deck":["Strike_B+1","Strike_B","Strike_B+1","Strike_B","Defend_B","Defend_B","Defend_B","Defend_B","Zap+1","Dualcast","Double Energy","Heatsinks","Gash","Beam Cell"],"relics":["Cracked Core","Whetstone","Replay:Bottled Steam"],"acts_visited":["Exordium"],"potions_floor_usage":[7],"damage_taken":[{"damage":0,"enemies":"Cultist","floor":1,"turns":3},{"damage":0,"enemies":"Small Slimes","floor":2,"turns":3},{"damage":1,"enemies":"2 Louse","floor":3,"turns":2},{"damage":19,"enemies":"Large Slime","floor":5,"turns":6},{"damage":39,"enemies":"Gremlin Nob","floor":7,"turns":4}],"seed_played":"3424473900135519614","potions_obtained":[{"floor":3,"key":"SneckoOil"},{"floor":5,"key":"Block Potion"}],"is_trial":false,"path_per_floor":["M","M","M","?","M","R","E"],"character_chosen":"DEFECT","items_purchased":[],"campfire_rested":0,"item_purchase_floors":[],"current_hp_per_floor":[75,75,74,56,37,37,0,0],"gold":159,"neow_bonus":"RANDOM_COMMON_RELIC","is_daily":false,"chose_seed":false,"campfire_upgraded":1,"win_rate":0.0,"timestamp":1609474327,"path_taken":["M","M","M","?","M","R","E"],"items_purchased_type":[],"build_version":"2020-12-22","purchased_purges":0,"victory":false,"max_hp_per_floor":[75,75,75,75,75,75,75,75],"card_choices":[{"not_picked":["Leap","Go for the Eyes"],"picked":"Double Energy","floor":1},{"not_picked":["Panic Button","ReplayTheSpireMod:System Scan"],"picked":"Heatsinks","floor":2},{"not_picked":["Compile Driver","Stack"],"picked":"Gash","floor":3},{"not_picked":["Cold Snap","Sweeping Beam"],"picked":"Beam Cell","floor":5}],"player_experience":197840,"relics_obtained":[],"event_choices":[{"damage_healed":0,"gold_gain":0,"player_choice":"Success","damage_taken":18,"relics_obtained":["Replay:Bottled Steam"],"max_hp_gain":0,"max_hp_loss":0,"event_name":"Scrap Ooze","floor":4,"gold_loss":0}],"is_beta":false,"boss_relics":[],"items_purged_floors":[],"is_endless":false,"potions_floor_spawned":[3,5],"killed_by":"Gremlin Nob","ascension_level":5}}