{"host":"hnrafgucdht3qvsp","time":1609544363,"event":{"mods":["BaseMod","Colored Map","Minty Spire (QoL Compilation)","Relic Stats","StSLib"],"gold_per_floor":[110,126,126,126,138,138,163,182,182,182,192,32,66,77,77,180,180,180,180,120,120,120,120,120,120,120],"floor_reached":25,"playtime":1195,"items_purged":[],"score":319,"play_id":"72d0efbe-44ca-4214-817c-0cffc1b7bfa8","local_time":"20210101183923","is_ascension_mode":true,"campfire_choices":[{"data":"Bash","floor":6,"key":"SMITH"},{"data":"1","floor":10,"key":"LIFT"},{"data":"2","floor":15,"key":"LIFT"}],"circlet_count":0,"master_deck":["Strike_R","Strike_R","Strike_R","Strike_R","Defend_R","Defend_R","Defend_R","Defend_R","Bash+1","Shrug It Off","Power Through","Heavy Blade","Dual Wield","Fiend Fire","Double Tap","Spot Weakness","Fiend Fire","Twin Strike","Disarm","Dark Embrace","Double Tap","Inflame"],"relics":["Burning Blood","Girya","Gambling Chip","Torii","Ectoplasm","Strawberry"],"acts_visited":["Exordium","TheCity"],"potions_floor_usage":[11,11,13,20,20,25],"damage_taken":[{"damage":7,"enemies":"2 Louse","floor":1,"turns":3},{"damage":4,"enemies":"Small Slimes","floor":2,"turns":4},{"damage":2,"enemies":"Jaw Worm","floor":5,"turns":5},{"damage":41,"enemies":"3 Sentries","floor":7,"turns":14},{"damage":1,"enemies":"2 Fungi Beasts","floor":8,"turns":5},{"damage":8,"enemies":"Exordium Thugs","floor":11,"turns":4},{"damage":16,"enemies":"Gremlin Nob","floor":13,"turns":3},{"damage":1,"enemies":"3 Louse","floor":14,"turns":5},{"damage":8,"enemies":"Slime Boss","floor":16,"turns":8},{"damage":3,"enemies":"Shell Parasite","floor":18,"turns":4},{"damage":9,"enemies":"2 Thieves","floor":20,"turns":5},{"damage":25,"enemies":"Shelled Parasite and Fungi","floor":22,"turns":4},{"damage":36,"enemies":"Book of Stabbing","floor":23,"turns":6},{"damage":14,"enemies":"Snecko","floor":24,"turns":5},{"damage":46,"enemies":"Slavers","floor":25,"turns":4}],"seed_played":"1390744280140826601","potions_obtained":[{"floor":2,"key":"SkillPotion"},{"floor":7,"key":"AttackPotion"},{"floor":8,"key":"DistilledChaos"},{"floor":11,"key":"Strength Potion"},{"floor":14,"key":"Fruit Juice"},{"floor":18,"key":"SpeedPotion"}],"is_trial":false,"path_per_floor":["M","M","?","?","M","R","E","M","T","R","M","$","E","M","R","B",null,"M","?","M","?","M","E","M","E"],"character_chosen":"IRONCLAD","items_purchased":["Fiend Fire"],"campfire_rested":0,"item_purchase_floors":[12],"current_hp_per_floor":[87,88,81,86,90,90,55,60,60,60,58,58,48,53,53,51,83,86,86,88,88,69,46,38,0,0],"gold":120,"neow_bonus":"TEN_PERCENT_HP_BONUS","is_daily":false,"chose_seed":false,"campfire_upgraded":1,"win_rate":0.0,"timestamp":1609544363,"path_taken":["M","M","?","?","M","R","E","M","T","R","M","$","E","M","R","BOSS","M","?","M","?","M","E","M","E"],"items_purchased_type":["Card"],"build_version":"2020-12-22","purchased_purges":0,"victory":false,"max_hp_per_floor":[88,88,88,93,93,93,93,93,93,93,93,93,93,93,93,93,93,93,93,98,98,98,105,105,105,105],"relic_stats":{"Torii":40,"counters":[15,79],"Gambling Chip":[28],"Ectoplasm":149,"obtain_stats":[{"Girya":7,"Torii":13,"Gambling Chip":9,"Strawberry":23,"Ectoplasm":17,"Burning Blood":0},{"Girya":4,"Torii":7,"Gambling Chip":5,"Strawberry":13,"Ectoplasm":9,"Burning Blood":0},{"Girya":26,"Torii":38,"Gambling Chip":31,"Strawberry":70,"Ectoplasm":51,"Burning Blood":0}],"Burning Blood":83},"card_choices":[{"not_picked":["Anger","Iron Wave"],"picked":"Shrug It Off","floor":1},{"not_picked":["Seeing Red","True Grit","Clash"],"picked":"SKIP","floor":2},{"not_picked":["Reckless Charge","Havoc"],"picked":"Power Through","floor":5},{"not_picked":["Sever Soul","Fire Breathing"],"picked":"Heavy Blade","floor":7},{"not_picked":["Rage","Perfected Strike"],"picked":"Dual Wield","floor":8},{"not_picked":["Shrug It Off","Infernal Blade","Clash"],"picked":"SKIP","floor":11},{"not_picked":["Perfected Strike","Whirlwind"],"picked":"Double Tap","floor":13},{"not_picked":["Infernal Blade","Clash"],"picked":"Spot Weakness","floor":14},{"not_picked":["Exhume","Impervious"],"picked":"Fiend Fire","floor":16},{"not_picked":["Body Slam","Headbutt"],"picked":"Twin Strike","floor":18},{"not_picked":["Bloodletting+1","Iron Wave"],"picked":"Disarm","floor":20},{"not_picked":["Body Slam","Clash"],"picked":"Dark Embrace","floor":22},{"not_picked":["Pommel Strike+1","Bludgeon"],"picked":"Double Tap","floor":23},{"not_picked":["Armaments","Iron Wave"],"picked":"Inflame","floor":24}],"player_experience":376869,"relics_obtained":[{"floor":7,"key":"Girya"},{"floor":9,"key":"Gambling Chip"},{"floor":13,"key":"Torii"},{"floor":23,"key":"Strawberry"}],"event_choices":[{"cards_removed":["Strike_R"],"damage_healed":0,"gold_gain":0,"player_choice":"Card Removal","damage_taken":7,"max_hp_gain":0,"max_hp_loss":0,"event_name":"Golden Wing","floor":3,"gold_loss":0},{"damage_healed":0,"gold_gain":0,"player_choice":"Donut","damage_taken":0,"max_hp_gain":5,"max_hp_loss":0,"event_name":"Big Fish","floor":4,"gold_loss":0},{"damage_healed":0,"gold_gain":0,"player_choice":"Ignored","damage_taken":0,"max_hp_gain":0,"max_hp_loss":0,"event_name":"The Mausoleum","floor":19,"gold_loss":0},{"damage_healed":0,"gold_gain":0,"player_choice":"Ignored","damage_taken":0,"max_hp_gain":0,"max_hp_loss":0,"event_name":"N\u0027loth","floor":21,"gold_loss":0}],"is_beta":false,"boss_relics":[{"not_picked":["Cursed Key","Philosopher\u0027s Stone"],"picked":"Ectoplasm"}],"items_purged_floors":[],"is_endless":false,"potions_floor_spawned":[2,7,8,11,14,18],"killed_by":"Slavers","ascension_level":5}}