{"host":"idmgg8r816nmas40","time":1609461575,"event":{"mods":["AchievementEnabler","AlwaysNeverKeys","BaseMod","BetterRewards","Block Reminder","Colored Map","Colored Powertips","DeckTracker","Googly Eyes","Highlight Path","Hubris","Infinite Spire","Minty Spire (QoL Compilation)","Quick Restart","Relic Stats","Replay The Spire","Shop Mod","StSLib","SuperFastMode","Synergy Search","Transform Curses"],"gold_per_floor":[118,118,128,85,96,130,130,130,130,130,163,173,200,210,210,283,283,294,294,294,294,305,305,347,347,347,388,388,9,31,31,31,114,114,142,161,179,179,197,197,234,234,261,306,306,344,344,369,369,369,369],"floor_reached":50,"playtime":2684,"items_purged":["Shame"],"score":1340,"play_id":"14c0ef97-4c03-43bf-bf0c-8fabf7b1970b","local_time":"20201231173935","is_ascension_mode":true,"campfire_choices":[{"data":"Crippling Poison","floor":7,"key":"SMITH"},{"data":"ReplayTheSpireMod:Necrosis","floor":7,"key":"SMITH"},{"data":"Neutralize","floor":10,"key":"SMITH"},{"data":"Mind Blast","floor":10,"key":"SMITH"},{"floor":15,"key":"REST"},{"data":"infinitespire:Gouge","floor":23,"key":"SMITH"},{"data":"After Image","floor":23,"key":"SMITH"},{"data":"Poison Darts","floor":25,"key":"SMITH"},{"data":"infinitespire:NeuralNetwork","floor":25,"key":"SMITH"},{"floor":28,"key":"REST"},{"floor":32,"key":"REST"},{"data":"Poison Darts","floor":40,"key":"SMITH"},{"data":"Discovery","floor":40,"key":"SMITH"},{"data":"Replay:Dark Deal","floor":42,"key":"SMITH"},{"data":"Catalyst","floor":42,"key":"SMITH"},{"data":"Infinite Blades","floor":45,"key":"SMITH"},{"data":"infinitespire:DeathsTouch","floor":45,"key":"SMITH"},{"data":"PiercingWail","floor":47,"key":"SMITH"},{"data":"Mayhem","floor":47,"key":"SMITH"},{"floor":49,"key":"REST"}],"circlet_count":0,"master_deck":["AscendersBane","Strike_G","Strike_G","Strike_G","Strike_G","Strike_G","Defend_G","Defend_G","Defend_G","Defend_G","Defend_G","Survivor","Neutralize+1","Accuracy","Quick Slash","Accuracy","Footwork","Mind Blast+1","Backstab","All Out Attack","Predator","Poisoned Stab","Dagger Spray+1","Crippling Poison+1","ReplayTheSpireMod:Necrosis+1","PiercingWail+1","Sucker Punch","After Image+1","Poison Darts+1","Dagger Spray","infinitespire:Gouge+1","infinitespire:DeathsTouch+1","infinitespire:NeuralNetwork+1","Backstab","PiercingWail","Mayhem+1","Catalyst+1","Poison Darts+1","Flying Knee","PiercingWail+1","Replay:Dark Deal+1","Discovery+1","Dash","infinitespire:DeathsTouch+1","Infinite Blades+1","Infinite Blades","Blade Dance"],"relics":["Ring of the Snake","TwistedFunnel","ReplayTheSpireMod:CursedCoin","Bag of Preparation","BargainBundle","Replay:Arrowhead","ReplayTheSpireMod:Shallot","hubris:MysteriousPyramids","hubris:Icosahedron","Matryoshka","Bronze Scales","infinitespire:Satchel","SlaversCollar","Snecko Heart","Bottled Lightning","CeramicFish","Boot","Ninja Scroll","StoneCalendar","Vajra","hubris:ToyBattleship","Smiling Mask","PreservedInsect","hubris:AncientText","hubris:SlimyHat"],"acts_visited":["Exordium","TheCity","TheBeyond"],"potions_floor_usage":[27,33,33,36,48,50],"damage_taken":[{"damage":0,"enemies":"Cultist","floor":1,"turns":3},{"damage":0,"enemies":"Small Slimes","floor":3,"turns":2},{"damage":0,"enemies":"Jaw Worm","floor":5,"turns":3},{"damage":14,"enemies":"Gremlin Nob","floor":6,"turns":4},{"damage":5,"enemies":"3 Sentries","floor":11,"turns":3},{"damage":0,"enemies":"Large Slime","floor":12,"turns":3},{"damage":0,"enemies":"Gremlin Nob","floor":13,"turns":3},{"damage":0,"enemies":"3 Louse","floor":14,"turns":1},{"damage":56,"enemies":"Fading Forest","floor":16,"turns":11},{"damage":9,"enemies":"Chosen","floor":18,"turns":4},{"damage":0,"enemies":"3 Byrds","floor":22,"turns":2},{"damage":5,"enemies":"Book of Stabbing","floor":24,"turns":4},{"damage":6,"enemies":"Gremlin Leader","floor":27,"turns":4},{"damage":6,"enemies":"Snake Plant","floor":30,"turns":2},{"damage":20,"enemies":"hubris:MusketHawk","floor":33,"turns":7},{"damage":0,"enemies":"3 Shapes","floor":35,"turns":2},{"damage":1,"enemies":"3 Darklings","floor":36,"turns":4},{"damage":0,"enemies":"Maw","floor":39,"turns":4},{"damage":3,"enemies":"R_Hoarder","floor":41,"turns":6},{"damage":0,"enemies":"Nightmare","floor":44,"turns":4},{"damage":0,"enemies":"R_Hoarder","floor":46,"turns":5},{"damage":0,"enemies":"Transient","floor":48,"turns":6},{"damage":84,"enemies":"LordOfAnnihilation","floor":50,"turns":7}],"seed_played":"5494392388195814578","potions_obtained":[{"floor":16,"key":"PowerPotion"},{"floor":30,"key":"LifebloodPotion"},{"floor":35,"key":"Dexterity Potion"},{"floor":36,"key":"Ancient Potion"},{"floor":46,"key":"BlessingOfTheForge"}],"is_trial":false,"path_per_floor":["M","?","M","$","M","E","R","?","T","R","E","M","E","M","R","B",null,"M","AVR","?","?","M","R","E","R","T","E","R","$","M","?","R","B",null,"M","M","?","?","M","R","E","R","T","NM","R","E","R","M","R","B"],"character_chosen":"THE_SILENT","items_purchased":["TwistedFunnel","Accuracy","ReplayTheSpireMod:CursedCoin","Quick Slash","Bag of Preparation","Accuracy","BargainBundle","Footwork","LiquidMemories","ColorlessPotion","Mind Blast","Backstab","All Out Attack","Dagger Spray+1","Mayhem","Vajra"],"campfire_rested":4,"item_purchase_floors":[0,0,0,0,0,0,0,0,0,0,0,0,0,4,29,29],"current_hp_per_floor":[59,59,59,59,59,45,45,45,45,45,40,40,40,40,59,21,55,46,46,46,46,46,46,41,41,41,35,54,54,48,48,66,46,61,61,60,55,55,55,55,52,52,52,52,52,52,52,52,66,0,0],"gold":369,"neow_bonus":"","is_daily":false,"chose_seed":false,"campfire_upgraded":16,"win_rate":0.0,"timestamp":1609461575,"path_taken":["M","?","M","?","?","E","R","?","T","R","E","M","E","M","R","BOSS","M","AVR","?","?","M","R","E","R","T","E","R","$","M","?","R","BOSS","M","M","?","?","?","R","E","R","T","NM","R","E","R","M","R","BOSS"],"items_purchased_type":["Relic","Card","Relic","Card","Relic","Card","Relic","Card","Potion","Potion","Card","Card","Card","Card","Card","Relic"],"build_version":"2020-12-22","purchased_purges":1,"victory":false,"max_hp_per_floor":[66,66,66,66,66,66,66,66,66,66,66,66,66,66,66,66,66,66,66,66,66,66,66,66,66,66,66,66,66,66,66,66,66,66,66,66,66,66,66,66,66,66,66,66,66,66,66,66,66,66,66],"relic_stats":{"counters":[23,94],"Bronze Scales":[138],"CeramicFish":126,"StoneCalendar":[52],"PreservedInsect":176,"Bag of Preparation":[27],"Boot":[130],"Smiling Mask":0,"obtain_stats":[{"TwistedFunnel":0,"Snecko Heart":19,"CeramicFish":24,"Vajra":29,"StoneCalendar":27,"Bag of Preparation":0,"hubris:SlimyHat":46,"hubris:MysteriousPyramids":6,"Boot":26,"Smiling Mask":43,"hubris:Icosahedron":8,"Matryoshka":9,"Ninja Scroll":26,"Ring of the Snake":0,"BargainBundle":0,"ReplayTheSpireMod:CursedCoin":0,"PreservedInsect":43,"Replay:Arrowhead":0,"SlaversCollar":17,"ReplayTheSpireMod:Shallot":2,"Bronze Scales":11,"infinitespire:Satchel":13,"hubris:ToyBattleship":41,"Bottled Lightning":19,"hubris:AncientText":44},{"TwistedFunnel":0,"Snecko Heart":10,"CeramicFish":12,"Vajra":13,"StoneCalendar":13,"Bag of Preparation":0,"hubris:SlimyHat":21,"hubris:MysteriousPyramids":4,"Boot":12,"Smiling Mask":19,"hubris:Icosahedron":4,"Matryoshka":4,"Ninja Scroll":12,"Ring of the Snake":0,"BargainBundle":0,"ReplayTheSpireMod:CursedCoin":0,"PreservedInsect":19,"Replay:Arrowhead":0,"SlaversCollar":9,"ReplayTheSpireMod:Shallot":1,"Bronze Scales":5,"infinitespire:Satchel":7,"hubris:ToyBattleship":19,"Bottled Lightning":10,"hubris:AncientText":20},{"TwistedFunnel":0,"Snecko Heart":37,"CeramicFish":43,"Vajra":47,"StoneCalendar":47,"Bag of Preparation":0,"hubris:SlimyHat":81,"hubris:MysteriousPyramids":12,"Boot":43,"Smiling Mask":72,"hubris:Icosahedron":12,"Matryoshka":12,"Ninja Scroll":43,"Ring of the Snake":0,"BargainBundle":0,"ReplayTheSpireMod:CursedCoin":0,"PreservedInsect":72,"Replay:Arrowhead":0,"SlaversCollar":33,"ReplayTheSpireMod:Shallot":3,"Bronze Scales":15,"infinitespire:Satchel":21,"hubris:ToyBattleship":72,"Bottled Lightning":37,"hubris:AncientText":76}],"Ring of the Snake":[36]},"card_choices":[{"not_picked":["Deflect","Outmaneuver"],"picked":"Predator","floor":1},{"not_picked":["Bane","Caltrops"],"picked":"Poisoned Stab","floor":3},{"not_picked":["Deflect","Sucker Punch"],"picked":"Crippling Poison","floor":5},{"not_picked":["Footwork","Flechettes"],"picked":"ReplayTheSpireMod:Necrosis","floor":6},{"not_picked":["Hidden Blade","Expertise","Blade Dance"],"picked":"SKIP","floor":11},{"not_picked":["Outmaneuver","Deadly Poison"],"picked":"PiercingWail","floor":12},{"not_picked":["Deadly Poison","Setup"],"picked":"Sucker Punch","floor":13},{"not_picked":["Footwork","Hidden Blade"],"picked":"After Image","floor":14},{"not_picked":["Adrenaline","Atom Bomb"],"picked":"Poison Darts","floor":16},{"not_picked":["All Out Attack","Prepared"],"picked":"Dagger Spray","floor":18},{"not_picked":["Expertise","ReplayTheSpireMod:Tripwire","Outmaneuver"],"picked":"SKIP","floor":22},{"not_picked":["Bane","Sneak Up"],"picked":"Backstab","floor":24},{"not_picked":["Bullet Time","Outmaneuver"],"picked":"PiercingWail","floor":27},{"not_picked":["Hidden Blade","Dagger Throw"],"picked":"Catalyst","floor":30},{"not_picked":["Die Die Die","Burst"],"picked":"Poison Darts","floor":33},{"not_picked":["Dodge and Roll","Acrobatics+1"],"picked":"Flying Knee","floor":35},{"not_picked":["Acrobatics+1","hubris:Counter"],"picked":"PiercingWail+1","floor":36},{"not_picked":["Survey Options","Enlightenment"],"picked":"Replay:Dark Deal","floor":37},{"not_picked":["Purity","Trip"],"picked":"Discovery","floor":37},{"not_picked":["Concentrate","Slice","Prepared+1"],"picked":"SKIP","floor":39},{"not_picked":["Acrobatics+1","Underhanded Strike"],"picked":"Dash","floor":41},{"not_picked":["infinitespire:SevenWalls","infinitespire:TheBestDefense"],"picked":"infinitespire:DeathsTouch","floor":44},{"not_picked":["Slice","Accuracy"],"picked":"Infinite Blades","floor":44},{"not_picked":["Bane","Slice"],"picked":"Infinite Blades","floor":46},{"not_picked":["Endless Agony","Hidden Blade"],"picked":"Blade Dance","floor":48}],"player_experience":1031451,"relics_obtained":[{"floor":2,"key":"ReplayTheSpireMod:Shallot"},{"floor":6,"key":"hubris:MysteriousPyramids"},{"floor":9,"key":"Matryoshka"},{"floor":11,"key":"Bronze Scales"},{"floor":13,"key":"infinitespire:Satchel"},{"floor":24,"key":"CeramicFish"},{"floor":26,"key":"Boot"},{"floor":26,"key":"Ninja Scroll"},{"floor":27,"key":"StoneCalendar"},{"floor":41,"key":"hubris:ToyBattleship"},{"floor":43,"key":"Smiling Mask"},{"floor":43,"key":"PreservedInsect"},{"floor":44,"key":"hubris:AncientText"},{"floor":46,"key":"hubris:SlimyHat"}],"event_choices":[{"damage_healed":0,"gold_gain":0,"player_choice":"Relic","damage_taken":0,"max_hp_gain":0,"max_hp_loss":0,"event_name":"Wheel of Change","floor":2,"gold_loss":0},{"damage_healed":0,"gold_gain":0,"player_choice":"Smashed Altar","damage_taken":0,"max_hp_gain":0,"max_hp_loss":0,"event_name":"Forgotten Altar","floor":21,"gold_loss":0,"cards_obtained":["Decay"]},{"damage_healed":0,"gold_gain":0,"player_choice":"Memory 2","damage_taken":5,"max_hp_gain":0,"max_hp_loss":0,"event_name":"SensoryStone","floor":37,"gold_loss":0},{"cards_removed":["Decay"],"damage_healed":0,"gold_gain":0,"player_choice":"Removed Curses","damage_taken":0,"max_hp_gain":0,"max_hp_loss":0,"event_name":"Fountain of Cleansing","floor":38,"gold_loss":0}],"is_beta":false,"boss_relics":[{"not_picked":["Cursed Key","Honey Jar"],"picked":"SlaversCollar"},{"not_picked":[]}],"items_purged_floors":[0],"is_endless":true,"potions_floor_spawned":[1,5,6,11,16,18,30,35,36,46],"killed_by":"LordOfAnnihilation","ascension_level":17}}