{"host":"yer03dsd277nstsn","time":1609540532,"event":{"mods":["BaseMod","Colored Powertips","Minty Spire (QoL Compilation)"],"gold_per_floor":[112,132,146,146,74,104,104,129,129,129,129,7,19,50,50,151,151,171,191,191,204,204,204],"floor_reached":22,"playtime":850,"items_purged":["Strike_B"],"score":343,"play_id":"d2736f2b-8953-4498-b9b2-5f16741be12f","local_time":"20210101163532","is_ascension_mode":true,"campfire_choices":[{"data":"Dualcast","floor":10,"key":"SMITH"},{"floor":15,"key":"REST"}],"circlet_count":0,"master_deck":["Strike_B","Strike_B","Strike_B","Defend_B+1","Defend_B+1","Defend_B","Defend_B","Zap+1","Dualcast+1","Core Surge","Sweeping Beam","Cold Snap","Genetic Algorithm","Conserve Battery","Cold Snap","Rebound+1","Echo Form","CurseOfTheBell","Purity","Coolheaded"],"relics":["Cracked Core","Mercury Hourglass","Singing Bowl","Molten Egg 2","Pen Nib","Calling Bell","Regal Pillow","Matryoshka","WingedGreaves"],"acts_visited":["Exordium","TheCity"],"potions_floor_usage":[6,14,21,22,22],"damage_taken":[{"damage":0,"enemies":"Small Slimes","floor":1,"turns":2},{"damage":2,"enemies":"2 Louse","floor":2,"turns":2},{"damage":7,"enemies":"Jaw Worm","floor":3,"turns":2},{"damage":15,"enemies":"Gremlin Nob","floor":6,"turns":3},{"damage":35,"enemies":"Lagavulin","floor":8,"turns":6},{"damage":11,"enemies":"Gremlin Gang","floor":13,"turns":2},{"damage":5,"enemies":"3 Sentries","floor":14,"turns":4},{"damage":0,"enemies":"Slime Boss","floor":16,"turns":9},{"damage":18,"enemies":"Spheric Guardian","floor":18,"turns":4},{"damage":14,"enemies":"3 Byrds","floor":19,"turns":4},{"damage":12,"enemies":"Snecko","floor":21,"turns":4},{"damage":29,"enemies":"Centurion and Healer","floor":22,"turns":3}],"seed_played":"2632469459013397052","potions_obtained":[{"floor":3,"key":"FearPotion"},{"floor":6,"key":"EssenceOfDarkness"},{"floor":8,"key":"SkillPotion"},{"floor":16,"key":"BlessingOfTheForge"},{"floor":18,"key":"GamblersBrew"},{"floor":19,"key":"PowerPotion"}],"is_trial":false,"path_per_floor":["M","M","M","?","$","E","?","E","T","R","?","$","M","E","R","B",null,"M","M","?","M","M"],"character_chosen":"DEFECT","items_purchased":["Genetic Algorithm","Rebound+1"],"campfire_rested":1,"item_purchase_floors":[5,12],"current_hp_per_floor":[68,66,59,59,59,44,69,34,34,34,19,19,10,7,30,30,67,51,39,39,27,0,0],"gold":204,"neow_bonus":"ONE_RANDOM_RARE_CARD","is_daily":false,"chose_seed":false,"campfire_upgraded":1,"win_rate":0.0,"timestamp":1609540532,"path_taken":["M","M","M","?","$","E","?","E","T","R","?","$","M","E","R","BOSS","M","M","?","M","?"],"items_purchased_type":["Card","Card"],"build_version":"2020-12-22","purchased_purges":1,"victory":false,"max_hp_per_floor":[75,75,75,75,75,75,75,75,75,75,75,75,77,79,79,79,79,81,83,83,83,83,83],"card_choices":[{"not_picked":["Go for the Eyes","Lockon"],"picked":"Sweeping Beam","floor":1},{"not_picked":["Gash","Streamline"],"picked":"Cold Snap","floor":2},{"not_picked":["Skim","Compile Driver","Leap"],"picked":"SKIP","floor":3},{"not_picked":["Sunder","Lockon"],"picked":"Conserve Battery","floor":6},{"not_picked":["Melter","Force Field"],"picked":"Cold Snap","floor":8},{"not_picked":["Hello World","Rebound+1","Hologram"],"picked":"Singing Bowl","floor":13},{"not_picked":["Amplify","Leap","Chaos"],"picked":"Singing Bowl","floor":14},{"not_picked":["Amplify","Electrodynamics"],"picked":"Echo Form","floor":16},{"not_picked":["Go for the Eyes+1","Hologram","FTL+1"],"picked":"Singing Bowl","floor":18},{"not_picked":["Aggregate","Sweeping Beam+1","Gash+1"],"picked":"Singing Bowl","floor":19},{"not_picked":["Undo","Static Discharge"],"picked":"Coolheaded","floor":21}],"player_experience":421655,"relics_obtained":[{"floor":6,"key":"Mercury Hourglass"},{"floor":8,"key":"Singing Bowl"},{"floor":9,"key":"Molten Egg 2"},{"floor":14,"key":"Pen Nib"},{"floor":17,"key":"Regal Pillow"},{"floor":17,"key":"Matryoshka"},{"floor":17,"key":"WingedGreaves"}],"event_choices":[{"damage_healed":0,"gold_gain":0,"player_choice":"Grow","damage_taken":0,"max_hp_gain":0,"max_hp_loss":0,"event_name":"Living Wall","floor":4,"gold_loss":0,"cards_upgraded":["Zap"]},{"damage_healed":25,"gold_gain":0,"player_choice":"Banana","damage_taken":0,"max_hp_gain":0,"max_hp_loss":0,"event_name":"Big Fish","floor":7,"gold_loss":0},{"damage_healed":0,"gold_gain":0,"player_choice":"Entered Light","damage_taken":15,"max_hp_gain":0,"max_hp_loss":0,"event_name":"Shining Light","floor":11,"gold_loss":0,"cards_upgraded":["Defend_B","Defend_B"]},{"damage_healed":0,"gold_gain":0,"player_choice":"1 cards matched","damage_taken":0,"max_hp_gain":0,"max_hp_loss":0,"event_name":"Match and Keep!","floor":20,"gold_loss":0,"cards_obtained":["Purity"]}],"is_beta":false,"boss_relics":[{"not_picked":["Empty Cage","Fusion Hammer"],"picked":"Calling Bell"}],"items_purged_floors":[12],"is_endless":false,"potions_floor_spawned":[3,6,8,16,18,19],"killed_by":"Centurion and Healer","ascension_level":7}}