{"host":"350rh84kbmtekt58","time":1609545136,"event":{"mods":["AchievementEnabler","Act Like it!","BaseMod","Better Synergies","Block Reminder","CapriCore","Challenge The Spire","Colored Map","Colored Powertips","Communication Mod","Downfall","Energized Spire","Friendly Minions","GifTheSpireLib","Highlight Path","Minty Spire (QoL Compilation)","Quick Restart","Replay The Spire","Shop Mod","StSLib","The Animator","The Disciple","The Immortal","The Marked","The Runesmith","The Servant 0.9.4","The Wild Card","Transform Curses","yUi"],"gold_per_floor":[110,128,138,138,103,103,103],"floor_reached":6,"playtime":536,"items_purged":[],"score":36,"play_id":"eda82acd-cfec-46af-97d9-73a1ff58b05e","local_time":"20210101175216","is_ascension_mode":false,"campfire_choices":[],"circlet_count":0,"master_deck":["Strike_P","Strike_P","Strike_P","Strike_P","Defend_P","Defend_P","Defend_P","Defend_P","Eruption","Vigilance","Prostrate","FollowUp","Replay:Anticipation"],"relics":["PureWater","NeowsBlessing","Golden Idol"],"acts_visited":["Exordium"],"potions_floor_usage":[],"damage_taken":[{"damage":0,"enemies":"Cultist","floor":1,"turns":1},{"damage":0,"enemies":"2 Louse","floor":2,"turns":1},{"damage":0,"enemies":"Small Slimes","floor":3,"turns":1},{"damage":96,"enemies":"Lagavulin","floor":6,"turns":15}],"seed_played":"674993949750852633","potions_obtained":[],"is_trial":false,"path_per_floor":["M","M","M","?","?","E"],"character_chosen":"WATCHER","items_purchased":[],"campfire_rested":0,"item_purchase_floors":[],"current_hp_per_floor":[72,72,72,54,72,0,0],"gold":103,"neow_bonus":"THREE_ENEMY_KILL","is_daily":false,"chose_seed":false,"campfire_upgraded":0,"win_rate":0.0,"timestamp":1609545136,"path_taken":["M","?","M","?","?","E"],"items_purchased_type":[],"build_version":"2020-12-22","purchased_purges":0,"victory":false,"max_hp_per_floor":[72,72,72,72,72,72,72],"card_choices":[{"not_picked":["FollowUp","JustLucky"],"picked":"Prostrate","floor":1},{"not_picked":["BowlingBash","Replay:AtTheReady"],"picked":"FollowUp","floor":2},{"not_picked":["FollowUp","Crescendo"],"picked":"Replay:Anticipation","floor":3}],"player_experience":179911,"relics_obtained":[],"event_choices":[{"damage_healed":0,"gold_gain":0,"player_choice":"Take Damage","damage_taken":18,"relics_obtained":["Golden Idol"],"max_hp_gain":0,"max_hp_loss":0,"event_name":"Golden Idol","floor":4,"gold_loss":0},{"damage_healed":18,"gold_gain":0,"player_choice":"Healed","damage_taken":0,"max_hp_gain":0,"max_hp_loss":0,"event_name":"The Cleric","floor":5,"gold_loss":35}],"is_beta":false,"boss_relics":[],"items_purged_floors":[],"is_endless":false,"potions_floor_spawned":[],"killed_by":"Lagavulin","ascension_level":0}}