{"host":"758m3734uc3348yu","time":1609481500,"event":{"mods":["AchievementEnabler","BaseMod","Beaked The Cultist","BetterRewards","Clockwork Mod","Downfall","Hermit","Hubris","Infinite Spire","Minty Spire (QoL Compilation)","Replay The Spire","Spicy Shops","StSLib","The Cursed","The Gatherer","The Hierophant","The Marked"],"gold_per_floor":[131,306,306,306,326,326,326,354,382,403,403,403,449,449,449,453,453,567,567,591,591,615,615,645,649,649],"floor_reached":25,"playtime":1443,"items_purged":[],"score":193,"play_id":"b395cb60-7fcf-4d1b-92e6-5b421b287281","local_time":"20210101001140","is_ascension_mode":false,"campfire_choices":[{"floor":12.0,"key":"REST"},{"floor":14.0,"key":"REST"},{"floor":17.0,"key":"DIG"}],"circlet_count":0,"master_deck":["Strike_B","Strike_B","Strike_B","Strike_B+1","Defend_B","Defend_B+1","Defend_B","Defend_B","Zap","Dualcast","Go for the Eyes","Doubt","Streamline","Doom and Gloom","Defragment","Double Energy","Creative AI","Panic Button","Auto Shields","Rebound+1"],"relics":["Cracked Core","Replay:Bandana","infinitespire:SolderingIron","infinitespire:FocusingShard","ReplayTheSpireMod:TigerMarble","Ancient Tea Set","Nuclear Battery","hubris:BottledHeart"],"acts_visited":["Exordium","TheCity"],"potions_floor_usage":[20],"damage_taken":[{"damage":0.0,"enemies":"Small Slimes","floor":1.0,"turns":3.0},{"damage":7.0,"enemies":"Jaw Worm","floor":5.0,"turns":3.0},{"damage":1.0,"enemies":"infinitespire:Voidling","floor":8.0,"turns":4.0},{"damage":16.0,"enemies":"Blue Slaver","floor":9.0,"turns":3.0},{"damage":0.0,"enemies":"Large Slime","floor":10.0,"turns":4.0},{"damage":0.0,"enemies":"3 Louse","floor":16.0,"turns":1.0},{"damage":37.0,"enemies":"Hexaghost","floor":18.0,"turns":7.0},{"damage":25,"enemies":"Shell Parasite","floor":20,"turns":5},{"damage":0,"enemies":"3 Byrds","floor":22,"turns":6},{"damage":0,"enemies":"Snecko","floor":24,"turns":5},{"damage":9,"enemies":"Nightmare","floor":25,"turns":8}],"seed_played":"6028600109252466739","potions_obtained":[{"floor":1.0,"key":"CultistPotion"},{"floor":5.0,"key":"SmokeBomb"},{"floor":10.0,"key":"FearPotion"},{"floor":18.0,"key":"SteroidPotion"}],"is_trial":false,"path_per_floor":["M","?","?","?","M","PTL","PTL","M","M","M","T","R","T","R","?","M","R","B",null,"M","?","M","AVR","M","NM"],"character_chosen":"DEFECT","items_purchased":[],"campfire_rested":2,"item_purchase_floors":[],"current_hp_per_floor":[75,75,75,60,53,53,53,52,36,36,36,58,58,75,75,75,75,38,75,50,1,1,1,1,0,0],"gold":649,"neow_bonus":"RANDOM_COMMON_RELIC","is_daily":false,"chose_seed":false,"campfire_upgraded":0,"win_rate":0.0,"timestamp":1609481500,"path_taken":["M","?","?","?","?","PTL","PTL","M","?","M","T","R","?","R","?","M","R","BOSS","M","?","M","AVR","M","NM"],"items_purchased_type":[],"build_version":"2020-12-22","purchased_purges":0,"victory":false,"max_hp_per_floor":[75,75,75,75,75,75,75,75,75,75,75,75,75,75,75,75,75,75,75,75,1,1,1,1,1,1],"card_choices":[{"not_picked":["Panic Button","Hologram"],"picked":"Go for the Eyes","floor":1.0},{"not_picked":["Leap","Barrage"],"picked":"Streamline","floor":5.0},{"not_picked":["Lockon","Barrage"],"picked":"Doom and Gloom","floor":8.0},{"not_picked":["Barrage","ReplayTheSpireMod:Reroute Power"],"picked":"Defragment","floor":9.0},{"not_picked":["Rebound","Steam"],"picked":"Double Energy","floor":10.0},{"not_picked":["ReplayTheSpireMod:Omega Cannon","Buffer"],"picked":"Creative AI","floor":18.0},{"not_picked":["Streamline","Crystallizer"],"picked":"Panic Button","floor":20},{"not_picked":["Go for the Eyes","Steam"],"picked":"Auto Shields","floor":22},{"not_picked":["Glacier","Self Repair"],"picked":"Rebound+1","floor":24}],"player_experience":190192,"relics_obtained":[{"floor":3.0,"key":"infinitespire:SolderingIron"},{"floor":11.0,"key":"infinitespire:FocusingShard"},{"floor":13.0,"key":"ReplayTheSpireMod:TigerMarble"},{"floor":17.0,"key":"Ancient Tea Set"}],"event_choices":[{"damage_healed":0.0,"max_hp_gain":0.0,"max_hp_loss":0.0,"gold_gain":175.0,"event_name":"Liars Game","player_choice":"AGREE","floor":2.0,"gold_loss":0.0,"damage_taken":0.0,"cards_obtained":["Doubt"]},{"damage_healed":0.0,"max_hp_gain":0.0,"max_hp_loss":0.0,"gold_gain":0.0,"event_name":"Shining Light","player_choice":"Entered Light","floor":4.0,"gold_loss":0.0,"damage_taken":15.0,"cards_upgraded":["Defend_B","Strike_B"]}],"is_beta":false,"boss_relics":[{"not_picked":["Ring of Chaos","Painkiller Herb"],"picked":"Nuclear Battery"}],"items_purged_floors":[],"is_endless":false,"potions_floor_spawned":[1,5,10,18],"killed_by":"Nightmare","ascension_level":0}}