{"host":"z9grmtg2w0nmz8n1","time":1609513656,"event":{"mods":["Aspiration","Bard","BaseMod","Beaked The Cultist","Better Altar","Better Match","Better Note","Better Sensory Stone","Better Skull","Better Third Choice","BetterRewards","CCEM","Colored Map","Conspire","Downfall","GifTheSpireLib","Googly Eyes","Halation","Hermit","Highlight Path","Hubris","Hunter ??","Jedi Mod","Jorbs\u0027s Wanderer Trilogy","Mad Scientist","Marisa????????","Minty Spire (QoL Compilation)","Permanent Neow","Replay The Spire","Shade Mod","Shop Mod","Spicy Shops","StSLib","Stuff the Spire","The Bug Knight","The Construct","The Necromancer","The Runesmith","The Witch"],"gold_per_floor":[113,113,63,7,24,41,76,76,76,76,108,137,162,173,173,368,368,379,579,579,599,613,613,613],"floor_reached":23,"playtime":1028,"items_purged":[],"score":219,"play_id":"79203631-0f8d-48d9-8a50-03795f148b28","local_time":"20210101130736","is_ascension_mode":true,"campfire_choices":[{"floor":15,"key":"RECALL"}],"circlet_count":0,"master_deck":["Strike_B","Strike_B","Strike_B","Defend_B","Defend_B","Defend_B","Defend_B","Zap","Dualcast","Streamline","Gash","Streamline+1","Go for the Eyes+1"],"relics":["Cracked Core","ReplayTheSpireMod:Ring of Exchange","halation:Trompette","StuffTheSpire:ForceGauntlet","hubris:Icosahedron","CaptainsWheel","Odd Mushroom","Molten Egg 2","jedi:hotpepper"],"acts_visited":["Exordium","TheCity"],"potions_floor_usage":[7,7,16,18],"damage_taken":[{"damage":0,"enemies":"conspire:RoseBush","floor":1,"turns":4},{"damage":0,"enemies":"Small Slimes","floor":5,"turns":3},{"damage":6,"enemies":"2 Louse","floor":6,"turns":3},{"damage":24,"enemies":"Gremlin Nob","floor":7,"turns":4},{"damage":20,"enemies":"3 Sentries","floor":11,"turns":6},{"damage":11,"enemies":"The Mushroom Lair","floor":12,"turns":5},{"damage":13,"enemies":"Gremlin Nob","floor":13,"turns":4},{"damage":13,"enemies":"Red Slaver","floor":14,"turns":3},{"damage":43,"enemies":"Slime Boss","floor":16,"turns":11},{"damage":10,"enemies":"3 Byrds","floor":18,"turns":3},{"damage":4,"enemies":"conspire:FuzzyDice","floor":21,"turns":5},{"damage":14,"enemies":"Centurion and Healer","floor":22,"turns":4},{"damage":29,"enemies":"Book of Stabbing","floor":23,"turns":4}],"seed_played":"1830370021012136296","potions_obtained":[{"floor":5,"key":"Explosive Potion"},{"floor":6,"key":"Guardian:BlockOnCardUsePotion"},{"floor":13,"key":"Weak Potion"},{"floor":16,"key":"ColorlessPotion"},{"floor":21,"key":"FocusPotion"}],"is_trial":false,"path_per_floor":["M","?","?","?","M","M","E","?","T","?","E","?","E","M","R_BF","B",null,"M","?","?","M","M","E"],"character_chosen":"DEFECT","items_purchased":[],"campfire_rested":0,"item_purchase_floors":[],"current_hp_per_floor":[75,75,75,75,75,69,45,45,45,38,18,7,62,49,49,6,56,46,46,46,42,28,0,0],"gold":613,"neow_bonus":"THREE_CARDS","is_daily":false,"chose_seed":false,"campfire_upgraded":0,"win_rate":0.0,"timestamp":1609513656,"path_taken":["M","?","?","?","M","?","E","?","T","?","E","?","E","M","R_BF","BOSS","M","?","?","M","?","E"],"items_purchased_type":[],"build_version":"2020-12-22","purchased_purges":0,"victory":false,"max_hp_per_floor":[75,75,75,75,75,75,75,75,75,75,75,75,75,75,75,75,56,56,56,56,56,56,56,56],"card_choices":[{"not_picked":["Panic Button","jedi:blockon"],"picked":"Streamline","floor":0},{"not_picked":["jedi:BurstFrost","ReplayTheSpireMod:Dual Polarity"],"picked":"Gash","floor":1},{"not_picked":["Rebound","Melter","jedi:BurstLightning"],"picked":"SKIP","floor":5},{"not_picked":["Glacier","Amplify","Stack"],"picked":"SKIP","floor":6},{"not_picked":["BootSequence","jedi:hex","ReplaySolidLightProjector"],"picked":"SKIP","floor":7},{"not_picked":["Barrage","jedi:BurstFrost","Turbo"],"picked":"SKIP","floor":11},{"not_picked":["Self Repair","StuffTheSpire:Plugnplay","Aggregate"],"picked":"SKIP","floor":13},{"not_picked":["Compile Driver+1","Loop","Chaos"],"picked":"SKIP","floor":14},{"not_picked":["Time Bomb","jedi:hex+1"],"picked":"Streamline+1","floor":18},{"not_picked":["Rebound+1","Loop"],"picked":"Go for the Eyes+1","floor":21},{"not_picked":["Hello World","Doom and Gloom+1","Redo"],"picked":"SKIP","floor":22}],"player_experience":751000,"relics_obtained":[{"floor":2,"key":"ReplayTheSpireMod:Ring of Exchange"},{"floor":7,"key":"StuffTheSpire:ForceGauntlet"},{"floor":11,"key":"CaptainsWheel"},{"floor":12,"key":"Odd Mushroom"},{"floor":13,"key":"Molten Egg 2"}],"event_choices":[{"cards_removed":["Languid"],"damage_healed":0,"gold_gain":0,"player_choice":"Card Removal","damage_taken":0,"max_hp_gain":0,"max_hp_loss":0,"event_name":"The Cleric","floor":3,"gold_loss":50},{"damage_healed":0,"gold_gain":0,"player_choice":"Paid Gold","damage_taken":0,"relics_obtained":["halation:Trompette"],"max_hp_gain":0,"max_hp_loss":0,"event_name":"WeMeetAgain","floor":4,"gold_loss":56},{"cards_removed":["Strike_B"],"damage_healed":0,"gold_gain":0,"player_choice":"Card Removal","damage_taken":7,"max_hp_gain":0,"max_hp_loss":0,"event_name":"Golden Wing","floor":10,"gold_loss":0},{"damage_healed":0,"gold_gain":0,"player_choice":"Fought Mushrooms","damage_taken":0,"max_hp_gain":0,"max_hp_loss":0,"event_name":"Mushrooms","floor":12,"gold_loss":0},{"damage_healed":0,"gold_gain":200,"player_choice":"Gold","damage_taken":0,"max_hp_gain":0,"max_hp_loss":0,"event_name":"Wheel of Change","floor":19,"gold_loss":0},{"damage_healed":0,"gold_gain":0,"player_choice":"Ignored","damage_taken":0,"max_hp_gain":0,"max_hp_loss":0,"event_name":"Transmorgrifier","floor":20,"gold_loss":0}],"is_beta":false,"boss_relics":[{"not_picked":["Strange Spoon","Velvet Choker"],"picked":"jedi:hotpepper"}],"items_purged_floors":[],"is_endless":false,"potions_floor_spawned":[5,6,13,16,21],"killed_by":"Book of Stabbing","ascension_level":1}}