{"host":"92108ef2q9tm8rod","time":1609460813,"event":{"mods":["BaseMod","Defuse TimeMaze Blight","Minty Spire (QoL Compilation)","StSLib","The Jungle"],"gold_per_floor":[112,132,148,159,169,169,169,196,208,145,145,145,145,172,172,268,268,278,278,292,192,210,239,256,256,256,256,108,139,154,184,184,289,289,303,34,0,17,44,44,74,74,98,127,127,127,127,141,141,141],"floor_reached":51,"playtime":3069,"items_purged":["Swivel","Collect","ClearTheMind+1"],"score":1171,"play_id":"6e985cee-0178-4b1b-8c19-f1fd1d951f30","local_time":"20210101002653","daily_mods":["SealedDeck","Purple Cards","Heirloom","Flight"],"is_ascension_mode":false,"campfire_choices":[{"data":"ClearTheMind","floor":6.0,"key":"SMITH"},{"data":"Deflect","floor":7.0,"key":"SMITH"},{"data":"Blur","floor":11.0,"key":"SMITH"},{"data":"Blur","floor":12.0,"key":"SMITH"},{"data":"Dodge and Roll","floor":13.0,"key":"SMITH"},{"data":"PathToVictory","floor":15.0,"key":"SMITH"},{"data":"Leg Sweep","floor":25.0,"key":"SMITH"},{"data":"Slice","floor":27.0,"key":"SMITH"},{"data":"Poisoned Stab","floor":32.0,"key":"SMITH"},{"data":"Protect","floor":40,"key":"SMITH"},{"floor":42,"key":"REST"},{"data":"Finesse","floor":46,"key":"SMITH"},{"floor":49,"key":"REST"}],"circlet_count":0,"master_deck":["Consecrate+1","Poisoned Stab+1","Protect+1","Slice+1","Deflect+1","Leg Sweep+1","Choke+1","PathToVictory+1","Blur+1","Dodge and Roll+1","Blur+1","Finesse+1"],"relics":["Ring of the Snake","Thread and Needle","MawBank","White Beast Statue","Pantograph","SlaversCollar","Frozen Egg 2","Meat on the Bone","Medical Kit","Centennial Puzzle","Lantern","Busted Crown","ClockworkSouvenir","Red Mask","Whetstone","Orichalcum","Bag of Marbles","StrikeDummy"],"acts_visited":["Exordium","Exordium","TheBeyond"],"potions_floor_usage":[33,33,44,50],"damage_taken":[{"damage":0.0,"enemies":"Small Slimes","floor":1.0,"turns":3.0},{"damage":0.0,"enemies":"Jaw Worm","floor":2.0,"turns":2.0},{"damage":0.0,"enemies":"Cultist","floor":3.0,"turns":4.0},{"damage":0.0,"enemies":"2 Fungi Beasts","floor":4.0,"turns":4.0},{"damage":0.0,"enemies":"Exordium Wildlife","floor":5.0,"turns":3.0},{"damage":0.0,"enemies":"Gremlin Nob","floor":8.0,"turns":3.0},{"damage":0.0,"enemies":"Lagavulin","floor":14.0,"turns":5.0},{"damage":0.0,"enemies":"The Guardian","floor":16.0,"turns":11.0},{"damage":0.0,"enemies":"Shell Parasite","floor":18.0,"turns":7.0},{"damage":0.0,"enemies":"theJungle:GiantWrat","floor":20.0,"turns":4.0},{"damage":0.0,"enemies":"theJungle:Lyon","floor":22.0,"turns":4.0},{"damage":0.0,"enemies":"theJungle:MamaSnecko","floor":23.0,"turns":5.0},{"damage":0.0,"enemies":"theJungle:SlimyTreeVines","floor":24.0,"turns":10.0},{"damage":0.0,"enemies":"theJungle:Cassacara","floor":29.0,"turns":6.0},{"damage":0.0,"enemies":"theJungle:2_Snecko_Cultists","floor":30.0,"turns":5.0},{"damage":0.0,"enemies":"theJungle:2_Phrogs","floor":31.0,"turns":6.0},{"damage":0,"enemies":"theJungle:FunGuy","floor":33,"turns":9},{"damage":0,"enemies":"3 Shapes","floor":35,"turns":5},{"damage":0,"enemies":"Orb Walker","floor":38,"turns":4},{"damage":0,"enemies":"Nemesis","floor":41,"turns":7},{"damage":0,"enemies":"Giant Head","floor":44,"turns":9},{"damage":0,"enemies":"Transient","floor":48,"turns":5},{"damage":0,"enemies":"Time Eater","floor":50,"turns":17}],"seed_played":"7758420220394589538","potions_obtained":[{"floor":3.0,"key":"DistilledChaos"},{"floor":4.0,"key":"GamblersBrew"},{"floor":8.0,"key":"Poison Potion"},{"floor":14.0,"key":"SpeedPotion"},{"floor":16.0,"key":"Regen Potion"},{"floor":18.0,"key":"GhostInAJar"},{"floor":20.0,"key":"SkillPotion"},{"floor":22.0,"key":"Explosive Potion"},{"floor":23.0,"key":"FearPotion"},{"floor":29.0,"key":"SteroidPotion"},{"floor":30.0,"key":"SteroidPotion"},{"floor":31.0,"key":"AttackPotion"},{"floor":33,"key":"SmokeBomb"},{"floor":35,"key":"ColorlessPotion"},{"floor":38,"key":"Ancient Potion"},{"floor":41,"key":"Strength Potion"},{"floor":44,"key":"Swift Potion"},{"floor":48,"key":"PowerPotion"}],"is_trial":true,"path_per_floor":["M","M","M","M","M","R","R","E","T","$","R","R","R","E","R","B",null,"M","?","M","$","M","E","M","R","T","R","$","E","M","E","R","B",null,"M","$","?","M","T","R","E","R","T","E","?","R","$","M","R","B",null],"character_chosen":"THE_SILENT","items_purchased":["Medical Kit","ClockworkSouvenir"],"campfire_rested":2,"item_purchase_floors":[28,36],"current_hp_per_floor":[70,70,70,70,70,70,70,70,70,70,70,70,70,70,70,70,70,70,70,70,70,70,70,70,70,70,70,70,70,70,70,70,70,70,70,70,70,70,70,70,70,70,70,70,70,70,70,70,70,70],"gold":141,"neow_bonus":"","is_daily":false,"chose_seed":false,"campfire_upgraded":11,"win_rate":0.0,"timestamp":1609460813,"path_taken":["M","M","M","M","M","R","R","E","T","$","R","R","R","E","R","BOSS","M","?","M","$","M","E","M","R","T","R","$","E","M","E","R","BOSS","M","$","?","M","?","R","E","R","T","E","?","R","$","?","R","BOSS"],"items_purchased_type":["Relic","Relic"],"build_version":"2020-12-22","purchased_purges":3,"victory":true,"max_hp_per_floor":[70,70,70,70,70,70,70,70,70,70,70,70,70,70,70,70,70,70,70,70,70,70,70,70,70,70,70,70,70,70,70,70,70,70,70,70,70,70,70,70,70,70,70,70,70,70,70,70,70,70],"card_choices":[{"not_picked":["JustLucky","EmptyMind"],"picked":"PathToVictory","floor":1.0},{"not_picked":["Consecrate","Cloak And Dagger"],"picked":"Blur","floor":2.0},{"not_picked":["Dash","Outmaneuver"],"picked":"Dodge and Roll","floor":3.0},{"not_picked":["Tantrum","Dagger Throw","FollowUp"],"picked":"SKIP","floor":4.0},{"not_picked":["JustLucky","Crescendo","ReachHeaven"],"picked":"SKIP","floor":5.0},{"not_picked":["Escape Plan","Weave"],"picked":"Blur","floor":8.0},{"not_picked":["Bane","Slice","ThirdEye"],"picked":"SKIP","floor":14.0},{"not_picked":["Leg Sweep","FlyingSleeves+1","Acrobatics"],"picked":"SKIP","floor":18.0},{"not_picked":["Cloak And Dagger","Endless Agony","Terror"],"picked":"SKIP","floor":20.0},{"not_picked":["Wireheading","Halt","Prostrate"],"picked":"SKIP","floor":22.0},{"not_picked":["Noxious Fumes+1","ClearTheMind","Slice"],"picked":"SKIP","floor":23.0},{"not_picked":["JustLucky","FlurryOfBlows","Evaluate"],"picked":"SKIP","floor":24.0},{"not_picked":["Consecrate+1","CutThroughFate","Prostrate"],"picked":"SKIP","floor":29.0},{"not_picked":["Indignation","FlurryOfBlows+1","Cloak And Dagger"],"picked":"SKIP","floor":30.0},{"not_picked":["EmptyFist","Omniscience","Well Laid Plans+1"],"picked":"SKIP","floor":31.0},{"not_picked":["Blur"],"picked":"SKIP","floor":35},{"not_picked":["Slice+1"],"picked":"SKIP","floor":38},{"not_picked":["All Out Attack"],"picked":"SKIP","floor":41},{"not_picked":["Dash+1"],"picked":"SKIP","floor":44},{"not_picked":[],"picked":"Finesse","floor":45},{"not_picked":["ThirdEye"],"picked":"SKIP","floor":48}],"player_experience":3219448,"relics_obtained":[{"floor":8.0,"key":"MawBank"},{"floor":9.0,"key":"White Beast Statue"},{"floor":14.0,"key":"Pantograph"},{"floor":23.0,"key":"Frozen Egg 2"},{"floor":26.0,"key":"Meat on the Bone"},{"floor":29.0,"key":"Centennial Puzzle"},{"floor":31.0,"key":"Lantern"},{"floor":39,"key":"Whetstone"},{"floor":41,"key":"Orichalcum"},{"floor":43,"key":"Bag of Marbles"},{"floor":44,"key":"StrikeDummy"}],"event_choices":[{"damage_healed":0,"gold_gain":0,"player_choice":"Paid","damage_taken":0,"relics_obtained":["Red Mask"],"max_hp_gain":0,"max_hp_loss":0,"event_name":"Tomb of Lord Red Mask","floor":37,"gold_loss":34},{"damage_healed":0,"gold_gain":0,"player_choice":"Memory 1","damage_taken":0,"max_hp_gain":0,"max_hp_loss":0,"event_name":"SensoryStone","floor":45,"gold_loss":0}],"is_beta":false,"boss_relics":[{"not_picked":["Cursed Key","HoveringKite"],"picked":"SlaversCollar"},{"not_picked":["Coffee Dripper","Black Star"],"picked":"Busted Crown"}],"items_purged_floors":[10,21,36],"is_endless":false,"potions_floor_spawned":[3,4,8,14,16,18,20,22,23,24,29,30,31,33,35,38,41,44,48],"ascension_level":0}}