{"host":"Sumable","time":1609470590,"event":{"mods":["AchievementEnabler","BaseMod","Better Note","BetterRewards","Googly Eyes","Hermit","Minty Spire (QoL Compilation)","Quick Restart","Shop Mod","StSLib","The Cursed","everything is the same but u backflip on backflip","slay the spire mod where everything is the same but ironclad has a cowboy hat"],"gold_per_floor":[119,133,148,161,180,214,214,243,270,270,298,298,317,327,327,398,398,411,67,79,79,79,79,79],"floor_reached":23,"playtime":2424,"items_purged":[],"score":351,"play_id":"d34b01fc-a141-4265-b82a-a8539ad2222f","local_time":"20201231200950","is_ascension_mode":true,"campfire_choices":[{"floor":7.0,"key":"REST"},{"floor":10.0,"key":"REST"},{"floor":12.0,"key":"REST"},{"floor":15,"key":"REST"}],"circlet_count":0,"master_deck":["AscendersBane","Strike_R","Strike_R","Strike_R","Strike_R","Strike_R","Defend_R+1","Defend_R+1","Defend_R","Defend_R","Bash","Hemokinesis","Reckless Charge","Carnage","Reckless Charge","Dark Embrace","Pommel Strike","Reaper","Shrug It Off","Feel No Pain","Seeing Red","Feed","Feel No Pain","Havoc","Shrug It Off","Writhe"],"relics":["Burning Blood","NeowsBlessing","War Paint","Pen Nib","Bronze Scales","Smiling Mask","Fusion Hammer","Chemical X","Ancient Tea Set","Anchor"],"acts_visited":["Exordium","TheCity"],"potions_floor_usage":[16,20,23,23],"damage_taken":[{"damage":0.0,"enemies":"Cultist","floor":1.0,"turns":1.0},{"damage":0.0,"enemies":"Small Slimes","floor":2.0,"turns":1.0},{"damage":0.0,"enemies":"Jaw Worm","floor":3.0,"turns":1.0},{"damage":2.0,"enemies":"Large Slime","floor":4.0,"turns":2.0},{"damage":27.0,"enemies":"Gremlin Gang","floor":5.0,"turns":4.0},{"damage":39.0,"enemies":"3 Sentries","floor":6.0,"turns":7.0},{"damage":43.0,"enemies":"Lagavulin","floor":8.0,"turns":5.0},{"damage":36.0,"enemies":"3 Sentries","floor":11.0,"turns":5.0},{"damage":26.0,"enemies":"Lots of Slimes","floor":13.0,"turns":3.0},{"damage":2,"enemies":"Large Slime","floor":14,"turns":4},{"damage":31,"enemies":"Slime Boss","floor":16,"turns":9},{"damage":15,"enemies":"Spheric Guardian","floor":18,"turns":5},{"damage":15,"enemies":"2 Thieves","floor":20,"turns":3},{"damage":86,"enemies":"Gremlin Leader","floor":23,"turns":11}],"seed_played":"8660386964952403220","potions_obtained":[{"floor":2.0,"key":"Ancient Potion"},{"floor":3.0,"key":"Fire Potion"},{"floor":4.0,"key":"GamblersBrew"},{"floor":14,"key":"Strength Potion"},{"floor":16,"key":"Ancient Potion"},{"floor":18,"key":"ColorlessPotion"},{"floor":20,"key":"SteroidPotion"}],"is_trial":false,"path_per_floor":["M","M","M","M","M","E","R","E","T","R","E","R","M","M","R","B",null,"M","$","M","?","?","E"],"character_chosen":"IRONCLAD","items_purchased":["Chemical X","Ancient Tea Set","Feel No Pain"],"campfire_rested":4,"item_purchase_floors":[19,19,19],"current_hp_per_floor":[78,80,80,80,59,26,50,13,13,37,15,39,39,51,75,57,74,68,68,62,62,62,0,0],"gold":79,"neow_bonus":"THREE_ENEMY_KILL","is_daily":false,"chose_seed":false,"campfire_upgraded":0,"win_rate":0.0,"timestamp":1609470590,"path_taken":["M","M","M","M","?","E","R","E","T","R","E","R","M","M","R","BOSS","M","$","M","?","?","E"],"items_purchased_type":["Relic","Relic","Card"],"build_version":"2020-12-18","purchased_purges":0,"victory":false,"max_hp_per_floor":[80,80,80,80,80,80,80,80,80,80,80,80,80,80,80,80,80,83,83,86,86,86,86,86],"card_choices":[{"not_picked":["Cleave","Wild Strike"],"picked":"Hemokinesis","floor":1.0},{"not_picked":["Headbutt","Warcry"],"picked":"Reckless Charge","floor":2.0},{"not_picked":["Clothesline","Clash"],"picked":"Carnage","floor":3.0},{"not_picked":["Havoc","Rampage"],"picked":"Reckless Charge","floor":4.0},{"not_picked":["Flex","Clash"],"picked":"Dark Embrace","floor":5.0},{"not_picked":["Clothesline","Searing Blow"],"picked":"Pommel Strike","floor":6.0},{"not_picked":["Barricade","Shrug It Off"],"picked":"Reaper","floor":8.0},{"not_picked":["Blood for Blood","Body Slam"],"picked":"Shrug It Off","floor":11.0},{"not_picked":["Spot Weakness","Whirlwind"],"picked":"Feel No Pain","floor":13.0},{"not_picked":["Perfected Strike","Pummel"],"picked":"Seeing Red","floor":14},{"not_picked":["Exhume","Immolate"],"picked":"Feed","floor":16},{"not_picked":["Heavy Blade","True Grit","Thunderclap"],"picked":"SKIP","floor":18},{"not_picked":["Twin Strike","Headbutt+1"],"picked":"Havoc","floor":20}],"player_experience":1020135,"relics_obtained":[{"floor":6.0,"key":"War Paint"},{"floor":8.0,"key":"Pen Nib"},{"floor":9.0,"key":"Bronze Scales"},{"floor":11.0,"key":"Smiling Mask"}],"event_choices":[{"damage_healed":0,"gold_gain":0,"player_choice":"Read","damage_taken":0,"max_hp_gain":0,"max_hp_loss":0,"event_name":"The Library","floor":21,"gold_loss":0,"cards_obtained":["Shrug It Off"]},{"damage_healed":0,"gold_gain":0,"player_choice":"Opened","damage_taken":0,"relics_obtained":["Anchor"],"max_hp_gain":0,"max_hp_loss":0,"event_name":"The Mausoleum","floor":22,"gold_loss":0,"cards_obtained":["Writhe"]}],"is_beta":true,"boss_relics":[{"not_picked":["Runic Dome","Sozu"],"picked":"Fusion Hammer"}],"items_purged_floors":[],"is_endless":false,"potions_floor_spawned":[2,3,4,14,16,18,20],"killed_by":"Gremlin Leader","ascension_level":13}}