{"host":"5fasz840ryq7obdf","time":1609502299,"event":{"mods":["AchievementEnabler","BaseMod","Bestiary","Better Altar","Better Skull","Better Third Choice","BetterRewards","Block Reminder","Colored Powertips","Curses Come First","Highlight Path","Minty Spire (QoL Compilation)","Quick Restart","Relic Sorter","Relic Stats","Replay The Spire","Shop Mod","Spicy Shops","StSLib","SuperFastMode"],"gold_per_floor":[131,167,167,167,167,241,339,372,372,372,441,441,482,566,566,689,689,707,707,751,751,772,772,810,239,239,278,278,319,339,379,379,475,475,545,640,653,46,120,196,529,587,668,668,766,856,856,906,906,951,951,951,951,67,98,98],"floor_reached":57,"playtime":6030,"items_purged":["Strike_G","Strike_G","Hallucinations","Defend_G","Strike_G","Normality"],"score":3571,"play_id":"e6038977-6553-444f-a287-40a861fa65f7","local_time":"20210101115819","is_ascension_mode":true,"campfire_choices":[{"floor":12.0,"key":"REST"},{"floor":15.0,"key":"REST"},{"floor":23.0,"key":"REST"},{"data":"Envenom","floor":32.0,"key":"SMITH"},{"floor":44.0,"key":"RECALL"},{"data":"Infinite Blades","floor":47.0,"key":"SMITH"},{"floor":49.0,"key":"DIG"},{"floor":53.0,"key":"DIG"}],"circlet_count":0,"master_deck":["AscendersBane","Strike_G","Defend_G","Defend_G","Defend_G","Defend_G","Survivor","Neutralize","HandOfGreed+1","Accuracy+1","Backflip","Replay:BasicMightCard","ReplayTheSpireMod:Scrap Shanks","Hidden Blade","Hidden Blade","Replay:Bootleg Shield Generator","Atom Bomb","Flash of Steel+1","Blade Dance","Prepared","Backflip","Replay:Bag of Tricks","ReplayTheSpireMod:Shiv Toss","Finisher","Envenom+1","AbeCurse","Cloak And Dagger","Outmaneuver+1","Backflip","Infinite Blades+1","Footwork","Blade Dance","ReplayTheSpireMod:Necrosis","ReplayTheSpireMod:The Works+1","Prepared","ReplayTheSpireMod:Speed Training","Adrenaline","Footwork","Accuracy","Acrobatics","A Thousand Cuts","Choke+1","Parasite","Backflip+1","Adrenaline","Hidden Blade","Cloak And Dagger","ReplayTheSpireMod:Speed Training+1","Skewer+1","Secret Technique+1","Fluid Movement+1","Acrobatics+1","PiercingWail"],"relics":["Ring of the Snake","ReplayTheSpireMod:Ring of Challenge","Membership Card","HandDrill","Bird Faced Urn","BargainBundle","Ring of Peace","Ancient Tea Set","Shovel","Iron Hammer","Letter Opener","White Beast Statue","Ornamental Fan","Abe\u0027s Treasure","Tiny Chest","Bag of Marbles","Shuriken","Potion Belt","Snake Skull","Whetstone","Regal Pillow","Durian","Pear","HoveringKite","Mummified Hand","OrangePellets","Nunchaku","Mercury Hourglass","TwistedFunnel","Centennial Puzzle","Chameleon Ring","Vajra","Blood Vial","Pen Nib","Golden Egg","Replay:Towering Pillar of Hats","Toolbox","Art of War","Garlic","Replay:Baseball"],"acts_visited":["Exordium","TheCity","TheBeyond","TheEnding"],"potions_floor_usage":[56],"damage_taken":[{"damage":1.0,"enemies":"Cultist","floor":1.0,"turns":4.0},{"damage":1.0,"enemies":"Jaw Worm","floor":2.0,"turns":9.0},{"damage":32.0,"enemies":"3 Sentries","floor":6.0,"turns":8.0},{"damage":0.0,"enemies":"2 Louse","floor":7.0,"turns":5.0},{"damage":0.0,"enemies":"Lagavulin","floor":8.0,"turns":5.0},{"damage":9.0,"enemies":"3 Sentries","floor":11.0,"turns":6.0},{"damage":21.0,"enemies":"Gremlin Nob","floor":13.0,"turns":4.0},{"damage":7.0,"enemies":"Looter","floor":14.0,"turns":4.0},{"damage":17.0,"enemies":"Hexaghost","floor":16.0,"turns":8.0},{"damage":11.0,"enemies":"Spheric Guardian","floor":18.0,"turns":4.0},{"damage":33.0,"enemies":"3 Byrds","floor":20.0,"turns":6.0},{"damage":12.0,"enemies":"Sentry and Sphere","floor":22.0,"turns":5.0},{"damage":17.0,"enemies":"Book of Stabbing","floor":24.0,"turns":5.0},{"damage":32.0,"enemies":"Gremlin Leader","floor":27.0,"turns":6.0},{"damage":15.0,"enemies":"Slavers","floor":29.0,"turns":6.0},{"damage":0.0,"enemies":"Snecko","floor":30.0,"turns":2.0},{"damage":0.0,"enemies":"Gremlin Leader","floor":31.0,"turns":5.0},{"damage":0.0,"enemies":"Pondfish","floor":33.0,"turns":5.0},{"damage":0.0,"enemies":"Orb Walker","floor":35.0,"turns":3.0},{"damage":0.0,"enemies":"3 Darklings","floor":36.0,"turns":4.0},{"damage":0.0,"enemies":"Spire Growth","floor":37.0,"turns":3.0},{"damage":13.0,"enemies":"Sphere and 2 Shapes","floor":39.0,"turns":4.0},{"damage":0.0,"enemies":"R_Hoarder","floor":40.0,"turns":5.0},{"damage":0.0,"enemies":"Writhing Mass","floor":42.0,"turns":4.0},{"damage":0.0,"enemies":"Giant Head","floor":45.0,"turns":3.0},{"damage":0.0,"enemies":"Jaw Worm Horde","floor":46.0,"turns":2.0},{"damage":0.0,"enemies":"R_Hoarder","floor":48.0,"turns":3.0},{"damage":67.0,"enemies":"Time Eater","floor":50.0,"turns":8.0},{"damage":0.0,"enemies":"Awakened One","floor":51.0,"turns":5.0},{"damage":0.0,"enemies":"Shield and Spear","floor":55.0,"turns":2.0},{"damage":30,"enemies":"The Heart","floor":56,"turns":5}],"seed_played":"4351327260289733972","potions_obtained":[{"floor":2.0,"key":"SteroidPotion"},{"floor":11.0,"key":"FairyPotion"},{"floor":27.0,"key":"Swift Potion"},{"floor":29.0,"key":"LiquidMemories"},{"floor":30.0,"key":"Reflective Coating"},{"floor":31.0,"key":"EssenceOfSteel"},{"floor":33.0,"key":"Elixir"},{"floor":35.0,"key":"Death Potion"},{"floor":37.0,"key":"Toxic Potion"},{"floor":42.0,"key":"SteroidPotion"}],"is_trial":false,"path_per_floor":["M","M","?","?","?","E","M","E","T","T","E","R","E","M","R","B",null,"M","?","M","?","M","R","E","$","T","E","?","E","M","E","R","B",null,"M","M","M","$","M","E","?","M","T","R","E","M","R","E","R","B","B",null,"R","$","E","B",null],"character_chosen":"THE_SILENT","items_purchased":["Membership Card","HandOfGreed","HandDrill","Accuracy+1","Bird Faced Urn","Backflip","Replay:BasicMightCard","BargainBundle","ReplayTheSpireMod:Scrap Shanks","Hidden Blade","Replay:Bootleg Shield Generator","Atom Bomb","Flash of Steel","Bag of Marbles","Shuriken","Potion Belt","Footwork","Snake Skull","Accuracy","OrangePellets","Nunchaku","Acrobatics","Mercury Hourglass","TwistedFunnel","Replay:Towering Pillar of Hats","Toolbox","ReplayTheSpireMod:Speed Training","SpeedPotion","DuplicationPotion","Art of War","Skewer","Secret Technique","Fluid Movement","Garlic","Acrobatics+1"],"campfire_rested":3,"item_purchase_floors":[0,0,0,0,0,0,0,0,0,0,0,0,0,25,25,25,25,25,38,38,38,38,38,38,54,54,54,54,54,54,54,54,54,54,54],"current_hp_per_floor":[33,38,38,38,38,10,14,20,20,20,17,35,20,15,33,22,51,48,53,24,24,16,34,27,27,27,5,5,23,29,51,51,63,72,75,75,75,75,64,75,75,75,75,75,75,75,75,75,75,14,32,64,64,64,75,59],"gold":98,"neow_bonus":"","is_daily":false,"chose_seed":false,"campfire_upgraded":2,"win_rate":0.0,"timestamp":1609502299,"path_taken":["M","?","?","?","?","E","M","E","T","?","E","R","E","M","R","BOSS","M","?","?","?","?","R","E","$","T","E","?","E","M","E","R","BOSS","M","M","M","$","?","E","?","M","T","R","E","M","R","E","R","BOSS","BOSS","R","$","E","BOSS"],"items_purchased_type":["Relic","Card","Relic","Card","Relic","Card","Card","Relic","Card","Card","Card","Card","Card","Relic","Relic","Relic","Card","Relic","Card","Relic","Relic","Card","Relic","Relic","Relic","Relic","Card","Potion","Potion","Relic","Card","Card","Card","Relic","Card"],"build_version":"2020-12-22","purchased_purges":6,"victory":true,"max_hp_per_floor":[66,66,60,60,60,60,60,60,60,60,60,60,60,60,60,60,60,60,60,60,60,60,60,60,60,60,60,60,65,65,75,75,75,75,75,75,75,75,75,75,75,75,75,75,75,75,75,75,75,75,75,75,75,75,75,75],"relic_stats":{"Regal Pillow":0,"counters":[90,434],"HoveringKite":[33],"Snake Skull":[177],"Pen Nib":[7],"Letter Opener":[607],"Whetstone":["Flash of Steel","HandOfGreed"],"Mercury Hourglass":[94],"Blood Vial":4,"OrangePellets":[19],"Nunchaku":[14],"Centennial Puzzle":[6],"Shovel":2,"Ornamental Fan":[324],"Shuriken":[62],"Mummified Hand":[83],"Bird Faced Urn":[181],"Tiny Chest":0,"HandDrill":[102],"Art of War":[0],"obtain_stats":[{"Ice Cream":43,"TwistedFunnel":44,"Divine Protection":31,"Golden Egg":53,"Vajra":0,"HoveringKite":34,"Whetstone":43,"Bottled Tornado":46,"Boot":25,"Blood Vial":48,"Replay:Ringing Soul":11,"Centennial Puzzle":50,"HornCleat":25,"Strawberry":25,"Honey Jar":36,"Prayer Wheel":15,"Iron Hammer":9,"HandDrill":0,"Kunai":27,"Girya":0,"Pear":31,"ReplayTheSpireMod:CursedCoin":23,"Oddly Smooth Stone":44,"Pen Nib":49,"Letter Opener":10,"Paper Crane":0,"Question Card":46,"Du-Vu Doll":48,"OrangePellets":0,"Replay:Baseball":55,"ReplayTheSpireMod:Shallot":13,"Shuriken":25,"Bronze Scales":48,"Bird Faced Urn":0,"Simple Rune":42,"Pandora\u0027s Box":19,"Black Star":19,"Mirror":27,"ReplayTheSpireMod:DimensionalGlitch":36,"Abe\u0027s Treasure":17,"ReplayFunnel":22,"Darkstone Periapt":48,"Lantern":49,"Regal Pillow":27,"StoneCalendar":29,"Snake Skull":23,"Ancient Tea Set":6,"Nunchaku":11,"Dream Catcher":31,"Replay:Bandana":8,"Shovel":8,"Chameleon Ring":45,"Mummified Hand":49,"Ring of Peace":5,"Toolbox":40,"Tiny Chest":24,"WingedGreaves":39,"Red Mask":33,"Chemical X":44,"InkBottle":44,"Ring of the Snake":0,"Potion Belt":25,"BargainBundle":0,"Replay:Towering Pillar of Hats":54,"Golden Idol":3,"Quantum Egg":50,"Basket Of Snakes":0,"PreservedInsect":0,"The Courier":15,"Omamori":31,"Orichalcum":27,"MawBank":3,"Replay:Arrowhead":42,"White Beast Statue":11,"Mercury Hourglass":38,"Anchor":45,"Ornamental Fan":44,"Orrery":0,"Art of War":0,"Garlic":10,"Bag of Marbles":25,"Durian":29,"Membership Card":0,"ReplayTheSpireMod:Ring of Challenge":5,"ReplayTheSpireMod:Lightbulb":8,"TungstenRod":0,"FossilizedHelix":10},{"Ice Cream":21,"TwistedFunnel":21,"Divine Protection":13,"Golden Egg":88,"Vajra":0,"HoveringKite":77,"Whetstone":51,"Bottled Tornado":22,"Boot":11,"Blood Vial":86,"Replay:Ringing Soul":32,"Centennial Puzzle":25,"HornCleat":11,"Strawberry":40,"Honey Jar":15,"Prayer Wheel":35,"Iron Hammer":64,"HandDrill":59,"Kunai":12,"Girya":59,"Pear":76,"ReplayTheSpireMod:CursedCoin":39,"Oddly Smooth Stone":21,"Pen Nib":86,"Letter Opener":64,"Paper Crane":0,"Question Card":22,"Du-Vu Doll":23,"OrangePellets":57,"Replay:Baseball":89,"ReplayTheSpireMod:Shallot":5,"Shuriken":72,"Bronze Scales":23,"Bird Faced Urn":27,"Simple Rune":20,"Pandora\u0027s Box":37,"Black Star":9,"Mirror":12,"ReplayTheSpireMod:DimensionalGlitch":46,"Abe\u0027s Treasure":68,"ReplayFunnel":10,"Darkstone Periapt":53,"Lantern":24,"Regal Pillow":73,"StoneCalendar":41,"Snake Skull":39,"Ancient Tea Set":62,"Nunchaku":5,"Dream Catcher":13,"Replay:Bandana":31,"Shovel":64,"Chameleon Ring":84,"Mummified Hand":24,"Ring of Peace":61,"Toolbox":49,"Tiny Chest":72,"WingedGreaves":18,"Red Mask":45,"Chemical X":21,"InkBottle":21,"Ring of the Snake":0,"Potion Belt":72,"BargainBundle":0,"Replay:Towering Pillar of Hats":88,"Golden Idol":61,"Quantum Egg":25,"Basket Of Snakes":59,"PreservedInsect":0,"The Courier":35,"Omamori":43,"Orichalcum":40,"MawBank":1,"Replay:Arrowhead":20,"White Beast Statue":65,"Mercury Hourglass":80,"Anchor":21,"Ornamental Fan":21,"Orrery":57,"Art of War":0,"Garlic":32,"Bag of Marbles":72,"Durian":74,"Membership Card":0,"ReplayTheSpireMod:Ring of Challenge":61,"ReplayTheSpireMod:Lightbulb":4,"TungstenRod":0,"FossilizedHelix":5},{"Ice Cream":117,"TwistedFunnel":117,"Divine Protection":71,"Golden Egg":427,"Vajra":0,"HoveringKite":383,"Whetstone":243,"Bottled Tornado":123,"Boot":58,"Blood Vial":414,"Replay:Ringing Soul":168,"Centennial Puzzle":138,"HornCleat":58,"Strawberry":194,"Honey Jar":82,"Prayer Wheel":178,"Iron Hammer":317,"HandDrill":286,"Kunai":65,"Girya":286,"Pear":378,"ReplayTheSpireMod:CursedCoin":191,"Oddly Smooth Stone":117,"Pen Nib":414,"Letter Opener":317,"Paper Crane":0,"Question Card":123,"Du-Vu Doll":128,"OrangePellets":277,"Replay:Baseball":429,"ReplayTheSpireMod:Shallot":26,"Shuriken":359,"Bronze Scales":128,"Bird Faced Urn":154,"Simple Rune":110,"Pandora\u0027s Box":186,"Black Star":46,"Mirror":65,"ReplayTheSpireMod:DimensionalGlitch":218,"Abe\u0027s Treasure":339,"ReplayFunnel":49,"Darkstone Periapt":253,"Lantern":133,"Regal Pillow":365,"StoneCalendar":197,"Snake Skull":191,"Ancient Tea Set":307,"Nunchaku":26,"Dream Catcher":71,"Replay:Bandana":165,"Shovel":317,"Chameleon Ring":409,"Mummified Hand":133,"Ring of Peace":299,"Toolbox":232,"Tiny Chest":359,"WingedGreaves":98,"Red Mask":212,"Chemical X":117,"InkBottle":117,"Ring of the Snake":0,"Potion Belt":359,"BargainBundle":0,"Replay:Towering Pillar of Hats":427,"Golden Idol":299,"Quantum Egg":138,"Basket Of Snakes":286,"PreservedInsect":0,"The Courier":178,"Omamori":205,"Orichalcum":194,"MawBank":3,"Replay:Arrowhead":110,"White Beast Statue":323,"Mercury Hourglass":393,"Anchor":117,"Ornamental Fan":117,"Orrery":277,"Art of War":0,"Garlic":168,"Bag of Marbles":359,"Durian":371,"Membership Card":0,"ReplayTheSpireMod:Ring of Challenge":299,"ReplayTheSpireMod:Lightbulb":17,"TungstenRod":0,"FossilizedHelix":26}],"Ring of the Snake":[180]},"card_choices":[{"not_picked":["Cloak And Dagger","Bane"],"picked":"Blade Dance","floor":1.0},{"not_picked":["Toxin Wave","Flying Knee"],"picked":"Prepared","floor":2.0},{"not_picked":["Underhanded Strike","Deflect"],"picked":"Backflip","floor":6.0},{"not_picked":["Flechettes","Dagger Spray"],"picked":"Replay:Bag of Tricks","floor":7.0},{"not_picked":["Poisoned Stab","PiercingWail"],"picked":"ReplayTheSpireMod:Shiv Toss","floor":8.0},{"not_picked":["ReplayTheSpireMod:Tripwire","Slice","Flying Knee"],"picked":"SKIP","floor":11.0},{"not_picked":["Slice","Dash"],"picked":"Finisher","floor":13.0},{"not_picked":["Catalyst","Predator","Bane"],"picked":"SKIP","floor":14.0},{"not_picked":["Venomology","Replay:Bag of Tricks"],"picked":"Envenom","floor":16.0},{"not_picked":["Dagger Throw+1","Underhanded Strike"],"picked":"Cloak And Dagger","floor":18.0},{"not_picked":["Blade Dance","Deflect"],"picked":"Outmaneuver+1","floor":20.0},{"not_picked":["Leg Sweep","Quick Slash"],"picked":"Infinite Blades","floor":22.0},{"not_picked":["Poison Darts","PiercingWail","Bane"],"picked":"SKIP","floor":24.0},{"not_picked":["Underhanded Strike+1","Catalyst"],"picked":"Blade Dance","floor":27.0},{"not_picked":["Flying Knee","Backflip"],"picked":"ReplayTheSpireMod:The Works+1","floor":29.0},{"not_picked":["Poisoned Stab","Deflect"],"picked":"Prepared","floor":30.0},{"not_picked":["Bouncing Flask","Caltrops+1"],"picked":"ReplayTheSpireMod:Speed Training","floor":31.0},{"not_picked":["A Thousand Cuts","ReplayTheSpireMod:Necrosis"],"picked":"Adrenaline","floor":33.0},{"not_picked":["Quick Slash","Dagger Throw+1","PiercingWail"],"picked":"SKIP","floor":35.0},{"not_picked":["Dash","Poisoned Stab+1","Riddle With Holes"],"picked":"SKIP","floor":36.0},{"not_picked":["Heel Hook","Infinite Blades"],"picked":"Footwork","floor":37.0},{"not_picked":["Flying Knee","Riddle With Holes+1"],"picked":"A Thousand Cuts","floor":39.0},{"not_picked":["Sneak Up","Outmaneuver"],"picked":"Choke+1","floor":40.0},{"not_picked":["Dagger Throw","All Out Attack"],"picked":"Backflip+1","floor":42.0},{"not_picked":["Poisoned Stab","Endless Agony+1"],"picked":"Adrenaline","floor":45.0},{"not_picked":["Eviscerate","Poisoned Stab"],"picked":"Hidden Blade","floor":46.0},{"not_picked":["Distraction","Predator"],"picked":"Cloak And Dagger","floor":48.0},{"not_picked":["Flechettes","Dagger Throw"],"picked":"PiercingWail","floor":55.0}],"player_experience":1323237,"relics_obtained":[{"floor":5.0,"key":"ReplayTheSpireMod:Ring of Challenge"},{"floor":5.0,"key":"Ring of Peace"},{"floor":6.0,"key":"Ancient Tea Set"},{"floor":8.0,"key":"Shovel"},{"floor":9.0,"key":"Iron Hammer"},{"floor":10.0,"key":"Letter Opener"},{"floor":11.0,"key":"White Beast Statue"},{"floor":13.0,"key":"Ornamental Fan"},{"floor":24.0,"key":"Tiny Chest"},{"floor":26.0,"key":"Whetstone"},{"floor":27.0,"key":"Regal Pillow"},{"floor":29.0,"key":"Durian"},{"floor":31.0,"key":"Pear"},{"floor":36.0,"key":"Mummified Hand"},{"floor":40.0,"key":"Centennial Puzzle"},{"floor":45.0,"key":"Chameleon Ring"},{"floor":45.0,"key":"Vajra"},{"floor":48.0,"key":"Blood Vial"},{"floor":49.0,"key":"Pen Nib"},{"floor":53.0,"key":"Golden Egg"},{"floor":55.0,"key":"Replay:Baseball"}],"event_choices":[{"damage_healed":0.0,"max_hp_gain":0.0,"max_hp_loss":6.0,"gold_gain":0.0,"event_name":"Golden Idol","player_choice":"Lose Max HP","floor":3.0,"gold_loss":0.0,"damage_taken":0.0,"relics_obtained":["Golden Idol"]},{"damage_healed":38.0,"max_hp_gain":0.0,"max_hp_loss":60.0,"gold_gain":0.0,"event_name":"betterThird:BetterShining","player_choice":"Embrace Burn","floor":4.0,"gold_loss":0.0,"damage_taken":0.0},{"cards_removed":["Burn"],"damage_healed":5.0,"max_hp_gain":0.0,"max_hp_loss":0.0,"gold_gain":0.0,"event_name":"Bonfire Elementals","player_choice":"Offered Common","floor":19.0,"gold_loss":0.0,"damage_taken":0.0},{"cards_removed":["Burn"],"damage_healed":5.0,"max_hp_gain":0.0,"max_hp_loss":0.0,"gold_gain":0.0,"event_name":"Bonfire Elementals","player_choice":"Offered Special","floor":19.0,"gold_loss":0.0,"damage_taken":0.0},{"damage_healed":0.0,"max_hp_gain":0.0,"max_hp_loss":0.0,"gold_gain":0.0,"event_name":"Match and Keep!","player_choice":"1 cards matched","floor":21.0,"gold_loss":0.0,"damage_taken":0.0,"cards_obtained":["Backflip"]},{"damage_healed":0.0,"max_hp_gain":0.0,"max_hp_loss":0.0,"gold_gain":0.0,"cards_transformed":["Strike_G"],"event_name":"Transmorgrifier","player_choice":"Transformed","floor":28.0,"gold_loss":0.0,"damage_taken":0.0,"cards_obtained":["ReplayTheSpireMod:Necrosis"]},{"damage_healed":0.0,"max_hp_gain":0.0,"max_hp_loss":0.0,"gold_gain":333.0,"event_name":"The Moai Head","player_choice":"Gave Idol","floor":41.0,"relics_lost":["Golden Idol"],"gold_loss":0.0,"damage_taken":0.0}],"is_beta":false,"boss_relics":[{"not_picked":["Replay:Grab Bag","Runic Dome"],"picked":"Abe\u0027s Treasure"},{"not_picked":["Astrolabe","Calling Bell"],"picked":"HoveringKite"}],"items_purged_floors":[0,0,25,25,38,54],"is_endless":false,"potions_floor_spawned":[2,11,13,14,16,18,20,22,24,27,29,30,31,33,35,36,37,39,40,42,45,46,48,55],"ascension_level":20}}