{"host":"3qkmyeoym75lj4wn","time":1609506048,"event":{"mods":["2.2 Compatiblity","BaseMod","Block Reminder","Colored Powertips","Highlight Path","Minty Spire (QoL Compilation)","Permanent Neow","Potion Indicator Mod","Rare Cards Sparkle","Relic Stats","StSLib"],"gold_per_floor":[119,119,119,139,150,175,175,185,185,229,242,242,251,291,291,291,291],"floor_reached":16,"playtime":660,"items_purged":[],"score":240,"play_id":"a89b09df-0d95-413c-8ae4-c2a5787beb93","local_time":"20210101130048","is_ascension_mode":true,"campfire_choices":[{"data":"Uppercut","floor":7,"key":"SMITH"},{"data":"Feed","floor":12,"key":"SMITH"},{"floor":15,"key":"REST"}],"circlet_count":0,"master_deck":["AscendersBane","Strike_R","Strike_R","Strike_R","Strike_R","Strike_R","Defend_R","Defend_R","Defend_R","Defend_R","Bash","Uppercut+1","Dark Embrace","Clothesline","Iron Wave","Havoc","Feed+1","Parasite","Sword Boomerang"],"relics":["Burning Blood","NeowsBlessing","Oddly Smooth Stone","CeramicFish","Blue Candle","Champion Belt"],"acts_visited":["Exordium"],"potions_floor_usage":[6,14],"damage_taken":[{"damage":0,"enemies":"Jaw Worm","floor":1,"turns":1},{"damage":0,"enemies":"2 Louse","floor":4,"turns":1},{"damage":0,"enemies":"Cultist","floor":5,"turns":1},{"damage":32,"enemies":"Gremlin Nob","floor":6,"turns":6},{"damage":8,"enemies":"Looter","floor":8,"turns":3},{"damage":31,"enemies":"3 Sentries","floor":10,"turns":12},{"damage":6,"enemies":"Large Slime","floor":11,"turns":7},{"damage":18,"enemies":"Lagavulin","floor":14,"turns":6},{"damage":65,"enemies":"The Guardian","floor":16,"turns":14}],"seed_played":"1589613111193846688","potions_obtained":[{"floor":1,"key":"ElixirPotion"},{"floor":5,"key":"Block Potion"},{"floor":8,"key":"DuplicationPotion"},{"floor":14,"key":"ElixirPotion"}],"is_trial":false,"path_per_floor":["M","?","?","M","M","E","R","M","T","E","M","R","?","E","R","B"],"character_chosen":"IRONCLAD","items_purchased":[],"campfire_rested":1,"item_purchase_floors":[],"current_hp_per_floor":[74,74,74,75,75,49,49,47,47,22,25,25,44,32,55,0,0],"gold":291,"neow_bonus":"THREE_ENEMY_KILL","is_daily":false,"chose_seed":false,"campfire_upgraded":2,"win_rate":0.0,"timestamp":1609506048,"path_taken":["M","?","?","?","M","E","R","M","T","E","M","R","?","E","R","BOSS"],"items_purchased_type":[],"build_version":"2020-12-22","purchased_purges":0,"victory":false,"max_hp_per_floor":[75,75,75,75,75,75,75,75,75,75,78,78,78,78,78,78,78],"relic_stats":{"counters":[9,51],"CeramicFish":27,"Blue Candle":[1],"Champion Belt":[5],"obtain_stats":[{"NeowsBlessing":0,"CeramicFish":9,"Blue Candle":10,"Oddly Smooth Stone":6,"Champion Belt":14,"Burning Blood":0},{"NeowsBlessing":0,"CeramicFish":5,"Blue Candle":6,"Oddly Smooth Stone":4,"Champion Belt":8,"Burning Blood":0},{"NeowsBlessing":0,"CeramicFish":12,"Blue Candle":24,"Oddly Smooth Stone":9,"Champion Belt":37,"Burning Blood":0}],"Burning Blood":37},"card_choices":[{"not_picked":["Clash","Intimidate"],"picked":"Uppercut","floor":1},{"not_picked":["Anger","True Grit"],"picked":"Clothesline","floor":4},{"not_picked":["Armaments","Intimidate"],"picked":"Iron Wave","floor":5},{"not_picked":["Limit Break","Infernal Blade","Warcry"],"picked":"SKIP","floor":6},{"not_picked":["Warcry","Dark Embrace"],"picked":"Havoc","floor":8},{"not_picked":["Carnage","Blood for Blood"],"picked":"Feed","floor":10},{"not_picked":["Headbutt","True Grit","Burning Pact"],"picked":"SKIP","floor":11},{"not_picked":["Blood for Blood","Twin Strike"],"picked":"Sword Boomerang","floor":14}],"player_experience":1630799,"relics_obtained":[{"floor":6,"key":"Oddly Smooth Stone"},{"floor":9,"key":"CeramicFish"},{"floor":10,"key":"Blue Candle"},{"floor":14,"key":"Champion Belt"}],"event_choices":[{"damage_healed":0,"gold_gain":0,"player_choice":"Leave","damage_taken":0,"max_hp_gain":0,"max_hp_loss":0,"event_name":"The Cleric","floor":2,"gold_loss":0},{"damage_healed":0,"gold_gain":0,"player_choice":"1 cards matched","damage_taken":0,"max_hp_gain":0,"max_hp_loss":0,"event_name":"Match and Keep!","floor":3,"gold_loss":0,"cards_obtained":["Dark Embrace"]},{"damage_healed":19,"gold_gain":0,"player_choice":"Healed and dodged fight","damage_taken":0,"max_hp_gain":0,"max_hp_loss":0,"event_name":"Mushrooms","floor":13,"gold_loss":0,"cards_obtained":["Parasite"]}],"is_beta":false,"boss_relics":[],"items_purged_floors":[],"is_endless":false,"potions_floor_spawned":[1,5,8,10,14],"killed_by":"The Guardian","ascension_level":20}}