{"host":"jpcy2bclvs7juczu","time":1609460714,"event":{"mods":["AchievementEnabler","Alarm Clock","BaseMod","Block Reminder","Colored Map","Colored Powertips","Curses Come First","Filter the Spire","Minty Spire (QoL Compilation)","Quick Restart","RNG Fix","Relic Stats","StSLib","everything is the same but u backflip on backflip","ojb\u0027s Better Paths Mod","ojb\u0027s Info Mod","slay the spire mod where everything is the same but ironclad has a cowboy hat"],"gold_per_floor":[119,30,30,57,80,80,109,146,171,246,289,289,21,45,45,132,132,118,142,57,57,80,80,108,117,117,140,140,190,199,213,213,293,293,320,329,354,122,122,164,197,209,221,233,265,277,277],"floor_reached":46,"playtime":1940,"items_purged":["Pain"],"score":1056,"play_id":"81871205-5b53-440e-92fe-0785348c58aa","local_time":"20210101002514","is_ascension_mode":true,"campfire_choices":[{"data":"Hemokinesis","floor":6.0,"key":"SMITH"},{"data":"Barricade","floor":12.0,"key":"SMITH"},{"data":"Armaments","floor":15.0,"key":"SMITH"},{"data":"Evolve","floor":23.0,"key":"SMITH"},{"floor":32,"key":"REST"},{"floor":44,"key":"REST"}],"circlet_count":0,"master_deck":["AscendersBane","Strike_R","Strike_R","Strike_R","Strike_R","Defend_R","Defend_R","Defend_R","Defend_R","Bash","Barricade+1","Disarm","Hemokinesis+1","Evolve+1","Anger","Clothesline","Second Wind","Armaments+1","Feed","Fire Breathing+1","Pommel Strike+1","Body Slam","Metallicize","Power Through","Decay","Offering","Shrug It Off","Entrench","Shockwave","Body Slam","Immolate"],"relics":["Burning Blood","CeramicFish","Juzu Bracelet","Strawberry","PreservedInsect","ClockworkSouvenir","Mark of Pain","Art of War","Peace Pipe","Bird Faced Urn","Black Star","WarpedTongs","Bag of Preparation","MawBank","Happy Flower"],"acts_visited":["TheCity","TheBeyond"],"potions_floor_usage":[27,33,37,40,46],"damage_taken":[{"damage":9.0,"enemies":"Jaw Worm","floor":1.0,"turns":4.0},{"damage":2.0,"enemies":"2 Louse","floor":4.0,"turns":2.0},{"damage":4.0,"enemies":"Small Slimes","floor":5.0,"turns":3.0},{"damage":17.0,"enemies":"3 Louse","floor":7.0,"turns":6.0},{"damage":8.0,"enemies":"Gremlin Nob","floor":8.0,"turns":3.0},{"damage":34.0,"enemies":"3 Sentries","floor":11.0,"turns":11.0},{"damage":7.0,"enemies":"Large Slime","floor":14.0,"turns":6.0},{"damage":2.0,"enemies":"Hexaghost","floor":16.0,"turns":13.0},{"damage":32.0,"enemies":"2 Thieves","floor":18.0,"turns":4.0},{"damage":14.0,"enemies":"Chosen","floor":19.0,"turns":7.0},{"damage":30.0,"enemies":"Snake Plant","floor":22.0,"turns":6.0},{"damage":44.0,"enemies":"Book of Stabbing","floor":24.0,"turns":6.0},{"damage":20,"enemies":"Shelled Parasite and Fungi","floor":27,"turns":6},{"damage":3,"enemies":"Centurion and Healer","floor":31,"turns":7},{"damage":48,"enemies":"Collector","floor":33,"turns":15},{"damage":10,"enemies":"Orb Walker","floor":35,"turns":3},{"damage":44,"enemies":"3 Darklings","floor":37,"turns":5},{"damage":38,"enemies":"Nemesis","floor":40,"turns":9},{"damage":8,"enemies":"Spire Growth","floor":41,"turns":5},{"damage":46,"enemies":"Jaw Worm Horde","floor":45,"turns":6},{"damage":42,"enemies":"Reptomancer","floor":46,"turns":2}],"seed_played":"-6196245185676736348","potions_obtained":[{"floor":5.0,"key":"SteroidPotion"},{"floor":8.0,"key":"Explosive Potion"},{"floor":14.0,"key":"DuplicationPotion"},{"floor":24.0,"key":"Swift Potion"},{"floor":27,"key":"LiquidBronze"},{"floor":33,"key":"SkillPotion"},{"floor":35,"key":"EssenceOfSteel"},{"floor":40,"key":"SteroidPotion"}],"is_trial":false,"path_per_floor":["M","$","?","M","M","R","M","E","T","?","E","R","$","M","R","B",null,"M","M","?","?","M","R","E","?","T","M","?","?","?","M","R","B",null,"M","?","M","$","?","E","M","?","T","R","M","E"],"character_chosen":"IRONCLAD","items_purchased":["Hemokinesis","ClockworkSouvenir","Armaments","PowerPotion","Bag of Preparation"],"campfire_rested":2,"item_purchase_floors":[2,13,13,13,38],"current_hp_per_floor":[65,65,47,51,53,53,42,40,47,36,8,8,8,7,7,11,59,36,32,32,82,58,58,20,20,20,19,13,13,13,30,56,24,73,71,71,41,41,41,17,19,19,19,45,16,0,0],"gold":277,"neow_bonus":"THREE_RARE_CARDS","is_daily":false,"chose_seed":false,"campfire_upgraded":4,"win_rate":0.0,"timestamp":1609460714,"path_taken":["M","$","?","M","M","R","M","E","T","?","E","R","$","M","R","BOSS","M","M","?","?","M","R","E","?","T","M","?","?","?","M","R","BOSS","M","?","M","?","?","E","M","?","T","R","M","E"],"items_purchased_type":["Card","Relic","Card","Potion","Relic"],"build_version":"2020-12-22","purchased_purges":1,"victory":false,"max_hp_per_floor":[68,68,68,68,68,68,68,68,75,75,75,75,75,75,75,75,75,78,82,82,82,82,82,82,82,82,85,85,85,85,89,89,89,89,89,89,89,89,89,89,89,89,89,89,92,92,92],"relic_stats":{"Happy Flower":[4],"counters":[21,129],"CeramicFish":189,"PreservedInsect":154,"Juzu Bracelet":4,"Bag of Preparation":[8],"MawBank":72,"Burning Blood":120,"WarpedTongs":[26],"Peace Pipe":0,"Bird Faced Urn":[64],"Art of War":[14],"Black Star":1,"obtain_stats":[{"Happy Flower":40,"CeramicFish":3,"PreservedInsect":11,"Juzu Bracelet":8,"Bag of Preparation":38,"MawBank":40,"Burning Blood":0,"ClockworkSouvenir":13,"WarpedTongs":36,"Peace Pipe":24,"Strawberry":9,"Bird Faced Urn":26,"Mark of Pain":17,"Art of War":20,"Black Star":34},{"Happy Flower":18,"CeramicFish":1,"PreservedInsect":6,"Juzu Bracelet":5,"Bag of Preparation":17,"MawBank":18,"Burning Blood":0,"ClockworkSouvenir":6,"WarpedTongs":16,"Peace Pipe":12,"Strawberry":5,"Bird Faced Urn":12,"Mark of Pain":8,"Art of War":10,"Black Star":15},{"Happy Flower":116,"CeramicFish":4,"PreservedInsect":29,"Juzu Bracelet":18,"Bag of Preparation":107,"MawBank":116,"Burning Blood":0,"ClockworkSouvenir":29,"WarpedTongs":102,"Peace Pipe":71,"Strawberry":18,"Bird Faced Urn":71,"Mark of Pain":48,"Art of War":59,"Black Star":99}]},"card_choices":[{"not_picked":["Bludgeon","Demon Form"],"picked":"Barricade","floor":0.0},{"not_picked":["Wild Strike","Heavy Blade"],"picked":"Disarm","floor":1.0},{"not_picked":["Dual Wield","Perfected Strike"],"picked":"Metallicize","floor":4.0},{"not_picked":["Body Slam","Inflame"],"picked":"Evolve","floor":5.0},{"not_picked":["Havoc","Sever Soul"],"picked":"Anger","floor":7.0},{"not_picked":["Perfected Strike","Flex"],"picked":"Clothesline","floor":8.0},{"not_picked":["Headbutt","Inflame"],"picked":"Second Wind","floor":11.0},{"not_picked":["Flex","Pommel Strike"],"picked":"Metallicize","floor":14.0},{"not_picked":["Exhume","Double Tap"],"picked":"Feed","floor":16.0},{"not_picked":["Flex","Clash"],"picked":"Fire Breathing+1","floor":18.0},{"not_picked":["Seeing Red","Anger"],"picked":"Pommel Strike+1","floor":19.0},{"not_picked":["Heavy Blade","Perfected Strike"],"picked":"Body Slam","floor":22.0},{"not_picked":["Fire Breathing","Warcry","Anger+1"],"picked":"SKIP","floor":24.0},{"not_picked":["Inflame","Offering"],"picked":"Power Through","floor":27},{"not_picked":["Dropkick","Flex","Spot Weakness"],"picked":"SKIP","floor":31},{"not_picked":["Limit Break","Demon Form"],"picked":"Offering","floor":33},{"not_picked":["Twin Strike","Anger"],"picked":"Shrug It Off","floor":35},{"not_picked":["Flex+1","Carnage"],"picked":"Entrench","floor":37},{"not_picked":["Headbutt+1","Second Wind"],"picked":"Shockwave","floor":40},{"not_picked":["Cleave","Iron Wave+1"],"picked":"Body Slam","floor":41},{"not_picked":["Headbutt","Searing Blow"],"picked":"Immolate","floor":45}],"player_experience":179089,"relics_obtained":[{"floor":8.0,"key":"Juzu Bracelet"},{"floor":9.0,"key":"Strawberry"},{"floor":11.0,"key":"PreservedInsect"},{"floor":24.0,"key":"Peace Pipe"},{"floor":26.0,"key":"Bird Faced Urn"},{"floor":40,"key":"MawBank"},{"floor":40,"key":"Happy Flower"}],"event_choices":[{"damage_healed":0.0,"max_hp_gain":0.0,"max_hp_loss":0.0,"gold_gain":0.0,"event_name":"Scrap Ooze","player_choice":"Success","floor":3.0,"gold_loss":0.0,"damage_taken":18.0,"relics_obtained":["CeramicFish"]},{"damage_healed":0.0,"max_hp_gain":0.0,"max_hp_loss":0.0,"gold_gain":75.0,"event_name":"World of Goop","player_choice":"Gather Gold","floor":10.0,"gold_loss":0.0,"damage_taken":11.0},{"damage_healed":0.0,"max_hp_gain":0.0,"max_hp_loss":0.0,"gold_gain":0.0,"event_name":"Addict","player_choice":"Obtained Relic","floor":20.0,"gold_loss":85.0,"damage_taken":0.0,"relics_obtained":["Art of War"]},{"cards_removed":["Metallicize"],"damage_healed":50.0,"max_hp_gain":0.0,"max_hp_loss":0.0,"gold_gain":0.0,"event_name":"Bonfire Elementals","player_choice":"Offered Uncommon","floor":21.0,"gold_loss":0.0,"damage_taken":0.0},{"damage_healed":0.0,"max_hp_gain":0.0,"max_hp_loss":0.0,"gold_gain":0.0,"cards_transformed":["Strike_R"],"event_name":"Transmorgrifier","player_choice":"Transformed","floor":25.0,"gold_loss":0.0,"damage_taken":0.0,"cards_obtained":["Metallicize"]},{"damage_healed":0,"gold_gain":0,"player_choice":"","damage_taken":6,"max_hp_gain":0,"max_hp_loss":0,"event_name":"Knowing Skull","floor":28,"potions_obtained":[],"gold_loss":0,"cards_obtained":[]},{"damage_healed":0,"gold_gain":50,"player_choice":"Pray","damage_taken":0,"max_hp_gain":0,"max_hp_loss":0,"event_name":"Golden Shrine","floor":29,"gold_loss":0},{"damage_healed":0,"gold_gain":0,"player_choice":"Smashed Altar","damage_taken":0,"max_hp_gain":0,"max_hp_loss":0,"event_name":"Forgotten Altar","floor":30,"gold_loss":0,"cards_obtained":["Decay"]},{"damage_healed":0,"gold_gain":0,"player_choice":"Rummage","damage_taken":0,"relics_obtained":["WarpedTongs"],"max_hp_gain":0,"max_hp_loss":0,"event_name":"Accursed Blacksmith","floor":36,"gold_loss":0,"cards_obtained":["Pain"]},{"cards_removed":["Metallicize"],"damage_healed":0,"gold_gain":0,"player_choice":"Removed Power","damage_taken":0,"max_hp_gain":0,"max_hp_loss":0,"event_name":"Falling","floor":39,"gold_loss":0},{"damage_healed":0,"gold_gain":0,"player_choice":"Ignored","damage_taken":0,"max_hp_gain":0,"max_hp_loss":0,"event_name":"Mysterious Sphere","floor":42,"gold_loss":0}],"is_beta":false,"boss_relics":[{"not_picked":["Snecko Eye","Black Blood"],"picked":"Mark of Pain"},{"not_picked":["Busted Crown","Runic Cube"],"picked":"Black Star"}],"items_purged_floors":[38],"is_endless":false,"potions_floor_spawned":[5,8,14,24,27,33,35,40],"killed_by":"Reptomancer","ascension_level":20}}