{"host":"u3jctbsl7uavviuy","time":1609531292,"event":{"mods":["BaseMod","BetterRewards","GungeonMod","HololiveMod","Luminous","Marisa（F雨　魔理沙）","Minty Spire (QoL Compilation)","Relic Stats","Replay The Spire","Shop Mod","Spicy Shops","StSLib","TestMod","The Animator","The Cursed","The Gatherer","The Servant 0.9.4","WarShipGirlsR/战舰少女R mod","vexMod","篝火指南"],"gold_per_floor":[112,30,430,705,716,143,158,185,185,220,220,235,270,298,298,382,382,403,303,341,66,66,66,108,140,140,183,183,231,243,279,279,370,370,396,396,107,137,51,96,132,186,234,296,98,19,43,96,96,114],"floor_reached":51,"playtime":1970,"items_purged":["Regret","Strike_R","Pain","Strike_R"],"score":2002,"play_id":"8353dc5f-d21b-4d46-8e5c-ce49eeb39ea3","local_time":"20210102050132","is_ascension_mode":true,"campfire_choices":[{"data":"Infernal Blade","floor":11.0,"key":"SMITH"},{"data":"Offering","floor":15.0,"key":"SMITH"},{"data":"Body Slam","floor":23.0,"key":"SMITH"},{"data":"Body Slam","floor":28.0,"key":"SMITH"},{"data":"Dark Embrace","floor":32.0,"key":"SMITH"},{"data":"ReplayReversal","floor":49,"key":"SMITH"}],"circlet_count":0,"master_deck":["AscendersBane","Strike_R","Strike_R","Strike_R","Defend_R","Defend_R","Defend_R","Defend_R","Bash","Shrug It Off","Dark Embrace+1","Battle Trance","Second Wind","Offering+1","Cleave","Infernal Blade+1","Metallicize","Body Slam+1","Flame Barrier+1","Body Slam+1","Power Through+1","Juggernaut","Master of Strategy","Offering","ReplayReversal+1","Double Energy+1"],"relics":["Burning Blood","testmod-ObsoleteBoomerang","Calipers","Toolbox","Lantern","ClockworkSouvenir","Nunchaku","Mercury Hourglass","DemoMod:RingOfEthereal","Replay:Bandana","Replay:Grab Bag","Philosopher\u0027s Stone","Sozu","Mark of Pain","testmod-SaigiyounoYou","Singing Bowl","testmod-Hope","Gambling Chip","testmod-BalancedPeriapt","Matryoshka","Blood Vial","Membership Card","Ice Cream","Durian","vexMod:GhostlyGear","Snack Pack","DemoMod:GlassGuonStoneRelic","DemoMod:GundromedaStrain","testmod-Antiphasic","Toy Ornithopter","DemoMod:NanoMachines","PrismaticShard","Orrery","ReplayTheSpireMod:TigerMarble","Anchor"],"acts_visited":["Exordium","TheCity","TheBeyond"],"potions_floor_usage":[],"damage_taken":[{"damage":8.0,"enemies":"2 Louse","floor":1.0,"turns":3.0},{"damage":5.0,"enemies":"Cultist","floor":5.0,"turns":3.0},{"damage":0.0,"enemies":"Jaw Worm","floor":7.0,"turns":2.0},{"damage":1.0,"enemies":"Gremlin Nob","floor":8.0,"turns":3.0},{"damage":14.0,"enemies":"Lagavulin","floor":10.0,"turns":2.0},{"damage":0.0,"enemies":"Looter","floor":12.0,"turns":1.0},{"damage":0.0,"enemies":"3 Sentries","floor":13.0,"turns":1.0},{"damage":0.0,"enemies":"Exordium Wildlife","floor":14.0,"turns":1.0},{"damage":30.0,"enemies":"Hexaghost","floor":16.0,"turns":7.0},{"damage":0.0,"enemies":"Spheric Guardian","floor":18.0,"turns":1.0},{"damage":7.0,"enemies":"2 Thieves","floor":20.0,"turns":2.0},{"damage":6.0,"enemies":"Book of Stabbing","floor":24.0,"turns":2.0},{"damage":3.0,"enemies":"Snecko","floor":25.0,"turns":3.0},{"damage":16.0,"enemies":"Slavers","floor":27.0,"turns":3.0},{"damage":6.0,"enemies":"Gremlin Leader","floor":29.0,"turns":2.0},{"damage":6.0,"enemies":"Snake Plant","floor":30.0,"turns":1.0},{"damage":14.0,"enemies":"3 Cultists","floor":31.0,"turns":3.0},{"damage":6.0,"enemies":"Champ","floor":33.0,"turns":4.0},{"damage":6.0,"enemies":"3 Darklings","floor":35.0,"turns":1.0},{"damage":6,"enemies":"Orb Walker","floor":38,"turns":1},{"damage":6,"enemies":"Nemesis","floor":40,"turns":2},{"damage":8,"enemies":"Writhing Mass","floor":41,"turns":2},{"damage":5,"enemies":"Reptomancer","floor":42,"turns":3},{"damage":12,"enemies":"2 Orb Walkers","floor":44,"turns":1},{"damage":0,"enemies":"3 Darklings","floor":47,"turns":2},{"damage":12,"enemies":"R_Hoarder","floor":48,"turns":4},{"damage":0,"enemies":"Replay:Hell Engine","floor":50,"turns":2}],"seed_played":"-5445333148879853249","potions_obtained":[{"floor":5.0,"key":"Death Potion"},{"floor":8.0,"key":"Energy Potion"},{"floor":13.0,"key":"PowerPotion"}],"is_trial":false,"path_per_floor":["M","$","?","?","M","$","M","E","T","E","R","M","E","M","R","B",null,"M","$","M","$","T","R","E","M","T","E","R","E","M","M","R","B",null,"M","?","$","M","$","E","M","E","T","?","R","$","M","E","R","B",null],"character_chosen":"IRONCLAD","items_purchased":["Calipers","Shrug It Off","Dark Embrace","Toolbox","Offering","Lantern","ClockworkSouvenir","Singing Bowl","Membership Card","Ice Cream","Durian","vexMod:GhostlyGear","PrismaticShard","Orrery","ReplayTheSpireMod:TigerMarble"],"campfire_rested":0,"item_purchase_floors":[0,0,0,2,6,6,6,21,37,37,39,39,45,45,46],"current_hp_per_floor":[43,43,43,43,44,44,50,55,55,47,47,53,59,65,65,41,67,75,75,75,75,75,75,75,75,75,75,75,75,75,75,75,75,75,75,75,75,75,75,75,75,75,75,75,75,75,75,75,75,75],"gold":114,"neow_bonus":"","is_daily":false,"chose_seed":false,"campfire_upgraded":6,"win_rate":0.0,"timestamp":1609531292,"path_taken":["M","$","?","?","M","$","M","E","T","E","R","M","E","M","R","BOSS","M","$","M","$","?","R","E","?","T","E","R","E","M","M","R","BOSS","M","?","$","M","$","E","M","E","T","?","R","?","?","E","R","BOSS"],"items_purchased_type":["Relic","Card","Card","Relic","Card","Relic","Relic","Relic","Relic","Relic","Relic","Relic","Relic","Relic","Relic"],"build_version":"2020-12-22","purchased_purges":4,"victory":true,"max_hp_per_floor":[75,75,75,75,75,75,75,75,75,75,75,75,75,75,75,75,75,75,75,75,75,75,75,75,75,75,75,75,75,75,75,75,75,75,75,75,75,75,75,75,75,75,75,75,75,75,75,75,75,75],"relic_stats":{"Sozu":4,"Blood Vial":0,"Nunchaku":[12],"Singing Bowl":28,"counters":[189,786],"Gambling Chip":[39],"obtain_stats":[{"Replay:Accelerometer":9,"testmod-HeartOfStrike":43,"vexMod:MemoryStick":12,"DemoMod:AgedBell":10,"Whetstone":49,"Sling":0,"Blood Vial":29,"vexMod:InvisibilityCloak":9,"testmod-Prudence":17,"vexMod:CardConverter":17,"Sundial":28,"vexMod:EndlessSickness":34,"DemoMod:LamentConfigurum":0,"Fusion Hammer":34,"MerchantsRug":0,"testmod-TestBox":0,"Pear":45,"Blue Candle":0,"Eternal Feather":0,"Pen Nib":25,"Replay:Ancient Bell":17,"vexMod:GhostlyGear":0,"DemoMod:GundromedaStrain":42,"DemoMod:MeatBun":53,"Ooze Armor":17,"MutagenicStrength":22,"DemoMod:SerJunkan":26,"Mark of Pain":17,"Lantern":29,"Regal Pillow":7,"Singing Bowl":0,"Magic Flower":0,"testmod-EqualTreatment":27,"Blue Doll":31,"King of Hearts":0,"Bag of Preparation":0,"Burning Blood":0,"testmod-CasingShield":32,"Pet Ghost":40,"Replay:Rubber Ducky":19,"Matryoshka":27,"Toolbox":37,"testmod-ObsoleteBoomerang":3,"testmod-DeterminationOfClimber":34,"Chemical X":0,"Replay:Bottled Eggs":21,"Lee\u0027s Waffle":31,"Golden Idol":5,"DemoMod:Antibody":17,"DemoMod:PinkGuonStone":49,"Omamori":0,"Frozen Egg 2":0,"testmod-ConstraintPeriapt":6,"MawBank":40,"testmod-Hope":43,"Orrery":20,"Garlic":30,"Art of War":19,"Durian":39,"Bottled Lightning":8,"testmod-BalancedPeriapt":26,"ReplayTheSpireMod:Lightbulb":11,"Toy Ornithopter":27,"DemoMod:GreenGuonStone":28,"Ice Cream":38,"Divine Protection":23,"Tiny House":34,"Calipers":13,"Vajra":23,"testmod-BatchProcessingSystem":8,"testmod-IWantAll":0,"DemoMod:GlassGuonStoneRelic":8,"Sozu":17,"Centennial Puzzle":44,"DollysMirror":0,"Strawberry":10,"Honey Jar":17,"Prayer Wheel":10,"Philosopher\u0027s Stone":17,"Iron Hammer":14,"DemoMod:ClearGuonStone":17,"testmod-ChristmasGift":0,"Happy Flower":40,"vexMod:ScavengeHelm":17,"Replay:Grab Bag":17,"Oddly Smooth Stone":53,"Charon\u0027s Ashes":26,"War Paint":26,"testmod-SaigiyounoYou":17,"testmod-RealStoneCalender":47,"Replay:Baseball":32,"ReplayTheSpireMod:Spearhead":43,"ReplayTheSpireMod:Shallot":8,"Shuriken":0,"testmod-Acrobat":8,"Onion Ring":6,"Molten Egg 2":0,"Simple Rune":14,"DemoMod:NanoMachines":44,"ReplayTheSpireMod:TigerMarble":17,"Grinning Jar":53,"Mirror":9,"Meat on the Bone":0,"Incense Burner":25,"testmod-Nyarlathotep":47,"Replay:Mystery Machine":6,"DemoMod:WhiteGuonStone":27,"Empty Cage":31,"testmod-BouquetWithThorns":46,"PrismaticShard":45,"testmod-Charity":39,"ClockworkSouvenir":39,"Replay:Bandana":11,"testmod-CrystalShield":3,"Nunchaku":8,"testmod-Alchemist":14,"testmod-Motorcycle":0,"Gambling Chip":46,"Tiny Chest":0,"testmod-ArcanaOfDestiny":30,"DemoMod:Junk":31,"DemoMod:Armor":44,"ReplayTheSpireMod:Ninjato":42,"Quantum Egg":42,"Replay:WaspNest":24,"vexMod:FocusSash":42,"testmod-Justice":0,"testmod-IndustrialRevolution":0,"Medical Kit":0,"White Beast Statue":49,"Mercury Hourglass":9,"vexMod:Dragonfruit":25,"Calling Bell":17,"testmod-Antiphasic":13,"Anchor":0,"Pondfish Scales":10,"vexMod:BarristanHead":6,"testmod-AssaultLearning":47,"vexMod:HeadHunter":40,"Another Sword":0,"Bag of Marbles":12,"Snack Pack":23,"Membership Card":32,"DemoMod:RingOfEthereal":10},{"Replay:Accelerometer":91,"testmod-HeartOfStrike":134,"vexMod:MemoryStick":6,"DemoMod:AgedBell":119,"Whetstone":23,"Sling":56,"Blood Vial":177,"vexMod:InvisibilityCloak":144,"testmod-Prudence":65,"vexMod:CardConverter":158,"Sundial":72,"vexMod:EndlessSickness":43,"DemoMod:LamentConfigurum":56,"Fusion Hammer":75,"MerchantsRug":113,"testmod-TestBox":0,"Pear":50,"Blue Candle":86,"Eternal Feather":56,"Pen Nib":13,"Replay:Ancient Bell":122,"vexMod:GhostlyGear":56,"DemoMod:GundromedaStrain":185,"DemoMod:MeatBun":54,"Ooze Armor":149,"MutagenicStrength":68,"DemoMod:SerJunkan":71,"Mark of Pain":171,"Lantern":42,"Regal Pillow":60,"Singing Bowl":113,"Magic Flower":86,"testmod-EqualTreatment":126,"Blue Doll":16,"King of Hearts":56,"Bag of Preparation":113,"Burning Blood":0,"testmod-CasingShield":16,"Pet Ghost":108,"Replay:Rubber Ducky":10,"Matryoshka":176,"Toolbox":105,"testmod-ObsoleteBoomerang":163,"testmod-DeterminationOfClimber":103,"Chemical X":0,"Replay:Bottled Eggs":68,"Lee\u0027s Waffle":128,"Golden Idol":142,"DemoMod:Antibody":122,"DemoMod:PinkGuonStone":83,"Omamori":56,"Frozen Egg 2":0,"testmod-ConstraintPeriapt":28,"MawBank":19,"testmod-Hope":20,"Orrery":35,"Garlic":42,"Art of War":123,"Durian":182,"Bottled Lightning":5,"testmod-BalancedPeriapt":175,"ReplayTheSpireMod:Lightbulb":92,"Toy Ornithopter":40,"DemoMod:GreenGuonStone":72,"Ice Cream":106,"Divine Protection":69,"Tiny House":17,"Calipers":63,"Vajra":12,"testmod-BatchProcessingSystem":144,"testmod-IWantAll":0,"DemoMod:GlassGuonStoneRelic":5,"Sozu":171,"Centennial Puzzle":110,"DollysMirror":86,"Strawberry":155,"Honey Jar":33,"Prayer Wheel":91,"Philosopher\u0027s Stone":171,"Iron Hammer":121,"DemoMod:ClearGuonStone":122,"testmod-ChristmasGift":86,"Happy Flower":46,"vexMod:ScavengeHelm":158,"Replay:Grab Bag":171,"Oddly Smooth Stone":54,"Charon\u0027s Ashes":13,"War Paint":100,"testmod-SaigiyounoYou":171,"testmod-RealStoneCalender":22,"Replay:Baseball":16,"ReplayTheSpireMod:Spearhead":109,"ReplayTheSpireMod:Shallot":118,"Shuriken":86,"testmod-Acrobat":29,"Onion Ring":4,"Molten Egg 2":24,"Simple Rune":157,"DemoMod:NanoMachines":186,"ReplayTheSpireMod:TigerMarble":158,"Grinning Jar":84,"Mirror":60,"Meat on the Bone":139,"Incense Burner":71,"testmod-Nyarlathotep":83,"Replay:Mystery Machine":90,"DemoMod:WhiteGuonStone":101,"Empty Cage":42,"testmod-BouquetWithThorns":83,"PrismaticShard":186,"testmod-Charity":18,"ClockworkSouvenir":18,"Replay:Bandana":62,"testmod-CrystalShield":152,"Nunchaku":166,"testmod-Alchemist":93,"testmod-Motorcycle":0,"Gambling Chip":136,"Tiny Chest":113,"testmod-ArcanaOfDestiny":101,"DemoMod:Junk":74,"DemoMod:Armor":186,"ReplayTheSpireMod:Ninjato":20,"Quantum Egg":134,"Replay:WaspNest":38,"vexMod:FocusSash":134,"testmod-Justice":86,"testmod-IndustrialRevolution":86,"Medical Kit":86,"White Beast Statue":23,"Mercury Hourglass":166,"vexMod:Dragonfruit":100,"Calling Bell":158,"testmod-Antiphasic":157,"Anchor":24,"Pondfish Scales":145,"vexMod:BarristanHead":28,"testmod-AssaultLearning":52,"vexMod:HeadHunter":133,"Another Sword":0,"Bag of Marbles":32,"Snack Pack":98,"Membership Card":16,"DemoMod:RingOfEthereal":61},{"Replay:Accelerometer":385,"testmod-HeartOfStrike":530,"vexMod:MemoryStick":25,"DemoMod:AgedBell":472,"Whetstone":96,"Sling":232,"Blood Vial":760,"vexMod:InvisibilityCloak":571,"testmod-Prudence":270,"vexMod:CardConverter":695,"Sundial":308,"vexMod:EndlessSickness":180,"DemoMod:LamentConfigurum":232,"Fusion Hammer":323,"MerchantsRug":448,"testmod-TestBox":0,"Pear":207,"Blue Candle":366,"Eternal Feather":232,"Pen Nib":56,"Replay:Ancient Bell":486,"vexMod:GhostlyGear":232,"DemoMod:GundromedaStrain":777,"DemoMod:MeatBun":222,"Ooze Armor":600,"MutagenicStrength":292,"DemoMod:SerJunkan":305,"Mark of Pain":747,"Lantern":173,"Regal Pillow":244,"Singing Bowl":448,"Magic Flower":366,"testmod-EqualTreatment":502,"Blue Doll":65,"King of Hearts":232,"Bag of Preparation":448,"Burning Blood":0,"testmod-CasingShield":65,"Pet Ghost":434,"Replay:Rubber Ducky":40,"Matryoshka":758,"Toolbox":428,"testmod-ObsoleteBoomerang":727,"testmod-DeterminationOfClimber":425,"Chemical X":0,"Replay:Bottled Eggs":292,"Lee\u0027s Waffle":509,"Golden Idol":560,"DemoMod:Antibody":486,"DemoMod:PinkGuonStone":352,"Omamori":232,"Frozen Egg 2":0,"testmod-ConstraintPeriapt":107,"MawBank":82,"testmod-Hope":86,"Orrery":139,"Garlic":173,"Art of War":488,"Durian":770,"Bottled Lightning":22,"testmod-BalancedPeriapt":755,"ReplayTheSpireMod:Lightbulb":390,"Toy Ornithopter":164,"DemoMod:GreenGuonStone":306,"Ice Cream":430,"Divine Protection":295,"Tiny House":71,"Calipers":258,"Vajra":51,"testmod-BatchProcessingSystem":566,"testmod-IWantAll":0,"DemoMod:GlassGuonStoneRelic":22,"Sozu":747,"Centennial Puzzle":438,"DollysMirror":366,"Strawberry":654,"Honey Jar":132,"Prayer Wheel":385,"Philosopher\u0027s Stone":747,"Iron Hammer":479,"DemoMod:ClearGuonStone":486,"testmod-ChristmasGift":366,"Happy Flower":190,"vexMod:ScavengeHelm":695,"Replay:Grab Bag":747,"Oddly Smooth Stone":222,"Charon\u0027s Ashes":56,"War Paint":418,"testmod-SaigiyounoYou":747,"testmod-RealStoneCalender":91,"Replay:Baseball":65,"ReplayTheSpireMod:Spearhead":437,"ReplayTheSpireMod:Shallot":468,"Shuriken":366,"testmod-Acrobat":113,"Onion Ring":17,"Molten Egg 2":98,"Simple Rune":669,"DemoMod:NanoMachines":778,"ReplayTheSpireMod:TigerMarble":695,"Grinning Jar":358,"Mirror":244,"Meat on the Bone":548,"Incense Burner":305,"testmod-Nyarlathotep":352,"Replay:Mystery Machine":379,"DemoMod:WhiteGuonStone":421,"Empty Cage":173,"testmod-BouquetWithThorns":352,"PrismaticShard":778,"testmod-Charity":78,"ClockworkSouvenir":78,"Replay:Bandana":255,"testmod-CrystalShield":613,"Nunchaku":735,"testmod-Alchemist":392,"testmod-Motorcycle":0,"Gambling Chip":537,"Tiny Chest":448,"testmod-ArcanaOfDestiny":421,"DemoMod:Junk":315,"DemoMod:Armor":778,"ReplayTheSpireMod:Ninjato":86,"Quantum Egg":530,"Replay:WaspNest":151,"vexMod:FocusSash":530,"testmod-Justice":366,"testmod-IndustrialRevolution":366,"Medical Kit":366,"White Beast Statue":96,"Mercury Hourglass":735,"vexMod:Dragonfruit":418,"Calling Bell":695,"testmod-Antiphasic":669,"Anchor":98,"Pondfish Scales":578,"vexMod:BarristanHead":109,"testmod-AssaultLearning":214,"vexMod:HeadHunter":527,"Another Sword":0,"Bag of Marbles":125,"Snack Pack":411,"Membership Card":65,"DemoMod:RingOfEthereal":249}],"Burning Blood":875,"Toy Ornithopter":0,"Mercury Hourglass":[214]},"card_choices":[{"not_picked":["Warcry","Flex"],"picked":"Battle Trance","floor":1.0},{"not_picked":["ReplayTheSpireMod:Stacked","Dual Wield"],"picked":"Second Wind","floor":5.0},{"not_picked":["Anger","Bloodletting"],"picked":"Cleave","floor":7.0},{"not_picked":["Rampage","Uppercut"],"picked":"Infernal Blade","floor":8.0},{"not_picked":["Cleave","Flex","Iron Wave"],"picked":"SKIP","floor":10.0},{"not_picked":["Defy Death","Cleave","Sever Soul"],"picked":"SKIP","floor":12.0},{"not_picked":["Ghostly Armor","Iron Wave","Sword Boomerang"],"picked":"SKIP","floor":13.0},{"not_picked":["Havoc","Warcry"],"picked":"Metallicize","floor":14.0},{"not_picked":["Armaments","ReplayTheSpireMod:Limb From Limb"],"picked":"Body Slam","floor":18.0},{"not_picked":["Shrug It Off","Anger+1","Flex"],"picked":"SKIP","floor":20.0},{"not_picked":["Clash","Pommel Strike"],"picked":"Flame Barrier+1","floor":24.0},{"not_picked":["Cleave","Headbutt"],"picked":"Body Slam","floor":25.0},{"not_picked":["Feed","Replay:Undeath\u0027s Touch","ReplayTheSpireMod:Strike From Hell"],"picked":"Singing Bowl","floor":27.0},{"not_picked":["Flex+1","Wild Strike","Second Wind"],"picked":"Singing Bowl","floor":29.0},{"not_picked":["True Grit","DemoMod:WhiteBlade","ReplayTheSpireMod:Limb From Limb"],"picked":"Singing Bowl","floor":30.0},{"not_picked":["Massacre","Heavy Blade"],"picked":"Power Through+1","floor":31.0},{"not_picked":["Demon Form","Double Tap"],"picked":"Juggernaut","floor":33.0},{"not_picked":["Searing Blow","Warcry+1","Body Slam"],"picked":"Singing Bowl","floor":35.0},{"not_picked":["ReplayTheSpireMod:Trickstab","testmod-WeaknessCounterattack"],"picked":"Master of Strategy","floor":36.0},{"not_picked":["testmod-ComboMaster","testmod-RabbitOfFibonacci","Jack Of All Trades"],"picked":"Singing Bowl","floor":36.0},{"not_picked":["HandOfGreed","Dark Shackles","testmod-AutoReboundSystem"],"picked":"Singing Bowl","floor":36.0},{"not_picked":["Havoc","Sever Soul","Body Slam"],"picked":"Singing Bowl","floor":38},{"not_picked":["Warcry+1","ReplayTheSpireMod:Limb From Limb","True Grit+1"],"picked":"Singing Bowl","floor":40},{"not_picked":["Body Slam","Wild Strike+1","Perfected Strike+1"],"picked":"Singing Bowl","floor":41},{"not_picked":["Cleave","Wild Strike+1"],"picked":"Offering","floor":42},{"not_picked":["Battle Trance","Disarm"],"picked":"ReplayReversal","floor":44},{"not_picked":["TheCursedMod:VitalStrike+1","ChargingUp","ReplayTheSpireMod:Trickstab+1"],"picked":"Singing Bowl","floor":45},{"not_picked":["CutThroughFate","Armaments+1","Hello World"],"picked":"Singing Bowl","floor":45},{"not_picked":["animator:Zero+1","DeepEcoloBomb","animator:UneriGinkaku"],"picked":"Singing Bowl","floor":45},{"not_picked":["ThirdEye","Hololive_CallHoshimachiSuisei"],"picked":"Double Energy+1","floor":45},{"not_picked":["animator:Tyuule","WreathOfFlame","TheCursedMod:CursedMace"],"picked":"Singing Bowl","floor":47},{"not_picked":["Gatherer:TreeGrowth","TheCursedMod:HellfireBreathing","Warcry"],"picked":"Singing Bowl","floor":48}],"player_experience":407030,"relics_obtained":[{"floor":8.0,"key":"Nunchaku"},{"floor":9.0,"key":"Mercury Hourglass"},{"floor":10.0,"key":"DemoMod:RingOfEthereal"},{"floor":13.0,"key":"Replay:Bandana"},{"floor":22.0,"key":"testmod-Hope"},{"floor":24.0,"key":"Gambling Chip"},{"floor":26.0,"key":"testmod-BalancedPeriapt"},{"floor":27.0,"key":"Matryoshka"},{"floor":29.0,"key":"Blood Vial"},{"floor":40,"key":"Snack Pack"},{"floor":42,"key":"DemoMod:GundromedaStrain"},{"floor":43,"key":"testmod-Antiphasic"},{"floor":43,"key":"Toy Ornithopter"},{"floor":44,"key":"DemoMod:NanoMachines"},{"floor":48,"key":"Anchor"}],"event_choices":[{"damage_healed":0.0,"max_hp_gain":0.0,"max_hp_loss":0.0,"gold_gain":400.0,"event_name":"恩洛斯的盘子","player_choice":"Sell","floor":3.0,"relics_lost":["testmod-TestBox"],"gold_loss":0.0,"damage_taken":0.0},{"damage_healed":0.0,"max_hp_gain":0.0,"max_hp_loss":0.0,"gold_gain":275.0,"event_name":"Golden Shrine","player_choice":"Desecrate","floor":4.0,"gold_loss":0.0,"damage_taken":0.0,"cards_obtained":["Regret"]},{"damage_healed":0.0,"max_hp_gain":0.0,"max_hp_loss":0.0,"gold_gain":0.0,"event_name":"SensoryStone","player_choice":"Memory 3","floor":36.0,"gold_loss":0.0,"damage_taken":10.0},{"damage_healed":0,"gold_gain":0,"player_choice":"Fight","damage_taken":0,"max_hp_gain":0,"max_hp_loss":0,"event_name":"Mysterious Sphere","floor":44,"gold_loss":0}],"is_beta":false,"boss_relics":[{"not_picked":["testmod-StringDisintegrator","Astrolabe"],"picked":"Replay:Grab Bag"},{"not_picked":["Fusion Hammer","vexMod:TanglingVine"],"picked":"Philosopher\u0027s Stone"},{"not_picked":["vexMod:CursedCompass","ChewingGum"],"picked":"Sozu"},{"not_picked":["SacredBark","testmod-Nine"],"picked":"Mark of Pain"},{"not_picked":["vexMod:MysteryBossChallenge","testmod-Recursion"],"picked":"testmod-SaigiyounoYou"},{"not_picked":["Painkiller Herb","testmod-Fanaticism","Electric Blood"]}],"items_purged_floors":[6,19,37,45],"is_endless":false,"potions_floor_spawned":[5,8,13,14,18,20,25,29,38,41,44,47],"ascension_level":18}}