{"host":"lts6tz2h67nqtpoe","time":1609539042,"event":{"mods":["AchievementEnabler","BaseMod","Colored Powertips","Downfall","Googly Eyes","Minty Spire (QoL Compilation)","Permanent Neow","Quick Restart","Replay The Spire","StSLib"],"gold_per_floor":[116,134,134,149,160,160,178,178,201,211,245,245,264,299,299,397,397,412,423,435,11,24,52,52,52,52],"floor_reached":25,"playtime":1511,"items_purged":[],"score":262,"play_id":"f9610301-0097-464f-a43f-3e577591b950","local_time":"20210101141042","is_ascension_mode":false,"campfire_choices":[{"floor":6,"key":"REST"},{"data":"Streamline","floor":8,"key":"SMITH"},{"floor":12,"key":"REST"},{"floor":15,"key":"REST"}],"circlet_count":0,"master_deck":["Strike_B","Strike_B","Strike_B","Strike_B","Defend_B","Defend_B","Defend_B","Defend_B","Zap","Dualcast","Beam Cell","Gash","Ball Lightning","Sweeping Beam","Streamline+1","Amplify","Double Energy","ReplayTheSpireMod:Calculation Training","Reinforced Body","Rainbow","Reprogram","BootSequence+1","Conserve Battery","Self Repair","Capacitor+1","BasicCrystalCard+1"],"relics":["Cracked Core","NeowsBlessing","Replay:Rubber Ducky","Happy Flower","Nunchaku","SlaversCollar","Mercury Hourglass","Strawberry","Pear"],"acts_visited":["Exordium","TheCity"],"potions_floor_usage":[1,11,11,14,23],"damage_taken":[{"damage":0,"enemies":"Small Slimes","floor":1,"turns":1},{"damage":0,"enemies":"Cultist","floor":2,"turns":1},{"damage":0,"enemies":"2 Louse","floor":4,"turns":1},{"damage":19,"enemies":"Gremlin Gang","floor":5,"turns":4},{"damage":10,"enemies":"Looter","floor":7,"turns":2},{"damage":2,"enemies":"Blue Slaver","floor":10,"turns":2},{"damage":26,"enemies":"Lagavulin","floor":11,"turns":4},{"damage":13,"enemies":"Red Slaver","floor":13,"turns":2},{"damage":13,"enemies":"Gremlin Nob","floor":14,"turns":3},{"damage":31,"enemies":"Fading Forest","floor":16,"turns":11},{"damage":17,"enemies":"Spheric Guardian","floor":18,"turns":4},{"damage":8,"enemies":"3 Byrds","floor":19,"turns":6},{"damage":24,"enemies":"Snake Plant","floor":20,"turns":5},{"damage":5,"enemies":"3 Cultists","floor":22,"turns":5},{"damage":31,"enemies":"Slavers","floor":23,"turns":6},{"damage":33,"enemies":"Gremlin Leader","floor":25,"turns":6}],"seed_played":"-6100391957142373342","potions_obtained":[{"floor":1,"key":"Fruit Juice"},{"floor":7,"key":"BlessingOfTheForge"},{"floor":10,"key":"LiquidMemories"},{"floor":11,"key":"FocusPotion"},{"floor":19,"key":"Fire Potion"}],"is_trial":false,"path_per_floor":["M","M","?","M","M","R","M","R","T","M","E","R","M","E","R","B",null,"M","M","M","$","M","E","$","E"],"character_chosen":"DEFECT","items_purchased":["Mercury Hourglass","Strawberry","Self Repair"],"campfire_rested":3,"item_purchase_floors":[21,21,21],"current_hp_per_floor":[80,80,80,80,61,80,70,70,70,68,42,66,53,40,64,43,80,63,55,31,38,40,26,26,0,0],"gold":52,"neow_bonus":"THREE_ENEMY_KILL","is_daily":false,"chose_seed":false,"campfire_upgraded":1,"win_rate":0.0,"timestamp":1609539042,"path_taken":["M","M","?","M","?","R","M","R","T","M","E","R","M","E","R","BOSS","M","M","M","$","M","E","$","E"],"items_purchased_type":["Relic","Relic","Card"],"build_version":"2020-12-22","purchased_purges":0,"victory":false,"max_hp_per_floor":[80,80,80,80,80,80,80,80,80,80,80,80,80,80,80,80,80,80,80,80,87,87,97,97,97,97],"card_choices":[{"not_picked":["Reinforced Body","Steam"],"picked":"Beam Cell","floor":1},{"not_picked":["Hologram","Redo"],"picked":"Gash","floor":2},{"not_picked":["ReplayGash","Go for the Eyes"],"picked":"Ball Lightning","floor":4},{"not_picked":["Coolheaded","Cold Snap"],"picked":"Sweeping Beam","floor":5},{"not_picked":["Steam Power","ReplayTheSpireMod:Reroute Power"],"picked":"Streamline","floor":7},{"not_picked":["Cold Snap","Coolheaded"],"picked":"Amplify","floor":10},{"not_picked":["ReplayTheSpireMod:Calculation Training","ReplaySort"],"picked":"Double Energy","floor":11},{"not_picked":["Blizzard","Chill"],"picked":"ReplayTheSpireMod:Calculation Training","floor":13},{"not_picked":["Force Field","Steam"],"picked":"Reinforced Body","floor":14},{"not_picked":["Seek","Machine Learning"],"picked":"Rainbow","floor":16},{"not_picked":["Leap","Coolheaded"],"picked":"Reprogram","floor":18},{"not_picked":["BasicCrystalCard","ReplayGash+1"],"picked":"BootSequence+1","floor":19},{"not_picked":["Steam","White Noise"],"picked":"Conserve Battery","floor":20},{"not_picked":["Barrage+1","Fusion"],"picked":"Capacitor+1","floor":22},{"not_picked":["Fusion","Melter"],"picked":"BasicCrystalCard+1","floor":23}],"player_experience":309622,"relics_obtained":[{"floor":9,"key":"Replay:Rubber Ducky"},{"floor":11,"key":"Happy Flower"},{"floor":14,"key":"Nunchaku"},{"floor":23,"key":"Pear"}],"event_choices":[{"damage_healed":0,"gold_gain":0,"player_choice":"Full Heal","damage_taken":0,"max_hp_gain":0,"max_hp_loss":0,"event_name":"Wheel of Change","floor":3,"gold_loss":0}],"is_beta":false,"boss_relics":[{"not_picked":["Replay:Wanted Poster","Coffee Dripper"],"picked":"SlaversCollar"}],"items_purged_floors":[],"is_endless":false,"potions_floor_spawned":[1,7,10,11,19],"killed_by":"Gremlin Leader","ascension_level":0}}