{"host":"cjczijzq2n4uvi0v","time":1609475084,"event":{"mods":["2.2 Compatiblity","Act Like it!","Aspiration","Astrologer","BaseMod","BetterRewards","Challenge The Spire","Colored Map","Colored Powertips","Conspire","Elementarium","Gensokyo","GifTheSpireLib","GungeonMod","Halation","Hallownest","Highlight Path","Hubris","Infinite Spire","Jorbs\u0027s Wanderer Trilogy","Lobotomy","Mimic Mod","Minty Spire (QoL Compilation)","Pale of the Ancients","Permanent Neow","Rare Cards Sparkle","Replay The Spire","Shop Mod","Spikes Relics","StSLib","Stuff the Spire","The Animator","The Bug Knight","The Construct","The Disciple","The Factory","The Jungle","The Problem Sleuth","Unknown Chances","Wandering Minibosses"],"gold_per_floor":[116,132,132,132,132,147,147,1669,1669,1682,1708,1724,1739,1751,1751,1847,1847,1861,1879,1879,1895,1895,1895,1895,1911,1911,1911,1925,1959,977,1032,1032,1128,1128,1143,1143,1159,1178,1178,1178,1178],"floor_reached":40,"playtime":2106,"items_purged":["Strike_B","Strike_B+1","Strike_B"],"score":580,"play_id":"5ad90bb9-c529-4745-b21a-4f9fcc9eec73","local_time":"20210101042444","is_ascension_mode":false,"campfire_choices":[{"data":"Dualcast","floor":7,"key":"SMITH"},{"floor":15,"key":"REST"},{"data":"hubris:EnhanceAbility","floor":23,"key":"SMITH"},{"floor":27,"key":"REST"},{"data":"Storm","floor":32,"key":"SMITH"}],"circlet_count":0,"master_deck":["Zap+1","Dualcast+1","BasicCrystalCard","aspiration:Polymerization","Ball Lightning","hubris:EnhanceAbility+1","FIFO Queue","Loop","hubris:Ukulele","StuffTheSpire:ForEach","Creative AI","hubris:PowerSurge","StuffTheSpire:LoadUp","theJungle:Gourd","theJungle:Gourd","theJungle:Gourd","theJungle:Gourd","theJungle:Gourd","Ball Lightning","infinitespire:Oblivion","Turbo+1","Auto Shields","Magnetism","Bandage Up","Storm+1","Amplify","Thunder Strike","StuffTheSpire:LoadUp+1"],"relics":["StuffTheSpire:OccultApparatus","Gremlin Horn","Replay:Rubber Ducky","Ornamental Fan","Ice Cream","Busted Crown","Prayer Wheel","Cauldron","Hallownest:DreamNailRelic","StuffTheSpire:Rhapsscallions","Orichalcum","halation:Sosunser","hubris:MysteriousPyramids","halation:SelfBoilingWater","Coffee Dripper"],"acts_visited":["Hallownest:Greenpath","Hallownest:Greenpath","TheBeyond"],"potions_floor_usage":[14,28,29,29],"damage_taken":[{"damage":8,"enemies":"Hallownest:2_Tiktiks_and_1_Crawlid","floor":1,"turns":3},{"damage":12,"enemies":"Hallownest:monsterHuskGuard","floor":2,"turns":4},{"damage":2,"enemies":"2_ Uuma","floor":6,"turns":3},{"damage":12,"enemies":"Hallownest:1_Ooma_and_2_Uuma","floor":10,"turns":7},{"damage":13,"enemies":"Hallownest:eliteMossKnight","floor":11,"turns":7},{"damage":0,"enemies":"Hallownest:monsterAspidMother","floor":12,"turns":3},{"damage":3,"enemies":"Hallownest:Wandering_and_Horned","floor":13,"turns":3},{"damage":21,"enemies":"Hallownest:1_Ooma_and_2_Uuma","floor":14,"turns":6},{"damage":25,"enemies":"Hallownest:BossBrokenVessel","floor":16,"turns":7},{"damage":8,"enemies":"theJungle:GiantWrat","floor":18,"turns":5},{"damage":12,"enemies":"theJungle:MUSHROOMGANG","floor":19,"turns":5},{"damage":19,"enemies":"theJungle:Snecko_Cultist_And_Trap","floor":21,"turns":4},{"damage":0,"enemies":"theJungle:JungleHuntersEncounter","floor":25,"turns":4},{"damage":13,"enemies":"theJungle:Lyon","floor":28,"turns":3},{"damage":0,"enemies":"theJungle:2_Phrogs","floor":29,"turns":5},{"damage":1,"enemies":"Nightmare","floor":31,"turns":5},{"damage":0,"enemies":"theJungle:FunGuy","floor":33,"turns":5},{"damage":0,"enemies":"Orb Walker","floor":35,"turns":3},{"damage":0,"enemies":"3 Shapes","floor":37,"turns":4},{"damage":16,"enemies":"Sphere and 2 Shapes","floor":38,"turns":4},{"damage":65,"enemies":"Reptomancer","floor":40,"turns":2}],"seed_played":"-3826783983521081824","potions_obtained":[{"floor":1,"key":"ColorlessPotion"},{"floor":6,"key":"SkillPotion"},{"floor":10,"key":"Toxic Potion"},{"floor":13,"key":"Strength Potion"},{"floor":19,"key":"Milkshake"},{"floor":22,"key":"CultistPotion"},{"floor":29,"key":"Regen Potion"},{"floor":33,"key":"Elixir"},{"floor":35,"key":"DistilledChaos"}],"is_trial":false,"path_per_floor":["M","M","?","?","T","M","R","$","T","M","E","M","M","M","R_BF","B",null,"M","M","?","M","AVR","R","?","M","T","R","M","E","$","NM","R","B",null,"M","?","M","M","?","E"],"character_chosen":"DEFECT","items_purchased":["hubris:EnhanceAbility","Replay:Rubber Ducky","FIFO Queue","Orichalcum","halation:Sosunser","Magnetism","Bandage Up","hubris:MysteriousPyramids","Storm"],"campfire_rested":2,"item_purchase_floors":[8,8,8,30,30,30,30,30,30],"current_hp_per_floor":[67,55,55,55,55,53,53,53,53,41,28,28,25,4,26,1,75,67,55,55,36,36,36,36,36,38,61,48,48,48,51,51,55,75,75,75,75,59,59,0,0],"gold":1178,"neow_bonus":"UPGRADE_CARD","is_daily":false,"chose_seed":false,"campfire_upgraded":3,"win_rate":0.0,"timestamp":1609475084,"path_taken":["M","M","?","?","?","M","R","$","T","M","E","M","M","?","R_BF","BOSS","M","M","?","M","AVR","R","?","?","T","R","M","E","$","NM","R","BOSS","M","?","M","M","?","E"],"items_purchased_type":["Card","Relic","Card","Relic","Relic","Card","Card","Relic","Card"],"build_version":"2020-12-22","purchased_purges":3,"victory":false,"max_hp_per_floor":[75,75,75,75,75,75,75,75,75,75,75,75,75,75,75,75,75,75,75,75,75,75,75,75,75,77,77,77,77,77,77,77,75,75,75,75,75,75,75,75,75],"card_choices":[{"not_picked":["Barrage","Heatsinks"],"picked":"BasicCrystalCard","floor":1},{"not_picked":["Barrage","Melter"],"picked":"aspiration:Polymerization","floor":2},{"not_picked":["Steam","Cold Snap"],"picked":"Ball Lightning","floor":6},{"not_picked":["Streamline","ReplaySolidLightProjector"],"picked":"Loop","floor":10},{"not_picked":["Redo","Hologram"],"picked":"hubris:Ukulele","floor":11},{"not_picked":["Gash","Conserve Battery","Go for the Eyes"],"picked":"SKIP","floor":12},{"not_picked":["Rip and Tear","Conserve Battery"],"picked":"StuffTheSpire:ForEach","floor":13},{"not_picked":["Leap","Skim"],"picked":"ReplayTheSpireMod:Fabricate Wheel","floor":14},{"not_picked":["Rainbow","StuffTheSpire:LaunchingStrike"],"picked":"Creative AI","floor":16},{"not_picked":[],"picked":"hubris:PowerSurge","floor":18},{"not_picked":[],"picked":"StuffTheSpire:LoadUp","floor":19},{"not_picked":["Gash"],"picked":"SKIP","floor":19},{"not_picked":[],"picked":"Ball Lightning","floor":21},{"not_picked":["White Noise"],"picked":"SKIP","floor":21},{"not_picked":["Steam Power+1"],"picked":"SKIP","floor":25},{"not_picked":["Hologram"],"picked":"SKIP","floor":25},{"not_picked":[],"picked":"Turbo+1","floor":28},{"not_picked":["Leap"],"picked":"SKIP","floor":28},{"not_picked":[],"picked":"Auto Shields","floor":29},{"not_picked":[],"picked":"Amplify","floor":31},{"not_picked":[],"picked":"Thunder Strike","floor":33},{"not_picked":[],"picked":"StuffTheSpire:LoadUp+1","floor":35},{"not_picked":["Streamline+1"],"picked":"SKIP","floor":35},{"not_picked":["Gash"],"picked":"SKIP","floor":37},{"not_picked":["Rebound+1"],"picked":"SKIP","floor":37},{"not_picked":["DemoMod:Spice"],"picked":"SKIP","floor":38},{"not_picked":["Panic Button+1"],"picked":"SKIP","floor":38}],"player_experience":33669,"relics_obtained":[{"floor":5,"key":"Gremlin Horn"},{"floor":9,"key":"Ornamental Fan"},{"floor":11,"key":"Ice Cream"},{"floor":26,"key":"StuffTheSpire:Rhapsscallions"},{"floor":31,"key":"halation:SelfBoilingWater"}],"event_choices":[{"damage_healed":0,"gold_gain":0,"player_choice":"Leave","damage_taken":0,"max_hp_gain":0,"max_hp_loss":0,"event_name":"conspire:Investor","floor":4,"gold_loss":0}],"is_beta":false,"boss_relics":[{"not_picked":["Runic Dome","ReplayTheSpireMod:DimensionalGlitch"],"picked":"Busted Crown"},{"not_picked":["hubris:ScarierMask","halation:MonkeysPaw"],"picked":"Coffee Dripper"}],"items_purged_floors":[8,22,30],"is_endless":true,"potions_floor_spawned":[1,6,10,13,19,25,29,33,35,37],"killed_by":"Reptomancer","ascension_level":0}}