{"host":"d1za9dvx43o9v494","time":1609526742,"event":{"mods":["2.2 Compatiblity","BaseMod","Better-Laid Plans","Colored Map","Downfall","Emptier Cage","Minty Spire (QoL Compilation)","Permanent Neow","StSLib"],"gold_per_floor":[99,99,99,160,173,200,200,219,219,239,265,165,176,176,192,296,296,296,311,207,307,318,318,318,328,228,18,48,48,10,10,30,126,126,126,140,159,178,323,223,249,21,21,32,32,58,58,58,68,68,68,93,43,43,43],"floor_reached":56,"playtime":1567,"items_purged":["bronze:Strike","bronze:Strike","Writhe","bronze:ForLoop","bronze:Strike"],"score":1478,"play_id":"27155ddb-e8d4-447c-9f01-4e156685a938","local_time":"20210101214542","is_ascension_mode":false,"campfire_choices":[{"data":"bronze:Replicate","floor":1,"key":"SMITH"},{"data":"bronze:Format","floor":9,"key":"SMITH"},{"data":"bronze:Overload","floor":12,"key":"SMITH"},{"data":"bronze:Verify","floor":18,"key":"SMITH"},{"data":"bronze:GetLatest","floor":26,"key":"SMITH"},{"floor":35,"key":"RECALL"},{"data":"bronze:DonuBeam","floor":40,"key":"SMITH"},{"data":"bronze:DecaBeam","floor":43,"key":"SMITH"},{"data":"expansioncontent:DecasProtection","floor":47,"key":"SMITH"},{"data":"bronze:ForLoop","floor":54,"key":"SMITH"}],"circlet_count":0,"master_deck":["bronze:Defend+1","bronze:Defend","bronze:Defend","bronze:Defend+1","bronze:Replicate+1","bronze:Goto+1","bronze:Format+1","bronze:Spike","bronze:FineTuning","bronze:GetLatest+1","bronze:Overload+1","bronze:WhirlingStrike","bronze:Verify+1","bronze:Flail+1","bronze:DonuBeam+1","bronze:DecaBeam+1","bronze:ItsAFeature+1","bronze:Iterate+1","bronze:ForLoop+1","expansioncontent:DefensiveMode","expansioncontent:DecasProtection+1","expansioncontent:BronzeBeam","bronze:Iterate+1"],"relics":["bronze:BronzeCore","Happy Flower","Darkstone Periapt","Mango","Smiling Mask","FossilizedHelix","Bottled Lightning","downfall:HeartBlessingGreen","sneckomod:SneckoTalon","HornCleat","WingedGreaves","downfall:HeartBlessingBlue","champ:Barbells","Dream Catcher","Pantograph","MutagenicStrength","Philosopher\u0027s Stone","Lee\u0027s Waffle","downfall:HeartBlessingRed","Orichalcum","Chemical X","Torii","downfall:TeleportStone","Shuriken"],"acts_visited":["Exordium","TheCity","TheBeyond","TheEnding"],"potions_floor_usage":[16,16,16,28,33,55,55,55],"damage_taken":[{"damage":21,"enemies":"Lagavulin","floor":3,"turns":4},{"damage":68,"enemies":"Gremlin Nob","floor":4,"turns":5},{"damage":11,"enemies":"Jaw Worm","floor":5,"turns":2},{"damage":9,"enemies":"3 Sentries","floor":6,"turns":6},{"damage":0,"enemies":"Small Slimes","floor":8,"turns":2},{"damage":0,"enemies":"2 Louse","floor":10,"turns":2},{"damage":20,"enemies":"Gremlin Nob","floor":11,"turns":5},{"damage":0,"enemies":"Exordium Wildlife","floor":13,"turns":3},{"damage":0,"enemies":"Blue Slaver","floor":15,"turns":2},{"damage":0,"enemies":"downfall:Watcher","floor":16,"turns":7},{"damage":0,"enemies":"Spheric Guardian","floor":19,"turns":2},{"damage":0,"enemies":"downfall:FleeingMerchant","floor":20,"turns":4},{"damage":74,"enemies":"downfall:FleeingMerchant","floor":21,"turns":9},{"damage":9,"enemies":"Shell Parasite","floor":22,"turns":6},{"damage":8,"enemies":"Centurion and Healer","floor":25,"turns":7},{"damage":0,"enemies":"downfall:FleeingMerchant","floor":27,"turns":4},{"damage":18,"enemies":"Gremlin Leader","floor":28,"turns":5},{"damage":4,"enemies":"downfall:FleeingMerchant","floor":30,"turns":4},{"damage":13,"enemies":"Shelled Parasite and Fungi","floor":32,"turns":7},{"damage":28,"enemies":"downfall:Ironclad","floor":33,"turns":7},{"damage":0,"enemies":"3 Darklings","floor":36,"turns":3},{"damage":0,"enemies":"Orb Walker","floor":37,"turns":3},{"damage":50,"enemies":"Spire Growth","floor":38,"turns":5},{"damage":0,"enemies":"downfall:FleeingMerchant","floor":39,"turns":2},{"damage":8,"enemies":"4 Shapes","floor":44,"turns":4},{"damage":0,"enemies":"Giant Head","floor":46,"turns":6},{"damage":0,"enemies":"Sphere and 2 Shapes","floor":49,"turns":3},{"damage":49,"enemies":"downfall:Silent","floor":50,"turns":7},{"damage":64,"enemies":"downfall:CharBossMerchant","floor":52,"turns":8},{"damage":4,"enemies":"downfall:NeowBoss","floor":55,"turns":15}],"seed_played":"2386698355014723600","potions_obtained":[{"floor":11,"key":"DistilledChaos"},{"floor":13,"key":"CultistPotion"},{"floor":15,"key":"Swift Potion"},{"floor":16,"key":"LiquidMemories"},{"floor":19,"key":"PowerPotion"},{"floor":21,"key":"bronze:CleanCodePotion"},{"floor":33,"key":"Strength Potion"},{"floor":37,"key":"Dexterity Potion"},{"floor":46,"key":"Energy Potion"}],"is_trial":false,"path_per_floor":["R","?","?","?","M","E","T","M","R","M","E","R","M","?","M","B",null,"R","M","$","?","M","?","T","M","R","$","E","?","$","?","M","B",null,"R","M","M","M","$","R","T","$","R","M","?","E","R","?","M","B",null,"E","$","R","B",null],"character_chosen":"THE_AUTOMATON","items_purchased":["bronze:Flail","champ:Barbells","Lee\u0027s Waffle","Chemical X","bronze:ForLoop"],"campfire_rested":0,"item_purchase_floors":[20,27,39,42,42],"current_hp_per_floor":[70,94,73,19,8,29,29,29,29,29,9,9,9,9,9,9,108,108,108,108,34,25,25,25,17,27,27,9,15,11,11,28,25,124,124,124,124,74,131,131,131,131,131,123,113,113,113,113,113,82,131,67,67,67,88],"gold":43,"neow_bonus":"RANDOM_COMMON_RELIC","is_daily":false,"chose_seed":false,"campfire_upgraded":9,"win_rate":0.0,"timestamp":1609526742,"path_taken":["R","?","?","?","M","E","T","M","R","?","E","R","M","?","M","BOSS","R","M","$","?","M","?","T","?","R","$","E","?","$","?","M","BOSS","R","M","M","M","$","R","T","$","R","M","?","E","R","?","M","BOSS","E","$","R","BOSS"],"items_purchased_type":["Card","Relic","Relic","Relic","Card"],"build_version":"2020-12-22","purchased_purges":5,"victory":true,"max_hp_per_floor":[70,94,94,108,108,108,108,108,108,108,108,108,108,108,108,108,108,108,108,108,108,108,108,108,108,118,118,118,124,124,124,124,124,124,124,124,124,124,131,131,131,131,131,131,131,131,131,131,131,131,131,131,131,131,131],"card_choices":[{"not_picked":[],"picked":"bronze:Spike","floor":3},{"not_picked":["bronze:Turbo","bronze:CutThrough"],"picked":"bronze:FineTuning","floor":3},{"not_picked":["bronze:FineTuning","bronze:Turbo"],"picked":"bronze:ForLoop","floor":5},{"not_picked":["bronze:ShipIt","bronze:BurnOut"],"picked":"bronze:GetLatest","floor":6},{"not_picked":["bronze:BugBarrage","bronze:ChildClass","bronze:Deprecate"],"picked":"SKIP","floor":8},{"not_picked":["bronze:OilSpill","bronze:BronzeArmor"],"picked":"bronze:Overload","floor":10},{"not_picked":["bronze:Deprecate","bronze:Branch"],"picked":"bronze:WhirlingStrike","floor":11},{"not_picked":["bronze:DelayedSlice","bronze:Deprecate","bronze:MaxOutput"],"picked":"SKIP","floor":13},{"not_picked":["bronze:DelayedGuard","bronze:HardenedForm","bronze:ChildClass"],"picked":"SKIP","floor":15},{"not_picked":["bronze:Mutator","bronze:CopyPaste"],"picked":"bronze:Verify","floor":16},{"not_picked":["bronze:Iterate","bronze:Invalidate+1","bronze:DelayedSlice"],"picked":"SKIP","floor":19},{"not_picked":["bronze:ChildClass","bronze:Safeguard+1","bronze:OilSpill+1"],"picked":"SKIP","floor":20},{"not_picked":[],"picked":"bronze:DonuBeam","floor":21},{"not_picked":[],"picked":"bronze:DecaBeam","floor":21},{"not_picked":["bronze:BugBarrage+1","bronze:Branch","bronze:Allocate"],"picked":"SKIP","floor":22},{"not_picked":["bronze:BugBarrage+1","bronze:Branch","bronze:Allocate"],"picked":"SKIP","floor":22},{"not_picked":["bronze:CloningBeam","bronze:BugBarrage+1","bronze:WildBeam+1"],"picked":"SKIP","floor":25},{"not_picked":["bronze:WildBeam","bronze:CloningBeam","bronze:ChosenStrike"],"picked":"SKIP","floor":27},{"not_picked":["bronze:Safeguard+1","bronze:RecursiveStrike","bronze:Shield"],"picked":"SKIP","floor":28},{"not_picked":["bronze:CutThrough+1","bronze:CloningBeam","bronze:Format"],"picked":"SKIP","floor":30},{"not_picked":["bronze:Boost","bronze:ForLoop+1","bronze:Optimize"],"picked":"SKIP","floor":32},{"not_picked":["bronze:Invalidate+1","bronze:Allocate+1","bronze:CutThrough+1"],"picked":"SKIP","floor":36},{"not_picked":["bronze:BugBarrage+1","bronze:RecursiveStrike+1"],"picked":"bronze:ItsAFeature+1","floor":37},{"not_picked":["bronze:Frontload","bronze:BronzeOrb"],"picked":"bronze:Iterate+1","floor":38},{"not_picked":["bronze:ForLoop","bronze:Shield","bronze:Branch+1"],"picked":"SKIP","floor":39},{"not_picked":["bronze:Invalidate+1","bronze:Branch+1","bronze:WildBeam"],"picked":"SKIP","floor":44},{"not_picked":["expansioncontent:Sear","expansioncontent:GoopSpray"],"picked":"expansioncontent:DefensiveMode","floor":45},{"not_picked":["expansioncontent:ChargeUp","expansioncontent:Torchfire"],"picked":"expansioncontent:DecasProtection","floor":45},{"not_picked":["expansioncontent:DecasProtection","expansioncontent:DefensiveStance"],"picked":"expansioncontent:BronzeBeam","floor":45},{"not_picked":["bronze:BuggyMess+1","bronze:Branch","bronze:GetLatest"],"picked":"SKIP","floor":46},{"not_picked":["bronze:DelayedSlice","bronze:Philosophize+1","bronze:WhirlingStrike+1"],"picked":"SKIP","floor":49},{"not_picked":["bronze:WhirlingStrike","bronze:CopyPaste"],"picked":"bronze:Iterate+1","floor":52}],"player_experience":599678,"relics_obtained":[{"floor":4,"key":"Mango"},{"floor":6,"key":"Smiling Mask"},{"floor":7,"key":"FossilizedHelix"},{"floor":11,"key":"Bottled Lightning"},{"floor":23,"key":"HornCleat"},{"floor":28,"key":"Dream Catcher"},{"floor":41,"key":"Orichalcum"},{"floor":46,"key":"Torii"},{"floor":52,"key":"Shuriken"}],"event_choices":[{"cards_removed":["bronze:Strike"],"damage_healed":0,"gold_gain":0,"player_choice":"Card Removal","damage_taken":0,"max_hp_gain":0,"max_hp_loss":0,"event_name":"The Cleric","floor":14,"gold_loss":0},{"damage_healed":0,"gold_gain":0,"player_choice":"Relic","damage_taken":0,"max_hp_gain":0,"max_hp_loss":0,"event_name":"Wheel of Change","floor":23,"gold_loss":0},{"damage_healed":0,"gold_gain":0,"player_choice":"Inject Mutagens","damage_taken":0,"relics_obtained":["MutagenicStrength"],"max_hp_gain":0,"max_hp_loss":0,"event_name":"Drug Dealer","floor":31,"gold_loss":0}],"is_beta":false,"boss_relics":[{"not_picked":["bronze:PlatinumCore","Velvet Choker"],"picked":"sneckomod:SneckoTalon"},{"not_picked":["Busted Crown","Tiny House","bronze:MakeshiftBattery"]}],"items_purged_floors":[20,27,30,39,53],"is_endless":false,"potions_floor_spawned":[11,13,15,16,19,21,22,33,37,46,49,52],"ascension_level":0}}