{"host":"tzyzz5n7hg2ni9q2","time":1609490837,"event":{"mods":["BaseMod","Minty Spire (QoL Compilation)","Quick Restart"],"gold_per_floor":[110,110,120,130,130,161,171,198,198,211,211,225,225,237,237,333,333,351,361,361,378,388,423,423,348,371,150,165,190,215,14,14,111,111,131,148,164,179,233,261,261,261,261,274,304,19,19,45,45,45],"floor_reached":51,"playtime":1705,"items_purged":["Strike_R"],"score":834,"play_id":"70d8b5e2-268f-4b75-9ad2-8c592897ffbb","local_time":"20210101094717","is_ascension_mode":false,"campfire_choices":[{"data":"Whirlwind","floor":11.0,"key":"SMITH"},{"data":"Disarm","floor":13.0,"key":"SMITH"},{"data":"Ghostly Armor","floor":15.0,"key":"SMITH"},{"data":"Uppercut","floor":24.0,"key":"SMITH"},{"floor":32.0,"key":"REST"},{"data":"Limit Break","floor":41,"key":"SMITH"},{"floor":42,"key":"REST"},{"floor":49,"key":"REST"}],"circlet_count":0,"master_deck":["Strike_R+1","Strike_R","Strike_R","Defend_R","Defend_R+1","Defend_R","Defend_R","Ghostly Armor+1","Shrug It Off","Whirlwind+1","Limit Break","Disarm+1","Demon Form","Uppercut+1","True Grit+1","Limit Break+1","Battle Trance","Sentinel+1","Heavy Blade+1"],"relics":["Burning Blood","NeowsBlessing","Whetstone","Question Card","Paper Frog","Velvet Choker","Pear","Red Skull","Blood Vial","Red Mask","PreservedInsect","War Paint","Sozu","Charon\u0027s Ashes","WingedGreaves","Strawberry","Orichalcum","CaptainsWheel","Juzu Bracelet"],"acts_visited":["Exordium","TheCity","TheBeyond"],"potions_floor_usage":[39],"damage_taken":[{"damage":0.0,"enemies":"Cultist","floor":1.0,"turns":1.0},{"damage":0.0,"enemies":"Jaw Worm","floor":3.0,"turns":1.0},{"damage":0.0,"enemies":"Small Slimes","floor":4.0,"turns":1.0},{"damage":31.0,"enemies":"3 Sentries","floor":6.0,"turns":9.0},{"damage":11.0,"enemies":"Exordium Wildlife","floor":7.0,"turns":4.0},{"damage":12.0,"enemies":"Gremlin Nob","floor":8.0,"turns":4.0},{"damage":2.0,"enemies":"Blue Slaver","floor":10.0,"turns":3.0},{"damage":0.0,"enemies":"2 Fungi Beasts","floor":12.0,"turns":3.0},{"damage":2.0,"enemies":"3 Louse","floor":14.0,"turns":3.0},{"damage":35.0,"enemies":"Hexaghost","floor":16.0,"turns":12.0},{"damage":3.0,"enemies":"Shell Parasite","floor":18.0,"turns":6.0},{"damage":0.0,"enemies":"3 Byrds","floor":19.0,"turns":4.0},{"damage":3.0,"enemies":"Snake Plant","floor":21.0,"turns":5.0},{"damage":27.0,"enemies":"Sentry and Sphere","floor":22.0,"turns":5.0},{"damage":27.0,"enemies":"Slavers","floor":23.0,"turns":5.0},{"damage":1.0,"enemies":"3 Cultists","floor":28.0,"turns":3.0},{"damage":16.0,"enemies":"Masked Bandits","floor":29.0,"turns":3.0},{"damage":14.0,"enemies":"Book of Stabbing","floor":30.0,"turns":5.0},{"damage":53.0,"enemies":"Champ","floor":33.0,"turns":13.0},{"damage":2.0,"enemies":"Orb Walker","floor":35.0,"turns":5.0},{"damage":3,"enemies":"3 Darklings","floor":36,"turns":4},{"damage":44,"enemies":"Transient","floor":37,"turns":5},{"damage":26,"enemies":"Sphere and 2 Shapes","floor":38,"turns":8},{"damage":23,"enemies":"2 Orb Walkers","floor":39,"turns":4},{"damage":0,"enemies":"Giant Head","floor":40,"turns":5},{"damage":0,"enemies":"4 Shapes","floor":44,"turns":4},{"damage":52,"enemies":"Reptomancer","floor":45,"turns":4},{"damage":58,"enemies":"Donu and Deca","floor":50,"turns":9}],"seed_played":"-7760253625275993013","potions_obtained":[{"floor":1.0,"key":"FearPotion"},{"floor":4.0,"key":"Explosive Potion"},{"floor":7.0,"key":"Regen Potion"},{"floor":10.0,"key":"PowerPotion"},{"floor":12.0,"key":"EssenceOfSteel"},{"floor":16.0,"key":"FearPotion"},{"floor":18.0,"key":"Swift Potion"},{"floor":23.0,"key":"LiquidBronze"}],"is_trial":false,"path_per_floor":["M","?","M","M","?","E","M","E","T","M","R","M","R","M","R","B",null,"M","M","?","M","M","E","R","?","T","$","M","?","E","$","R","B",null,"M","M","M","M","?","E","R","R","T","M","E","$","?","T","R","B",null],"character_chosen":"IRONCLAD","items_purchased":["Blood Vial","War Paint","Dexterity Potion","CaptainsWheel"],"campfire_rested":3,"item_purchase_floors":[27,31,31,46],"current_hp_per_floor":[80,80,80,80,80,55,50,56,56,60,60,66,66,70,70,41,80,80,80,65,68,47,36,36,36,36,36,43,35,29,29,57,12,95,95,95,57,39,24,32,32,60,67,75,31,31,31,31,61,11],"gold":45,"neow_bonus":"THREE_ENEMY_KILL","is_daily":false,"chose_seed":false,"campfire_upgraded":5,"win_rate":0.0,"timestamp":1609490837,"path_taken":["M","?","M","M","?","E","M","E","T","M","R","M","R","M","R","BOSS","M","M","?","M","M","E","R","?","T","$","M","?","E","$","R","BOSS","M","M","M","M","?","E","R","R","T","M","E","$","?","?","R","BOSS"],"items_purchased_type":["Relic","Relic","Potion","Relic"],"build_version":"2020-12-22","purchased_purges":1,"victory":true,"max_hp_per_floor":[80,80,80,80,80,80,80,80,80,80,80,80,80,80,80,80,80,80,80,85,85,85,95,95,95,95,95,95,95,95,95,95,95,95,95,95,95,95,95,95,95,95,102,102,102,102,102,102,102,102],"card_choices":[{"not_picked":["Pummel","Reckless Charge","Hemokinesis"],"picked":"SKIP","floor":1.0},{"not_picked":["Wild Strike","Infernal Blade","Evolve"],"picked":"SKIP","floor":3.0},{"not_picked":["Wild Strike","Rupture","Havoc"],"picked":"SKIP","floor":4.0},{"not_picked":["Flex","Armaments"],"picked":"Ghostly Armor","floor":6.0},{"not_picked":["Sword Boomerang","Blood for Blood"],"picked":"Shrug It Off","floor":7.0},{"not_picked":["Havoc","Clash"],"picked":"Whirlwind","floor":8.0},{"not_picked":["Clash","Sword Boomerang","Infernal Blade"],"picked":"Limit Break","floor":10.0},{"not_picked":["Headbutt","Intimidate","Armaments"],"picked":"Disarm","floor":12.0},{"not_picked":["Limit Break","Armaments","Clash","Pommel Strike"],"picked":"SKIP","floor":14.0},{"not_picked":["Brutality","Berserk","Limit Break"],"picked":"Demon Form","floor":16.0},{"not_picked":["Clothesline+1","Armaments","Thunderclap"],"picked":"Uppercut","floor":18.0},{"not_picked":["Rampage","Thunderclap+1","Warcry","Anger"],"picked":"SKIP","floor":19.0},{"not_picked":["Perfected Strike+1","Clash","Pommel Strike","Clothesline+1"],"picked":"SKIP","floor":21.0},{"not_picked":["Perfected Strike+1","Sword Boomerang","Rampage","Feel No Pain+1"],"picked":"SKIP","floor":22.0},{"not_picked":["Power Through","Anger","Thunderclap","Flex"],"picked":"SKIP","floor":23.0},{"not_picked":["Spot Weakness","Burning Pact","Second Wind","Carnage"],"picked":"SKIP","floor":28.0},{"not_picked":["Warcry","Evolve","Ghostly Armor"],"picked":"True Grit","floor":29.0},{"not_picked":["Body Slam","Reckless Charge","Pommel Strike","Warcry"],"picked":"SKIP","floor":30.0},{"not_picked":["Corruption","Bludgeon","Exhume"],"picked":"Limit Break","floor":33.0},{"not_picked":["Heavy Blade","Dropkick+1","Bloodletting"],"picked":"Battle Trance","floor":35.0},{"not_picked":["Disarm","Flex+1","Perfected Strike+1"],"picked":"Sentinel+1","floor":36},{"not_picked":["Armaments+1","Pummel","Rage","Warcry+1"],"picked":"SKIP","floor":37},{"not_picked":["Sword Boomerang","Havoc+1","Dropkick+1"],"picked":"Heavy Blade+1","floor":38},{"not_picked":["Blood for Blood","Clash","Perfected Strike","Rage+1"],"picked":"SKIP","floor":40},{"not_picked":["Flex+1","Twin Strike","Infernal Blade","Bludgeon"],"picked":"SKIP","floor":44},{"not_picked":["Anger","Cleave","Rampage","Perfected Strike+1"],"picked":"SKIP","floor":45}],"player_experience":212390,"relics_obtained":[{"floor":6.0,"key":"Whetstone"},{"floor":8.0,"key":"Question Card"},{"floor":9.0,"key":"Paper Frog"},{"floor":23.0,"key":"Pear"},{"floor":26.0,"key":"Red Skull"},{"floor":29.0,"key":"Red Mask"},{"floor":30.0,"key":"PreservedInsect"},{"floor":39,"key":"Charon\u0027s Ashes"},{"floor":40,"key":"WingedGreaves"},{"floor":43,"key":"Strawberry"},{"floor":45,"key":"Orichalcum"},{"floor":48,"key":"Juzu Bracelet"}],"event_choices":[{"damage_healed":0.0,"max_hp_gain":0.0,"max_hp_loss":0.0,"gold_gain":0.0,"event_name":"Liars Game","player_choice":"Ignored","floor":2.0,"gold_loss":0.0,"damage_taken":0.0},{"damage_healed":0.0,"max_hp_gain":0.0,"max_hp_loss":0.0,"gold_gain":0.0,"event_name":"Living Wall","player_choice":"Grow","floor":5.0,"gold_loss":0.0,"damage_taken":0.0,"cards_upgraded":["Bash"]},{"damage_healed":0.0,"max_hp_gain":5.0,"max_hp_loss":0.0,"gold_gain":0.0,"event_name":"Forgotten Altar","player_choice":"Shed Blood","floor":20.0,"gold_loss":0.0,"damage_taken":20.0},{"cards_removed":["Bash"],"damage_healed":0.0,"max_hp_gain":0.0,"max_hp_loss":0.0,"gold_gain":0.0,"event_name":"Beggar","player_choice":"Gave Gold","floor":25.0,"gold_loss":75.0,"damage_taken":0.0},{"damage_healed":0.0,"max_hp_gain":0.0,"max_hp_loss":0.0,"gold_gain":0.0,"event_name":"Masked Bandits","player_choice":"Fought Bandits","floor":29.0,"gold_loss":0.0,"damage_taken":0.0},{"damage_healed":0,"gold_gain":0,"player_choice":"Fight","damage_taken":0,"max_hp_gain":0,"max_hp_loss":0,"event_name":"Mysterious Sphere","floor":39,"gold_loss":0},{"cards_removed":["Strike_R"],"damage_healed":0,"gold_gain":0,"player_choice":"Removed Attack","damage_taken":0,"max_hp_gain":0,"max_hp_loss":0,"event_name":"Falling","floor":47,"gold_loss":0}],"is_beta":false,"boss_relics":[{"not_picked":["SlaversCollar","Tiny House"],"picked":"Velvet Choker"},{"not_picked":["Black Blood","Pandora\u0027s Box"],"picked":"Sozu"}],"items_purged_floors":[27],"is_endless":false,"potions_floor_spawned":[1,4,7,10,12,16,18,21,23,35,37,44],"ascension_level":0}}