{"host":"klzxa3457b6fcx00","time":1609490396,"event":{"mods":["AchievementEnabler","BaseMod","Downfall","Minty Spire (QoL Compilation)","Replay The Spire","StSLib"],"gold_per_floor":[117,133,58,73,87,87,106,106,132,156,181,181,181,201,201,305,305,328,160,186,61,61,160,160,199,199,224,254,254,276,300,300,310,310],"floor_reached":33,"playtime":891,"items_purged":["Strike_B","Strike_B","Defend_B"],"score":263,"play_id":"e30a2306-e71e-421c-bc88-d3cc4eb07954","local_time":"20210101153956","is_ascension_mode":false,"campfire_choices":[{"data":"Zap","floor":6,"key":"SMITH"},{"data":"Dualcast","floor":8,"key":"SMITH"},{"data":"Doom and Gloom","floor":13,"key":"SMITH"},{"data":"Hyperbeam","floor":15,"key":"SMITH"},{"data":"Hyperbeam","floor":24,"key":"SMITH"},{"floor":29,"key":"REST"},{"floor":32,"key":"RECALL"}],"circlet_count":0,"master_deck":["Strike_B","Strike_B","Defend_B","Defend_B","Zap+1","Dualcast+1","Doom and Gloom+1","Self Repair","Conserve Battery","Compile Driver","Hyperbeam+1","Conserve Battery+1","Hyperbeam+1","Leap","Turbo+1","Sunder+1"],"relics":["Cracked Core","Replay:Bandana","Philosopher\u0027s Stone","MutagenicStrength","Turnip"],"acts_visited":["Exordium","TheCity"],"potions_floor_usage":[16,30,30,33],"damage_taken":[{"damage":0,"enemies":"2 Louse","floor":1,"turns":3},{"damage":6,"enemies":"Cultist","floor":2,"turns":3},{"damage":17,"enemies":"Small Slimes","floor":4,"turns":3},{"damage":15,"enemies":"Looter","floor":5,"turns":3},{"damage":1,"enemies":"3 Louse","floor":7,"turns":3},{"damage":4,"enemies":"Blue Slaver","floor":10,"turns":3},{"damage":1,"enemies":"Red Slaver","floor":11,"turns":3},{"damage":5,"enemies":"Looter","floor":14,"turns":3},{"damage":10,"enemies":"Slime Boss","floor":16,"turns":6},{"damage":0,"enemies":"Spheric Guardian","floor":18,"turns":3},{"damage":4,"enemies":"Shell Parasite","floor":20,"turns":3},{"damage":32,"enemies":"Slavers","floor":25,"turns":2},{"damage":1,"enemies":"Sentry and Sphere","floor":27,"turns":3},{"damage":11,"enemies":"Shelled Parasite and Fungi","floor":28,"turns":3},{"damage":12,"enemies":"Chosen and Byrds","floor":30,"turns":2},{"damage":13,"enemies":"Centurion and Healer","floor":31,"turns":3},{"damage":69,"enemies":"Champ","floor":33,"turns":8}],"seed_played":"4132276624900541793","potions_obtained":[{"floor":0,"key":"GamblersBrew"},{"floor":0,"key":"BlessingOfTheForge"},{"floor":0,"key":"Guardian:BlockOnCardUsePotion"},{"floor":2,"key":"Fire Potion"},{"floor":16,"key":"Energy Potion"},{"floor":25,"key":"Fire Potion"}],"is_trial":false,"path_per_floor":["M","M","$","M","M","R","M","R","T","M","M","?","R","M","R","B",null,"M","$","M","$","?","?","R","E","T","M","M","R","M","M","R","B"],"character_chosen":"DEFECT","items_purchased":["Hyperbeam"],"campfire_rested":1,"item_purchase_floors":[19],"current_hp_per_floor":[75,69,69,52,37,37,36,36,36,39,45,45,45,47,47,37,75,75,75,71,71,71,71,71,39,39,45,41,63,58,52,52,0,0],"gold":310,"neow_bonus":"THREE_SMALL_POTIONS","is_daily":false,"chose_seed":false,"campfire_upgraded":5,"win_rate":0.0,"timestamp":1609490396,"path_taken":["M","M","$","M","M","R","M","R","T","M","M","?","R","M","R","BOSS","M","$","?","$","?","?","R","E","T","M","M","R","M","M","R","BOSS"],"items_purchased_type":["Card"],"build_version":"2020-12-22","purchased_purges":3,"victory":false,"max_hp_per_floor":[75,75,75,75,75,75,75,75,75,75,75,75,75,75,75,75,75,75,75,75,75,75,75,75,75,75,75,75,75,75,75,75,75,75],"card_choices":[{"not_picked":["Redo","Barrage","Fusion"],"picked":"SKIP","floor":1},{"not_picked":["Stack","Aggregate","Barrage"],"picked":"SKIP","floor":2},{"not_picked":["FIFO Queue","Reinforced Body"],"picked":"Doom and Gloom","floor":4},{"not_picked":["Go for the Eyes","Hello World","ReplayTheSpireMod:System Scan"],"picked":"SKIP","floor":5},{"not_picked":["Crystallizer","ReplayTheSpireMod:System Scan"],"picked":"Self Repair","floor":7},{"not_picked":["Steam","ReplayGash"],"picked":"Conserve Battery","floor":10},{"not_picked":["Doom and Gloom","BasicCrystalCard"],"picked":"Compile Driver","floor":11},{"not_picked":["Conserve Battery","Compile Driver"],"picked":"Hyperbeam","floor":14},{"not_picked":["Darkness","BasicCrystalCard"],"picked":"Conserve Battery+1","floor":18},{"not_picked":["Hologram","Glacier","Darkness+1"],"picked":"SKIP","floor":20},{"not_picked":["Steam","Defragment"],"picked":"Leap","floor":25},{"not_picked":["Loop","Barrage+1"],"picked":"Turbo+1","floor":27},{"not_picked":["Doom and Gloom","Panic Button","Sweeping Beam"],"picked":"SKIP","floor":28},{"not_picked":["Leap","ReplayTheSpireMod:Fabricate Wheel"],"picked":"Sunder+1","floor":30},{"not_picked":["Stack","Go for the Eyes","BasicCrystalCard"],"picked":"SKIP","floor":31}],"player_experience":234934,"relics_obtained":[{"floor":9,"key":"Replay:Bandana"},{"floor":25,"key":"Turnip"}],"event_choices":[{"cards_removed":["Defend_B"],"damage_healed":0,"gold_gain":0,"player_choice":"Offered Basic","damage_taken":0,"max_hp_gain":0,"max_hp_loss":0,"event_name":"Bonfire Elementals","floor":12,"gold_loss":0},{"damage_healed":0,"gold_gain":0,"player_choice":"Inject Mutagens","damage_taken":0,"relics_obtained":["MutagenicStrength"],"max_hp_gain":0,"max_hp_loss":0,"event_name":"Drug Dealer","floor":22,"gold_loss":0},{"damage_healed":0,"gold_gain":99,"player_choice":"Stole From Cult","damage_taken":0,"max_hp_gain":0,"max_hp_loss":0,"event_name":"Nest","floor":23,"gold_loss":0}],"is_beta":false,"boss_relics":[{"not_picked":["Coffee Dripper","Astrolabe"],"picked":"Philosopher\u0027s Stone"}],"items_purged_floors":[3,19,21],"is_endless":false,"potions_floor_spawned":[2,5,10,14,16,18,20,25,28],"killed_by":"Champ","ascension_level":0}}