{"host":"ko4b5atusvmax52d","time":1609515520,"event":{"mods":["AchievementEnabler","Act Like it!","BaseMod","Better Third Choice","BetterRewards","Friendly Minions","Hermit","Hubris","Marisa????????","Minty Spire (QoL Compilation)","Permanent Neow","Prisma Mod","Quick Restart","Rare Cards Sparkle","Shade Mod","Spicy Shops","Spikes Relics","StSLib","SuperFastMode","The Animator","The Bug Knight","The Runesmith","vexMod"],"gold_per_floor":[112,62,62,62,77,102,102,102,102,102,102,102,120,70,70,175,175,188,200,210,225,276,276,276,276],"floor_reached":24,"playtime":731,"items_purged":["hermit:Strike_Hermit"],"score":194,"play_id":"d9217551-8ede-4a44-aab5-5403f8f40ee3","local_time":"20210101163840","is_ascension_mode":false,"campfire_choices":[{"data":"hermit:CalledShot","floor":7,"key":"SMITH"},{"floor":10,"key":"REST"},{"data":"hermit:Snapshot","floor":12,"key":"SMITH"},{"data":"hermit:CursedWeapon","floor":15,"key":"SMITH"},{"data":"hermit:CursedWeapon","floor":23,"key":"SMITH"}],"circlet_count":0,"master_deck":["hermit:Strike_Hermit","hermit:Strike_Hermit","hermit:Strike_Hermit","hermit:Defend_Hermit","hermit:Defend_Hermit","hermit:Snapshot+1","hermit:Covet","hermit:CalledShot+1","hermit:Glare","Pain","hermit:CursedWeapon+1","hermit:FinalCanter","hermit:Shortfuse+1","hermit:CursedWeapon+1","hermit:EyeOfTheStorm+1","hermit:Shortfuse"],"relics":["hermit:Momento","hubris:BundleOfHerbs","Smiling Mask","hubris:OldNail","vexMod:HeadHunter","vexMod:Dragonfruit","Matryoshka","WarpedTongs","SlaversCollar","Omamori"],"acts_visited":["Exordium","TheCity"],"potions_floor_usage":[6,18,21],"damage_taken":[{"damage":2,"enemies":"Small Slimes","floor":1,"turns":3},{"damage":11,"enemies":"Jaw Worm","floor":5,"turns":5},{"damage":21,"enemies":"Lagavulin","floor":6,"turns":5},{"damage":0,"enemies":"2 Louse","floor":13,"turns":2},{"damage":10,"enemies":"The Guardian","floor":16,"turns":8},{"damage":4,"enemies":"Shell Parasite","floor":18,"turns":2},{"damage":22,"enemies":"2 Thieves","floor":19,"turns":2},{"damage":12,"enemies":"Snecko","floor":20,"turns":3},{"damage":25,"enemies":"Snake Plant","floor":21,"turns":2},{"damage":17,"enemies":"Shelled Parasite and Fungi","floor":24,"turns":2}],"seed_played":"4951484852398946346","potions_obtained":[{"floor":5,"key":"Fire Potion"},{"floor":16,"key":"AttackPotion"},{"floor":19,"key":"EssenceOfSteel"},{"floor":20,"key":"AttackPotion"},{"floor":21,"key":"LiquidBronze"}],"is_trial":false,"path_per_floor":["M","?","T","?","M","E","R","$","T","R","?","R","M","$","R","B",null,"M","M","M","M","T","R","M"],"character_chosen":"HERMIT","items_purchased":["vexMod:HeadHunter","vexMod:Dragonfruit","Fire Potion"],"campfire_rested":1,"item_purchase_floors":[8,8,8],"current_hp_per_floor":[52,52,52,52,59,38,38,5,5,29,29,29,29,29,29,19,80,76,54,42,17,17,17,0,0],"gold":276,"neow_bonus":"ONE_RARE_RELIC","is_daily":false,"chose_seed":false,"campfire_upgraded":4,"win_rate":0.0,"timestamp":1609515520,"path_taken":["M","?","?","?","?","E","R","?","T","R","?","R","?","$","R","BOSS","M","M","M","M","?","R","M"],"items_purchased_type":["Relic","Relic","Potion"],"build_version":"2020-12-22","purchased_purges":1,"victory":false,"max_hp_per_floor":[75,75,75,75,75,75,75,80,80,80,80,80,80,80,80,80,80,80,80,80,80,80,80,80,80],"card_choices":[{"not_picked":["hermit:Roulette","hermit:Ricochet"],"picked":"hermit:CalledShot","floor":1},{"not_picked":["hermit:CalledShot","hermit:Malice"],"picked":"hermit:Glare","floor":5},{"not_picked":["hermit:TrackingShot","hermit:Malice","hermit:Midnight"],"picked":"SKIP","floor":6},{"not_picked":["hermit:PistolWhip","hermit:Quickdraw"],"picked":"hermit:CursedWeapon","floor":13},{"not_picked":["hermit:Reprieve","hermit:Purgatory"],"picked":"hermit:FinalCanter","floor":16},{"not_picked":["hermit:Desperado","hermit:Virtue"],"picked":"hermit:Shortfuse+1","floor":18},{"not_picked":["hermit:Roulette","hermit:BodyArmor"],"picked":"hermit:CursedWeapon","floor":19},{"not_picked":["hermit:TakeAim","hermit:CalledShot+1"],"picked":"hermit:EyeOfTheStorm+1","floor":20},{"not_picked":["hermit:Virtue","hermit:Coalescence"],"picked":"hermit:Shortfuse","floor":21}],"player_experience":265234,"relics_obtained":[{"floor":3,"key":"Smiling Mask"},{"floor":6,"key":"hubris:OldNail"},{"floor":9,"key":"Matryoshka"},{"floor":22,"key":"Omamori"}],"event_choices":[{"cards_removed":["hermit:Defend_Hermit"],"damage_healed":0,"gold_gain":0,"player_choice":"Card Removal","damage_taken":0,"max_hp_gain":0,"max_hp_loss":0,"event_name":"The Cleric","floor":2,"gold_loss":50},{"cards_removed":["hermit:Defend_Hermit"],"damage_healed":0,"gold_gain":0,"player_choice":"Offered Basic","damage_taken":0,"max_hp_gain":0,"max_hp_loss":0,"event_name":"Bonfire Elementals","floor":4,"gold_loss":0},{"damage_healed":0,"gold_gain":0,"player_choice":"Rummage","damage_taken":0,"relics_obtained":["WarpedTongs"],"max_hp_gain":0,"max_hp_loss":0,"event_name":"Accursed Blacksmith","floor":11,"gold_loss":0,"cards_obtained":["Pain"]}],"is_beta":false,"boss_relics":[{"not_picked":["vexMod:DeviousBotling","Velvet Choker"],"picked":"SlaversCollar"}],"items_purged_floors":[14],"is_endless":false,"potions_floor_spawned":[5,16,19,20,21],"killed_by":"Shelled Parasite and Fungi","ascension_level":0}}