{"host":"9n6i2vl93jt4o42q","time":1609500104,"event":{"mods":["BaseMod","Minty Spire (QoL Compilation)","Relic Stats"],"gold_per_floor":[12,23,23,23,37,37,371,394,394,394,425,125,159,180,180,276,276,296,9,23,23,46,82,106,106,131,146,146,146,146],"floor_reached":29,"playtime":2082,"items_purged":["Strike_P","Strike_P"],"score":510,"play_id":"1866e1a5-2d4d-46d8-bfc9-a55c6d8dfeb7","local_time":"20210101122144","is_ascension_mode":true,"campfire_choices":[{"floor":6.0,"key":"REST"},{"floor":10.0,"key":"REST"},{"data":"Eruption","floor":15,"key":"SMITH"},{"floor":25,"key":"REST"},{"floor":28,"key":"REST"}],"circlet_count":0,"master_deck":["AscendersBane","Defend_P","Defend_P+1","Defend_P","Eruption+1","Vigilance","Brilliance","ClearTheMind","Wallop","Consecrate","Pray+1","CutThroughFate","EmptyFist","SashWhip","Wireheading","FlurryOfBlows","Scrawl","SignatureMove+1","CrushJoints+1","PathToVictory+1","FearNoEvil","Prostrate","Evaluate","Prostrate","ThirdEye+1"],"relics":["PureWater","Golden Idol","Ornamental Fan","Old Coin","Mango","Odd Mushroom","War Paint","Anchor","Astrolabe","Toy Ornithopter","Sundial","PreservedInsect"],"acts_visited":["Exordium","TheCity"],"potions_floor_usage":[13,13,16,24,29],"damage_taken":[{"damage":2.0,"enemies":"Small Slimes","floor":1.0,"turns":3.0},{"damage":7.0,"enemies":"Jaw Worm","floor":2.0,"turns":2.0},{"damage":4.0,"enemies":"2 Louse","floor":5.0,"turns":2.0},{"damage":15.0,"enemies":"3 Sentries","floor":7.0,"turns":7.0},{"damage":13.0,"enemies":"Blue Slaver","floor":8.0,"turns":4.0},{"damage":0.0,"enemies":"The Mushroom Lair","floor":11.0,"turns":2.0},{"damage":4,"enemies":"Gremlin Nob","floor":13,"turns":4},{"damage":0,"enemies":"2 Fungi Beasts","floor":14,"turns":2},{"damage":1,"enemies":"The Guardian","floor":16,"turns":8},{"damage":2,"enemies":"Shell Parasite","floor":18,"turns":3},{"damage":0,"enemies":"Spheric Guardian","floor":20,"turns":1},{"damage":31,"enemies":"3 Cultists","floor":22,"turns":4},{"damage":27,"enemies":"Book of Stabbing","floor":23,"turns":5},{"damage":4,"enemies":"Snecko","floor":24,"turns":5},{"damage":12,"enemies":"Chosen and Byrds","floor":27,"turns":5},{"damage":45,"enemies":"Cultist and Chosen","floor":29,"turns":5}],"seed_played":"1226957890989673643","potions_obtained":[{"floor":1.0,"key":"Fire Potion"},{"floor":5.0,"key":"StancePotion"},{"floor":11.0,"key":"SteroidPotion"},{"floor":13,"key":"Strength Potion"},{"floor":14,"key":"LiquidBronze"},{"floor":18,"key":"DuplicationPotion"}],"is_trial":false,"path_per_floor":["M","M","?","?","M","R","E","M","T","R","?","$","E","M","R","B",null,"M","$","M","?","M","E","M","R","T","M","R","M"],"character_chosen":"WATCHER","items_purchased":["War Paint","SashWhip","Prostrate","Toy Ornithopter"],"campfire_rested":4,"item_purchase_floors":[12,12,19,19],"current_hp_per_floor":[59,52,52,17,13,31,16,3,17,39,39,39,35,35,35,34,66,64,64,64,64,33,6,7,29,29,17,39,0,0],"gold":146,"neow_bonus":"THREE_RARE_CARDS","is_daily":false,"chose_seed":false,"campfire_upgraded":1,"win_rate":0.0,"timestamp":1609500104,"path_taken":["M","M","?","?","M","R","E","M","T","R","?","?","E","M","R","BOSS","M","$","M","?","M","E","M","R","T","M","R","M"],"items_purchased_type":["Relic","Card","Card","Relic"],"build_version":"2020-12-22","purchased_purges":2,"victory":false,"max_hp_per_floor":[68,68,62,62,62,62,62,62,76,76,76,76,76,76,76,76,76,76,76,76,76,76,76,76,76,76,76,76,76,76],"relic_stats":{"counters":[16,62],"Golden Idol":78,"Ornamental Fan":[80],"Sundial":[0],"Astrolabe":["SignatureMove","CrushJoints","PathToVictory"],"PreservedInsect":0,"War Paint":["Pray","Defend_P"],"obtain_stats":[{"Anchor":13,"Golden Idol":3,"Ornamental Fan":4,"Sundial":23,"Astrolabe":17,"Mango":9,"PreservedInsect":26,"PureWater":0,"Odd Mushroom":11,"War Paint":12,"Toy Ornithopter":19,"Old Coin":7},{"Anchor":7,"Golden Idol":2,"Ornamental Fan":2,"Sundial":13,"Astrolabe":9,"Mango":5,"PreservedInsect":14,"PureWater":0,"Odd Mushroom":6,"War Paint":6,"Toy Ornithopter":10,"Old Coin":4},{"Anchor":24,"Golden Idol":5,"Ornamental Fan":5,"Sundial":47,"Astrolabe":34,"Mango":18,"PreservedInsect":52,"PureWater":0,"Odd Mushroom":20,"War Paint":20,"Toy Ornithopter":37,"Old Coin":14}],"Toy Ornithopter":10},"card_choices":[{"not_picked":["Wish","SpiritShield"],"picked":"Brilliance","floor":0.0},{"not_picked":["PathToVictory","FlyingSleeves"],"picked":"ClearTheMind","floor":1.0},{"not_picked":["EmptyBody","CrushJoints"],"picked":"Wallop","floor":2.0},{"not_picked":["Meditate","ReachHeaven"],"picked":"Consecrate","floor":5.0},{"not_picked":["CarveReality","PathToVictory"],"picked":"Pray","floor":7.0},{"not_picked":["CarveReality","DevaForm"],"picked":"CutThroughFate","floor":8.0},{"not_picked":["BowlingBash","WaveOfTheHand"],"picked":"EmptyFist","floor":11.0},{"not_picked":["CrushJoints","EmptyMind"],"picked":"Wireheading","floor":13},{"not_picked":["SashWhip","Evaluate"],"picked":"FlurryOfBlows","floor":14},{"not_picked":["ConjureBlade","Establishment"],"picked":"Scrawl","floor":16},{"not_picked":["WreathOfFlame","FlurryOfBlows"],"picked":"FearNoEvil","floor":18},{"not_picked":["SandsOfTime","JustLucky","PathToVictory+1"],"picked":"SKIP","floor":20},{"not_picked":["JustLucky","ClearTheMind"],"picked":"Evaluate","floor":22},{"not_picked":["FlyingSleeves","CrushJoints","FollowUp"],"picked":"SKIP","floor":23},{"not_picked":["Evaluate","EmptyFist"],"picked":"Prostrate","floor":24},{"not_picked":["ReachHeaven+1","EmptyFist"],"picked":"ThirdEye+1","floor":27}],"player_experience":2008079,"relics_obtained":[{"floor":7.0,"key":"Old Coin"},{"floor":9.0,"key":"Mango"},{"floor":11.0,"key":"Odd Mushroom"},{"floor":13,"key":"Anchor"},{"floor":23,"key":"Sundial"},{"floor":26,"key":"PreservedInsect"}],"event_choices":[{"damage_healed":0.0,"max_hp_gain":0.0,"max_hp_loss":6.0,"gold_gain":0.0,"event_name":"Golden Idol","player_choice":"Lose Max HP","floor":3.0,"gold_loss":0.0,"damage_taken":0.0,"relics_obtained":["Golden Idol"]},{"damage_healed":0.0,"max_hp_gain":0.0,"max_hp_loss":0.0,"gold_gain":0.0,"event_name":"Scrap Ooze","player_choice":"Success","floor":4.0,"gold_loss":0.0,"damage_taken":35.0,"relics_obtained":["Ornamental Fan"]},{"damage_healed":0.0,"max_hp_gain":0.0,"max_hp_loss":0.0,"gold_gain":0.0,"event_name":"Mushrooms","player_choice":"Fought Mushrooms","floor":11.0,"gold_loss":0.0,"damage_taken":0.0},{"damage_healed":0,"gold_gain":0,"player_choice":"Ignored","damage_taken":0,"max_hp_gain":0,"max_hp_loss":0,"event_name":"Vampires","floor":21,"gold_loss":0}],"is_beta":false,"boss_relics":[{"not_picked":["Snecko Eye","Philosopher\u0027s Stone"],"picked":"Astrolabe"}],"items_purged_floors":[12,19],"is_endless":false,"potions_floor_spawned":[1,5,11,13,14,18,23],"killed_by":"Cultist and Chosen","ascension_level":20}}