{"host":"sfkslwp4t49i7lrt","time":1609516844,"event":{"mods":["Act Like it!","Arknights The Spire","BaseMod","Bestiary","Block Reminder","Downfall","Friendly Minions","Gensokyo","Highlight Path","Jorbs\u0027s Wanderer Trilogy","Marisa????????","Minty Spire (QoL Compilation)","Relic Stats","StSLib","The Servant 0.9.4","everything is the same but u backflip on backflip","slay the spire mod where everything is the same but ironclad has a cowboy hat"],"gold_per_floor":[117,136,152,170,170,170,188,205,205,240,257,257,277,277,277,375,375,388,388,400,121,81,81,112,112,112,112,127,115,126,142,142,142,142],"floor_reached":33,"playtime":1786,"items_purged":[],"score":296,"play_id":"6d56d426-b330-4b79-ad48-abfce54d831b","local_time":"20210101230044","is_ascension_mode":false,"campfire_choices":[{"data":"ats:Wolf Pack","floor":6,"key":"SMITH"},{"data":"ats:Sword Rain","floor":12,"key":"SMITH"},{"floor":15,"key":"REST"},{"data":"ats:Hammer On","floor":23,"key":"SMITH"},{"data":"ats:Apocalypse","floor":25,"key":"SMITH"},{"data":"Gensokyo:ManorOfTheDishes","floor":27,"key":"SMITH"},{"data":"ats:Hook Shot","floor":32,"key":"SMITH"}],"circlet_count":0,"master_deck":["ats:Strike C","ats:Strike G","ats:Strike V","ats:Armor Crushing Shot","ats:Defend","ats:Defend","ats:Defend","ats:Defend","ats:Emotion Absorption+1","ats:Cat Scratch+1","ats:Consecutive Shot Auto","ats:Wolf Pack+1","ats:Closed Bolt Burst Fire","ats:Hammer On+1","ats:Hook Shot+1","ats:Sword Rain+1","ats:Ignite","ats:Poison Spread","ats:Apocalypse+1","ats:True Silver Slash","ats:Directed Diagnosis","ats:Charging Defense","Gensokyo:ManorOfTheDishes+1","ats:Soul Absorption","ats:Steam Pump"],"relics":["ats:Sanity","Mango","ats:Originium","ats:Ability Aura","Coffee Dripper","Bottled Lightning","ats:Hidden Killer","Gambling Chip"],"acts_visited":["Gensokyo:Gensokyo","Gensokyo:Gensokyoer"],"potions_floor_usage":[16,24,31,33,33],"damage_taken":[{"damage":1,"enemies":"Gensokyo:Gryphon","floor":1,"turns":4},{"damage":7,"enemies":"Gensokyo:2_Kodama","floor":2,"turns":5},{"damage":0,"enemies":"Gensokyo:Python","floor":3,"turns":3},{"damage":8,"enemies":"Gensokyo:VengefulSpirit","floor":4,"turns":4},{"damage":8,"enemies":"Gensokyo:CorruptedTreant","floor":7,"turns":3},{"damage":6,"enemies":"Gensokyo:Python_and_Kodama","floor":8,"turns":3},{"damage":0,"enemies":"Gensokyo:Cirno","floor":10,"turns":5},{"damage":0,"enemies":"Gensokyo:VengefulSpirit","floor":11,"turns":3},{"damage":9,"enemies":"Gensokyo:Gryphon_and_Rabbit","floor":13,"turns":4},{"damage":56,"enemies":"Gensokyo:Reimu","floor":16,"turns":13},{"damage":0,"enemies":"Gensokyo:2_Gloops","floor":18,"turns":3},{"damage":23,"enemies":"Gensokyo:3_Dogs","floor":20,"turns":7},{"damage":37,"enemies":"Gensokyo:Tenshi","floor":24,"turns":7},{"damage":10,"enemies":"Gensokyo:Swordslinger","floor":28,"turns":5},{"damage":19,"enemies":"Gensokyo:Slime_Group","floor":30,"turns":6},{"damage":37,"enemies":"Gensokyo:Mirror_and_Dog","floor":31,"turns":5},{"damage":8,"enemies":"Gensokyo:Eiki","floor":33,"turns":2}],"seed_played":"-7837452665686740322","potions_obtained":[{"floor":2,"key":"DuplicationPotion"},{"floor":3,"key":"DuplicationPotion"},{"floor":4,"key":"FearPotion"},{"floor":16,"key":"LiquidBronze"},{"floor":28,"key":"PowerPotion"},{"floor":31,"key":"Block Potion"}],"is_trial":false,"path_per_floor":["M","M","M","M","?","R","M","M","T","E","M","R","M","?","R","B",null,"M","?","M","COS","?","R","E","R","T","R","M","?","M","M","R","B"],"character_chosen":"DOCTOR_CLASS","items_purchased":[],"campfire_rested":1,"item_purchase_floors":[],"current_hp_per_floor":[71,64,64,56,49,49,41,35,35,35,35,35,26,26,51,3,86,86,86,71,71,71,71,34,34,34,34,31,46,34,2,2,0,0],"gold":142,"neow_bonus":"TRANSFORM_CARD","is_daily":false,"chose_seed":false,"campfire_upgraded":6,"win_rate":0.0,"timestamp":1609516844,"path_taken":["M","M","M","M","?","R","M","M","T","E","M","R","?","?","R","BOSS","M","?","M","COS","?","R","E","R","T","R","M","?","M","?","R","BOSS"],"items_purchased_type":[],"build_version":"2020-12-22","purchased_purges":0,"victory":false,"max_hp_per_floor":[72,72,72,72,86,86,86,86,86,86,86,86,86,86,86,86,86,86,86,86,86,86,86,86,86,86,86,86,86,86,86,86,86,86],"relic_stats":{"counters":[17,82],"Gambling Chip":[0],"obtain_stats":[{"ats:Ability Aura":10,"ats:Originium":10,"ats:Hidden Killer":26,"Gambling Chip":31,"Mango":5,"Coffee Dripper":17,"ats:Sanity":0,"Bottled Lightning":24},{"ats:Ability Aura":7,"ats:Originium":7,"ats:Hidden Killer":13,"Gambling Chip":16,"Mango":4,"Coffee Dripper":10,"ats:Sanity":0,"Bottled Lightning":13},{"ats:Ability Aura":27,"ats:Originium":27,"ats:Hidden Killer":64,"Gambling Chip":76,"Mango":16,"Coffee Dripper":47,"ats:Sanity":0,"Bottled Lightning":64}]},"card_choices":[{"not_picked":["ats:Childhood Dance","ats:Cat Scratch"],"picked":"ats:Consecutive Shot Auto","floor":1},{"not_picked":["ats:Childhood Dance","ats:Soul Absorption"],"picked":"ats:Wolf Pack","floor":2},{"not_picked":["ats:Explosion Area Strengthen","ats:Assault Order"],"picked":"ats:Closed Bolt Burst Fire","floor":3},{"not_picked":["ats:Consecutive Shot Auto","ats:Revitalization"],"picked":"ats:Hammer On","floor":4},{"not_picked":["ats:Shadow Raid","ats:Assault Order"],"picked":"ats:Hook Shot","floor":7},{"not_picked":["ats:Healing Strengthening","ats:Collapsing Strike"],"picked":"ats:Sword Rain","floor":8},{"not_picked":["ats:Assault Order","ats:Composite Medical Shells"],"picked":"ats:Ignite","floor":10},{"not_picked":["ats:Cat Scratch","ats:Leaping Hammer"],"picked":"ats:Poison Spread","floor":11},{"not_picked":["ats:Hammer On","ats:Powerful Strike"],"picked":"ats:Apocalypse","floor":13},{"not_picked":["ats:Wolf Pack","ats:Roar Of Ursus"],"picked":"ats:True Silver Slash","floor":16},{"not_picked":["ats:Sunburst","ats:Counter Healing Mode"],"picked":"ats:Directed Diagnosis","floor":18},{"not_picked":["ats:Consecutive Shot Auto","ats:Curse Doll","ats:Hammer On"],"picked":"SKIP","floor":20},{"not_picked":["ats:Ignite+1","ats:Beaten Up"],"picked":"ats:Soul Absorption","floor":24},{"not_picked":["ats:Demon Strength","ats:Sunburst","ats:Cat Scratch+1"],"picked":"SKIP","floor":28},{"not_picked":["ats:Assault Order","ats:Flexible Camouflage"],"picked":"ats:Steam Pump","floor":30},{"not_picked":["ats:Childhood Dance","ats:Composite Medical Shells","ats:Powerful Strike"],"picked":"SKIP","floor":31}],"player_experience":440626,"relics_obtained":[{"floor":10,"key":"ats:Originium"},{"floor":10,"key":"ats:Ability Aura"},{"floor":24,"key":"ats:Originium"},{"floor":24,"key":"Bottled Lightning"},{"floor":26,"key":"ats:Hidden Killer"}],"event_choices":[],"is_beta":false,"boss_relics":[{"not_picked":["Empty Cage","Runic Dome"],"picked":"Coffee Dripper"}],"items_purged_floors":[],"is_endless":false,"potions_floor_spawned":[2,3,4,10,13,16,18,28,30,31],"killed_by":"Gensokyo:Eiki","ascension_level":0}}