{"host":"tmf10eeko6je6wes","time":1609467313,"event":{"mods":["AchievementEnabler","BaseMod","Better Altar","Better Match","Better Note","Better Sensory Stone","Better Skull","Better Third Choice","Colored Map","Colored Powertips","Curses Come First","DeckTracker","Highlight Path","Minty Spire (QoL Compilation)","Permanent Neow","Quick Restart","Relic Sorter","Relic Stats","Shop Mod","StSLib","SuperFastMode","Synergy Search"],"gold_per_floor":[115,83,83,8,22,22,22,22,22,40,40,100,111,121,121,220,220,220,220,220,220,220,220,220,220],"floor_reached":24,"playtime":1142,"items_purged":["Burn"],"score":188,"play_id":"15208fb5-bd1d-4c2c-aa00-a02e9d93b154","local_time":"20201231211513","is_ascension_mode":false,"campfire_choices":[{"data":"PathToVictory","floor":6,"key":"SMITH"},{"floor":15,"key":"REST"},{"floor":23,"key":"REST"}],"circlet_count":0,"master_deck":["Strike_P","Strike_P","Strike_P","Defend_P","Defend_P","Defend_P","Defend_P","Eruption","Vigilance","FlyingSleeves","PathToVictory+1","Consecrate","Study+1","FlurryOfBlows","Prostrate","SignatureMove","DevaForm","Wireheading","PathToVictory+1","Defend_P","Halt","WindmillStrike+1"],"relics":["PureWater","Boot","betterThird:SlimedRelic","Bird Faced Urn","Bronze Scales","Ectoplasm"],"acts_visited":["Exordium","TheCity"],"potions_floor_usage":[24],"damage_taken":[{"damage":0,"enemies":"2 Louse","floor":1,"turns":3},{"damage":2,"enemies":"Jaw Worm","floor":5,"turns":4},{"damage":0,"enemies":"Cultist","floor":10,"turns":3},{"damage":18,"enemies":"3 Sentries","floor":12,"turns":10},{"damage":2,"enemies":"2 Fungi Beasts","floor":13,"turns":3},{"damage":0,"enemies":"Exordium Wildlife","floor":14,"turns":3},{"damage":31,"enemies":"Hexaghost","floor":16,"turns":11},{"damage":13,"enemies":"Spheric Guardian","floor":18,"turns":5},{"damage":17,"enemies":"Shell Parasite","floor":19,"turns":4},{"damage":10,"enemies":"Centurion and Healer","floor":21,"turns":6},{"damage":34,"enemies":"Snecko","floor":22,"turns":6},{"damage":45,"enemies":"Snake Plant","floor":24,"turns":2}],"seed_played":"-7533140356677384503","potions_obtained":[{"floor":12,"key":"BlessingOfTheForge"},{"floor":16,"key":"PowerPotion"}],"is_trial":false,"path_per_floor":["M","?","?","$","M","R","?","$","T","M","?","?","M","M","R","B",null,"M","M","?","M","M","R","M"],"character_chosen":"WATCHER","items_purchased":[],"campfire_rested":2,"item_purchase_floors":[],"current_hp_per_floor":[72,61,61,61,59,59,59,59,59,59,59,43,41,43,64,35,72,61,50,50,46,16,37,0,0],"gold":220,"neow_bonus":"RANDOM_COMMON_RELIC","is_daily":false,"chose_seed":false,"campfire_upgraded":1,"win_rate":0.0,"timestamp":1609467313,"path_taken":["M","?","?","$","M","R","?","$","T","?","?","?","M","M","R","BOSS","M","M","?","M","M","R","M"],"items_purchased_type":[],"build_version":"2020-12-22","purchased_purges":1,"victory":false,"max_hp_per_floor":[72,72,72,72,72,72,72,72,72,72,72,72,72,72,72,72,72,72,72,72,72,72,72,72,72],"relic_stats":{"counters":[12,60],"Bird Faced Urn":[26],"Bronze Scales":[117],"Ectoplasm":56,"Boot":[36],"obtain_stats":[{"betterThird:SlimedRelic":2,"Bird Faced Urn":9,"Bronze Scales":12,"Ectoplasm":17,"PureWater":0,"Boot":0},{"betterThird:SlimedRelic":1,"Bird Faced Urn":2,"Bronze Scales":4,"Ectoplasm":7,"PureWater":0,"Boot":0},{"betterThird:SlimedRelic":3,"Bird Faced Urn":7,"Bronze Scales":20,"Ectoplasm":37,"PureWater":0,"Boot":0}]},"card_choices":[{"not_picked":["Crescendo","CrushJoints"],"picked":"FlyingSleeves","floor":1},{"not_picked":["Consecrate","BattleHymn"],"picked":"PathToVictory","floor":5},{"not_picked":["Consecrate","FollowUp"],"picked":"Study","floor":10},{"not_picked":["MentalFortress","Wallop"],"picked":"FlurryOfBlows","floor":12},{"not_picked":["Swivel","EmptyBody"],"picked":"Prostrate","floor":13},{"not_picked":["Consecrate","ClearTheMind"],"picked":"SignatureMove","floor":14},{"not_picked":["Brilliance","ConjureBlade"],"picked":"DevaForm","floor":16},{"not_picked":["CrushJoints","Study"],"picked":"Wireheading","floor":18},{"not_picked":["FlurryOfBlows+1","Meditate"],"picked":"PathToVictory+1","floor":19},{"not_picked":["BowlingBash","SashWhip"],"picked":"Halt","floor":21},{"not_picked":["LikeWater","BowlingBash"],"picked":"WindmillStrike+1","floor":22}],"player_experience":39989,"relics_obtained":[{"floor":9,"key":"Bird Faced Urn"},{"floor":12,"key":"Bronze Scales"}],"event_choices":[{"damage_healed":0,"gold_gain":0,"player_choice":"Slimed","damage_taken":11,"max_hp_gain":0,"max_hp_loss":0,"event_name":"betterThird:BetterGoop","floor":2,"gold_loss":32},{"damage_healed":61,"gold_gain":0,"player_choice":"Embrace Burn","damage_taken":0,"max_hp_gain":0,"max_hp_loss":72,"event_name":"betterThird:BetterShining","floor":3,"gold_loss":0},{"damage_healed":0,"gold_gain":0,"cards_transformed":["Strike_P"],"player_choice":"Transformed","damage_taken":0,"max_hp_gain":0,"max_hp_loss":0,"event_name":"Transmorgrifier","floor":7,"gold_loss":0,"cards_obtained":["Consecrate"]},{"damage_healed":0,"gold_gain":0,"player_choice":"Grow","damage_taken":0,"max_hp_gain":0,"max_hp_loss":0,"event_name":"Living Wall","floor":11,"gold_loss":0,"cards_upgraded":["Study"]},{"damage_healed":0,"gold_gain":0,"player_choice":"Searched \u00271\u0027 times","damage_taken":0,"max_hp_gain":0,"max_hp_loss":0,"event_name":"Dead Adventurer","floor":12,"gold_loss":0},{"damage_healed":0,"gold_gain":0,"player_choice":"Take","damage_taken":0,"max_hp_gain":0,"max_hp_loss":0,"event_name":"betterNote:BetterNote","floor":20,"gold_loss":0,"cards_obtained":["Defend_P"]}],"is_beta":false,"boss_relics":[{"not_picked":["Cursed Key","Runic Dome"],"picked":"Ectoplasm"}],"items_purged_floors":[4],"is_endless":false,"potions_floor_spawned":[12,16],"killed_by":"Snake Plant","ascension_level":0}}