{"host":"2hlhnd4tei6r1t0s","time":1609468845,"event":{"mods":["ATMod(阿瑾Mod)","Act Like it!","Arknights The Spire","Aspiration","Astrologer","BaseMod","Conspire","Downfall","Gensokyo","Gremlin Mod","Hallownest","Hermit","HumanHunterMod(怪物杀人mod)","Jedi Mod","Jorbs\u0027s Wanderer Trilogy","Koishi","Luminous","Mari Mod (Legacy)","Mari\u0027s V1 Patch","Minty Spire (QoL Compilation)","MostiFishMod","Pale of the Ancients","Potionbrewer","Prisma Mod","Quick Restart","Replay The Spire","Robot Space Explorer","RumiaBox-露米娅的神秘盒子","Spicy Shops","StSLib","TestMod","The Administrix","The Alterego","The Cursed","The Hayseed","The Marked","The Mystic","The Runesmith","TheWitcher","Uncapped","WarShipGirlsR/战舰少女R mod","Yakumo Yukari mod","[地精首领爬塔]The Maniac","noobMod","vexMod","【功能Mod】混沌之环修复补丁","【功能Mod】聪明的最终Boss","【遗物卡牌】REMEMod","残留之物"],"gold_per_floor":[113,99998876,99998876,99997411,99997401,99997411,99997443,99997443,99997443,99997461,99997477,99995570,99995570,99995601,99995601,99995601,99995601],"floor_reached":16,"playtime":1034,"items_purged":["astrologer:Defend","ReplayTheSpireMod:Restless Dread","astrologer:Defend","astrologer:Defend","astrologer:Defend"],"score":233,"play_id":"d8c37a90-ab3e-498c-9802-204c86442390","local_time":"20210101104045","is_ascension_mode":false,"campfire_choices":[{"data":"potionbrewer:TheFinalStraw","floor":13,"key":"SMITH"},{"data":"AT_LightSaberMaster","floor":15,"key":"SMITH"}],"circlet_count":0,"master_deck":["astrologer:Strike+1","astrologer:Strike+1","astrologer:Strike+1","astrologer:Strike+1","astrologer:NorthStar","astrologer:TheFool","AT_LightSaberMaster+1","rmod:selfconfidence","astrologer:MeteorShower","testmod-AdversityCounterattack","astrologer:TheDevil","astrologer:TheDevil","astrologer:Nova","stsjorbsmod:Channeling","PrismaMod:IllyaPartialInstallAssassin","maniac:BladesInCloak","AT_IchimonjiDouble","astrologer:TheStar","astrologer:Confirmation","astrologer:Confirmation","testmod-DisillusionmentEcho","AT_PowerWithin","PrismaMod:MiyuUberAOEAttack","PlaceholderMod:Internalization","AT_IchimonjiDouble","stsjorbsmod:Cleanse","Runesmith:Electrocute","potionbrewer:TheFinalStraw+1","rmod:firesupport"],"relics":["astrologer:SkyMirror","ice","testmod-TestBox","DaveBox","REME_ComplimentaryCards","AT_ATBox","FeatherPendant","testmod-FatalChain","NeowsBlessing","SynthV:TestCard","aspiration:FetidBarrel","testmod-DragonStarHat","AT_ImmortalShieldbow","jedi:shrinkray","vexMod:GhostlyGear","PrismaticShard","jedi:cryingmask","Singing Bowl","ChiLing","Chi","Ling","testmod-Charity","Unceasing Top","ats:Originium","ReplayTheSpireMod:Ninjato","aspiration:DSix","Replay:Bottled Eggs","vexMod:FocusSash","Frozen Eye","testmod-Hope","Toy Ornithopter","potionbrewer:BoosterPack","Replay:Bottled Snecko","testmod-TurbochargingSystem"],"acts_visited":["Exordium"],"potions_floor_usage":[],"damage_taken":[{"damage":0,"enemies":"Small Slimes","floor":1,"turns":1},{"damage":0,"enemies":"Jaw Worm","floor":6,"turns":1},{"damage":0,"enemies":"Gremlin Nob","floor":7,"turns":1},{"damage":2,"enemies":"2 Louse","floor":10,"turns":1},{"damage":54,"enemies":"Looter","floor":11,"turns":2},{"damage":12,"enemies":"Lagavulin","floor":14,"turns":2},{"damage":42,"enemies":"The Guardian","floor":16,"turns":3}],"seed_played":"-489402818531071789","potions_obtained":[{"floor":7,"key":"DistilledChaos"},{"floor":10,"key":"potionbrewer:MidasPotion"},{"floor":14,"key":"jedi:holywater"}],"is_trial":false,"path_per_floor":["M","$","?","$","?","M","E","T","T","M","M","$","R","E","R","B"],"character_chosen":"ASTROLOGER","items_purchased":["astrologer:MeteorShower","aspiration:FetidBarrel","testmod-DragonStarHat","AT_ImmortalShieldbow","jedi:shrinkray","vexMod:GhostlyGear","jedi:cryingmask","Singing Bowl","ChiLing","testmod-Charity","Unceasing Top","testmod-AdversityCounterattack","astrologer:TheDevil","vexMod:FocusSash","Frozen Eye","astrologer:TheStar","astrologer:Confirmation","testmod-DisillusionmentEcho","AT_PowerWithin","testmod-Hope","Toy Ornithopter","potionbrewer:BoosterPack","Replay:Bottled Snecko"],"campfire_rested":0,"item_purchase_floors":[2,2,2,2,2,2,4,4,4,4,4,4,4,12,12,12,12,12,12,12,12,12,12],"current_hp_per_floor":[70,70,70,70,70,71,72,72,72,71,29,29,29,33,33,0,0],"gold":99995601,"neow_bonus":"THREE_ENEMY_KILL","is_daily":false,"chose_seed":false,"campfire_upgraded":2,"win_rate":0.0,"timestamp":1609468845,"path_taken":["M","$","?","$","?","M","E","?","T","?","M","$","R","E","R","BOSS"],"items_purchased_type":["Card","Relic","Relic","Relic","Relic","Relic","Relic","Relic","Relic","Relic","Relic","Card","Card","Relic","Relic","Card","Card","Card","Card","Relic","Relic","Relic","Relic"],"build_version":"2020-12-22","purchased_purges":5,"victory":false,"max_hp_per_floor":[70,70,70,70,70,71,72,72,72,73,75,75,75,76,76,76,76],"card_choices":[{"not_picked":["astrologer:TheLovers","astrologer:Still"],"picked":"astrologer:Eclipse","floor":1},{"not_picked":[],"picked":"astrologer:TheDevil","floor":5},{"not_picked":[],"picked":"astrologer:Nova","floor":5},{"not_picked":["SnafuTest:MCSuccubusSeduction","theMarked:ResourceFulStrike","TheCursedMod:BlessingInDisguise","RuleDissolution_purple"],"picked":"stsjorbsmod:Channeling","floor":6},{"not_picked":["TheCursedMod:CircleOfFlame","MostiFishMod:DawningShadow","Dagger Spray","jedi:unstablefumes"],"picked":"PrismaMod:IllyaPartialInstallAssassin","floor":7},{"not_picked":["stsjorbsmod:Message","Guardian:TemporalShield","Uppercut","Cloak And Dagger"],"picked":"maniac:BladesInCloak","floor":10},{"not_picked":["Bane","hermit:Horror","alterego_mod:BustOut","REME_Fury"],"picked":"AT_IchimonjiDouble","floor":11},{"not_picked":["PrismaMod:ChloeExhaustOne","Sucker Punch","TheSimpletonMod:PestManagement","Gremlin:Necromancy"],"picked":"rmod:firesupport","floor":14}],"player_experience":19693,"relics_obtained":[{"floor":1,"key":"SynthV:TestCard"},{"floor":7,"key":"ats:Originium"},{"floor":7,"key":"ReplayTheSpireMod:Ninjato"},{"floor":8,"key":"aspiration:DSix"},{"floor":9,"key":"Replay:Bottled Eggs"},{"floor":14,"key":"ats:Originium"},{"floor":14,"key":"testmod-TurbochargingSystem"}],"event_choices":[],"is_beta":false,"boss_relics":[],"items_purged_floors":[2,4,4,12,12],"is_endless":false,"potions_floor_spawned":[7,10,14],"killed_by":"The Guardian","ascension_level":0}}