{"host":"htqwg582tjjtn9p7","time":1609502166,"event":{"mods":["2.2 Compatiblity","AchievementEnabler","Act Like it!","Aspiration","BaseMod","Better Third Choice","Colored Map","Conspire","Curses Come First","Displayed Cursed Tome","Energized Spire","Force Act Four","GifTheSpireLib","Hermit","Highlight Path","JesterMod","Mad Scientist","Minty Spire (QoL Compilation)","Pale of the Ancients","Permanent Neow","Random Character Button","Relic Stats","Replay The Spire","Robot Space Explorer","Somnambulant","Spicy Shops","Spikes Relics","StSLib","Stuff the Spire","The Blue Laboratory","The Disciple","The Dragon Tamer","The Forsaken","The Gatherer","The Judge","The Jungle","The Marked","The Runesmith","The Servant 0.9.4"],"gold_per_floor":[363,379,391,410,20,51,51,80,103,135,148,148,160,160,160,234,234,254,49,59,59,12,12,12,12],"floor_reached":24,"playtime":1165,"items_purged":["Strike_G"],"score":378,"play_id":"6dea0c92-caec-4a00-8002-407fceac8fdc","local_time":"20210101125606","is_ascension_mode":true,"campfire_choices":[{"floor":7,"key":"REST"},{"floor":12,"key":"REST"},{"floor":15,"key":"REST"},{"floor":23,"key":"REST"}],"circlet_count":0,"master_deck":["AscendersBane","Defend_G","Defend_G","Defend_G","Defend_G","Defend_G","Survivor","Neutralize","Underhanded Strike","Predator","Leg Sweep","Reflex","StuffTheSpire:DoubleShiv","Burst","Underhanded Strike","Dagger Throw","Terror","StuffTheSpire:DoubleShiv","Backflip","aspiration:Lunge","Wraith Form v2","Cloak And Dagger+1","Reflex","Finesse","Secret Weapon","Feint","Backstab+1","Deflect","ReplayTheSpireMod:The Works"],"relics":["Ring of the Snake","Replay:PocketPolymizer","Centennial Puzzle","theForsaken:Gavel","ReplayFunnel","MiniBlackHole","conspire:RunicOctahedron","ReplayTheSpireMod:ShopPack","betterThird:NestCultRelic"],"acts_visited":["Exordium","TheCity"],"potions_floor_usage":[8,8,10,18],"damage_taken":[{"damage":0,"enemies":"Small Slimes","floor":1,"turns":3},{"damage":0,"enemies":"2 Louse","floor":2,"turns":3},{"damage":1,"enemies":"Cultist","floor":3,"turns":4},{"damage":6,"enemies":"3 Louse","floor":4,"turns":3},{"damage":15,"enemies":"Replay:BlueRogue","floor":6,"turns":8},{"damage":29,"enemies":"Lagavulin","floor":8,"turns":7},{"damage":16,"enemies":"Gremlin Nob","floor":10,"turns":4},{"damage":3,"enemies":"Exordium Thugs","floor":11,"turns":3},{"damage":0,"enemies":"Lots of Slimes","floor":13,"turns":4},{"damage":2,"enemies":"The Guardian","floor":16,"turns":11},{"damage":25,"enemies":"Spheric Guardian","floor":18,"turns":8},{"damage":6,"enemies":"3 Byrds","floor":20,"turns":4},{"damage":46,"enemies":"Gremlin Leader","floor":24,"turns":4}],"seed_played":"5651680635447891153","potions_obtained":[{"floor":2,"key":"Regen Potion"},{"floor":3,"key":"blueLaboratory:ArtistsPotion"},{"floor":8,"key":"blueLaboratory:ImpenetrablePotion"},{"floor":10,"key":"Block Potion"},{"floor":13,"key":"blueLaboratory:RememoryPotion"},{"floor":20,"key":"blueLaboratory:PhilterOfMotion"}],"is_trial":false,"path_per_floor":["M","M","M","M","$","E","R","E","T","E","M","R","M","?","R","B",null,"M","$","M","?","$","R","E"],"character_chosen":"THE_SILENT","items_purchased":["StuffTheSpire:DoubleShiv","Replay:PocketPolymizer","Reflex","ReplayTheSpireMod:ShopPack","Deflect"],"campfire_rested":4,"item_purchase_floors":[5,5,19,19,22],"current_hp_per_floor":[59,59,58,52,52,37,55,37,37,21,18,36,36,36,54,52,58,33,33,27,27,27,45,0,0],"gold":12,"neow_bonus":"TWO_FIFTY_GOLD","is_daily":false,"chose_seed":false,"campfire_upgraded":0,"win_rate":0.0,"timestamp":1609502166,"path_taken":["M","M","M","M","$","E","R","E","T","E","M","R","M","?","R","BOSS","M","$","M","?","$","R","E"],"items_purchased_type":["Card","Relic","Card","Relic","Card"],"build_version":"2020-12-22","purchased_purges":1,"victory":false,"max_hp_per_floor":[60,60,60,60,60,60,60,60,60,60,60,60,60,60,60,60,60,60,60,60,60,60,60,60,60],"relic_stats":{"Centennial Puzzle":[21],"counters":[13,66],"obtain_stats":[{"ReplayFunnel":9,"Centennial Puzzle":6,"Replay:PocketPolymizer":5,"MiniBlackHole":10,"conspire:RunicOctahedron":17,"betterThird:NestCultRelic":21,"theForsaken:Gavel":8,"Ring of the Snake":0,"ReplayTheSpireMod:ShopPack":19},{"ReplayFunnel":6,"Centennial Puzzle":5,"Replay:PocketPolymizer":4,"MiniBlackHole":7,"conspire:RunicOctahedron":10,"betterThird:NestCultRelic":12,"theForsaken:Gavel":6,"Ring of the Snake":0,"ReplayTheSpireMod:ShopPack":11},{"ReplayFunnel":28,"Centennial Puzzle":21,"Replay:PocketPolymizer":13,"MiniBlackHole":32,"conspire:RunicOctahedron":50,"betterThird:NestCultRelic":62,"theForsaken:Gavel":28,"Ring of the Snake":0,"ReplayTheSpireMod:ShopPack":58}],"Ring of the Snake":[26]},"card_choices":[{"not_picked":["Dagger Spray","Leg Sweep"],"picked":"Underhanded Strike","floor":1},{"not_picked":["Outmaneuver","StuffTheSpire:BumpUp"],"picked":"Predator","floor":2},{"not_picked":["Eviscerate","Deadly Poison"],"picked":"Leg Sweep","floor":3},{"not_picked":["Deflect","Distraction"],"picked":"Reflex","floor":4},{"not_picked":["Masterful Stab","Predator"],"picked":"Burst","floor":6},{"not_picked":["InfectiousVector","StuffTheSpire:Incursion"],"picked":"Dagger Throw","floor":8},{"not_picked":["Deflect","Quick Slash"],"picked":"Terror","floor":10},{"not_picked":["StuffTheSpire:BrimstoneBlast","Outmaneuver","StuffTheSpire:MirrorStance"],"picked":"SKIP","floor":11},{"not_picked":["Outmaneuver","conspire:DoublingDagger"],"picked":"Backflip","floor":13},{"not_picked":["ReplayTheSpireMod:Necrosis","Poison Darts"],"picked":"Wraith Form v2","floor":16},{"not_picked":["Crippling Poison","Backflip"],"picked":"Cloak And Dagger+1","floor":18},{"not_picked":["Replay:Sssssssssshield","Replay:Bootleg Shield Generator"],"picked":"Finesse","floor":19},{"not_picked":["ReplayTheSpireMod:Brewmster","Transmutation"],"picked":"Secret Weapon","floor":19},{"not_picked":["Transmutation","StuffTheSpire:Recharge"],"picked":"Feint","floor":19},{"not_picked":["Outmaneuver","StuffTheSpire:Python"],"picked":"Backstab+1","floor":20}],"player_experience":1852791,"relics_obtained":[{"floor":6,"key":"Centennial Puzzle"},{"floor":8,"key":"theForsaken:Gavel"},{"floor":9,"key":"ReplayFunnel"},{"floor":10,"key":"MiniBlackHole"}],"event_choices":[{"damage_healed":0,"gold_gain":0,"player_choice":"Searched \u00270\u0027 times","damage_taken":0,"max_hp_gain":0,"max_hp_loss":0,"event_name":"Dead Adventurer","floor":14,"gold_loss":0},{"damage_healed":0,"gold_gain":0,"player_choice":"Madness","damage_taken":0,"relics_obtained":["betterThird:NestCultRelic"],"max_hp_gain":0,"max_hp_loss":0,"event_name":"betterThird:BetterNest","floor":21,"gold_loss":0}],"is_beta":false,"boss_relics":[{"not_picked":["Cursed Key","Snecko Eye"],"picked":"conspire:RunicOctahedron"}],"items_purged_floors":[19],"is_endless":false,"potions_floor_spawned":[2,3,8,10,13,16,20],"killed_by":"Gremlin Leader","ascension_level":15}}