{"host":"dntw6kil9p09eemm","time":1609475678,"event":{"mods":["Alarm Clock","Aspiration","BaseMod","Downfall","Hermit","Hubris","Minty Spire (QoL Compilation)","Permanent Neow","Replay The Spire","Shop Mod","StSLib"],"gold_per_floor":[113,126,144,144,162,192,203,215,215,215,229,239,256,99,99,205,205,230,254,104,131,131,131,150,221,221,221,231,271,271,281,281,392,392,407,434,242,342,368,368,368,368],"floor_reached":40,"playtime":3333,"items_purged":["hexamod:Defend","hexamod:Strike"],"score":441,"play_id":"1a9ca912-963c-4be2-bae7-61ded8ca07eb","local_time":"20210101133438","is_ascension_mode":false,"campfire_choices":[{"data":"hexamod:Float","floor":10.0,"key":"SMITH"},{"data":"hexamod:FastForward","floor":15.0,"key":"SMITH"},{"data":"hexamod:VolcanoVisage","floor":23.0,"key":"SMITH"},{"floor":30,"key":"REST"},{"floor":32,"key":"REST"}],"circlet_count":0,"master_deck":["hexamod:Strike","hexamod:Strike","hexamod:Defend","hexamod:Sear","hexamod:Float+1","hexamod:GhostOfSpireFuture","hexamod:SpectralSpark","hexamod:StepThrough","hexamod:FastForward+1","hexamod:PhantomFireball","hexamod:SecondSeal","hexamod:VolcanoVisage+1","hexamod:GhostOfSpireFuture+1","hexamod:TurnItUp+1","hexamod:RadiantFlame+1","hexamod:ThermalTransfer+1","hexamod:HexaLevel","hexamod:SearingWound","hexamod:ExtraCrispy+1","hexamod:SuperheatedStrike"],"relics":["hexamod:SpiritBrand","FossilizedHelix","MealTicket","PreservedInsect","Replay:Wax Seal","Astrolabe","hexamod:RecyclingMachine","Shuriken","Black Star","MerchantsRug"],"acts_visited":["Exordium","TheCity","TheBeyond"],"potions_floor_usage":[33,35,39],"damage_taken":[{"damage":0.0,"enemies":"2 Louse","floor":1.0,"turns":3.0},{"damage":0.0,"enemies":"Cultist","floor":2.0,"turns":4.0},{"damage":0.0,"enemies":"Jaw Worm","floor":3.0,"turns":3.0},{"damage":0.0,"enemies":"Blue Slaver","floor":5.0,"turns":3.0},{"damage":0.0,"enemies":"Gremlin Nob","floor":6.0,"turns":4.0},{"damage":0.0,"enemies":"Exordium Wildlife","floor":7.0,"turns":5.0},{"damage":0.0,"enemies":"Red Slaver","floor":8.0,"turns":3.0},{"damage":0.0,"enemies":"2 Fungi Beasts","floor":11.0,"turns":3.0},{"damage":0.0,"enemies":"Gremlin Gang","floor":12.0,"turns":5.0},{"damage":0.0,"enemies":"Large Slime","floor":13.0,"turns":4.0},{"damage":32.0,"enemies":"The Guardian","floor":16.0,"turns":9.0},{"damage":11.0,"enemies":"2 Thieves","floor":18.0,"turns":4.0},{"damage":0.0,"enemies":"Chosen","floor":19.0,"turns":5.0},{"damage":12.0,"enemies":"Centurion and Healer","floor":21.0,"turns":6.0},{"damage":13.0,"enemies":"3 Cultists","floor":24.0,"turns":5.0},{"damage":22.0,"enemies":"Shelled Parasite and Fungi","floor":28.0,"turns":5.0},{"damage":10.0,"enemies":"Book of Stabbing","floor":29.0,"turns":4.0},{"damage":0,"enemies":"Centurion and Healer","floor":31,"turns":4},{"damage":40,"enemies":"Collector","floor":33,"turns":8},{"damage":25,"enemies":"3 Darklings","floor":35,"turns":4},{"damage":17,"enemies":"Orb Walker","floor":36,"turns":4},{"damage":20,"enemies":"Maw","floor":39,"turns":7},{"damage":29,"enemies":"Transient","floor":40,"turns":4}],"seed_played":"-5906493120571548026","potions_obtained":[{"floor":2.0,"key":"Energy Potion"},{"floor":6.0,"key":"Adrenaline Potion"},{"floor":7.0,"key":"Swift Potion"},{"floor":11.0,"key":"Swift Potion"},{"floor":16.0,"key":"DistilledChaos"},{"floor":19.0,"key":"champ:CounterPotion"},{"floor":31,"key":"AttackPotion"},{"floor":33,"key":"PowerPotion"},{"floor":36,"key":"PowerPotion"}],"is_trial":false,"path_per_floor":["M","M","M","?","M","E","M","M","T","R","M","M","M","$","R","B",null,"M","M","$","M","?","R","M","T","T","?","M","E","R","M","R","B",null,"M","M","$","?","M","M"],"character_chosen":"THE_SPIRIT","items_purchased":["Replay:Wax Seal","hexamod:RecyclingMachine","MerchantsRug","hexamod:SuperheatedStrike"],"campfire_rested":2,"item_purchase_floors":[14,20,37,37],"current_hp_per_floor":[49,49,49,49,49,49,49,49,49,49,49,49,49,64,64,32,70,59,59,70,58,58,58,45,45,45,45,23,13,34,34,55,15,70,45,28,43,43,23,0,0,0],"gold":368,"neow_bonus":"ONE_RARE_RELIC","is_daily":false,"chose_seed":false,"campfire_upgraded":3,"win_rate":0.0,"timestamp":1609475678,"path_taken":["M","M","M","?","M","E","M","?","T","R","M","M","M","$","R","BOSS","M","M","$","M","?","R","M","?","T","?","?","E","R","?","R","BOSS","M","M","$","?","M","?"],"items_purchased_type":["Relic","Relic","Relic","Card"],"build_version":"2020-12-22","purchased_purges":2,"victory":false,"max_hp_per_floor":[70,70,70,70,70,70,70,70,70,70,70,70,70,70,70,70,70,70,70,70,70,70,70,70,70,70,70,70,70,70,70,70,70,70,70,70,70,70,70,70,70,70],"card_choices":[{"not_picked":["hexamod:RainOfEmbers","hexamod:AdvancingGuard"],"picked":"hexamod:GhostOfSpireFuture","floor":1.0},{"not_picked":["hexamod:ChargedBarrage","hexamod:AdvancingGuard"],"picked":"hexamod:SpectralSpark","floor":2.0},{"not_picked":["hexamod:ChargedBarrage","hexamod:AdvancingGuard","hexamod:Hexaguard"],"picked":"SKIP","floor":3.0},{"not_picked":["hexamod:BacktrackSmack","hexamod:HauntingEcho"],"picked":"hexamod:StepThrough","floor":5.0},{"not_picked":["hexamod:SoulSteal","hexamod:GhostShield"],"picked":"hexamod:FastForward","floor":6.0},{"not_picked":["hexamod:Hexaguard","hexamod:BacktrackSmack","hexamod:Firestarter"],"picked":"SKIP","floor":7.0},{"not_picked":["hexamod:DynamicBlow","hexamod:FastForward"],"picked":"hexamod:PhantomFireball","floor":8.0},{"not_picked":["hexamod:SwordOfDarkness","hexamod:HeatShield","hexamod:InspiringFlames"],"picked":"SKIP","floor":11.0},{"not_picked":["hexamod:UnleashSpirits","hexamod:ShieldOfDarkness","hexamod:NecessarySacrifice"],"picked":"SKIP","floor":12.0},{"not_picked":["hexamod:SecondSeal","hexamod:BacktrackSmack","hexamod:AdvancingGuard"],"picked":"SKIP","floor":13.0},{"not_picked":["hexamod:BacktrackSmack","hexamod:AdvancingGuard"],"picked":"hexamod:SecondSeal","floor":13.0},{"not_picked":["hexamod:SixthSeal","hexamod:TimeOfNeed"],"picked":"hexamod:VolcanoVisage","floor":16.0},{"not_picked":["hexamod:RainOfEmbers","hexamod:SpectralSpark"],"picked":"hexamod:ThermalTransfer+1","floor":18.0},{"not_picked":["hexamod:InspiringFlames","hexamod:SpectersWail","hexamod:RadiantFlame"],"picked":"SKIP","floor":19.0},{"not_picked":["hexamod:SpectralAdrenaline","hexamod:RainOfEmbers","hexamod:Firestarter+1"],"picked":"SKIP","floor":21.0},{"not_picked":["hexamod:HauntingEcho","hexamod:ShieldOfDarkness+1","hexamod:GhostShield"],"picked":"SKIP","floor":24.0},{"not_picked":["hexamod:SpectersWail","hexamod:RetreatToShadows","hexamod:Haunt+1"],"picked":"SKIP","floor":28.0},{"not_picked":["hexamod:ChargedBarrage","hexamod:Firestarter+1"],"picked":"hexamod:HexaLevel","floor":29},{"not_picked":["hexamod:InspiringFlames","hexamod:NightmareGuise","hexamod:GhostLash+1"],"picked":"SKIP","floor":31},{"not_picked":["hexamod:CrushingStance","hexamod:HexaLevel"],"picked":"hexamod:SearingWound","floor":33},{"not_picked":["hexamod:HauntingEcho+1","hexamod:GhostLash+1"],"picked":"hexamod:ExtraCrispy+1","floor":35},{"not_picked":["hexamod:ChargedBarrage+1","hexamod:RecurringNightmare","hexamod:GhostLash"],"picked":"SKIP","floor":36},{"not_picked":["hexamod:GhostShield","hexamod:SpectralAdrenaline+1","hexamod:Firestarter+1"],"picked":"SKIP","floor":39}],"player_experience":512258,"relics_obtained":[{"floor":6.0,"key":"MealTicket"},{"floor":9.0,"key":"PreservedInsect"},{"floor":25.0,"key":"Shuriken"},{"floor":26.0,"key":"InkBottle"},{"floor":29,"key":"Replay:Bottled Snecko"}],"event_choices":[{"damage_healed":0.0,"max_hp_gain":0.0,"max_hp_loss":0.0,"gold_gain":0.0,"event_name":"The Woman in Blue","player_choice":"Bought 0 Potions","floor":4.0,"gold_loss":0.0,"damage_taken":0.0},{"damage_healed":0,"gold_gain":100,"player_choice":"Pray","damage_taken":0,"max_hp_gain":0,"max_hp_loss":0,"event_name":"Golden Shrine","floor":38,"gold_loss":0}],"is_beta":false,"boss_relics":[{"not_picked":["hubris:TerracottaHorce","hubris:BlackHole"],"picked":"Astrolabe"},{"not_picked":["hubris:ScarierMask","Snecko Eye"],"picked":"Black Star"}],"items_purged_floors":[14,37],"is_endless":false,"potions_floor_spawned":[2,6,7,11,16,19,31,33,36],"killed_by":"Transient","ascension_level":0}}