{"host":"480qzmvu0s2e3e6w","time":1609498427,"event":{"mods":["BaseMod","Colored Map","DeckTracker","Minty Spire (QoL Compilation)","StSLib","SuperFastMode"],"gold_per_floor":[119,132,132,150,163,163,197,83,83,158,158,158,178,193,193,317,317,340,320,46,66,100,100,121,142,142,156,174,174,197,20,20,149,149,169,193,214,39,53,87,87,101,101,101,114,148,163,89,89,89,89,89,41,81,81,81],"floor_reached":55,"playtime":6206,"items_purged":["Strike_B","Strike_B","Strike_B"],"score":1042,"play_id":"0c2ca4a2-ce62-4589-b6b7-03beda5e9e04","local_time":"20210101195347","is_ascension_mode":true,"campfire_choices":[{"data":"Zap","floor":6.0,"key":"SMITH"},{"data":"Buffer","floor":12.0,"key":"SMITH"},{"data":"Blizzard","floor":15.0,"key":"SMITH"},{"floor":23.0,"key":"REST"},{"data":"Fusion","floor":29.0,"key":"SMITH"},{"floor":32.0,"key":"REST"},{"data":"Biased Cognition","floor":41.0,"key":"SMITH"},{"data":"Coolheaded","floor":44.0,"key":"SMITH"},{"floor":49.0,"key":"RECALL"},{"data":"Echo Form","floor":52.0,"key":"SMITH"}],"circlet_count":0,"master_deck":["Strike_B","Defend_B","Defend_B","Defend_B","Defend_B","Zap+1","Dualcast+1","Turbo+1","Gash","Glacier","Gash","Buffer+1","Genetic Algorithm","Blizzard+1","Core Surge","Sunder","Fusion+1","Cold Snap","Coolheaded+1","Capacitor","Gash+1","Conserve Battery+1","Biased Cognition+1","Echo Form+1","Leap+1","Blizzard+1","Stack","Beam Cell","Skim","Defragment+1","Injury","Defragment+1","Gash+1","Defragment","Turbo+1"],"relics":["Cracked Core","Strawberry","Shuriken","Golden Idol","Cursed Key","HornCleat","Red Mask","Runic Pyramid","Pantograph","Question Card","Gremlin Horn"],"acts_visited":["Exordium","TheCity","TheBeyond","TheEnding"],"potions_floor_usage":[55],"damage_taken":[{"damage":7.0,"enemies":"2 Louse","floor":1.0,"turns":2.0},{"damage":0.0,"enemies":"Small Slimes","floor":2.0,"turns":3.0},{"damage":1.0,"enemies":"Cultist","floor":4.0,"turns":3.0},{"damage":0.0,"enemies":"3 Louse","floor":5.0,"turns":4.0},{"damage":13.0,"enemies":"Lagavulin","floor":7.0,"turns":8.0},{"damage":2.0,"enemies":"Exordium Thugs","floor":13.0,"turns":6.0},{"damage":0.0,"enemies":"Exordium Wildlife","floor":14.0,"turns":6.0},{"damage":28.0,"enemies":"Hexaghost","floor":16.0,"turns":12.0},{"damage":7.0,"enemies":"3 Byrds","floor":18.0,"turns":5.0},{"damage":5.0,"enemies":"2 Thieves","floor":21.0,"turns":5.0},{"damage":18.0,"enemies":"Masked Bandits","floor":22.0,"turns":6.0},{"damage":17.0,"enemies":"Snake Plant","floor":24.0,"turns":5.0},{"damage":0.0,"enemies":"Centurion and Healer","floor":25.0,"turns":9.0},{"damage":0.0,"enemies":"Snecko","floor":27.0,"turns":6.0},{"damage":2.0,"enemies":"Snake Plant","floor":28.0,"turns":6.0},{"damage":11.0,"enemies":"Sentry and Sphere","floor":30.0,"turns":6.0},{"damage":48.0,"enemies":"Automaton","floor":33.0,"turns":15.0},{"damage":1.0,"enemies":"3 Shapes","floor":35.0,"turns":5.0},{"damage":0.0,"enemies":"3 Darklings","floor":36.0,"turns":7.0},{"damage":0.0,"enemies":"4 Shapes","floor":37.0,"turns":10.0},{"damage":5.0,"enemies":"Sphere and 2 Shapes","floor":39.0,"turns":6.0},{"damage":0.0,"enemies":"Giant Head","floor":40.0,"turns":10.0},{"damage":0.0,"enemies":"3 Darklings","floor":42.0,"turns":6.0},{"damage":0.0,"enemies":"4 Shapes","floor":45.0,"turns":7.0},{"damage":0.0,"enemies":"Nemesis","floor":46.0,"turns":9.0},{"damage":0.0,"enemies":"Spire Growth","floor":47.0,"turns":7.0},{"damage":2.0,"enemies":"Time Eater","floor":50.0,"turns":12.0},{"damage":18.0,"enemies":"Shield and Spear","floor":54.0,"turns":9.0},{"damage":78,"enemies":"The Heart","floor":55,"turns":5}],"seed_played":"-821397052131071932","potions_obtained":[{"floor":0.0,"key":"EntropicBrew"},{"floor":0.0,"key":"Block Potion"},{"floor":0.0,"key":"Strength Potion"},{"floor":1.0,"key":"PotionOfCapacity"},{"floor":2.0,"key":"Dexterity Potion"},{"floor":5.0,"key":"BlessingOfTheForge"},{"floor":16.0,"key":"FearPotion"},{"floor":18.0,"key":"SpeedPotion"},{"floor":19.0,"key":"Explosive Potion"},{"floor":21.0,"key":"LiquidBronze"},{"floor":28.0,"key":"Weak Potion"},{"floor":33.0,"key":"DistilledChaos"},{"floor":35.0,"key":"Swift Potion"},{"floor":45.0,"key":"ColorlessPotion"},{"floor":47.0,"key":"Swift Potion"},{"floor":54.0,"key":"FearPotion"}],"is_trial":false,"path_per_floor":["M","M","?","M","M","R","E","$","T","?","?","R","M","M","R","B",null,"M","?","$","M","?","R","M","M","T","M","M","R","M","$","R","B",null,"M","M","M","$","M","E","R","M","T","R","M","E","M","$","R","B",null,"R","$","E","B"],"character_chosen":"DEFECT","items_purchased":["Genetic Algorithm","Fusion","HornCleat","Biased Cognition","Stack","Defragment","Weak Potion"],"campfire_rested":2,"item_purchase_floors":[8,20,20,31,38,48,53],"current_hp_per_floor":[61,61,46,45,45,45,39,39,39,28,28,28,26,26,26,18,62,55,55,55,50,32,54,37,37,37,37,35,35,24,24,46,28,64,63,63,63,63,58,58,58,58,58,58,58,58,58,58,58,74,76,76,76,58,0,0],"gold":81,"neow_bonus":"THREE_SMALL_POTIONS","is_daily":false,"chose_seed":false,"campfire_upgraded":7,"win_rate":0.0,"timestamp":1609498427,"path_taken":["M","M","?","M","M","R","E","$","T","?","?","R","M","M","R","BOSS","M","?","$","?","?","R","M","M","T","M","M","R","M","?","R","BOSS","M","M","M","$","M","E","R","M","T","R","M","E","M","$","R","BOSS","R","$","E","BOSS"],"items_purchased_type":["Card","Card","Relic","Card","Card","Card","Potion"],"build_version":"2020-12-22","purchased_purges":3,"victory":false,"max_hp_per_floor":[75,75,75,75,75,75,82,82,82,82,76,76,76,76,76,76,76,76,76,76,76,76,76,76,76,76,76,76,76,76,76,76,76,76,76,76,76,76,76,76,76,76,76,76,76,76,76,76,76,76,76,76,76,76,76,76],"card_choices":[{"not_picked":["Storm","Go for the Eyes"],"picked":"Turbo","floor":1.0},{"not_picked":["Rip and Tear","Steam Power"],"picked":"Gash","floor":2.0},{"not_picked":["Chaos","Turbo"],"picked":"Glacier","floor":4.0},{"not_picked":["Go for the Eyes","Self Repair"],"picked":"Gash","floor":5.0},{"not_picked":["Stack","Leap"],"picked":"Buffer","floor":7.0},{"not_picked":["Stack","Leap"],"picked":"Blizzard","floor":13.0},{"not_picked":["Compile Driver","Static Discharge","Ball Lightning"],"picked":"SKIP","floor":14.0},{"not_picked":["Multi-Cast","Hyperbeam"],"picked":"Core Surge","floor":16.0},{"not_picked":["Go for the Eyes","Recycle"],"picked":"Sunder","floor":18.0},{"not_picked":["Loop","Storm+1"],"picked":"Cold Snap","floor":21.0},{"not_picked":["Go for the Eyes+1","Redo"],"picked":"Coolheaded","floor":22.0},{"not_picked":["Lockon+1","Chill"],"picked":"Capacitor","floor":24.0},{"not_picked":["Compile Driver","Redo+1","Meteor Strike"],"picked":"SKIP","floor":25.0},{"not_picked":["Barrage+1","Ball Lightning"],"picked":"Gash+1","floor":27.0},{"not_picked":["Doom and Gloom","Double Energy","Steam"],"picked":"SKIP","floor":28.0},{"not_picked":["Compile Driver","Ball Lightning"],"picked":"Conserve Battery+1","floor":30.0},{"not_picked":["Reboot","Seek"],"picked":"Echo Form","floor":33.0},{"not_picked":["Auto Shields","Rebound+1"],"picked":"Leap+1","floor":35.0},{"not_picked":["Streamline","Redo+1"],"picked":"Blizzard+1","floor":36.0},{"not_picked":["Redo","Ball Lightning+1","Compile Driver"],"picked":"SKIP","floor":37.0},{"not_picked":["Amplify","Redo+1"],"picked":"Beam Cell","floor":39.0},{"not_picked":["Stack+1","Lockon+1"],"picked":"Skim","floor":40.0},{"not_picked":["Hologram+1","Turbo"],"picked":"Defragment+1","floor":42.0},{"not_picked":["Doom and Gloom+1","Double Energy"],"picked":"Defragment+1","floor":45.0},{"not_picked":["Ball Lightning","Meteor Strike","Coolheaded"],"picked":"SKIP","floor":46.0},{"not_picked":["Go for the Eyes","Stack","Conserve Battery"],"picked":"Gash+1","floor":47.0},{"not_picked":["Compile Driver","Beam Cell","Rainbow"],"picked":"Turbo+1","floor":54.0}],"player_experience":641325,"relics_obtained":[{"floor":7.0,"key":"Strawberry"},{"floor":9.0,"key":"Shuriken"},{"floor":22.0,"key":"Red Mask"},{"floor":40.0,"key":"Pantograph"},{"floor":46.0,"key":"Question Card"},{"floor":54.0,"key":"Gremlin Horn"}],"event_choices":[{"damage_healed":0.0,"max_hp_gain":0.0,"max_hp_loss":0.0,"gold_gain":0.0,"event_name":"Shining Light","player_choice":"Entered Light","floor":3.0,"gold_loss":0.0,"damage_taken":15.0,"cards_upgraded":["Turbo","Dualcast"]},{"damage_healed":0.0,"max_hp_gain":0.0,"max_hp_loss":0.0,"gold_gain":75.0,"event_name":"World of Goop","player_choice":"Gather Gold","floor":10.0,"gold_loss":0.0,"damage_taken":11.0},{"damage_healed":0.0,"max_hp_gain":0.0,"max_hp_loss":6.0,"gold_gain":0.0,"event_name":"Golden Idol","player_choice":"Lose Max HP","floor":11.0,"gold_loss":0.0,"damage_taken":0.0,"relics_obtained":["Golden Idol"]},{"damage_healed":0.0,"max_hp_gain":0.0,"max_hp_loss":0.0,"gold_gain":0.0,"event_name":"The Woman in Blue","player_choice":"Bought 1 Potion","floor":19.0,"gold_loss":0.0,"damage_taken":0.0},{"damage_healed":0.0,"max_hp_gain":0.0,"max_hp_loss":0.0,"gold_gain":0.0,"event_name":"Masked Bandits","player_choice":"Fought Bandits","floor":22.0,"gold_loss":0.0,"damage_taken":0.0}],"is_beta":false,"boss_relics":[{"not_picked":["Calling Bell","Pandora\u0027s Box"],"picked":"Cursed Key"},{"not_picked":["Coffee Dripper","SlaversCollar"],"picked":"Runic Pyramid"}],"items_purged_floors":[8,31,38],"is_endless":false,"potions_floor_spawned":[1,2,5,16,18,21,28,33,35,45,47,54],"killed_by":"The Heart","ascension_level":7}}