{"host":"6ko66ogg91i6g7xq","time":1609532953,"event":{"mods":["AchievementEnabler","Act Like it!","BaseMod","Colored Map","Colored Powertips","Downfall","Hermit","Minty Spire (QoL Compilation)","Quick Restart","Relic Stats","StSLib","The Jungle","everything is the same but u backflip on backflip"],"gold_per_floor":[117,131,131,91,12,40,40],"floor_reached":6,"playtime":53,"items_purged":[],"score":72,"play_id":"21e268a7-788d-4899-bfc2-301d889c2133","local_time":"20210101152913","is_ascension_mode":true,"campfire_choices":[],"circlet_count":0,"master_deck":["Strike_G","Strike_G","Strike_G","Strike_G","Strike_G","Defend_G","Defend_G","Defend_G","Defend_G","Defend_G","Survivor","Neutralize","Backflip","Infinite Blades","Noxious Fumes"],"relics":["Ring of the Snake","NeowsBlessing","Blue Candle"],"acts_visited":["Exordium"],"potions_floor_usage":[],"damage_taken":[{"damage":0,"enemies":"Cultist","floor":1,"turns":1},{"damage":0,"enemies":"Jaw Worm","floor":2,"turns":1},{"damage":0,"enemies":"Gremlin Nob","floor":6,"turns":1}],"seed_played":"-2408176013530887844","potions_obtained":[{"floor":4,"key":"Slimebound:ThreeZeroPotion"},{"floor":4,"key":"DistilledChaos"},{"floor":4,"key":"Block Potion"}],"is_trial":false,"path_per_floor":["M","M","?","?","$","E"],"character_chosen":"THE_SILENT","items_purchased":["Noxious Fumes"],"campfire_rested":0,"item_purchase_floors":[5],"current_hp_per_floor":[70,70,70,70,70,70,70],"gold":40,"neow_bonus":"THREE_ENEMY_KILL","is_daily":false,"chose_seed":false,"campfire_upgraded":0,"win_rate":0.0,"timestamp":1609532953,"path_taken":["M","M","?","?","$","E"],"items_purchased_type":["Card"],"build_version":"2020-12-22","purchased_purges":0,"victory":false,"max_hp_per_floor":[70,70,70,70,70,70,70],"relic_stats":{"counters":[3,3],"Blue Candle":[0],"obtain_stats":[{"NeowsBlessing":0,"Blue Candle":6,"Ring of the Snake":0},{"NeowsBlessing":0,"Blue Candle":3,"Ring of the Snake":0},{"NeowsBlessing":0,"Blue Candle":3,"Ring of the Snake":0}],"Ring of the Snake":[6]},"card_choices":[{"not_picked":["Backflip","Prepared","Underhanded Strike"],"picked":"SKIP","floor":1},{"not_picked":["Prepared","Underhanded Strike"],"picked":"Backflip","floor":1},{"not_picked":["Calculated Gamble","Choke"],"picked":"Infinite Blades","floor":2}],"player_experience":280991,"relics_obtained":[{"floor":6,"key":"Blue Candle"}],"event_choices":[{"damage_healed":0,"gold_gain":0,"player_choice":"Leave","damage_taken":0,"max_hp_gain":0,"max_hp_loss":0,"event_name":"The Cleric","floor":3,"gold_loss":0},{"damage_healed":0,"gold_gain":0,"player_choice":"Bought 3 Potions","damage_taken":0,"max_hp_gain":0,"max_hp_loss":0,"event_name":"The Woman in Blue","floor":4,"gold_loss":0}],"is_beta":false,"boss_relics":[],"items_purged_floors":[],"is_endless":false,"potions_floor_spawned":[6],"killed_by":"Gremlin Nob","ascension_level":1}}