{"host":"8fjsnt81u6xsmhji","time":1609470642,"event":{"mods":["BaseMod","Beaked The Cultist","Colored Powertips","Downfall","Glutton Mod","Hermit","Minty Spire (QoL Compilation)","Quick Restart","StSLib","The Bug Knight","The Forsaken","The Hierophant","The Runesmith"],"gold_per_floor":[113,123,141,216,230,230,259,259,259,270,282,299,311,311,311,416,416,430,630,640,163,176,176,176],"floor_reached":23,"playtime":2161,"items_purged":["Runesmith:Defend_RS"],"score":217,"play_id":"3bf1bec7-458c-46bc-9687-492737c14036","local_time":"20201231211042","is_ascension_mode":true,"campfire_choices":[{"floor":6.0,"key":"REST"},{"floor":8.0,"key":"REST"},{"floor":15.0,"key":"REST"}],"circlet_count":0,"master_deck":["Runesmith:Strike_RS","Runesmith:Strike_RS","Runesmith:Strike_RS","Runesmith:Strike_RS","Runesmith:Defend_RS","Runesmith:Defend_RS","Runesmith:Defend_RS","Runesmith:CraftFirestone","Runesmith:Fortify","Runesmith:CraftMedicinae","Runesmith:Grindstone","Runesmith:UnstableHammer","Runesmith:RuneHurl","Runesmith:Terraform","Runesmith:CraftMedicinae","Runesmith:HammerThrow","Runesmith:BackupBattery","Runesmith:EarthShield","Runesmith:Terraform","Runesmith:MetallurgicalResearch","Runesmith:RuneHurl","Runesmith:Firestorm","Runesmith:PoweredAnvil","Runesmith:Discharge"],"relics":["Runesmith:BrokenRuby","Nunchaku","Blue Candle","The Courier","SlaversCollar","Runesmith:MiniCore","Mango"],"acts_visited":["Exordium","TheCity"],"potions_floor_usage":[23],"damage_taken":[{"damage":0.0,"enemies":"Cultist","floor":1.0,"turns":4.0},{"damage":3.0,"enemies":"Jaw Worm","floor":2.0,"turns":4.0},{"damage":2.0,"enemies":"Small Slimes","floor":3.0,"turns":3.0},{"damage":7.0,"enemies":"Exordium Thugs","floor":5.0,"turns":6.0},{"damage":4.0,"enemies":"HollowMod:MossKnight","floor":7.0,"turns":8.0},{"damage":9.0,"enemies":"Exordium Wildlife","floor":10.0,"turns":7.0},{"damage":5.0,"enemies":"Large Slime","floor":11.0,"turns":9.0},{"damage":11.0,"enemies":"3 Louse","floor":12.0,"turns":6.0},{"damage":11.0,"enemies":"Gremlin Gang","floor":13.0,"turns":12.0},{"damage":45.0,"enemies":"Slime Boss","floor":16.0,"turns":14.0},{"damage":25.0,"enemies":"Shell Parasite","floor":18.0,"turns":12.0},{"damage":19.0,"enemies":"3 Byrds","floor":20.0,"turns":10.0},{"damage":28.0,"enemies":"Centurion and Healer","floor":22.0,"turns":9.0},{"damage":34,"enemies":"Gremlin Leader","floor":23,"turns":5}],"seed_played":"1088995308667710371","potions_obtained":[{"floor":3.0,"key":"BlessingOfTheForge"},{"floor":7.0,"key":"BlessingOfTheForge"},{"floor":10.0,"key":"Guardian:BlockOnCardUsePotion"},{"floor":12.0,"key":"Block Potion"},{"floor":16.0,"key":"sneckomod:MuddlingPotion"},{"floor":18.0,"key":"Weak Potion"}],"is_trial":false,"path_per_floor":["M","M","M","?","M","R","E","R","T","M","M","M","M","T","R","B",null,"M","?","M","$","M","E"],"character_chosen":"RUNESMITH_CLASS","items_purchased":["Runesmith:MiniCore","Mango","Runesmith:PoweredAnvil"],"campfire_rested":3,"item_purchase_floors":[21,21,21],"current_hp_per_floor":[49,46,44,33,26,47,43,64,64,58,55,44,38,38,59,22,70,50,50,37,51,33,0,0],"gold":176,"neow_bonus":"THREE_RARE_CARDS","is_daily":false,"chose_seed":false,"campfire_upgraded":0,"win_rate":0.0,"timestamp":1609470642,"path_taken":["M","?","M","?","M","R","E","R","T","M","M","M","M","?","R","BOSS","M","?","M","$","?","E"],"items_purchased_type":["Relic","Relic","Card"],"build_version":"2020-12-22","purchased_purges":1,"victory":false,"max_hp_per_floor":[70,70,70,70,70,70,70,70,70,70,70,70,70,70,70,70,70,70,70,70,84,84,84,84],"card_choices":[{"not_picked":["Runesmith:CreatorForm","Runesmith:FissionHammer"],"picked":"Runesmith:CraftMedicinae","floor":0.0},{"not_picked":["Runesmith:MakeshiftArmor","Runesmith:StaticCage"],"picked":"Runesmith:Grindstone","floor":1.0},{"not_picked":["Runesmith:StaticCage","Runesmith:Grindstone"],"picked":"Runesmith:UnstableHammer","floor":2.0},{"not_picked":["Runesmith:UnstableHammer","Runesmith:HeatedChisel"],"picked":"Runesmith:RuneHurl","floor":3.0},{"not_picked":["Runesmith:Empowerment","Runesmith:CraftVitae"],"picked":"Runesmith:Terraform","floor":5.0},{"not_picked":["Runesmith:BackupBattery","Runesmith:FieryHammer"],"picked":"Runesmith:CraftMedicinae","floor":7.0},{"not_picked":["Runesmith:WhiteBalance","Runesmith:Grindstone"],"picked":"Runesmith:HammerThrow","floor":10.0},{"not_picked":["Runesmith:Augment","Runesmith:ChargedHammer"],"picked":"Runesmith:BackupBattery","floor":11.0},{"not_picked":["Runesmith:PoweredAnvil","Runesmith:HeatedChisel"],"picked":"Runesmith:EarthShield","floor":12.0},{"not_picked":["Runesmith:DoubleUp","Runesmith:UnstableHammer"],"picked":"Runesmith:Terraform","floor":13.0},{"not_picked":["Runesmith:CraftPrismatica","Runesmith:FissionHammer"],"picked":"Runesmith:MetallurgicalResearch","floor":16.0},{"not_picked":["Runesmith:WhiteBalance+1","Runesmith:StaticCage"],"picked":"Runesmith:RuneHurl","floor":18.0},{"not_picked":["Runesmith:Overpower+1","Runesmith:OneForEveryone"],"picked":"Runesmith:Firestorm","floor":20.0},{"not_picked":["Runesmith:Repurpose+1","Runesmith:EarthShield+1"],"picked":"Runesmith:Discharge","floor":22.0}],"player_experience":667019,"relics_obtained":[{"floor":7.0,"key":"Nunchaku"},{"floor":9.0,"key":"Blue Candle"},{"floor":14.0,"key":"The Courier"}],"event_choices":[{"damage_healed":0.0,"max_hp_gain":0.0,"max_hp_loss":0.0,"gold_gain":75.0,"event_name":"World of Goop","player_choice":"Gather Gold","floor":4.0,"gold_loss":0.0,"damage_taken":11.0},{"damage_healed":0.0,"max_hp_gain":0.0,"max_hp_loss":0.0,"gold_gain":200.0,"event_name":"Wheel of Change","player_choice":"Gold","floor":19.0,"gold_loss":0.0,"damage_taken":0.0}],"is_beta":false,"boss_relics":[{"not_picked":["Runesmith:UraniumAnvil","Fusion Hammer"],"picked":"SlaversCollar"}],"items_purged_floors":[21],"is_endless":false,"potions_floor_spawned":[3,7,10,12,16,18],"killed_by":"Gremlin Leader","ascension_level":2}}