{"host":"9ac506c1ebg8floo","time":1609537975,"event":{"mods":["BaseMod","Colored Powertips","GifTheSpireLib","Gremlin Mod","Ironclad Rager","Minty Spire (QoL Compilation)","StSLib","The Cursed","The Necromancer"],"gold_per_floor":[18,18,18,36,53,53,73,105,175,100,156,174,200,216,216,314,314,331,246,156,168,184,211,211,224,224,224,224],"floor_reached":27,"playtime":2320,"items_purged":["TheCursedMod:Dregs"],"score":285,"play_id":"bc6c9297-a4c4-488c-b828-7dcf6029533d","local_time":"20210101225255","is_ascension_mode":false,"campfire_choices":[{"floor":6,"key":"REST"},{"data":"Setup","floor":15,"key":"SMITH"},{"floor":24,"key":"REST"}],"circlet_count":0,"master_deck":["Survivor","Neutralize","Poisoned Stab","Poisoned Stab","Poisoned Stab","Poisoned Stab","Dodge and Roll","Dodge and Roll","Dodge and Roll+1","Dodge and Roll","Noxious Fumes","Setup+1","Envenom"],"relics":["Ring of the Serpent","Torii","Potion Belt","Kunai","Akabeko","Odd Mushroom","Lantern","Shuriken","Oddly Smooth Stone"],"acts_visited":["Exordium","TheCity"],"potions_floor_usage":[8,11,13,16,23,27],"damage_taken":[{"damage":0,"enemies":"Jaw Worm","floor":1,"turns":3},{"damage":0,"enemies":"Small Slimes","floor":4,"turns":3},{"damage":0,"enemies":"Cultist","floor":5,"turns":3},{"damage":1,"enemies":"3 Louse","floor":7,"turns":4},{"damage":1,"enemies":"Gremlin Nob","floor":8,"turns":3},{"damage":1,"enemies":"Lagavulin Event","floor":11,"turns":5},{"damage":1,"enemies":"Looter","floor":12,"turns":2},{"damage":1,"enemies":"The Mushroom Lair","floor":13,"turns":4},{"damage":0,"enemies":"2 Fungi Beasts","floor":14,"turns":3},{"damage":0,"enemies":"The Guardian","floor":16,"turns":9},{"damage":2,"enemies":"Chosen","floor":18,"turns":5},{"damage":10,"enemies":"2 Thieves","floor":21,"turns":5},{"damage":12,"enemies":"3 Cultists","floor":22,"turns":6},{"damage":8,"enemies":"Book of Stabbing","floor":23,"turns":7},{"damage":15,"enemies":"Centurion and Healer","floor":25,"turns":7},{"damage":40,"enemies":"Gremlin Leader","floor":27,"turns":5}],"seed_played":"2658387268546324654","potions_obtained":[{"floor":5,"key":"BlessingOfTheForge"},{"floor":8,"key":"Explosive Potion"},{"floor":12,"key":"Energy Potion"},{"floor":13,"key":"Block Potion"},{"floor":18,"key":"SmokeBomb"},{"floor":21,"key":"LiquidBronze"},{"floor":25,"key":"Strength Potion"}],"is_trial":false,"path_per_floor":["M","?","?","M","M","R","M","E","T","$","?","M","?","M","R","B",null,"M","?","?","M","M","E","R","M","T","E"],"character_chosen":"THE_SILENT","items_purchased":[],"campfire_rested":2,"item_purchase_floors":[],"current_hp_per_floor":[45,38,38,38,38,56,55,54,54,54,53,52,51,51,51,51,63,61,61,61,51,39,31,49,34,34,0,0],"gold":224,"neow_bonus":"SILENT_ASSASSIN","is_daily":false,"chose_seed":false,"campfire_upgraded":1,"win_rate":0.0,"timestamp":1609537975,"path_taken":["M","?","?","M","?","R","M","E","T","$","?","M","?","M","R","BOSS","M","?","?","M","M","E","R","M","T","E"],"items_purchased_type":[],"build_version":"2020-12-22","purchased_purges":1,"victory":false,"max_hp_per_floor":[63,63,63,63,63,63,63,63,63,63,63,63,63,63,63,63,63,63,63,63,63,63,63,63,63,63,63,63],"card_choices":[{"not_picked":["Dagger Spray","Backflip","Poisoned Stab"],"picked":"SKIP","floor":1},{"not_picked":["Poisoned Stab","Predator","Infinite Blades"],"picked":"SKIP","floor":4},{"not_picked":["Dagger Spray","Heel Hook","Flechettes"],"picked":"SKIP","floor":5},{"not_picked":["Outmaneuver","Dagger Throw","Dodge and Roll"],"picked":"SKIP","floor":7},{"not_picked":["Deflect","Quick Slash","Blur"],"picked":"SKIP","floor":8},{"not_picked":["Setup","Cloak And Dagger"],"picked":"Noxious Fumes","floor":12},{"not_picked":["Tools of the Trade","Leg Sweep"],"picked":"Setup","floor":13},{"not_picked":["Quick Slash","Acrobatics","Deadly Poison"],"picked":"SKIP","floor":14},{"not_picked":["Grand Finale","Venomology"],"picked":"Envenom","floor":16},{"not_picked":["Deadly Poison+1","Choke","Acrobatics"],"picked":"SKIP","floor":18},{"not_picked":["Poisoned Stab","Blade Dance","Well Laid Plans"],"picked":"SKIP","floor":21},{"not_picked":["PiercingWail","Deflect","Outmaneuver"],"picked":"SKIP","floor":22},{"not_picked":["Sucker Punch","Quick Slash","Finisher"],"picked":"SKIP","floor":23},{"not_picked":["Underhanded Strike+1","ICR:Cloudkill","Bane"],"picked":"SKIP","floor":25}],"player_experience":366564,"relics_obtained":[{"floor":8,"key":"Potion Belt"},{"floor":9,"key":"Kunai"},{"floor":11,"key":"Akabeko"},{"floor":13,"key":"Odd Mushroom"},{"floor":23,"key":"Shuriken"},{"floor":26,"key":"Oddly Smooth Stone"}],"event_choices":[{"damage_healed":0,"gold_gain":0,"player_choice":"Success","damage_taken":7,"relics_obtained":["Torii"],"max_hp_gain":0,"max_hp_loss":0,"event_name":"Scrap Ooze","floor":2,"gold_loss":0},{"cards_removed":["Poisoned Stab"],"damage_healed":0,"gold_gain":0,"player_choice":"Offered Basic","damage_taken":0,"max_hp_gain":0,"max_hp_loss":0,"event_name":"Bonfire Elementals","floor":3,"gold_loss":0},{"damage_healed":0,"gold_gain":0,"player_choice":"Searched \u00272\u0027 times","damage_taken":0,"max_hp_gain":0,"max_hp_loss":0,"event_name":"Dead Adventurer","floor":11,"gold_loss":0},{"damage_healed":0,"gold_gain":0,"player_choice":"Fought Mushrooms","damage_taken":0,"max_hp_gain":0,"max_hp_loss":0,"event_name":"Mushrooms","floor":13,"gold_loss":0},{"damage_healed":0,"gold_gain":0,"player_choice":"Obtained Relic","damage_taken":0,"relics_obtained":["Lantern"],"max_hp_gain":0,"max_hp_loss":0,"event_name":"Addict","floor":19,"gold_loss":85},{"cards_removed":["Dodge and Roll"],"damage_healed":0,"gold_gain":0,"player_choice":"Upgrade and Remove","damage_taken":0,"max_hp_gain":0,"max_hp_loss":0,"event_name":"Designer","floor":20,"gold_loss":90,"cards_upgraded":["Dodge and Roll"]}],"is_beta":false,"boss_relics":[{"not_picked":["Philosopher\u0027s Stone","Runic Dome"],"picked":"Ring of the Serpent"}],"items_purged_floors":[10],"is_endless":false,"potions_floor_spawned":[5,8,12,13,18,21,25],"killed_by":"Gremlin Leader","ascension_level":0}}