{"host":"873t0y8ybyo38pfq","time":1609535079,"event":{"mods":["BaseMod","Bestiary","Colored Map","Colored Powertips","Highlight Path","Minty Spire (QoL Compilation)","Quick Restart","RNG Fix","Rare Cards Sparkle","Relic Stats","StSLib"],"gold_per_floor":[109,121,121,121,10,43,62,97,120,134,134,150,150,150,150,246,246,270,270,320,341,341,341,382,382,409,421,433,445,457,9,9,9,9],"floor_reached":33,"playtime":718,"items_purged":["Writhe"],"score":588,"play_id":"3275faec-4952-407b-9136-cb8ca48997ec","local_time":"20210101160439","is_ascension_mode":true,"campfire_choices":[{"data":"Zap","floor":11,"key":"SMITH"},{"floor":13,"key":"REST"},{"data":"Static Discharge","floor":15,"key":"SMITH"},{"floor":23,"key":"REST"},{"floor":25,"key":"REST"},{"floor":32,"key":"REST"}],"circlet_count":0,"master_deck":["AscendersBane","Strike_B","Strike_B","Strike_B","Strike_B","Defend_B","Defend_B","Defend_B","Defend_B","Zap+1","Dualcast","Go for the Eyes","Static Discharge+1","Ball Lightning","Redo","Glacier","Capacitor","Biased Cognition","Self Repair","White Noise","Leap","Injury","Necronomicurse","Master of Strategy"],"relics":["Cracked Core","NeowsBlessing","Bloody Idol","Bag of Preparation","Question Card","Nunchaku","Cursed Key","Ginger","MawBank","Necronomicon","Membership Card","Emotion Chip"],"acts_visited":["Exordium","TheCity"],"potions_floor_usage":[8,16,24],"damage_taken":[{"damage":0,"enemies":"2 Louse","floor":1,"turns":1},{"damage":0,"enemies":"Jaw Worm","floor":2,"turns":1},{"damage":0,"enemies":"Gremlin Nob","floor":6,"turns":1},{"damage":12,"enemies":"Small Slimes","floor":7,"turns":3},{"damage":30,"enemies":"3 Sentries","floor":8,"turns":5},{"damage":10,"enemies":"Exordium Thugs","floor":10,"turns":4},{"damage":4,"enemies":"Red Slaver","floor":12,"turns":4},{"damage":52,"enemies":"Slime Boss","floor":16,"turns":7},{"damage":22,"enemies":"3 Byrds","floor":18,"turns":4},{"damage":16,"enemies":"2 Thieves","floor":21,"turns":4},{"damage":37,"enemies":"Book of Stabbing","floor":24,"turns":4},{"damage":49,"enemies":"Champ","floor":33,"turns":9}],"seed_played":"7699543774906737673","potions_obtained":[{"floor":10,"key":"FairyPotion"},{"floor":12,"key":"ColorlessPotion"},{"floor":21,"key":"LiquidMemories"}],"is_trial":false,"path_per_floor":["M","M","?","?","$","E","M","E","T","M","R","M","R","?","R","B",null,"M","?","?","M","T","R","E","R","T","$","?","$","?","$","R","B"],"character_chosen":"DEFECT","items_purchased":["Ball Lightning","AttackPotion","Membership Card","Emotion Chip","Master of Strategy"],"campfire_rested":4,"item_purchase_floors":[5,5,31,31,31],"current_hp_per_floor":[64,64,64,69,69,69,57,27,27,17,17,13,33,33,33,5,53,31,31,31,22,22,42,12,32,32,32,32,37,21,26,46,0,0],"gold":9,"neow_bonus":"THREE_ENEMY_KILL","is_daily":false,"chose_seed":false,"campfire_upgraded":2,"win_rate":0.0,"timestamp":1609535079,"path_taken":["M","M","?","?","$","E","M","E","T","M","R","?","R","?","R","BOSS","M","?","?","M","?","R","E","R","T","$","?","$","?","?","R","BOSS"],"items_purchased_type":["Card","Potion","Relic","Relic","Card"],"build_version":"2020-12-22","purchased_purges":1,"victory":false,"max_hp_per_floor":[71,71,64,69,69,69,69,69,69,69,69,69,69,69,69,69,69,69,69,69,69,69,69,69,69,69,69,69,69,69,69,69,69,69],"relic_stats":{"Nunchaku":[4],"Emotion Chip":[20,15,5,0,0],"counters":[12,47],"Bloody Idol":15,"Bag of Preparation":[18],"Necronomicon":[0],"Ginger":[2],"Question Card":6,"Cursed Key":2,"MawBank":60,"obtain_stats":[{"NeowsBlessing":0,"Golden Idol":3,"Bag of Preparation":6,"Ginger":24,"Question Card":8,"Cursed Key":17,"MawBank":26,"Nunchaku":9,"Emotion Chip":31,"Bloody Idol":28,"Necronomicon":30,"Membership Card":31,"Cracked Core":0},{"NeowsBlessing":0,"Golden Idol":2,"Bag of Preparation":3,"Ginger":11,"Question Card":5,"Cursed Key":8,"MawBank":11,"Nunchaku":5,"Emotion Chip":11,"Bloody Idol":11,"Necronomicon":11,"Membership Card":11,"Cracked Core":0},{"NeowsBlessing":0,"Golden Idol":2,"Bag of Preparation":3,"Ginger":38,"Question Card":11,"Cursed Key":26,"MawBank":38,"Nunchaku":11,"Emotion Chip":38,"Bloody Idol":38,"Necronomicon":38,"Membership Card":38,"Cracked Core":0}]},"card_choices":[{"not_picked":["Stack","Leap"],"picked":"Go for the Eyes","floor":1},{"not_picked":["Steam","Coolheaded"],"picked":"Static Discharge","floor":2},{"not_picked":["Capacitor","Cold Snap"],"picked":"Redo","floor":6},{"not_picked":["Sweeping Beam","Barrage","Steam"],"picked":"SKIP","floor":7},{"not_picked":["Steam Power","Amplify","Sweeping Beam"],"picked":"SKIP","floor":8},{"not_picked":["Stack","Cold Snap","Steam"],"picked":"Glacier","floor":10},{"not_picked":["Glacier","Beam Cell","Streamline"],"picked":"Capacitor","floor":12},{"not_picked":["Reboot","Rainbow","Meteor Strike"],"picked":"Biased Cognition","floor":16},{"not_picked":["Hologram","Storm+1","Gash"],"picked":"Self Repair","floor":18},{"not_picked":["Genetic Algorithm","Fusion+1","Hello World"],"picked":"White Noise","floor":21},{"not_picked":["Redo","Reprogram","Static Discharge+1"],"picked":"Leap","floor":24}],"player_experience":1468496,"relics_obtained":[{"floor":6,"key":"Bag of Preparation"},{"floor":8,"key":"Question Card"},{"floor":9,"key":"Nunchaku"},{"floor":24,"key":"Ginger"},{"floor":26,"key":"MawBank"},{"floor":30,"key":"Necronomicon"}],"event_choices":[{"damage_healed":0,"gold_gain":0,"player_choice":"Lose Max HP","damage_taken":0,"relics_obtained":["Golden Idol"],"max_hp_gain":0,"max_hp_loss":7,"event_name":"Golden Idol","floor":3,"gold_loss":0},{"damage_healed":0,"gold_gain":0,"player_choice":"Donut","damage_taken":0,"max_hp_gain":5,"max_hp_loss":0,"event_name":"Big Fish","floor":4,"gold_loss":0},{"damage_healed":0,"gold_gain":0,"player_choice":"Ignored","damage_taken":0,"max_hp_gain":0,"max_hp_loss":0,"event_name":"Liars Game","floor":14,"gold_loss":0},{"damage_healed":0,"gold_gain":0,"player_choice":"Ignored","damage_taken":0,"max_hp_gain":0,"max_hp_loss":0,"event_name":"The Mausoleum","floor":19,"gold_loss":0},{"damage_healed":0,"gold_gain":50,"player_choice":"Stole From Cult","damage_taken":0,"max_hp_gain":0,"max_hp_loss":0,"event_name":"Nest","floor":20,"gold_loss":0},{"damage_healed":0,"gold_gain":0,"player_choice":"Gave Idol","damage_taken":0,"relics_obtained":["Bloody Idol"],"max_hp_gain":0,"max_hp_loss":0,"event_name":"Forgotten Altar","floor":28,"relics_lost":["Golden Idol"],"gold_loss":0},{"damage_healed":0,"gold_gain":0,"player_choice":"Obtained Book","damage_taken":21,"max_hp_gain":0,"max_hp_loss":0,"event_name":"Cursed Tome","floor":30,"gold_loss":0}],"is_beta":false,"boss_relics":[{"not_picked":["Nuclear Battery","SacredBark"],"picked":"Cursed Key"}],"items_purged_floors":[31],"is_endless":false,"potions_floor_spawned":[10,12,21],"killed_by":"Champ","ascension_level":20}}