{"host":"7pe9xwx78c6nlay8","time":1609515242,"event":{"mods":["BaseMod","Minty Spire (QoL Compilation)"],"gold_per_floor":[364,13,30,105,121,151,151,151,151],"floor_reached":8,"playtime":303,"items_purged":[],"score":98,"play_id":"0dafee0b-317d-4911-9d69-f00df70fe6dc","local_time":"20210101233402","is_ascension_mode":true,"campfire_choices":[],"circlet_count":0,"master_deck":["AscendersBane","Strike_P","Strike_P","Strike_P","Strike_P","Defend_P","Defend_P","Defend_P","Defend_P","Eruption","Vigilance","Prostrate","JustLucky","Prostrate","Prostrate","Devotion","EmptyBody","Parasite"],"relics":["PureWater","Yang","Bottled Flame"],"acts_visited":["Exordium"],"potions_floor_usage":[6],"damage_taken":[{"damage":4,"enemies":"2 Louse","floor":1,"turns":3},{"damage":0,"enemies":"Small Slimes","floor":3,"turns":3},{"damage":2,"enemies":"Jaw Worm","floor":5,"turns":6},{"damage":23,"enemies":"3 Sentries","floor":6,"turns":12},{"damage":48,"enemies":"Gremlin Nob","floor":8,"turns":3}],"seed_played":"-2692806836368891517","potions_obtained":[{"floor":3,"key":"DuplicationPotion"}],"is_trial":false,"path_per_floor":["M","$","M","?","M","E","?","E"],"character_chosen":"WATCHER","items_purchased":["Yang","JustLucky","Prostrate"],"campfire_rested":0,"item_purchase_floors":[2,2,2],"current_hp_per_floor":[39,39,39,28,26,3,20,0,0],"gold":151,"neow_bonus":"TWO_FIFTY_GOLD","is_daily":false,"chose_seed":false,"campfire_upgraded":0,"win_rate":0.0,"timestamp":1609515242,"path_taken":["M","$","M","?","M","E","?","E"],"items_purchased_type":["Relic","Card","Card"],"build_version":"2020-12-22","purchased_purges":0,"victory":false,"max_hp_per_floor":[68,68,68,68,68,68,68,68,68],"card_choices":[{"not_picked":["EmptyFist","Halt"],"picked":"Prostrate","floor":1},{"not_picked":["EmptyFist","FlyingSleeves"],"picked":"Prostrate","floor":3},{"not_picked":["Study","Crescendo"],"picked":"Devotion","floor":5},{"not_picked":["EmptyMind","BowlingBash"],"picked":"EmptyBody","floor":6}],"player_experience":1593200,"relics_obtained":[{"floor":6,"key":"Bottled Flame"}],"event_choices":[{"damage_healed":0,"gold_gain":75,"player_choice":"Gather Gold","damage_taken":11,"max_hp_gain":0,"max_hp_loss":0,"event_name":"World of Goop","floor":4,"gold_loss":0},{"damage_healed":17,"gold_gain":0,"player_choice":"Healed and dodged fight","damage_taken":0,"max_hp_gain":0,"max_hp_loss":0,"event_name":"Mushrooms","floor":7,"gold_loss":0,"cards_obtained":["Parasite"]}],"is_beta":false,"boss_relics":[],"items_purged_floors":[],"is_endless":false,"potions_floor_spawned":[3],"killed_by":"Gremlin Nob","ascension_level":15}}