{"host":"2no1vwhhkhf0ohz3","time":1609505695,"event":{"mods":["AchievementEnabler","BaseMod","Colored Map","DeckTracker","Keyboard Shortcuts","Minty Spire (QoL Compilation)","Relic Stats","SuperFastMode"],"gold_per_floor":[119,294,64,64,74,74,94,94,118,191,213,258,270,157,157,257,257,267,267,267,64,78,78,103,103,103,136,136,55,68,96,96,198,198,218,236,236,249,260,260,102,102,102,121,121,153,166,181,181,181],"floor_reached":51,"playtime":962,"items_purged":["Doubt","Defend_R"],"score":1136,"play_id":"ad933e6f-5563-4ce6-9571-6b2a67a48f77","local_time":"20210101215455","is_ascension_mode":true,"campfire_choices":[{"data":"Wild Strike","floor":6,"key":"SMITH"},{"data":"Whirlwind","floor":8,"key":"SMITH"},{"data":"Evolve","floor":15,"key":"SMITH"},{"data":"Limit Break","floor":23,"key":"SMITH"},{"data":"Heavy Blade","floor":25,"key":"SMITH"},{"floor":28,"key":"REST"},{"data":"Shockwave","floor":32,"key":"SMITH"},{"data":"Panacea","floor":40,"key":"SMITH"},{"data":"Double Tap","floor":42,"key":"SMITH"},{"data":"Sword Boomerang","floor":45,"key":"SMITH"},{"data":"Strike_R","floor":49,"key":"PURGE"}],"circlet_count":0,"master_deck":["Strike_R","Strike_R","Defend_R","Defend_R","Defend_R","Bash+1","Wild Strike+1","Whirlwind+1","Evolve+1","Immolate","Shrug It Off","Reaper","Twin Strike+1","Heavy Blade+1","Limit Break+1","Reaper","True Grit+1","Shockwave+1","Sword Boomerang+1","Intimidate+1","Flash of Steel","Panacea+1","Dramatic Entrance","Double Tap+1"],"relics":["Burning Blood","Brimstone","MawBank","Art of War","Turnip","Sozu","MutagenicStrength","FaceOfCleric","Orrery","Peace Pipe","TungstenRod","Anchor","InkBottle","Mark of Pain","Pantograph","Eternal Feather"],"acts_visited":["Exordium","TheCity","TheBeyond"],"potions_floor_usage":[12,16],"damage_taken":[{"damage":7,"enemies":"Small Slimes","floor":1,"turns":3},{"damage":8,"enemies":"2 Louse","floor":5,"turns":2},{"damage":0,"enemies":"Cultist","floor":7,"turns":2},{"damage":18,"enemies":"Gremlin Nob","floor":10,"turns":3},{"damage":0,"enemies":"Large Slime","floor":11,"turns":3},{"damage":11,"enemies":"3 Sentries","floor":12,"turns":3},{"damage":0,"enemies":"Slime Boss","floor":16,"turns":4},{"damage":13,"enemies":"Spheric Guardian","floor":18,"turns":3},{"damage":29,"enemies":"2 Thieves","floor":22,"turns":3},{"damage":47,"enemies":"Gremlin Leader","floor":24,"turns":4},{"damage":57,"enemies":"Book of Stabbing","floor":27,"turns":4},{"damage":0,"enemies":"Snake Plant","floor":30,"turns":2},{"damage":3,"enemies":"Gremlin Leader","floor":31,"turns":3},{"damage":36,"enemies":"Collector","floor":33,"turns":4},{"damage":0,"enemies":"Orb Walker","floor":35,"turns":2},{"damage":19,"enemies":"3 Shapes","floor":36,"turns":4},{"damage":28,"enemies":"Transient","floor":38,"turns":5},{"damage":38,"enemies":"4 Shapes","floor":39,"turns":3},{"damage":3,"enemies":"Spire Growth","floor":44,"turns":2},{"damage":4,"enemies":"Giant Head","floor":46,"turns":5},{"damage":9,"enemies":"Writhing Mass","floor":47,"turns":2},{"damage":0,"enemies":"Transient","floor":48,"turns":5},{"damage":107,"enemies":"Awakened One","floor":50,"turns":7}],"seed_played":"2318037838608972608","potions_obtained":[{"floor":5,"key":"AttackPotion"},{"floor":7,"key":"DistilledChaos"},{"floor":10,"key":"BlessingOfTheForge"},{"floor":12,"key":"ElixirPotion"}],"is_trial":false,"path_per_floor":["M","?","$","?","M","R","M","R","T","?","M","E","?","$","R","B",null,"M","?","?","$","M","R","E","R","T","E","R","$","M","E","R","B",null,"M","M","?","M","M","R","$","R","T","M","R","E","M","M","R","B",null],"character_chosen":"IRONCLAD","items_purchased":["Brimstone","Shrug It Off","Heavy Blade","Orrery","Shockwave","Double Tap"],"campfire_rested":1,"item_purchase_floors":[3,14,21,21,29,41],"current_hp_per_floor":[71,71,71,71,69,69,75,75,75,63,69,64,57,57,57,63,76,69,69,69,69,67,67,27,27,27,12,36,36,52,80,80,56,79,86,74,65,58,59,59,59,59,59,63,63,80,78,94,94,34],"gold":181,"neow_bonus":"UPGRADE_CARD","is_daily":false,"chose_seed":false,"campfire_upgraded":9,"win_rate":0.0,"timestamp":1609505695,"path_taken":["M","?","$","?","M","R","?","R","T","?","M","E","?","?","R","BOSS","M","?","?","$","?","R","E","R","T","E","R","$","M","E","R","BOSS","M","M","?","M","M","R","$","R","T","M","R","E","M","M","R","BOSS"],"items_purchased_type":["Relic","Card","Card","Relic","Card","Card"],"build_version":"2020-12-22","purchased_purges":2,"victory":true,"max_hp_per_floor":[80,80,80,80,80,80,80,80,80,80,80,80,80,80,80,80,80,80,80,80,80,81,81,82,82,82,83,83,83,84,85,85,86,86,87,88,88,89,90,90,90,90,90,91,91,92,93,94,94,95],"relic_stats":{"counters":[23,78],"Eternal Feather":0,"MawBank":60,"Burning Blood":132,"Sozu":8,"Peace Pipe":1,"FaceOfCleric":15,"Pantograph":0,"Turnip":[7],"Art of War":[3],"obtain_stats":[{"Eternal Feather":46,"MawBank":9,"Burning Blood":0,"Sozu":17,"Peace Pipe":24,"Anchor":27,"FaceOfCleric":20,"Brimstone":3,"MutagenicStrength":19,"Pantograph":43,"Orrery":21,"Turnip":12,"Mark of Pain":34,"Art of War":10,"TungstenRod":26,"InkBottle":31},{"Eternal Feather":20,"MawBank":3,"Burning Blood":0,"Sozu":7,"Peace Pipe":10,"Anchor":11,"FaceOfCleric":8,"Brimstone":1,"MutagenicStrength":8,"Pantograph":18,"Orrery":8,"Turnip":6,"Mark of Pain":14,"Art of War":3,"TungstenRod":10,"InkBottle":13},{"Eternal Feather":64,"MawBank":7,"Burning Blood":0,"Sozu":20,"Peace Pipe":30,"Anchor":34,"FaceOfCleric":23,"Brimstone":3,"MutagenicStrength":23,"Pantograph":57,"Orrery":23,"Turnip":16,"Mark of Pain":43,"Art of War":7,"TungstenRod":30,"InkBottle":39}],"TungstenRod":35,"InkBottle":[12]},"card_choices":[{"not_picked":["Flex","Pummel"],"picked":"Wild Strike","floor":1},{"not_picked":["Wild Strike","True Grit","Exhume"],"picked":"SKIP","floor":5},{"not_picked":["Inflame","Second Wind"],"picked":"Whirlwind","floor":7},{"not_picked":["Iron Wave","Clothesline"],"picked":"Evolve","floor":10},{"not_picked":["Flex","Thunderclap","Anger"],"picked":"SKIP","floor":11},{"not_picked":["Battle Trance","Rupture"],"picked":"Immolate","floor":12},{"not_picked":["Demon Form","Impervious"],"picked":"Reaper","floor":16},{"not_picked":["True Grit","Warcry"],"picked":"Twin Strike+1","floor":18},{"not_picked":["Anger","Sword Boomerang"],"picked":"Limit Break","floor":21},{"not_picked":["Warcry+1","Combust"],"picked":"Reaper","floor":21},{"not_picked":["Perfected Strike","Flex"],"picked":"True Grit+1","floor":21},{"not_picked":["Combust+1","Iron Wave+1","Flex"],"picked":"SKIP","floor":22},{"not_picked":["Whirlwind","True Grit","Blood for Blood"],"picked":"SKIP","floor":24},{"not_picked":["Fire Breathing","Rupture","Feed"],"picked":"SKIP","floor":27},{"not_picked":["Body Slam+1","Iron Wave"],"picked":"Sword Boomerang","floor":30},{"not_picked":["Body Slam+1","Searing Blow","Dual Wield"],"picked":"SKIP","floor":31},{"not_picked":["Thunderclap+1","Clothesline"],"picked":"Intimidate+1","floor":35},{"not_picked":["Hemokinesis","Wild Strike+1","Perfected Strike"],"picked":"SKIP","floor":36},{"not_picked":["Thinking Ahead","Trip"],"picked":"Flash of Steel","floor":37},{"not_picked":["Master of Strategy","Discovery"],"picked":"Panacea","floor":37},{"not_picked":["Violence","Bandage Up"],"picked":"Dramatic Entrance","floor":37},{"not_picked":["Havoc","Twin Strike","Rupture"],"picked":"SKIP","floor":38},{"not_picked":["Uppercut","Flex+1","Body Slam"],"picked":"SKIP","floor":39},{"not_picked":["Combust","Sword Boomerang+1","Perfected Strike"],"picked":"SKIP","floor":44},{"not_picked":["Flex","Wild Strike","Cleave+1"],"picked":"SKIP","floor":46},{"not_picked":["Dark Embrace+1","Anger","Sword Boomerang"],"picked":"SKIP","floor":47},{"not_picked":["Havoc+1","Perfected Strike+1","Flex"],"picked":"SKIP","floor":48}],"player_experience":280046,"relics_obtained":[{"floor":9,"key":"MawBank"},{"floor":12,"key":"Turnip"},{"floor":24,"key":"Peace Pipe"},{"floor":26,"key":"TungstenRod"},{"floor":27,"key":"Anchor"},{"floor":31,"key":"InkBottle"},{"floor":43,"key":"Pantograph"},{"floor":46,"key":"Eternal Feather"}],"event_choices":[{"damage_healed":0,"gold_gain":175,"player_choice":"AGREE","damage_taken":0,"max_hp_gain":0,"max_hp_loss":0,"event_name":"Liars Game","floor":2,"gold_loss":0,"cards_obtained":["Doubt"]},{"cards_removed":["Strike_R"],"damage_healed":0,"gold_gain":0,"player_choice":"Offered Basic","damage_taken":0,"max_hp_gain":0,"max_hp_loss":0,"event_name":"Bonfire Elementals","floor":4,"gold_loss":0},{"damage_healed":0,"gold_gain":30,"player_choice":"Searched \u00273\u0027 times","damage_taken":0,"relics_obtained":["Art of War"],"max_hp_gain":0,"max_hp_loss":0,"event_name":"Dead Adventurer","floor":10,"gold_loss":0},{"cards_removed":["Strike_R"],"damage_healed":0,"gold_gain":0,"player_choice":"Card Removal","damage_taken":7,"max_hp_gain":0,"max_hp_loss":0,"event_name":"Golden Wing","floor":13,"gold_loss":0},{"damage_healed":0,"gold_gain":0,"player_choice":"Inject Mutagens","damage_taken":0,"relics_obtained":["MutagenicStrength"],"max_hp_gain":0,"max_hp_loss":0,"event_name":"Drug Dealer","floor":19,"gold_loss":0},{"damage_healed":0,"gold_gain":0,"player_choice":"Trade","damage_taken":0,"relics_obtained":["FaceOfCleric"],"max_hp_gain":0,"max_hp_loss":0,"event_name":"FaceTrader","floor":20,"gold_loss":0},{"damage_healed":0,"gold_gain":0,"player_choice":"Memory 3","damage_taken":10,"max_hp_gain":0,"max_hp_loss":0,"event_name":"SensoryStone","floor":37,"gold_loss":0}],"is_beta":false,"boss_relics":[{"not_picked":["Runic Cube","Tiny House"],"picked":"Sozu"},{"not_picked":["Empty Cage","Fusion Hammer"],"picked":"Mark of Pain"}],"items_purged_floors":[3,14],"is_endless":false,"potions_floor_spawned":[5,7,10,12,24,30,31,33,38,39,47,48],"ascension_level":8}}