{"host":"os9owiyb0rak6c8n","time":1609513762,"event":{"mods":["AchievementEnabler","BaseMod","Beaked The Cultist","Better Third Choice","Block Reminder","Colored Map","Colored Powertips","Dio Mod","Minty Spire (QoL Compilation)","Robot Space Explorer","Spicy Shops","StSLib","The Death Knight"],"gold_per_floor":[116,188,188,204,204,235,261,261,261],"floor_reached":8,"playtime":504,"items_purged":[],"score":91,"play_id":"2ae8d334-aac8-43e2-8fc3-9ce4f1f63f33","local_time":"20210101160922","is_ascension_mode":true,"campfire_choices":[],"circlet_count":0,"master_deck":["DeathKnight:Strike_DeathKnight","DeathKnight:Strike_DeathKnight","DeathKnight:Strike_DeathKnight","DeathKnight:Strike_DeathKnight","DeathKnight:Strike_DeathKnight","DeathKnight:Defend_DeathKnight","DeathKnight:Defend_DeathKnight","DeathKnight:Defend_DeathKnight","DeathKnight:Defend_DeathKnight","DeathKnight:Defend_DeathKnight","DeathKnight:RuneTap","DeathKnight:RuneStrike","DeathKnight:ScourgeStrike","DeathKnight:Pestilence","DeathKnight:IceboundArmor","DeathKnight:FoulBulwark"],"relics":["DeathKnight:BrokenRuneblade","NeowsBlessing","Singing Bowl","Regal Pillow","beaked:ShinyBauble","Odd Mushroom"],"acts_visited":["Exordium"],"potions_floor_usage":[7,8],"damage_taken":[{"damage":0,"enemies":"Small Slimes","floor":1,"turns":1},{"damage":0,"enemies":"Jaw Worm","floor":4,"turns":1},{"damage":0,"enemies":"Lagavulin","floor":6,"turns":1},{"damage":50,"enemies":"The Mushroom Lair","floor":7,"turns":5},{"damage":13,"enemies":"3 Sentries","floor":8,"turns":4}],"seed_played":"7081167247602105052","potions_obtained":[{"floor":1,"key":"Fire Potion"},{"floor":6,"key":"LiquidMemories"}],"is_trial":false,"path_per_floor":["M","?","T","M","?","E","?","E"],"character_chosen":"DEATH_KNIGHT","items_purchased":[],"campfire_rested":0,"item_purchase_floors":[],"current_hp_per_floor":[75,75,75,75,63,63,13,0,0],"gold":261,"neow_bonus":"THREE_ENEMY_KILL","is_daily":false,"chose_seed":false,"campfire_upgraded":0,"win_rate":0.0,"timestamp":1609513762,"path_taken":["M","?","?","M","?","E","?","E"],"items_purchased_type":[],"build_version":"2020-12-22","purchased_purges":0,"victory":false,"max_hp_per_floor":[75,75,75,75,75,75,75,75,75],"card_choices":[{"not_picked":["DeathKnight:ChainsOfIce","DeathKnight:Ossuary"],"picked":"DeathKnight:ScourgeStrike","floor":1},{"not_picked":["DeathKnight:BoneSpear","DeathKnight:Hysteria"],"picked":"DeathKnight:Pestilence","floor":4},{"not_picked":["DeathKnight:DeathStrike","DeathKnight:BloodTap"],"picked":"DeathKnight:IceboundArmor","floor":6},{"not_picked":["DeathKnight:WraithWalk","DeathKnight:DeathCoil"],"picked":"DeathKnight:FoulBulwark","floor":7}],"player_experience":517006,"relics_obtained":[{"floor":3,"key":"Singing Bowl"},{"floor":6,"key":"beaked:ShinyBauble"},{"floor":7,"key":"Odd Mushroom"}],"event_choices":[{"damage_healed":0,"gold_gain":72,"player_choice":"Gained Gold","damage_taken":0,"max_hp_gain":0,"max_hp_loss":0,"event_name":"Golden Wing","floor":2,"gold_loss":0},{"damage_healed":0,"gold_gain":0,"player_choice":"Relic ","damage_taken":12,"max_hp_gain":0,"max_hp_loss":0,"event_name":"betterThird:BetterScrap","floor":5,"gold_loss":0,"cards_obtained":["Rainbow"]},{"damage_healed":0,"gold_gain":0,"player_choice":"Fought Mushrooms","damage_taken":0,"max_hp_gain":0,"max_hp_loss":0,"event_name":"Mushrooms","floor":7,"gold_loss":0}],"is_beta":false,"boss_relics":[],"items_purged_floors":[],"is_endless":false,"potions_floor_spawned":[1,6],"killed_by":"3 Sentries","ascension_level":3}}