{"host":"vlqejv0notyktumz","time":1609467161,"event":{"mods":["AchievementEnabler","BaseMod","Googly Eyes","Minty Spire (QoL Compilation)"],"gold_per_floor":[119,131,146,1,15,50,50,60,60,60,91,91,120,45,45,141,141,154,54,73,73,73,73,89,89,114,114,114,114,132,149,149,249,249,267,119,132,7,21,21,21,21,21,21,21,21,35,35,35,35,35],"floor_reached":50,"playtime":1240,"items_purged":["Defend_B","Defend_B","Turbo"],"score":620,"play_id":"c3fcb744-140f-4f79-8871-73da2557a63d","local_time":"20201231201241","is_ascension_mode":true,"campfire_choices":[{"data":"White Noise","floor":7,"key":"SMITH"},{"data":"Defragment","floor":10,"key":"SMITH"},{"floor":12,"key":"REST"},{"floor":15,"key":"REST"},{"floor":23,"key":"REST"},{"floor":27,"key":"REST"},{"floor":29,"key":"REST"},{"floor":32,"key":"REST"},{"floor":40,"key":"REST"},{"floor":42,"key":"REST"},{"floor":44,"key":"REST"},{"floor":49,"key":"REST"}],"circlet_count":0,"master_deck":["Defend_B","Defend_B","Zap","Static Discharge","Hello World","Conserve Battery","White Noise+1","Defragment+1","Lockon","Hologram+1","Undo+1","Electrodynamics","Conserve Battery+1","Glacier+1","Bite","Bite","Bite","Bite","Bite","Capacitor","Fusion+1","Defragment+1","Auto Shields+1","Thunder Strike","Loop+1","Storm","Ball Lightning+1","Static Discharge+1"],"relics":["Cracked Core","NeowsBlessing","Runic Capacitor","Dream Catcher","Orichalcum","Oddly Smooth Stone","Toxic Egg 2","Fusion Hammer","Pen Nib","SacredBark","Sling","Unceasing Top","Frozen Egg 2"],"acts_visited":["Exordium","TheCity","TheBeyond"],"potions_floor_usage":[6,11,13,24,33,33,39,39,50],"damage_taken":[{"damage":0,"enemies":"Cultist","floor":1,"turns":1},{"damage":0,"enemies":"Small Slimes","floor":2,"turns":1},{"damage":0,"enemies":"Jaw Worm","floor":3,"turns":1},{"damage":6,"enemies":"Exordium Thugs","floor":5,"turns":3},{"damage":19,"enemies":"Gremlin Nob","floor":6,"turns":4},{"damage":4,"enemies":"3 Louse","floor":8,"turns":4},{"damage":25,"enemies":"Lagavulin","floor":11,"turns":5},{"damage":25,"enemies":"3 Sentries","floor":13,"turns":6},{"damage":12,"enemies":"Hexaghost","floor":16,"turns":7},{"damage":16,"enemies":"Spheric Guardian","floor":18,"turns":4},{"damage":0,"enemies":"Chosen","floor":20,"turns":4},{"damage":8,"enemies":"Centurion and Healer","floor":24,"turns":7},{"damage":0,"enemies":"Sentry and Sphere","floor":30,"turns":6},{"damage":2,"enemies":"Snecko","floor":31,"turns":5},{"damage":32,"enemies":"Automaton","floor":33,"turns":8},{"damage":0,"enemies":"Orb Walker","floor":35,"turns":4},{"damage":11,"enemies":"3 Shapes","floor":37,"turns":5},{"damage":29,"enemies":"Maw","floor":39,"turns":7},{"damage":23,"enemies":"3 Darklings","floor":47,"turns":4},{"damage":65,"enemies":"Time Eater","floor":50,"turns":4}],"seed_played":"-8501340717937116085","potions_obtained":[{"floor":3,"key":"GamblersBrew"},{"floor":5,"key":"FocusPotion"},{"floor":8,"key":"FocusPotion"},{"floor":16,"key":"EssenceOfDarkness"},{"floor":20,"key":"GamblersBrew"},{"floor":24,"key":"AttackPotion"},{"floor":31,"key":"Explosive Potion"},{"floor":37,"key":"SteroidPotion"},{"floor":47,"key":"PotionOfCapacity"}],"is_trial":false,"path_per_floor":["M","M","M","$","M","E","R","M","T","R","E","R","E","$","R","B",null,"M","$","M","$","?","R","M","$","T","R","?","R","M","M","R","B",null,"M","$","M","$","M","R","?","R","T","R","$","?","M","?","R","B"],"character_chosen":"DEFECT","items_purchased":["Runic Capacitor","Sling"],"campfire_rested":10,"item_purchase_floors":[4,36],"current_hp_per_floor":[68,68,68,68,62,43,43,39,39,39,14,36,11,11,33,21,62,46,46,46,46,46,52,46,46,46,52,36,51,52,52,52,30,47,52,52,41,41,22,37,37,52,52,52,52,52,33,33,48,0,0],"gold":35,"neow_bonus":"THREE_ENEMY_KILL","is_daily":false,"chose_seed":false,"campfire_upgraded":2,"win_rate":0.0,"timestamp":1609467161,"path_taken":["M","M","M","$","M","E","R","M","T","R","E","R","E","$","R","BOSS","M","?","?","$","?","R","M","$","T","R","?","R","M","M","R","BOSS","M","$","M","$","M","R","?","R","T","R","?","?","?","?","R","BOSS"],"items_purchased_type":["Relic","Relic"],"build_version":"2020-12-22","purchased_purges":3,"victory":false,"max_hp_per_floor":[75,75,75,75,75,75,75,75,75,75,75,75,75,75,75,75,75,75,75,75,75,52,52,52,52,52,52,52,52,52,52,52,52,52,52,52,52,52,52,52,52,52,52,52,52,52,52,52,52,52,52],"card_choices":[{"not_picked":["Steam","Turbo"],"picked":"Static Discharge","floor":1},{"not_picked":["Coolheaded","Hologram"],"picked":"Turbo","floor":2},{"not_picked":["Storm","Hologram"],"picked":"Hello World","floor":3},{"not_picked":["Go for the Eyes","Hello World"],"picked":"Conserve Battery","floor":5},{"not_picked":["Hello World","FTL"],"picked":"White Noise","floor":6},{"not_picked":["Cold Snap","Turbo"],"picked":"Defragment","floor":8},{"not_picked":["Chaos","White Noise"],"picked":"Lockon","floor":11},{"not_picked":["Lockon","Reprogram+1"],"picked":"Hologram+1","floor":13},{"not_picked":["Cold Snap","Steam+1"],"picked":"Undo+1","floor":15},{"not_picked":["Machine Learning","Buffer"],"picked":"Electrodynamics","floor":16},{"not_picked":["White Noise+1","Steam+1"],"picked":"Conserve Battery+1","floor":18},{"not_picked":["Go for the Eyes","Steam Power+1"],"picked":"Glacier+1","floor":20},{"not_picked":["Streamline+1","Hello World"],"picked":"Capacitor","floor":23},{"not_picked":["Sweeping Beam","Streamline+1"],"picked":"Fusion+1","floor":24},{"not_picked":["Beam Cell","Redo+1"],"picked":"Defragment+1","floor":27},{"not_picked":["Compile Driver+1","Rebound"],"picked":"Auto Shields+1","floor":29},{"not_picked":["Redo+1","Sweeping Beam","Recycle+1"],"picked":"SKIP","floor":30},{"not_picked":["Reboot+1","Auto Shields+1","Stack+1"],"picked":"SKIP","floor":31},{"not_picked":["Multi-Cast+1","Reboot+1"],"picked":"Thunder Strike","floor":33},{"not_picked":["Skim+1","Fusion+1","Conserve Battery+1"],"picked":"SKIP","floor":35},{"not_picked":["Rebound","Cold Snap+1"],"picked":"Loop+1","floor":37},{"not_picked":["Steam+1","Heatsinks","Turbo+1"],"picked":"SKIP","floor":39},{"not_picked":["Leap+1","Sweeping Beam+1"],"picked":"Storm","floor":42},{"not_picked":["Aggregate+1","BootSequence+1"],"picked":"Ball Lightning+1","floor":44},{"not_picked":["Biased Cognition+1","Fusion+1"],"picked":"Static Discharge+1","floor":47}],"player_experience":282381,"relics_obtained":[{"floor":6,"key":"Dream Catcher"},{"floor":9,"key":"Orichalcum"},{"floor":11,"key":"Oddly Smooth Stone"},{"floor":13,"key":"Toxic Egg 2"},{"floor":26,"key":"Pen Nib"},{"floor":41,"key":"Unceasing Top"},{"floor":43,"key":"Frozen Egg 2"}],"event_choices":[{"damage_healed":0,"gold_gain":0,"player_choice":"Became a vampire","damage_taken":0,"max_hp_gain":0,"max_hp_loss":23,"event_name":"Vampires","floor":22,"gold_loss":0,"cards_obtained":["Bite","Bite","Bite","Bite","Bite"]},{"damage_healed":0,"gold_gain":0,"player_choice":"Obtained Book","damage_taken":16,"max_hp_gain":0,"max_hp_loss":0,"event_name":"Cursed Tome","floor":28,"gold_loss":0},{"damage_healed":0,"gold_gain":0,"player_choice":"Relic","damage_taken":0,"max_hp_gain":0,"max_hp_loss":0,"event_name":"Wheel of Change","floor":41,"gold_loss":0},{"cards_removed":["Dualcast"],"damage_healed":0,"gold_gain":0,"player_choice":"Offered Basic","damage_taken":0,"max_hp_gain":0,"max_hp_loss":0,"event_name":"Bonfire Elementals","floor":46,"gold_loss":0},{"damage_healed":0,"gold_gain":0,"player_choice":"Memory 1","damage_taken":0,"max_hp_gain":0,"max_hp_loss":0,"event_name":"SensoryStone","floor":48,"gold_loss":0}],"is_beta":false,"boss_relics":[{"not_picked":["Philosopher\u0027s Stone","Astrolabe"],"picked":"Fusion Hammer"},{"not_picked":["Coffee Dripper","Cursed Key"],"picked":"SacredBark"}],"items_purged_floors":[14,19,38],"is_endless":false,"potions_floor_spawned":[3,5,8,16,20,24,31,37,47],"killed_by":"Time Eater","ascension_level":6}}