{"host":"fjaupvxe7fzqrf4j","time":1609497455,"event":{"mods":["ATMod(°¢èªMod)","BaseMod","Minty Spire (QoL Compilation)","StSLib"],"gold_per_floor":[116,40,40,51,51,181,310,438,438,569,969,1128,1172,1573,1573,1772,1772,1867,1867,1867,1122,376,578,733,733,780,936,1136,1289,1439,1594,1594,1793,1793,1932,1932,1932,1354,41,243,402,562,562,714,714,923,1080,1080,1080,1330,1730,1730,1730,40,315,440],"floor_reached":57,"playtime":1341,"items_purged":["AT_WindFlip","Backflip","Deflect+1"],"score":4845,"play_id":"1d5b9336-e229-432f-9d56-66fc9166d18c","local_time":"20210101183735","daily_mods":["SealedDeck","Heirloom","Time Dilation","Flight","Elite Swarm"],"is_ascension_mode":true,"campfire_choices":[{"data":"AT_KingSlayer","floor":15.0,"key":"SMITH"},{"data":"AT_Desolate","floor":25.0,"key":"SMITH"},{"data":"AT_ShadowStep","floor":32.0,"key":"SMITH"},{"floor":49.0,"key":"RECALL"},{"floor":53.0,"key":"REST"}],"circlet_count":0,"master_deck":["AscendersBane","AT_ShadowStep+1","Backflip+1","Prepared+1","Acrobatics+1","Prepared+1","AT_WindRun+1","AT_Desolate+1","Reflex+1","AT_KingSlayer+1","After Image+1","Escape Plan+1","Doppelganger+1","Adrenaline+1","Malaise+1","Poisoned Stab","Underhanded Strike"],"relics":["Ring of the Snake","AT_ATBox","AT_TheCollector","Unceasing Top","Mummified Hand","Pocketwatch","Sundial","AT_MibuBalloonWealth","Lantern","Potion Belt","Art of War","WristBlade","AT_ArchangelStaff","Anchor","Chemical X","Lee\u0027s Waffle","Toy Ornithopter","AT_Kusabimaru","Ancient Tea Set","Strawberry","Prayer Wheel","Gambling Chip","Vajra","AT_BellowingDragoncrestRing","The Courier","Empty Cage","Mark of the Bloom","Akabeko","AT_EbonyIvory","Bronze Scales","Bottled Lightning","AT_SpeedBoots","Singing Bowl","Juzu Bracelet","Frozen Eye","AT_BladeRuinedKing","Omamori","Tough Bandages","Nunchaku","Regal Pillow","War Paint","Oddly Smooth Stone","Pantograph","White Beast Statue","FossilizedHelix","CeramicFish","Medical Kit","HornCleat","Paper Crane","AT_LudenTempest","Mercury Hourglass","Snake Skull","Kunai","Eternal Feather","Centennial Puzzle","Boot"],"acts_visited":["Exordium","TheCity","TheBeyond","TheEnding"],"potions_floor_usage":[56],"damage_taken":[{"damage":0.0,"enemies":"2 Louse","floor":1.0,"turns":1.0},{"damage":0.0,"enemies":"Jaw Worm","floor":4.0,"turns":1.0},{"damage":0.0,"enemies":"Lagavulin","floor":6.0,"turns":3.0},{"damage":0.0,"enemies":"Gremlin Nob","floor":7.0,"turns":1.0},{"damage":0.0,"enemies":"Lagavulin","floor":8.0,"turns":1.0},{"damage":0.0,"enemies":"Gremlin Nob","floor":10.0,"turns":1.0},{"damage":0.0,"enemies":"3 Sentries","floor":11.0,"turns":1.0},{"damage":0.0,"enemies":"Lagavulin","floor":12.0,"turns":2.0},{"damage":0.0,"enemies":"Cultist","floor":13.0,"turns":1.0},{"damage":0.0,"enemies":"3 Sentries","floor":14.0,"turns":1.0},{"damage":0.0,"enemies":"Hexaghost","floor":16.0,"turns":1.0},{"damage":0.0,"enemies":"3 Byrds","floor":18.0,"turns":2.0},{"damage":0.0,"enemies":"Slavers","floor":23.0,"turns":1.0},{"damage":0.0,"enemies":"Gremlin Leader","floor":24.0,"turns":1.0},{"damage":0.0,"enemies":"Book of Stabbing","floor":27.0,"turns":1.0},{"damage":0.0,"enemies":"Slavers","floor":28.0,"turns":1.0},{"damage":0.0,"enemies":"Book of Stabbing","floor":29.0,"turns":1.0},{"damage":0.0,"enemies":"Gremlin Leader","floor":30.0,"turns":1.0},{"damage":0.0,"enemies":"Book of Stabbing","floor":31.0,"turns":1.0},{"damage":0.0,"enemies":"Champ","floor":33.0,"turns":1.0},{"damage":0.0,"enemies":"3 Darklings","floor":35.0,"turns":1.0},{"damage":0.0,"enemies":"Reptomancer","floor":40.0,"turns":1.0},{"damage":0.0,"enemies":"Nemesis","floor":41.0,"turns":1.0},{"damage":0.0,"enemies":"Giant Head","floor":42.0,"turns":1.0},{"damage":0.0,"enemies":"Nemesis","floor":44.0,"turns":1.0},{"damage":0.0,"enemies":"Reptomancer","floor":46.0,"turns":1.0},{"damage":0.0,"enemies":"Giant Head","floor":47.0,"turns":1.0},{"damage":0.0,"enemies":"Donu and Deca","floor":50.0,"turns":1.0},{"damage":0.0,"enemies":"Awakened One","floor":51.0,"turns":2.0},{"damage":0,"enemies":"Shield and Spear","floor":55,"turns":1},{"damage":0,"enemies":"The Heart","floor":56,"turns":4}],"seed_played":"-6891740975422099085","potions_obtained":[{"floor":1.0,"key":"ColorlessPotion"},{"floor":5.0,"key":"LiquidMemories"},{"floor":28.0,"key":"SkillPotion"},{"floor":42.0,"key":"GamblersBrew"}],"is_trial":true,"path_per_floor":["M","$","?","M","?","E","E","E","T","E","E","E","M","E","R","B",null,"M","?","?","$","$","E","E","R","T","E","E","E","E","E","R","B",null,"M","?","?","$","$","E","E","E","T","E","?","E","E","?","R","B","B",null,"R","$","E","B",null],"character_chosen":"THE_SILENT","items_purchased":["Reflex","AT_ArchangelStaff","Anchor","Chemical X","PowerPotion","Fruit Juice","Lee\u0027s Waffle","Toy Ornithopter","AT_Kusabimaru","Akabeko","AT_EbonyIvory","Bronze Scales","Bottled Lightning","AT_SpeedBoots","Singing Bowl","Juzu Bracelet","Frozen Eye","AT_BladeRuinedKing","Omamori","Tough Bandages","Nunchaku","Medical Kit","HornCleat","Paper Crane","AT_LudenTempest","Mercury Hourglass","Snake Skull","Poisoned Stab","Underhanded Strike","Kunai","Eternal Feather","Centennial Puzzle"],"campfire_rested":1,"item_purchase_floors":[2,21,21,21,21,21,22,22,22,38,38,38,38,39,39,39,39,39,39,39,39,54,54,54,54,54,54,54,54,54,54,54],"current_hp_per_floor":[59,59,59,59,59,59,59,59,59,59,59,59,59,59,59,59,64,64,46,46,51,83,83,90,90,90,90,90,90,90,90,90,90,90,90,90,90,90,90,90,90,90,90,90,90,90,90,90,90,90,90,90,90,90,90,90],"gold":440,"neow_bonus":"","is_daily":false,"chose_seed":false,"campfire_upgraded":3,"win_rate":0.0,"timestamp":1609497455,"path_taken":["M","$","?","M","?","E","E","E","T","E","E","E","?","E","R","BOSS","M","?","?","?","$","E","E","R","T","E","E","E","E","E","R","BOSS","M","?","?","$","$","E","E","E","T","E","?","E","E","?","R","BOSS","BOSS","R","$","E","BOSS"],"items_purchased_type":["Card","Relic","Relic","Relic","Potion","Potion","Relic","Relic","Relic","Relic","Relic","Relic","Relic","Relic","Relic","Relic","Relic","Relic","Relic","Relic","Relic","Relic","Relic","Relic","Relic","Relic","Relic","Card","Card","Relic","Relic","Relic"],"build_version":"2020-12-22","purchased_purges":3,"victory":true,"max_hp_per_floor":[66,66,66,66,66,66,66,66,66,66,66,66,66,66,66,66,66,66,71,71,76,83,83,90,90,90,90,90,90,90,90,90,90,90,90,90,90,90,90,92,94,96,96,98,98,100,102,102,102,102,102,102,102,102,104,104],"card_choices":[{"not_picked":["Flying Knee","Dagger Spray"],"picked":"AT_Desolate","floor":1.0},{"not_picked":["Backflip","Cloak And Dagger","Dodge and Roll"],"picked":"SKIP","floor":4.0},{"not_picked":["Envenom","Storm of Steel"],"picked":"Grand Finale","floor":6.0},{"not_picked":["Envenom","Grand Finale"],"picked":"AT_KingSlayer","floor":7.0},{"not_picked":["Unload","Burst","AT_KingSlayer"],"picked":"SKIP","floor":8.0},{"not_picked":["Wraith Form v2","Night Terror","Tools of the Trade"],"picked":"SKIP","floor":10.0},{"not_picked":["Grand Finale","Envenom","Doppelganger"],"picked":"SKIP","floor":11.0},{"not_picked":["Night Terror","Burst","Envenom"],"picked":"SKIP","floor":12.0},{"not_picked":["Dagger Throw","Backflip","Flying Knee"],"picked":"SKIP","floor":13.0},{"not_picked":["Wraith Form v2","Doppelganger","AT_EssenceShift"],"picked":"SKIP","floor":14.0},{"not_picked":["AT_EssenceShift","AT_KingSlayer"],"picked":"After Image","floor":16.0},{"not_picked":["Underhanded Strike","Backstab+1","Blade Dance"],"picked":"SKIP","floor":18.0},{"not_picked":["AT_MyraUnstableElement","Bullet Time","Tools of the Trade"],"picked":"SKIP","floor":23.0},{"not_picked":["Tools of the Trade","Envenom","Phantasmal Killer"],"picked":"SKIP","floor":24.0},{"not_picked":["Corpse Explosion","Grand Finale"],"picked":"Doppelganger","floor":27.0},{"not_picked":["AT_KingSlayer","Venomology","AT_MyraUnstableElement"],"picked":"SKIP","floor":28.0},{"not_picked":["Bullet Time","Doppelganger"],"picked":"Adrenaline","floor":29.0},{"not_picked":["Doppelganger","Die Die Die"],"picked":"Malaise","floor":30.0},{"not_picked":["Malaise","AT_MyraUnstableElement","Burst"],"picked":"SKIP","floor":31.0},{"not_picked":["PiercingWail","Dagger Spray","Poisoned Stab"],"picked":"SKIP","floor":35.0},{"not_picked":["Endless Agony","Bane","Sucker Punch+1"],"picked":"SKIP","floor":35.0},{"not_picked":["Corpse Explosion","Wraith Form v2","Grand Finale"],"picked":"Singing Bowl","floor":40.0},{"not_picked":["Night Terror","After Image","Tools of the Trade"],"picked":"Singing Bowl","floor":41.0},{"not_picked":["After Image","Glass Knife","Bullet Time"],"picked":"Singing Bowl","floor":42.0},{"not_picked":["Malaise","After Image","A Thousand Cuts"],"picked":"Singing Bowl","floor":44.0},{"not_picked":["Wraith Form v2","A Thousand Cuts","AT_EssenceShift"],"picked":"Singing Bowl","floor":46.0},{"not_picked":["Malaise","Phantasmal Killer","AT_KingSlayer"],"picked":"Singing Bowl","floor":47.0},{"not_picked":["Corpse Explosion","Wraith Form v2","Phantasmal Killer"],"picked":"Singing Bowl","floor":55}],"player_experience":309503,"relics_obtained":[{"floor":6.0,"key":"Unceasing Top"},{"floor":7.0,"key":"Mummified Hand"},{"floor":8.0,"key":"Pocketwatch"},{"floor":9.0,"key":"Sundial"},{"floor":10.0,"key":"AT_MibuBalloonWealth"},{"floor":11.0,"key":"Lantern"},{"floor":12.0,"key":"Potion Belt"},{"floor":14.0,"key":"Art of War"},{"floor":23.0,"key":"Ancient Tea Set"},{"floor":24.0,"key":"Strawberry"},{"floor":27.0,"key":"Prayer Wheel"},{"floor":28.0,"key":"Gambling Chip"},{"floor":29.0,"key":"Vajra"},{"floor":30.0,"key":"AT_BellowingDragoncrestRing"},{"floor":31.0,"key":"The Courier"},{"floor":40.0,"key":"Regal Pillow"},{"floor":41.0,"key":"War Paint"},{"floor":42.0,"key":"Oddly Smooth Stone"},{"floor":43.0,"key":"Pantograph"},{"floor":44.0,"key":"White Beast Statue"},{"floor":46.0,"key":"FossilizedHelix"},{"floor":47.0,"key":"CeramicFish"},{"floor":55,"key":"Boot"}],"event_choices":[{"damage_healed":0.0,"max_hp_gain":0.0,"max_hp_loss":0.0,"gold_gain":0.0,"event_name":"Living Wall","player_choice":"Grow","floor":3.0,"gold_loss":0.0,"damage_taken":0.0,"cards_upgraded":["Prepared"]},{"damage_healed":0.0,"max_hp_gain":0.0,"max_hp_loss":0.0,"gold_gain":0.0,"event_name":"Lab","player_choice":"Got Potions","floor":5.0,"gold_loss":0.0,"damage_taken":0.0},{"damage_healed":0.0,"max_hp_gain":5.0,"max_hp_loss":0.0,"gold_gain":0.0,"event_name":"Forgotten Altar","player_choice":"Shed Blood","floor":19.0,"gold_loss":0.0,"damage_taken":23.0},{"damage_healed":0.0,"max_hp_gain":0.0,"max_hp_loss":0.0,"gold_gain":0.0,"event_name":"The Library","player_choice":"Read","floor":20.0,"gold_loss":0.0,"damage_taken":0.0,"cards_obtained":["Escape Plan"]},{"damage_healed":0.0,"max_hp_gain":0.0,"max_hp_loss":0.0,"gold_gain":0.0,"event_name":"MindBloom","player_choice":"Upgrade","floor":36.0,"gold_loss":0.0,"damage_taken":0.0,"cards_upgraded":["Backflip","Prepared","Deflect","Acrobatics","AT_WindRun","Reflex","Grand Finale","After Image","Escape Plan","Doppelganger","Adrenaline","Malaise"],"relics_obtained":["Mark of the Bloom"]},{"damage_healed":0.0,"max_hp_gain":0.0,"max_hp_loss":0.0,"gold_gain":0.0,"event_name":"Accursed Blacksmith","player_choice":"Ignored","floor":37.0,"gold_loss":0.0,"damage_taken":0.0},{"damage_healed":0.0,"max_hp_gain":0.0,"max_hp_loss":0.0,"gold_gain":0.0,"event_name":"Tomb of Lord Red Mask","player_choice":"Ignored","floor":45.0,"gold_loss":0.0,"damage_taken":0.0},{"cards_removed":["Grand Finale"],"damage_healed":0.0,"max_hp_gain":0.0,"max_hp_loss":0.0,"gold_gain":0.0,"event_name":"Falling","player_choice":"Removed Attack","floor":48.0,"gold_loss":0.0,"damage_taken":0.0}],"is_beta":false,"boss_relics":[{"not_picked":["Calling Bell","AT_MortalBlade"],"picked":"WristBlade"},{"not_picked":["Philosopher\u0027s Stone","Busted Crown"],"picked":"Empty Cage"}],"items_purged_floors":[21,22,39],"is_endless":false,"potions_floor_spawned":[1,7,8,14,24,28,29,33,42,46,47,55],"ascension_level":20}}