{"host":"wfy07lporsqrbz3r","time":1609476269,"event":{"mods":["BaseMod","Minty Spire (QoL Compilation)","Replay The Spire","StSLib"],"gold_per_floor":[110,285,210,210,210,210,210,244,268,268,299,323,362,378,378,503,566,584,499,424,424,223,267,267,311,385,142,142,142],"floor_reached":28,"playtime":643,"items_purged":["Doubt","Delirium"],"score":425,"play_id":"95230306-4d2c-400d-9c63-bd58c7f2ee45","local_time":"20210101124429","daily_mods":["SealedDeck","Heirloom","Elite Swarm","Lethality"],"is_ascension_mode":true,"campfire_choices":[{"data":"Rupture","floor":6.0,"key":"SMITH"},{"floor":10.0,"key":"REST"},{"data":"1","floor":15.0,"key":"LIFT"},{"data":"Reaper","floor":24.0,"key":"SMITH"}],"circlet_count":0,"master_deck":["Anger+1","Rupture+1","Pummel","Flex","Cleave","ReplayTheSpireMod:Muscle Training","Pommel Strike","ReplayTheSpireMod:Muscle Training","Pommel Strike","Reaper+1","Hemogenesis","Reaper","Impervious"],"relics":["Burning Blood","Champion Belt","Golden Idol","Replay:Rubber Ducky","ReplayTheSpireMod:Lightbulb","Smiling Mask","Girya","Tiny House","Replay:Bottled Flurry","Ring of Fury","Membership Card","Replay:Wax Seal","Pen Nib","Meat on the Bone","Replay:Ringing Soul","Iron Hammer"],"acts_visited":["Exordium","TheCity"],"potions_floor_usage":[],"damage_taken":[{"damage":1.0,"enemies":"Small Slimes","floor":1.0,"turns":1.0},{"damage":17.0,"enemies":"Replay:BlueRogue","floor":8.0,"turns":3.0},{"damage":25.0,"enemies":"3 Sentries","floor":11.0,"turns":4.0},{"damage":1.0,"enemies":"2 Louse","floor":12.0,"turns":1.0},{"damage":4.0,"enemies":"Lagavulin","floor":13.0,"turns":3.0},{"damage":1.0,"enemies":"Cultist","floor":14.0,"turns":2.0},{"damage":54.0,"enemies":"The Guardian","floor":16.0,"turns":5.0},{"damage":31.0,"enemies":"Shell Parasite","floor":18.0,"turns":3.0},{"damage":71.0,"enemies":"Slavers","floor":23.0,"turns":3.0},{"damage":56.0,"enemies":"Book of Stabbing","floor":25.0,"turns":4.0},{"damage":1,"enemies":"3 Byrds","floor":28,"turns":1}],"seed_played":"8123658166154650054","potions_obtained":[{"floor":7.0,"key":"Energy Potion"},{"floor":7.0,"key":"Reflective Coating"},{"floor":7.0,"key":"Weak Potion"}],"is_trial":true,"path_per_floor":["M","?","$","?","$","R","?","E","T","R","E","M","E","M","R","B",null,"M","?","?","?","$","E","R","E","T","$","M"],"character_chosen":"IRONCLAD","items_purchased":["Membership Card","Replay:Ringing Soul","Iron Hammer"],"campfire_rested":1,"item_purchase_floors":[22,27,27],"current_hp_per_floor":[77,77,77,57,57,57,57,46,46,70,51,56,76,80,80,52,78,63,63,63,63,63,44,44,26,26,26,49,49],"gold":142,"neow_bonus":"","is_daily":false,"chose_seed":false,"campfire_upgraded":2,"win_rate":0.0,"timestamp":1609476269,"path_taken":["M","?","$","?","$","R","?","E","T","R","E","M","E","M","R","BOSS","M","?","?","?","$","E","R","E","T","$","?"],"items_purchased_type":["Relic","Relic","Relic"],"build_version":"2020-12-22","purchased_purges":2,"victory":false,"max_hp_per_floor":[80,80,80,80,80,80,80,80,80,80,80,80,80,80,80,80,85,85,85,85,85,85,85,85,85,85,85,85,85],"card_choices":[{"not_picked":["Armaments","Pommel Strike","Rupture"],"picked":"SKIP","floor":1.0},{"not_picked":["Demon Form","Replay:Many Hands","Juggernaut"],"picked":"SKIP","floor":8.0},{"not_picked":["Double Tap","Offering"],"picked":"Reaper","floor":11.0},{"not_picked":["Massacre","Clothesline","ReplayTheSpireMod:Strike From Hell"],"picked":"SKIP","floor":12.0},{"not_picked":["Corruption","Demonic Infusion"],"picked":"Hemogenesis","floor":13.0},{"not_picked":["Iron Wave","Feel No Pain","Wild Strike"],"picked":"SKIP","floor":14.0},{"not_picked":["Iron Wave+1","Abandon+1","Body Slam+1"],"picked":"SKIP","floor":18.0},{"not_picked":["Replay:Many Hands","Demon Form"],"picked":"Reaper","floor":23.0},{"not_picked":["Fiend Fire","Double Tap"],"picked":"Impervious","floor":25.0}],"player_experience":780751,"relics_obtained":[{"floor":8.0,"key":"Replay:Rubber Ducky"},{"floor":9.0,"key":"ReplayTheSpireMod:Lightbulb"},{"floor":11.0,"key":"Smiling Mask"},{"floor":13.0,"key":"Girya"},{"floor":21.0,"key":"Ring of Fury"},{"floor":23.0,"key":"Replay:Wax Seal"},{"floor":25.0,"key":"Pen Nib"},{"floor":26.0,"key":"Meat on the Bone"}],"event_choices":[{"damage_healed":0.0,"max_hp_gain":0.0,"max_hp_loss":0.0,"gold_gain":175.0,"event_name":"Liars Game","player_choice":"AGREE","floor":2.0,"gold_loss":0.0,"damage_taken":0.0,"cards_obtained":["Doubt"]},{"damage_healed":0.0,"max_hp_gain":0.0,"max_hp_loss":0.0,"gold_gain":0.0,"event_name":"Golden Idol","player_choice":"Take Damage","floor":4.0,"gold_loss":0.0,"damage_taken":20.0,"relics_obtained":["Golden Idol"]},{"damage_healed":0.0,"max_hp_gain":0.0,"max_hp_loss":0.0,"gold_gain":0.0,"event_name":"Lab","player_choice":"Got Potions","floor":7.0,"gold_loss":0.0,"damage_taken":0.0},{"damage_healed":0.0,"max_hp_gain":0.0,"max_hp_loss":0.0,"gold_gain":0.0,"event_name":"Addict","player_choice":"Obtained Relic","floor":19.0,"gold_loss":85.0,"damage_taken":0.0,"relics_obtained":["Replay:Bottled Flurry"]},{"cards_removed":["Second Wind"],"damage_healed":0.0,"max_hp_gain":0.0,"max_hp_loss":0.0,"gold_gain":0.0,"event_name":"Beggar","player_choice":"Gave Gold","floor":20.0,"gold_loss":75.0,"damage_taken":0.0}],"is_beta":false,"boss_relics":[{"not_picked":["Kintsugi","Painkiller Herb"],"picked":"Tiny House"}],"items_purged_floors":[3,22],"is_endless":true,"potions_floor_spawned":[8,12,13,14],"killed_by":"3 Byrds","ascension_level":9}}