{"host":"3qkmyeoym75lj4wn","time":1609513442,"event":{"mods":["2.2 Compatiblity","BaseMod","Block Reminder","Colored Powertips","Highlight Path","Minty Spire (QoL Compilation)","Permanent Neow","Potion Indicator Mod","Rare Cards Sparkle","Relic Stats","StSLib"],"gold_per_floor":[118,118,130,130,143,175,191,226,226,92,109,144,144,163,163,240,240,256,175,450,465,465,465,465,465],"floor_reached":24,"playtime":963,"items_purged":[],"score":432,"play_id":"1ba603bf-e327-4ce1-8488-42716466d334","local_time":"20210101150402","daily_mods":["Draft","Diverse","Colorless Cards"],"is_ascension_mode":true,"campfire_choices":[{"data":"Inflame","floor":13,"key":"SMITH"},{"data":"ClearTheMind","floor":15,"key":"SMITH"},{"data":"Loop","floor":23,"key":"SMITH"}],"circlet_count":0,"master_deck":["AscendersBane","Cloak And Dagger","Conserve Battery","Inflame+1","Poisoned Stab","Noxious Fumes+1","Wallop","Acrobatics","Ball Lightning","Quick Slash","InnerPeace","Masterful Stab","ThirdEye","Shrug It Off","FlyingSleeves","ClearTheMind+1","Cold Snap","Finesse","BowlingBash","Backflip","Hemokinesis","Sweeping Beam","Loop+1","Cold Snap","Parasite"],"relics":["Burning Blood","Eternal Feather","White Beast Statue","Pantograph"],"acts_visited":["Exordium","TheCity"],"potions_floor_usage":[11,12,14,16,24],"damage_taken":[{"damage":1,"enemies":"Jaw Worm","floor":1,"turns":4},{"damage":8,"enemies":"2 Louse","floor":3,"turns":2},{"damage":0,"enemies":"Cultist","floor":5,"turns":3},{"damage":34,"enemies":"Gremlin Nob","floor":6,"turns":4},{"damage":1,"enemies":"Exordium Thugs","floor":7,"turns":3},{"damage":5,"enemies":"3 Sentries","floor":8,"turns":5},{"damage":0,"enemies":"Lots of Slimes","floor":11,"turns":3},{"damage":28,"enemies":"Gremlin Nob","floor":12,"turns":4},{"damage":6,"enemies":"Looter","floor":14,"turns":4},{"damage":24,"enemies":"Slime Boss","floor":16,"turns":7},{"damage":25,"enemies":"Spheric Guardian","floor":18,"turns":4},{"damage":34,"enemies":"Chosen","floor":21,"turns":6},{"damage":45,"enemies":"Snecko","floor":24,"turns":6}],"seed_played":"6181134024079528686","potions_obtained":[{"floor":6,"key":"Energy Potion"},{"floor":8,"key":"SpeedPotion"},{"floor":11,"key":"DistilledChaos"},{"floor":12,"key":"LiquidMemories"},{"floor":14,"key":"CultistPotion"},{"floor":16,"key":"Swift Potion"}],"is_trial":true,"path_per_floor":["M","?","M","?","M","E","M","E","T","$","M","E","R","M","R","B",null,"M","$","?","M","?","R","M"],"character_chosen":"IRONCLAD","items_purchased":["Backflip","Hemokinesis","Loop"],"campfire_rested":0,"item_purchase_floors":[10,10,19],"current_hp_per_floor":[73,73,71,76,80,52,57,58,58,58,64,42,54,54,66,62,76,57,57,57,29,29,44,0,0],"gold":465,"neow_bonus":"","is_daily":false,"chose_seed":false,"campfire_upgraded":3,"win_rate":0.0,"timestamp":1609513442,"path_taken":["M","?","M","?","M","E","M","E","T","?","M","E","R","M","R","BOSS","M","$","?","?","?","R","?"],"items_purchased_type":["Card","Card","Card"],"build_version":"2020-12-22","purchased_purges":0,"victory":false,"max_hp_per_floor":[75,75,75,80,80,80,80,80,80,80,80,80,80,80,80,80,80,80,80,80,80,80,80,80,80],"relic_stats":{"counters":[13,55],"Pantograph":14,"Eternal Feather":39,"obtain_stats":[{"Pantograph":12,"Eternal Feather":6,"Burning Blood":0,"White Beast Statue":8},{"Pantograph":8,"Eternal Feather":4,"Burning Blood":0,"White Beast Statue":6},{"Pantograph":28,"Eternal Feather":13,"Burning Blood":0,"White Beast Statue":21}],"Burning Blood":70},"card_choices":[{"not_picked":["Twin Strike","Compile Driver"],"picked":"Cloak And Dagger","floor":0},{"not_picked":["Doom and Gloom","ClearTheMind"],"picked":"Conserve Battery","floor":0},{"not_picked":["Beam Cell","Protect"],"picked":"Inflame","floor":0},{"not_picked":["Fusion","Slice"],"picked":"Poisoned Stab","floor":0},{"not_picked":["Carnage","Beam Cell"],"picked":"Noxious Fumes","floor":0},{"not_picked":["EmptyBody","SashWhip"],"picked":"Wallop","floor":0},{"not_picked":["White Noise","Nirvana"],"picked":"Acrobatics","floor":0},{"not_picked":["SashWhip","Chaos"],"picked":"Ball Lightning","floor":0},{"not_picked":["Redo","Crescendo"],"picked":"Quick Slash","floor":0},{"not_picked":["Wild Strike","ThirdEye"],"picked":"InnerPeace","floor":0},{"not_picked":["Tantrum","Heavy Blade"],"picked":"Masterful Stab","floor":0},{"not_picked":["PathToVictory","Double Energy"],"picked":"ThirdEye","floor":0},{"not_picked":["Crescendo","Pummel"],"picked":"Shrug It Off","floor":0},{"not_picked":["Outmaneuver","ForeignInfluence"],"picked":"FlyingSleeves","floor":0},{"not_picked":["Outmaneuver","Rupture"],"picked":"ClearTheMind","floor":0},{"not_picked":["Well Laid Plans","Pommel Strike"],"picked":"Cold Snap","floor":1},{"not_picked":["Flying Knee","Halt","Chaos"],"picked":"SKIP","floor":3},{"not_picked":["EmptyBody","Cleave"],"picked":"Finesse","floor":5},{"not_picked":["Cloak And Dagger","Chaos","Underhanded Strike"],"picked":"SKIP","floor":6},{"not_picked":["Deflect","Second Wind"],"picked":"BowlingBash","floor":7},{"not_picked":["Cloak And Dagger","WheelKick","EmptyFist"],"picked":"SKIP","floor":8},{"not_picked":["Wireheading","Adaptation","Hemokinesis"],"picked":"SKIP","floor":11},{"not_picked":["Fire Breathing","Violence","Slice"],"picked":"SKIP","floor":12},{"not_picked":["Protect","Sanctity"],"picked":"Sweeping Beam","floor":14},{"not_picked":["Hello World","SignatureMove","Eviscerate"],"picked":"SKIP","floor":18},{"not_picked":["Vengeance","Twin Strike"],"picked":"Cold Snap","floor":21}],"player_experience":1637650,"relics_obtained":[{"floor":6,"key":"Eternal Feather"},{"floor":8,"key":"White Beast Statue"},{"floor":12,"key":"Pantograph"}],"event_choices":[{"damage_healed":0,"gold_gain":0,"player_choice":"Grow","damage_taken":0,"max_hp_gain":0,"max_hp_loss":0,"event_name":"Living Wall","floor":2,"gold_loss":0,"cards_upgraded":["Noxious Fumes"]},{"damage_healed":0,"gold_gain":0,"player_choice":"Donut","damage_taken":0,"max_hp_gain":5,"max_hp_loss":0,"event_name":"Big Fish","floor":4,"gold_loss":0},{"damage_healed":0,"gold_gain":275,"player_choice":"Desecrate","damage_taken":0,"max_hp_gain":0,"max_hp_loss":0,"event_name":"Golden Shrine","floor":20,"gold_loss":0,"cards_obtained":["Regret"]},{"damage_healed":0,"gold_gain":0,"cards_transformed":["Regret"],"player_choice":"Transformed","damage_taken":0,"max_hp_gain":0,"max_hp_loss":0,"event_name":"Transmorgrifier","floor":22,"gold_loss":0,"cards_obtained":["Parasite"]}],"is_beta":false,"boss_relics":[{"not_picked":["Ectoplasm","Sozu","Runic Pyramid"]}],"items_purged_floors":[],"is_endless":false,"potions_floor_spawned":[6,8,11,12,14,16,18,21],"killed_by":"Snecko","ascension_level":20}}