{"host":"g7trc0x2teqyd8ye","time":1609511386,"event":{"mods":["BaseMod","Key Reminder","Minty Spire (QoL Compilation)","Relic Stats"],"gold_per_floor":[110,110,35,49,49,78,78,90,90,123,273,273,27,27,27,105,105,123,123,139,156,175,175,175,175],"floor_reached":24,"playtime":830,"items_purged":["Pain"],"score":447,"play_id":"4b9ce6f1-c8e8-4ef6-b67b-96ca3d7345d3","local_time":"20210101152946","is_ascension_mode":true,"campfire_choices":[{"data":"Sever Soul","floor":7,"key":"SMITH"},{"floor":15,"key":"REST"},{"floor":23,"key":"REST"}],"circlet_count":0,"master_deck":["AscendersBane","Strike_R","Strike_R","Strike_R","Defend_R","Defend_R","Defend_R","Bash","Thunderclap","Sever Soul+1","Twin Strike","Anger","Flame Barrier","Doubt","Rupture","Double Tap","Dark Embrace","RitualDagger","Power Through","Rage","Armaments"],"relics":["Burning Blood","NeowsBlessing","WarpedTongs","Regal Pillow","Matryoshka","Toy Ornithopter","keyreminder:keyreminder","Strawberry","Tiny Chest","Fusion Hammer"],"acts_visited":["Exordium","TheCity"],"potions_floor_usage":[10,21,22],"damage_taken":[{"damage":0,"enemies":"Small Slimes","floor":1,"turns":1},{"damage":0,"enemies":"2 Louse","floor":4,"turns":1},{"damage":0,"enemies":"Lagavulin","floor":6,"turns":1},{"damage":8,"enemies":"Cultist","floor":8,"turns":3},{"damage":29,"enemies":"3 Sentries","floor":10,"turns":6},{"damage":51,"enemies":"Slime Boss","floor":16,"turns":9},{"damage":14,"enemies":"2 Thieves","floor":18,"turns":4},{"damage":20,"enemies":"Chosen","floor":20,"turns":6},{"damage":38,"enemies":"Sentry and Sphere","floor":21,"turns":7},{"damage":5,"enemies":"Centurion and Healer","floor":22,"turns":5},{"damage":65,"enemies":"Book of Stabbing","floor":24,"turns":4}],"seed_played":"7118122612562596220","potions_obtained":[{"floor":4,"key":"Block Potion"},{"floor":8,"key":"Ancient Potion"},{"floor":10,"key":"BlessingOfTheForge"},{"floor":18,"key":"Strength Potion"}],"is_trial":false,"path_per_floor":["M","?","?","M","?","E","R","M","T","E","?","?","$","?","R","B",null,"M","?","M","M","M","R","E"],"character_chosen":"IRONCLAD","items_purchased":["Strawberry"],"campfire_rested":2,"item_purchase_floors":[13],"current_hp_per_floor":[74,67,67,73,73,75,75,73,73,50,50,50,57,52,82,37,71,63,57,43,16,22,61,0,0],"gold":175,"neow_bonus":"THREE_ENEMY_KILL","is_daily":false,"chose_seed":false,"campfire_upgraded":1,"win_rate":0.0,"timestamp":1609511386,"path_taken":["M","?","?","M","?","E","R","?","T","E","?","?","$","?","R","BOSS","M","?","M","M","M","R","E"],"items_purchased_type":["Relic"],"build_version":"2020-12-22","purchased_purges":1,"victory":false,"max_hp_per_floor":[75,75,75,75,75,75,75,75,75,75,75,75,82,82,82,82,82,82,82,82,82,82,82,82,82],"relic_stats":{"Regal Pillow":21,"counters":[11,47],"Tiny Chest":0,"obtain_stats":[{"keyreminder:keyreminder":10,"Regal Pillow":6,"Matryoshka":9,"NeowsBlessing":0,"Strawberry":13,"Tiny Chest":14,"Fusion Hammer":17,"Burning Blood":0,"Toy Ornithopter":10,"WarpedTongs":5},{"keyreminder:keyreminder":5,"Regal Pillow":3,"Matryoshka":4,"NeowsBlessing":0,"Strawberry":5,"Tiny Chest":5,"Fusion Hammer":6,"Burning Blood":0,"Toy Ornithopter":5,"WarpedTongs":2},{"keyreminder:keyreminder":12,"Regal Pillow":3,"Matryoshka":6,"NeowsBlessing":0,"Strawberry":12,"Tiny Chest":12,"Fusion Hammer":21,"Burning Blood":0,"Toy Ornithopter":12,"WarpedTongs":2}],"Burning Blood":56,"Toy Ornithopter":10,"WarpedTongs":[45]},"card_choices":[{"not_picked":["Pommel Strike","Body Slam"],"picked":"Thunderclap","floor":1},{"not_picked":["Burning Pact","Armaments"],"picked":"Sever Soul","floor":4},{"not_picked":["Sentinel","Pommel Strike"],"picked":"Twin Strike","floor":6},{"not_picked":["Armaments","Burning Pact"],"picked":"Anger","floor":8},{"not_picked":["Pommel Strike","Clash"],"picked":"Flame Barrier","floor":10},{"not_picked":["Immolate","Demon Form"],"picked":"Double Tap","floor":16},{"not_picked":["Rampage","Thunderclap"],"picked":"Dark Embrace","floor":18},{"not_picked":["Cleave","Armaments"],"picked":"Power Through","floor":20},{"not_picked":["Ghostly Armor","Iron Wave"],"picked":"Rage","floor":21},{"not_picked":["Wild Strike","Twin Strike"],"picked":"Armaments","floor":22}],"player_experience":857763,"relics_obtained":[{"floor":6,"key":"Regal Pillow"},{"floor":9,"key":"Matryoshka"},{"floor":10,"key":"Toy Ornithopter"}],"event_choices":[{"cards_removed":["Strike_R"],"damage_healed":0,"gold_gain":0,"player_choice":"Card Removal","damage_taken":7,"max_hp_gain":0,"max_hp_loss":0,"event_name":"Golden Wing","floor":2,"gold_loss":0},{"cards_removed":["Defend_R"],"damage_healed":0,"gold_gain":0,"player_choice":"Card Removal","damage_taken":0,"max_hp_gain":0,"max_hp_loss":0,"event_name":"The Cleric","floor":3,"gold_loss":75},{"damage_healed":0,"gold_gain":0,"player_choice":"Rummage","damage_taken":0,"relics_obtained":["WarpedTongs"],"max_hp_gain":0,"max_hp_loss":0,"event_name":"Accursed Blacksmith","floor":5,"gold_loss":0,"cards_obtained":["Pain"]},{"damage_healed":0,"gold_gain":150,"player_choice":"AGREE","damage_taken":0,"max_hp_gain":0,"max_hp_loss":0,"event_name":"Liars Game","floor":11,"gold_loss":0,"cards_obtained":["Doubt"]},{"damage_healed":0,"gold_gain":0,"cards_transformed":["Strike_R"],"player_choice":"Change","damage_taken":0,"max_hp_gain":0,"max_hp_loss":0,"event_name":"Living Wall","floor":12,"gold_loss":0,"cards_obtained":["Rupture"]},{"damage_healed":0,"gold_gain":0,"player_choice":"Success","damage_taken":5,"relics_obtained":["Tiny Chest"],"max_hp_gain":0,"max_hp_loss":0,"event_name":"Scrap Ooze","floor":14,"gold_loss":0},{"damage_healed":0,"gold_gain":0,"player_choice":"Joined the Cult","damage_taken":6,"max_hp_gain":0,"max_hp_loss":0,"event_name":"Nest","floor":19,"gold_loss":0,"cards_obtained":["RitualDagger"]}],"is_beta":false,"boss_relics":[{"not_picked":["SacredBark","Runic Cube"],"picked":"Fusion Hammer"}],"items_purged_floors":[13],"is_endless":false,"potions_floor_spawned":[4,8,10,18,20],"killed_by":"Book of Stabbing","ascension_level":19}}