{"host":"30471u5kjjzgyo8j","time":1609508645,"event":{"mods":["AchievementEnabler","BaseMod","Minty Spire (QoL Compilation)","Quick Restart","Replay The Spire","StSLib","The Servant 0.9.4"],"gold_per_floor":[109,109,24,41,41,41,61,73,125,152,152,185,185,214,214,314,314,328,134,134,151,151,151,151,151,151,19,53,53,53,53,108,206,206,216,216,71,83,95,95],"floor_reached":39,"playtime":1330,"items_purged":[],"score":588,"play_id":"0705d936-bdd3-4614-be93-7508aa02723b","local_time":"20210101214405","daily_mods":["Heirloom","Time Dilation","Flight"],"is_ascension_mode":false,"campfire_choices":[{"data":"Bash","floor":6.0,"key":"SMITH"},{"data":"Inflame","floor":11.0,"key":"SMITH"},{"floor":15.0,"key":"REST"},{"floor":23.0,"key":"REST"},{"data":"Flex","floor":25.0,"key":"SMITH"},{"floor":29.0,"key":"REST"},{"floor":30.0,"key":"REST"}],"circlet_count":0,"master_deck":["Strike_R","Strike_R","Strike_R","Strike_R","Defend_R","Defend_R","Defend_R","Defend_R","Bash+1","Inflame+1","Flex+1","Flex","Perfected Strike","Flex","Madness","Madness","Parasite"],"relics":["Burning Blood","Replay:Towering Pillar of Hats","ReplayTheSpireMod:TigerMarble","Strawberry","Smiling Mask","Mango","Bronze Scales","Runic Pyramid","Brimstone","ReplayTheSpireMod:Lightbulb","Replay:Wax Seal","Art of War","Ring of Hypnosis","ReplayTheSpireMod:Ring of Exchange","Sling","Lee\u0027s Waffle"],"acts_visited":["Exordium","TheCity","TheBeyond"],"potions_floor_usage":[33,33],"damage_taken":[{"damage":8.0,"enemies":"2 Louse","floor":1.0,"turns":3.0},{"damage":8.0,"enemies":"Jaw Worm","floor":4.0,"turns":2.0},{"damage":4.0,"enemies":"Cultist","floor":7.0,"turns":4.0},{"damage":16.0,"enemies":"Blue Slaver","floor":8.0,"turns":4.0},{"damage":24.0,"enemies":"Replay:BlueRogue","floor":10.0,"turns":5.0},{"damage":40.0,"enemies":"Lagavulin","floor":12.0,"turns":6.0},{"damage":15.0,"enemies":"Gremlin Nob","floor":14.0,"turns":4.0},{"damage":42.0,"enemies":"Fading Forest","floor":16.0,"turns":11.0},{"damage":29.0,"enemies":"Shell Parasite","floor":18.0,"turns":5.0},{"damage":33.0,"enemies":"Spheric Guardian","floor":21.0,"turns":3.0},{"damage":62.0,"enemies":"Replay:Snechameleon","floor":28.0,"turns":5.0},{"damage":73,"enemies":"Collector","floor":33,"turns":8},{"damage":11,"enemies":"3 Shapes","floor":35,"turns":2},{"damage":26,"enemies":"Orb Walker","floor":38,"turns":3},{"damage":32,"enemies":"Writhing Mass","floor":39,"turns":3}],"seed_played":"8102995858099423591","potions_obtained":[{"floor":1.0,"key":"Regen Potion"},{"floor":4.0,"key":"SneckoOil"},{"floor":12.0,"key":"FearPotion"},{"floor":21.0,"key":"BlessingOfTheForge"}],"is_trial":true,"path_per_floor":["M","?","?","M","$","R","M","M","T","E","R","E","?","E","R","B",null,"M","$","$","M","?","R","?","R","T","$","E","R","R","?","R","B",null,"M","?","$","M","M"],"character_chosen":"IRONCLAD","items_purchased":["Flex","Brimstone","Replay:Wax Seal","Perfected Strike","Lee\u0027s Waffle"],"campfire_rested":4,"item_purchase_floors":[19,19,27,27,37],"current_hp_per_floor":[78,71,71,69,69,69,71,61,68,50,50,39,39,30,60,34,101,78,78,78,51,42,72,72,72,72,72,16,46,76,76,76,9,101,96,83,108,88,62,62],"gold":95,"neow_bonus":"","is_daily":false,"chose_seed":false,"campfire_upgraded":3,"win_rate":0.0,"timestamp":1609508645,"path_taken":["M","?","?","M","$","R","?","M","T","E","R","E","?","E","R","BOSS","M","$","$","M","?","R","?","R","T","$","E","R","R","?","R","BOSS","M","?","$","M","M"],"items_purchased_type":["Card","Relic","Relic","Card","Relic"],"build_version":"2020-12-22","purchased_purges":0,"victory":false,"max_hp_per_floor":[80,80,80,80,80,80,80,80,87,87,87,101,101,101,101,101,101,101,101,101,101,101,101,101,101,101,101,101,101,101,101,101,101,101,101,101,108,108,108,108],"card_choices":[{"not_picked":["Evolve","Pummel","Headbutt"],"picked":"SKIP","floor":1.0},{"not_picked":["Battle Trance","Infernal Blade","Run Through"],"picked":"SKIP","floor":4.0},{"not_picked":["Rupture","ReplayTheSpireMod:Strike From Hell","Blood for Blood"],"picked":"SKIP","floor":7.0},{"not_picked":["Replay:Undeath\u0027s Touch","Combust","Infernal Blade"],"picked":"SKIP","floor":8.0},{"not_picked":["Life Link","Twin Strike"],"picked":"Inflame","floor":10.0},{"not_picked":["Headbutt","Run Through","Ghostly Armor"],"picked":"SKIP","floor":12.0},{"not_picked":["Ghostly Armor","ReplayReversal","Infernal Blade"],"picked":"SKIP","floor":14.0},{"not_picked":["Body Slam+1","Clothesline","Shrug It Off+1"],"picked":"SKIP","floor":18.0},{"not_picked":["Warcry","Thunderclap","ReplayTheSpireMod:Muscle Training"],"picked":"SKIP","floor":21.0},{"not_picked":["Wild Strike+1","Clothesline+1","Havoc"],"picked":"SKIP","floor":28.0},{"not_picked":["Evolve","Intimidate"],"picked":"Flex","floor":35},{"not_picked":["Body Slam","True Grit","Dark Embrace+1"],"picked":"SKIP","floor":38}],"player_experience":163269,"relics_obtained":[{"floor":9.0,"key":"Strawberry"},{"floor":10.0,"key":"Smiling Mask"},{"floor":12.0,"key":"Mango"},{"floor":14.0,"key":"Bronze Scales"},{"floor":26.0,"key":"ReplayTheSpireMod:Lightbulb"},{"floor":28.0,"key":"Art of War"},{"floor":31.0,"key":"Ring of Hypnosis"},{"floor":31.0,"key":"ReplayTheSpireMod:Ring of Exchange"}],"event_choices":[{"cards_removed":["Strike_R"],"damage_healed":0.0,"max_hp_gain":0.0,"max_hp_loss":0.0,"gold_gain":0.0,"event_name":"Golden Wing","player_choice":"Card Removal","floor":2.0,"gold_loss":0.0,"damage_taken":7.0},{"damage_healed":0.0,"max_hp_gain":0.0,"max_hp_loss":0.0,"gold_gain":0.0,"event_name":"WeMeetAgain","player_choice":"Paid Gold","floor":3.0,"gold_loss":85.0,"damage_taken":0.0,"relics_obtained":["ReplayTheSpireMod:TigerMarble"]},{"damage_healed":0.0,"max_hp_gain":0.0,"max_hp_loss":0.0,"gold_gain":0.0,"event_name":"Golden Idol","player_choice":"Ignored","floor":13.0,"gold_loss":0.0,"damage_taken":0.0},{"damage_healed":0.0,"max_hp_gain":0.0,"max_hp_loss":0.0,"gold_gain":0.0,"event_name":"Cursed Tome","player_choice":"Stopped","floor":22.0,"gold_loss":0.0,"damage_taken":9.0},{"damage_healed":0.0,"max_hp_gain":0.0,"max_hp_loss":0.0,"gold_gain":0.0,"event_name":"The Library","player_choice":"Read","floor":24.0,"gold_loss":0.0,"damage_taken":0.0,"cards_obtained":["Flex"]},{"damage_healed":0,"gold_gain":0,"player_choice":"Embrace Madness","damage_taken":13,"max_hp_gain":0,"max_hp_loss":0,"event_name":"Winding Halls","floor":36,"gold_loss":0,"cards_obtained":["Madness","Madness"]}],"is_beta":false,"boss_relics":[{"not_picked":["Sozu","Empty Cage"],"picked":"Runic Pyramid"},{"not_picked":["Tiny House","SacredBark"],"picked":"Sling"}],"items_purged_floors":[],"is_endless":true,"potions_floor_spawned":[1,4,12,21],"killed_by":"Writhing Mass","ascension_level":0}}