{"host":"7sni158j623xchr2","time":1609470148,"event":{"mods":["BaseMod","Colored Map","Highlight Path","Minty Spire (QoL Compilation)","Permanent Neow","Potion Indicator Mod","Rare Cards Sparkle","Relic Sorter","Relic Stats","StSLib","everything is the same but u backflip on backflip"],"gold_per_floor":[113,113,138,313,12,12,93,133,133,133,157,157,157,188,188,307,307,302,302,217,237,261,297,297,330,330,373,373,412,412,428,428,548,548,568,568,568,581,600,600,631,631,658,658,692,763,781,781,781,781,781,781,86,122,122],"floor_reached":56,"playtime":7913,"items_purged":["Doubt","Strike_G+1"],"score":1544,"play_id":"28662768-0699-477c-8c7b-b3476cd8eaa0","local_time":"20201231210228","is_ascension_mode":true,"campfire_choices":[{"data":"Masterful Stab","floor":6,"key":"SMITH"},{"data":"Poisoned Stab","floor":10,"key":"SMITH"},{"data":"Survivor","floor":13,"key":"SMITH"},{"data":"Defend_G","floor":15,"key":"SMITH"},{"data":"Backstab","floor":24,"key":"SMITH"},{"data":"Defend_G","floor":28,"key":"SMITH"},{"floor":30,"key":"RECALL"},{"floor":32,"key":"REST"},{"data":"Defend_G","floor":40,"key":"SMITH"},{"data":"Defend_G","floor":42,"key":"SMITH"},{"data":"Defend_G","floor":44,"key":"SMITH"},{"data":"Strike_G","floor":49,"key":"SMITH"},{"data":"Strike_G","floor":52,"key":"SMITH"}],"circlet_count":0,"master_deck":["Strike_G+1","Strike_G+1","Defend_G+1","Defend_G+1","Defend_G+1","Defend_G+1","Defend_G+1","Survivor+1","Neutralize+1","Poisoned Stab+1","Masterful Stab+1","Acrobatics+1","Dodge and Roll+1","Noxious Fumes+1","Wraith Form v2+1","Footwork+1","Crippling Poison+1","Terror+1","Backstab+1","Deadly Poison+1","Backflip+1","Night Terror+1","Discovery+1","Venomology+1","Expertise+1","Well Laid Plans+1","Deflect+1","Well Laid Plans+1"],"relics":["Ring of the Snake","Golden Idol","Akabeko","Whetstone","Toxic Egg 2","Ornamental Fan","Frozen Egg 2","Kunai","SlaversCollar","Tiny Chest","Snake Skull","Lantern","TungstenRod","Pantograph","Busted Crown","Ice Cream","Potion Belt","Mango","Blue Candle","Incense Burner","Strawberry","Torii"],"acts_visited":["Exordium","TheCity","TheBeyond","TheEnding"],"potions_floor_usage":[8,16,18,25,27,39,41,47,47,50,54,54,55,55,55],"damage_taken":[{"damage":0,"enemies":"Small Slimes","floor":1,"turns":4},{"damage":20,"enemies":"3 Sentries","floor":7,"turns":8},{"damage":0,"enemies":"Lagavulin","floor":8,"turns":4},{"damage":1,"enemies":"Jaw Worm","floor":11,"turns":2},{"damage":0,"enemies":"Gremlin Nob","floor":14,"turns":4},{"damage":1,"enemies":"Slime Boss","floor":16,"turns":8},{"damage":4,"enemies":"2 Thieves","floor":18,"turns":4},{"damage":16,"enemies":"3 Byrds","floor":21,"turns":5},{"damage":0,"enemies":"Snecko","floor":22,"turns":9},{"damage":0,"enemies":"Slavers","floor":23,"turns":5},{"damage":0,"enemies":"Gremlin Leader","floor":25,"turns":5},{"damage":1,"enemies":"Slavers","floor":27,"turns":7},{"damage":0,"enemies":"Gremlin Leader","floor":29,"turns":5},{"damage":8,"enemies":"Shelled Parasite and Fungi","floor":31,"turns":3},{"damage":0,"enemies":"Champ","floor":33,"turns":10},{"damage":2,"enemies":"Orb Walker","floor":35,"turns":3},{"damage":1,"enemies":"3 Darklings","floor":38,"turns":6},{"damage":0,"enemies":"Maw","floor":39,"turns":6},{"damage":22,"enemies":"Reptomancer","floor":41,"turns":6},{"damage":0,"enemies":"Giant Head","floor":45,"turns":8},{"damage":0,"enemies":"Sphere and 2 Shapes","floor":47,"turns":4},{"damage":22,"enemies":"Awakened One","floor":50,"turns":14},{"damage":2,"enemies":"Shield and Spear","floor":54,"turns":7},{"damage":19,"enemies":"The Heart","floor":55,"turns":12}],"seed_played":"6553361143531189400","potions_obtained":[{"floor":0,"key":"ColorlessPotion"},{"floor":0,"key":"Strength Potion"},{"floor":0,"key":"SpeedPotion"},{"floor":8,"key":"LiquidBronze"},{"floor":14,"key":"DistilledChaos"},{"floor":21,"key":"GamblersBrew"},{"floor":27,"key":"LiquidMemories"},{"floor":29,"key":"EssenceOfSteel"},{"floor":33,"key":"Swift Potion"},{"floor":39,"key":"CunningPotion"},{"floor":45,"key":"ColorlessPotion"},{"floor":47,"key":"Poison Potion"}],"is_trial":false,"path_per_floor":["M","?","T","?","$","R","?","E","T","R","M","?","R","E","R","B",null,"M","?","?","M","M","E","R","E","T","E","R","E","R","M","R","B",null,"M","?","?","M","M","R","E","R","T","R","E","T","M","?","R","B",null,"R","$","E","B",null],"character_chosen":"THE_SILENT","items_purchased":["Masterful Stab","Whetstone","Well Laid Plans+1","Incense Burner","PowerPotion","Strawberry","Deflect+1"],"campfire_rested":1,"item_purchase_floors":[5,5,53,53,53,53,53],"current_hp_per_floor":[70,65,65,65,65,65,45,45,45,45,44,37,37,37,37,36,65,61,61,61,45,45,45,45,45,45,44,44,44,44,36,55,65,65,63,54,54,53,53,53,31,31,31,31,45,45,45,45,45,48,79,79,86,84,67],"gold":122,"neow_bonus":"THREE_SMALL_POTIONS","is_daily":false,"chose_seed":false,"campfire_upgraded":11,"win_rate":0.0,"timestamp":1609470148,"path_taken":["M","?","?","?","$","R","?","E","T","R","M","?","R","E","R","BOSS","M","?","?","M","M","E","R","E","T","E","R","E","R","M","R","BOSS","M","?","?","M","?","R","E","R","T","R","E","?","M","?","R","BOSS","R","$","E","BOSS"],"items_purchased_type":["Card","Relic","Card","Relic","Potion","Relic","Card"],"build_version":"2020-12-22","purchased_purges":2,"victory":true,"max_hp_per_floor":[70,65,65,65,65,65,65,65,65,65,65,65,65,65,65,65,65,65,65,65,65,65,65,65,65,65,65,65,65,65,65,65,65,65,65,65,65,65,65,65,65,65,65,65,79,79,79,79,79,79,79,79,86,86,86],"relic_stats":{"Torii":0,"counters":[24,149],"Golden Idol":226,"Blue Candle":[0],"Snake Skull":[191],"Whetstone":["Neutralize","Strike_G"],"Busted Crown":20,"Ornamental Fan":[140],"Pantograph":37,"Tiny Chest":1,"Kunai":[34],"obtain_stats":[{"Ice Cream":41,"Potion Belt":43,"Lantern":25,"Torii":54,"Golden Idol":2,"Blue Candle":46,"Mango":45,"Snake Skull":23,"Incense Burner":53,"Whetstone":5,"Frozen Egg 2":9,"Akabeko":3,"SlaversCollar":17,"Busted Crown":34,"Ornamental Fan":8,"Pantograph":29,"Strawberry":53,"Tiny Chest":20,"Kunai":14,"Toxic Egg 2":7,"TungstenRod":27,"Ring of the Snake":0},{"Ice Cream":19,"Potion Belt":19,"Lantern":11,"Torii":23,"Golden Idol":1,"Blue Candle":20,"Mango":20,"Snake Skull":10,"Incense Burner":22,"Whetstone":1,"Frozen Egg 2":3,"Akabeko":1,"SlaversCollar":6,"Busted Crown":15,"Ornamental Fan":3,"Pantograph":13,"Strawberry":22,"Tiny Chest":7,"Kunai":5,"Toxic Egg 2":2,"TungstenRod":12,"Ring of the Snake":0},{"Ice Cream":104,"Potion Belt":104,"Lantern":58,"Torii":137,"Golden Idol":4,"Blue Candle":112,"Mango":112,"Snake Skull":53,"Incense Burner":130,"Whetstone":4,"Frozen Egg 2":16,"Akabeko":4,"SlaversCollar":30,"Busted Crown":83,"Ornamental Fan":16,"Pantograph":70,"Strawberry":130,"Tiny Chest":34,"Kunai":22,"Toxic Egg 2":12,"TungstenRod":65,"Ring of the Snake":0}],"TungstenRod":67,"Ring of the Snake":[48]},"card_choices":[{"not_picked":["Caltrops","Quick Slash"],"picked":"Poisoned Stab","floor":1},{"not_picked":["Outmaneuver+1","Eviscerate"],"picked":"Acrobatics+1","floor":7},{"not_picked":["Prepared+1","Endless Agony"],"picked":"Dodge and Roll+1","floor":8},{"not_picked":["Quick Slash","Slice"],"picked":"Noxious Fumes+1","floor":11},{"not_picked":["Heel Hook","Accuracy+1","Slice"],"picked":"SKIP","floor":14},{"not_picked":["Envenom+1","Phantasmal Killer+1"],"picked":"Wraith Form v2+1","floor":16},{"not_picked":["Noxious Fumes+1","Deflect+1"],"picked":"Footwork+1","floor":18},{"not_picked":["Deadly Poison+1","Masterful Stab"],"picked":"Crippling Poison+1","floor":21},{"not_picked":["Deadly Poison+1","Sucker Punch+1"],"picked":"Terror+1","floor":22},{"not_picked":["Outmaneuver+1","Backflip+1"],"picked":"Backstab","floor":23},{"not_picked":["Skewer","Predator+1"],"picked":"Deadly Poison+1","floor":25},{"not_picked":["Eviscerate","Infinite Blades+1","Riddle With Holes"],"picked":"SKIP","floor":27},{"not_picked":["Backstab","Poisoned Stab"],"picked":"Backflip+1","floor":29},{"not_picked":["Backstab+1","Slice","Crippling Poison+1"],"picked":"SKIP","floor":31},{"not_picked":["Tools of the Trade+1","Glass Knife"],"picked":"Night Terror+1","floor":33},{"not_picked":["Concentrate+1"],"picked":"SKIP","floor":35},{"not_picked":[],"picked":"Discovery+1","floor":36},{"not_picked":["Underhanded Strike+1"],"picked":"SKIP","floor":38},{"not_picked":["Backstab"],"picked":"SKIP","floor":39},{"not_picked":[],"picked":"Expertise+1","floor":41},{"not_picked":["Backstab"],"picked":"SKIP","floor":45},{"not_picked":["Flechettes+1"],"picked":"SKIP","floor":47},{"not_picked":[],"picked":"Well Laid Plans+1","floor":54}],"player_experience":1565062,"relics_obtained":[{"floor":3,"key":"Akabeko"},{"floor":7,"key":"Toxic Egg 2"},{"floor":8,"key":"Ornamental Fan"},{"floor":9,"key":"Frozen Egg 2"},{"floor":14,"key":"Kunai"},{"floor":23,"key":"Snake Skull"},{"floor":25,"key":"Lantern"},{"floor":27,"key":"TungstenRod"},{"floor":29,"key":"Pantograph"},{"floor":41,"key":"Ice Cream"},{"floor":43,"key":"Potion Belt"},{"floor":45,"key":"Mango"},{"floor":46,"key":"Blue Candle"},{"floor":54,"key":"Torii"}],"event_choices":[{"damage_healed":0,"gold_gain":0,"player_choice":"Lose Max HP","damage_taken":0,"relics_obtained":["Golden Idol"],"max_hp_gain":0,"max_hp_loss":5,"event_name":"Golden Idol","floor":2,"gold_loss":0},{"damage_healed":0,"gold_gain":175,"player_choice":"AGREE","damage_taken":0,"max_hp_gain":0,"max_hp_loss":0,"event_name":"Liars Game","floor":4,"gold_loss":0,"cards_obtained":["Doubt"]},{"damage_healed":0,"gold_gain":0,"player_choice":"Searched \u00272\u0027 times","damage_taken":0,"max_hp_gain":0,"max_hp_loss":0,"event_name":"Dead Adventurer","floor":7,"gold_loss":0},{"cards_removed":["Strike_G"],"damage_healed":0,"gold_gain":0,"player_choice":"Card Removal","damage_taken":7,"max_hp_gain":0,"max_hp_loss":0,"event_name":"Golden Wing","floor":12,"gold_loss":0},{"damage_healed":0,"gold_gain":0,"player_choice":"Ignored","damage_taken":0,"max_hp_gain":0,"max_hp_loss":0,"event_name":"Vampires","floor":19,"gold_loss":0},{"damage_healed":0,"gold_gain":0,"player_choice":"Obtained Relic","damage_taken":0,"relics_obtained":["Tiny Chest"],"max_hp_gain":0,"max_hp_loss":0,"event_name":"Addict","floor":20,"gold_loss":85},{"damage_healed":0,"gold_gain":0,"player_choice":"Memory 3","damage_taken":10,"max_hp_gain":0,"max_hp_loss":0,"event_name":"SensoryStone","floor":36,"gold_loss":0},{"damage_healed":0,"gold_gain":0,"cards_transformed":["Strike_G"],"player_choice":"Transformed","damage_taken":0,"max_hp_gain":0,"max_hp_loss":0,"event_name":"Transmorgrifier","floor":37,"gold_loss":0,"cards_obtained":["Venomology"]},{"damage_healed":0,"gold_gain":0,"player_choice":"Ignored","damage_taken":0,"max_hp_gain":0,"max_hp_loss":0,"event_name":"Mysterious Sphere","floor":48,"gold_loss":0}],"is_beta":false,"boss_relics":[{"not_picked":["Coffee Dripper","Velvet Choker"],"picked":"SlaversCollar"},{"not_picked":["HoveringKite","Snecko Eye"],"picked":"Busted Crown"}],"items_purged_floors":[5,53],"is_endless":false,"potions_floor_spawned":[1,8,14,21,27,29,33,39,45,47],"ascension_level":1}}