{"host":"l017gercouzhorma","time":1609476084,"event":{"mods":["AchievementEnabler","Aspiration","BaseMod","Challenge The Spire","Conspire","Downfall","Halation","Hermit","Hubris","Infinite Spire","Jorbs\u0027s Wanderer Trilogy","Mad Scientist","Marisa????????","Mimic Mod","Minty Spire (QoL Compilation)","Random Character Button","Rare Cards Sparkle","Relic Stats","Replay The Spire","Shade Mod","StSLib","The Cursed","The Disciple","The Hierophant","The Jungle","The Runesmith","The Servant 0.9.4"],"gold_per_floor":[110,128,142,142,162,162,173,173,198,198,209,209,226,82,82,177,177,195,195,195,195,195,195,227,241,241,241,261,272,272,289,289,387,387,398,409,409,409,451,525,565,601,624,624,0,56,56,96,96,96],"floor_reached":51,"playtime":3756,"items_purged":[],"score":896,"play_id":"036d136c-49dd-4f0d-8d9d-06dd213a9e3e","local_time":"20201231214124","is_ascension_mode":false,"campfire_choices":[{"data":"SuperPerseids","floor":6,"key":"SMITH"},{"data":"OortCloud","floor":12,"key":"SMITH"},{"data":"AlicesGift","floor":15,"key":"SMITH"},{"data":"SatelliteIllusion","floor":23,"key":"SMITH"},{"data":"OpenUniverse","floor":27,"key":"SMITH"},{"data":"Orbital","floor":30,"key":"SMITH"},{"data":"CasketOfStar","floor":32,"key":"SMITH"},{"floor":49,"key":"DIG"}],"circlet_count":0,"master_deck":["Strike_MRS","Strike_MRS","Strike_MRS","Defend_MRS","Defend_MRS","Defend_MRS","Defend_MRS","MasterSpark","UpSweep","infinitespire:Pacifist","stsjorbsmod:Withering","SporeBomb","IllusionStar+1","SuperPerseids+1","WitchLeyline","OortCloud+1","AlicesGift+1","Orbital+1","PulseMagic","CasketOfStar+1","ShootingEcho","OpenUniverse+1","SatelliteIllusion+1","BinaryStars","LuminesStrike","ShootingEcho","MillisecondPulsars","WitchLeyline+1","WitchOfGreed+1","ShootingEcho+1","6A+1","GravityBeat","GasGiant","Parasite","DarkMatter+1"],"relics":["MiniHakkero","Coffee Dripper","infinitespire:ShieldingShard","Bronze Scales","Orrery","hubris:BlackHole","halation:EternalFortune","hubris:Towel","Pet Ghost","Replay:Mystery Machine","TungstenRod","Runic Pyramid","The Courier","Red Mask","Pen Nib","Pondfish Scales"],"acts_visited":["Exordium","TheCity","TheBeyond"],"potions_floor_usage":[16,16,24,35,36,39,40,40,40,42,48,48,48,50,50],"damage_taken":[{"damage":2,"enemies":"Jaw Worm","floor":1,"turns":5},{"damage":2,"enemies":"Small Slimes","floor":2,"turns":3},{"damage":0,"enemies":"2 Louse","floor":3,"turns":3},{"damage":9,"enemies":"2 Fungi Beasts","floor":5,"turns":3},{"damage":14,"enemies":"Blue Slaver","floor":7,"turns":3},{"damage":0,"enemies":"Looter","floor":11,"turns":1},{"damage":0,"enemies":"3 Louse","floor":13,"turns":3},{"damage":12,"enemies":"The Guardian","floor":16,"turns":7},{"damage":4,"enemies":"3 Byrds","floor":18,"turns":3},{"damage":0,"enemies":"Gremlin Leader","floor":24,"turns":4},{"damage":0,"enemies":"Chosen","floor":25,"turns":3},{"damage":0,"enemies":"3 Cultists","floor":28,"turns":4},{"damage":0,"enemies":"Centurion and Healer","floor":29,"turns":3},{"damage":4,"enemies":"Sentry and Sphere","floor":31,"turns":5},{"damage":0,"enemies":"hubris:MusketHawk","floor":33,"turns":1},{"damage":0,"enemies":"3 Darklings","floor":35,"turns":2},{"damage":0,"enemies":"3 Shapes","floor":36,"turns":3},{"damage":13,"enemies":"Writhing Mass","floor":39,"turns":3},{"damage":0,"enemies":"R_Hoarder","floor":40,"turns":6},{"damage":0,"enemies":"Spire Growth","floor":41,"turns":3},{"damage":0,"enemies":"Transient","floor":42,"turns":4},{"damage":33,"enemies":"Nightmare","floor":46,"turns":5},{"damage":0,"enemies":"Writhing Mass","floor":48,"turns":2},{"damage":0,"enemies":"hubris:GrandSnecko","floor":50,"turns":2}],"seed_played":"-162682944253294951","potions_obtained":[{"floor":1,"key":"Block Potion"},{"floor":5,"key":"SteroidPotion"},{"floor":11,"key":"Weak Potion"},{"floor":18,"key":"champ:CounterPotion"},{"floor":31,"key":"Weak Potion"},{"floor":33,"key":"Dexterity Potion"},{"floor":35,"key":"BottledSpark"},{"floor":36,"key":"Adrenaline Potion"},{"floor":38,"key":"EssenceOfSteel"},{"floor":38,"key":"AttackPotion"},{"floor":38,"key":"BottledSpark"},{"floor":39,"key":"LifebloodPotion"},{"floor":40,"key":"SteroidPotion"},{"floor":41,"key":"AttackPotion"},{"floor":42,"key":"Languid Potion"},{"floor":46,"key":"BlessingOfTheForge"},{"floor":48,"key":"BottledSpark"},{"floor":48,"key":"Fire Potion"}],"is_trial":false,"path_per_floor":["M","M","M","?","M","R","M","?","T","?","M","R","M","$","R","B",null,"M","?","?","?","T","R","E","M","T","R","M","M","R","M","R","B",null,"M","M","?","?","M","E","M","M","T","AVR","?","NM","$","M","R","B",null],"character_chosen":"MARISA","items_purchased":["Orrery"],"campfire_rested":0,"item_purchase_floors":[14],"current_hp_per_floor":[73,71,71,71,62,62,48,48,48,48,48,48,48,48,48,36,75,71,74,74,74,74,74,74,74,74,74,74,74,74,70,70,70,78,78,78,78,78,65,65,65,65,65,65,65,32,32,32,32,32],"gold":96,"neow_bonus":"CURSED_BOSS_RELIC","is_daily":false,"chose_seed":false,"campfire_upgraded":7,"win_rate":0.0,"timestamp":1609476084,"path_taken":["M","M","M","?","M","R","M","?","T","?","M","R","M","$","R","BOSS","M","?","?","?","?","R","E","M","T","R","M","M","R","M","R","BOSS","M","M","?","?","M","E","?","M","T","AVR","?","NM","$","M","R","BOSS"],"items_purchased_type":["Relic"],"build_version":"2020-12-22","purchased_purges":0,"victory":true,"max_hp_per_floor":[75,75,75,75,75,75,75,75,75,75,75,75,75,75,75,75,75,75,78,78,78,78,78,78,78,78,78,78,78,78,78,78,78,78,78,78,78,78,78,78,78,78,78,78,78,78,78,78,78,78],"relic_stats":{"counters":[24,81],"Bronze Scales":[192],"Pen Nib":[5],"obtain_stats":[{"The Courier":40,"Pen Nib":46,"hubris:Towel":20,"Replay:Mystery Machine":24,"Pet Ghost":22,"hubris:BlackHole":17,"Pondfish Scales":49,"infinitespire:ShieldingShard":8,"Bronze Scales":9,"Orrery":14,"halation:EternalFortune":19,"Coffee Dripper":0,"Red Mask":45,"MiniHakkero":0,"TungstenRod":26,"Runic Pyramid":34},{"The Courier":19,"Pen Nib":22,"hubris:Towel":9,"Replay:Mystery Machine":10,"Pet Ghost":9,"hubris:BlackHole":8,"Pondfish Scales":23,"infinitespire:ShieldingShard":5,"Bronze Scales":5,"Orrery":7,"halation:EternalFortune":9,"Coffee Dripper":0,"Red Mask":21,"MiniHakkero":0,"TungstenRod":11,"Runic Pyramid":15},{"The Courier":65,"Pen Nib":77,"hubris:Towel":31,"Replay:Mystery Machine":35,"Pet Ghost":31,"hubris:BlackHole":28,"Pondfish Scales":79,"infinitespire:ShieldingShard":17,"Bronze Scales":17,"Orrery":21,"halation:EternalFortune":31,"Coffee Dripper":0,"Red Mask":72,"MiniHakkero":0,"TungstenRod":38,"Runic Pyramid":51}],"TungstenRod":13},"card_choices":[{"not_picked":["DeepEcoloBomb","GalacticHalo"],"picked":"SporeBomb","floor":1},{"not_picked":["6A","Acceleration","GravityBeat"],"picked":"SKIP","floor":2},{"not_picked":["UnstableBomb","GravityBeat"],"picked":"IllusionStar","floor":3},{"not_picked":["OneTimeOff","Acceleration"],"picked":"SuperPerseids","floor":5},{"not_picked":["MagicChant","FinalSpark"],"picked":"WitchLeyline","floor":7},{"not_picked":["DC","ManaConvection"],"picked":"OortCloud","floor":11},{"not_picked":["WitchOfGreed","DragonMeteor"],"picked":"AlicesGift","floor":13},{"not_picked":["Acceleration","GravityBeat"],"picked":"Orbital","floor":14},{"not_picked":["EnergyRecoil","PowerUp"],"picked":"PulseMagic","floor":14},{"not_picked":["StarlightTyphoon","EventHorizon"],"picked":"CasketOfStar","floor":14},{"not_picked":["Singularity","DC"],"picked":"ShootingEcho","floor":14},{"not_picked":["MilkyWay","6A"],"picked":"OpenUniverse","floor":14},{"not_picked":["UltimateShortwave","AbsoluteMagnitude"],"picked":"SatelliteIllusion","floor":16},{"not_picked":["LuminesStrike","NonDirectionalLaser+1","Acceleration"],"picked":"SKIP","floor":18},{"not_picked":["DeepEcoloBomb","MaximisePower","DoubleSpark"],"picked":"SKIP","floor":24},{"not_picked":["LuminesStrike","6A","EnergyRecoil"],"picked":"SKIP","floor":25},{"not_picked":["DarkSpark","UnstableBomb+1","NonDirectionalLaser+1"],"picked":"SKIP","floor":28},{"not_picked":["BlazeAway","GravityBeat"],"picked":"LuminesStrike","floor":29},{"not_picked":["ManaConvection","NonDirectionalLaser"],"picked":"ShootingEcho","floor":31},{"not_picked":["MaximisePower","CollectingQuirk"],"picked":"MillisecondPulsars","floor":33},{"not_picked":["StarDustReverie","PowerUp"],"picked":"WitchLeyline+1","floor":35},{"not_picked":["PowerUp+1","ChargingUp"],"picked":"WitchOfGreed+1","floor":36},{"not_picked":["EventHorizon","LuminesStrike+1"],"picked":"ShootingEcho+1","floor":39},{"not_picked":["PulseMagic","BigCrunch","SporeBomb"],"picked":"SKIP","floor":40},{"not_picked":["Robbery+1","ShootingEcho+1"],"picked":"6A+1","floor":41},{"not_picked":["MillisecondPulsars","PowerUp"],"picked":"GravityBeat","floor":42},{"not_picked":["MeteoricShower","UltimateShortwave"],"picked":"GasGiant","floor":46},{"not_picked":["AsteroidBelt+1","GrandCross+1"],"picked":"DarkMatter+1","floor":48}],"player_experience":830666,"relics_obtained":[{"floor":8,"key":"infinitespire:ShieldingShard"},{"floor":9,"key":"Bronze Scales"},{"floor":22,"key":"Pet Ghost"},{"floor":24,"key":"Replay:Mystery Machine"},{"floor":26,"key":"TungstenRod"},{"floor":40,"key":"The Courier"},{"floor":46,"key":"Pen Nib"},{"floor":49,"key":"Pondfish Scales"}],"event_choices":[{"damage_healed":0,"gold_gain":0,"player_choice":"Read","damage_taken":0,"max_hp_gain":0,"max_hp_loss":0,"event_name":"The Library","floor":21,"gold_loss":0,"cards_obtained":["BinaryStars"]},{"cards_removed":["Strike_MRS"],"damage_healed":0,"gold_gain":0,"player_choice":"Removed Attack","damage_taken":0,"max_hp_gain":0,"max_hp_loss":0,"event_name":"Falling","floor":37,"gold_loss":0},{"damage_healed":0,"gold_gain":0,"player_choice":"Got Potions","damage_taken":0,"max_hp_gain":0,"max_hp_loss":0,"event_name":"Lab","floor":38,"gold_loss":0},{"damage_healed":0,"gold_gain":0,"player_choice":"Paid","damage_taken":0,"relics_obtained":["Red Mask"],"max_hp_gain":0,"max_hp_loss":0,"event_name":"Tomb of Lord Red Mask","floor":45,"gold_loss":624}],"is_beta":false,"boss_relics":[{"not_picked":["Black Star","Ring of Chaos"],"picked":"hubris:BlackHole"},{"not_picked":["Philosopher\u0027s Stone","aspiration:SecretTechniqueScroll"],"picked":"Runic Pyramid"}],"items_purged_floors":[],"is_endless":false,"potions_floor_spawned":[1,5,11,18,31,33,35,36,48],"ascension_level":0}}