{"host":"v8fyz8q94mb7vc4s","time":1609487345,"event":{"mods":["ATMod(阿瑾Mod)","Act Like it!","Arknights The Spire","BaseMod","BetterRewards","CapriCore","Custom Start","Gensokyo","Jedi Mod","Marisa（F雨　魔理沙）","Marked Mod","Minty Spire (QoL Compilation)","MostiFishMod","Pale of the Ancients","Quick Restart","Replay The Spire","RumiaBox-露米娅的神秘盒子","Shop Mod","Spicy Shops","StSLib","Td1madao Mod","The Immortal","The Servant 0.9.4","UnlockEverythingMod","Waifu the Spire","WarShipGirlsR/战舰少女R mod","Yakumo Yukari mod","noobMod","vexMod","【遗物卡牌】REMEMod","残留之物"],"gold_per_floor":[113,123,123,142,157,8,334,344,395,395,395,423,423,443,443,541,541,553,570,570,340,354,381,381,411,411,428,442,454,470,487,487,589,589,604,614,614,632,632,632,677,711,711,711,725,739,739,774,774,774,774,774,301,332,332],"floor_reached":56,"playtime":2155,"items_purged":["ats:Strike V"],"score":1538,"play_id":"3b4851d6-1126-4a6c-9ae7-dfdf33371b34","local_time":"20210101154905","is_ascension_mode":false,"campfire_choices":[{"data":"ats:Soul Absorption","floor":11.0,"key":"SMITH"},{"data":"ats:Neurotoxin","floor":13.0,"key":"SMITH"},{"data":"ats:Dogmatic Field","floor":15.0,"key":"SMITH"},{"data":"AT_EmpoweredMortalDraw","floor":24.0,"key":"SMITH"},{"data":"ats:Overload","floor":32.0,"key":"SMITH"},{"floor":40,"key":"RECALL"},{"data":"ats:Disruption Kick","floor":47,"key":"SMITH"},{"floor":49,"key":"REST"},{"floor":52,"key":"DIG"}],"circlet_count":0,"master_deck":["ats:Strike S","ats:Armor Crushing Shot","ats:Defend","ats:Defend+1","ats:Defend+1","ats:Defend","ats:Dogmatic Field+1","ats:Soul Absorption+1","ats:Neurotoxin+1","ats:Explosion Area Strengthen","ats:Powerful Strike","ats:Wolf Pack","AT_EmpoweredMortalDraw+1","ats:Overload+1","ats:Disruption Kick+1","ats:Collapsing Strike","ats:Poison Spread","AT_FamilyPortrait","Replay:BasicMightCard"],"relics":["ats:Sanity","ice","DaveBox","AT_ATBox","REME_ComplimentaryCards","SynthV:TestCard","EGODaCapo","ats:Defend","ats:Originium","Old Coin","Replay:Bottled Snecko","Divine Protection","AT_MortalBlade","Lantern","ats:Snipe","Replay:Accelerometer","LastBattle","Replay:Multitool","CatCart","ats:Berate","War Paint","ats:Industrial Water Cannon","AT_ChloranthyRing","AT_ArchangelStaff"],"acts_visited":["Exordium","TheCity","TheBeyond","TheEnding"],"potions_floor_usage":[33,55],"damage_taken":[{"damage":13.0,"enemies":"Cultist","floor":1.0,"turns":6.0},{"damage":3.0,"enemies":"Jaw Worm","floor":2.0,"turns":5.0},{"damage":29.0,"enemies":"2 Louse","floor":4.0,"turns":7.0},{"damage":10.0,"enemies":"Gremlin Gang","floor":5.0,"turns":5.0},{"damage":67.0,"enemies":"Replay:BlueRogue","floor":7.0,"turns":9.0},{"damage":0.0,"enemies":"2 Fungi Beasts","floor":8.0,"turns":3.0},{"damage":26.0,"enemies":"Lagavulin","floor":12.0,"turns":7.0},{"damage":0.0,"enemies":"Large Slime","floor":14.0,"turns":3.0},{"damage":51.0,"enemies":"Hexaghost","floor":16.0,"turns":9.0},{"damage":0.0,"enemies":"Spheric Guardian","floor":18.0,"turns":2.0},{"damage":4.0,"enemies":"Chosen","floor":19.0,"turns":4.0},{"damage":12.0,"enemies":"Snake Plant","floor":22.0,"turns":5.0},{"damage":90.0,"enemies":"REME_1_Revenger","floor":23.0,"turns":5.0},{"damage":0.0,"enemies":"Book of Stabbing","floor":25.0,"turns":3.0},{"damage":0.0,"enemies":"Cultist and Chosen","floor":27.0,"turns":1.0},{"damage":17.0,"enemies":"Shelled Parasite and Fungi","floor":28.0,"turns":3.0},{"damage":12.0,"enemies":"Centurion and Healer","floor":29.0,"turns":2.0},{"damage":0.0,"enemies":"Snecko","floor":30.0,"turns":2.0},{"damage":0.0,"enemies":"Snake Plant","floor":31.0,"turns":1.0},{"damage":4,"enemies":"Champ","floor":33,"turns":8},{"damage":0,"enemies":"Orb Walker","floor":35,"turns":3},{"damage":0,"enemies":"3 Darklings","floor":36,"turns":1},{"damage":0,"enemies":"Maw","floor":38,"turns":6},{"damage":33,"enemies":"Orin","floor":41,"turns":7},{"damage":82,"enemies":"Nemesis","floor":42,"turns":5},{"damage":0,"enemies":"Sphere and 2 Shapes","floor":45,"turns":2},{"damage":0,"enemies":"3 Darklings","floor":46,"turns":1},{"damage":0,"enemies":"R_Hoarder","floor":48,"turns":2},{"damage":0,"enemies":"Donu and Deca","floor":50,"turns":5},{"damage":5,"enemies":"Shield and Spear","floor":54,"turns":3},{"damage":30,"enemies":"The Heart","floor":55,"turns":7}],"seed_played":"-8571982444892434122","potions_obtained":[{"floor":5.0,"key":"Toxic Potion"},{"floor":8.0,"key":"Energy Potion"},{"floor":14.0,"key":"BlessingOfTheForge"},{"floor":22.0,"key":"SpeedPotion"},{"floor":27.0,"key":"Adrenaline Potion"},{"floor":29.0,"key":"DuplicationPotion"},{"floor":33,"key":"Weak Potion"}],"is_trial":false,"path_per_floor":["M","M","?","M","M","$","E","M","T","T","R","E","R","M","R","B",null,"M","M","?","$","M","E","R","E","T","M","M","M","M","M","R","B",null,"M","M","?","M","$","R","?","E","T","?","M","M","R","E","R","B",null,"R","$","E","B",null],"character_chosen":"DOCTOR_CLASS","items_purchased":["ats:Defend","ats:Snipe","AT_ChloranthyRing","AT_FamilyPortrait","Replay:BasicMightCard"],"campfire_rested":1,"item_purchase_floors":[6,21,53,53,53],"current_hp_per_floor":[59,56,56,67,57,57,62,62,62,62,62,72,72,72,72,72,72,72,70,70,70,72,32,32,32,32,32,15,12,19,19,19,72,72,72,72,72,72,72,72,39,43,43,43,43,43,43,43,71,71,99,99,99,94,84],"gold":332,"neow_bonus":"REMOVE_CARD","is_daily":false,"chose_seed":false,"campfire_upgraded":6,"win_rate":0.0,"timestamp":1609487345,"path_taken":["M","M","?","M","M","$","E","?","T","?","R","E","R","?","R","BOSS","M","M","?","$","M","E","R","E","T","M","M","M","?","M","R","BOSS","M","M","?","M","$","R","?","E","T","?","M","?","R","E","R","BOSS","R","$","E","BOSS"],"items_purchased_type":["Card","Relic","Relic","Card","Card"],"build_version":"2020-12-22","purchased_purges":1,"victory":true,"max_hp_per_floor":[72,72,72,72,72,72,72,72,72,72,72,72,72,72,72,72,72,72,72,72,72,72,72,72,72,72,72,72,72,72,72,72,72,72,74,74,74,76,76,76,84,89,89,89,95,95,95,95,95,99,99,99,99,104,142],"card_choices":[{"not_picked":["ats:Flexible Camouflage","ats:Revitalization","ats:Shell Defense"],"picked":"SKIP","floor":1.0},{"not_picked":["ats:Flexible Camouflage","ats:Revitalization","ats:Shell Defense"],"picked":"SKIP","floor":1.0},{"not_picked":["ats:Beaten Up","ats:Guardian Obelisk","ats:Blood Oath","ats:Assault Order","ats:Flexible Camouflage"],"picked":"SKIP","floor":2.0},{"not_picked":["ats:Curse Doll","ats:Explosion Area Strengthen","ats:Ignite","ats:Flame Of Heaven"],"picked":"ats:Neurotoxin","floor":4.0},{"not_picked":["ats:Childhood Dance","ats:Consecutive Shot Auto","ats:Hammer On","ats:Powerful Strike"],"picked":"ats:Explosion Area Strengthen","floor":5.0},{"not_picked":["ats:Childhood Dance","ats:Volcano","ats:Burning Ground","ats:Leaping Hammer"],"picked":"ats:Powerful Strike","floor":7.0},{"not_picked":["ats:Assault Order","ats:Shell Defense","ats:Flexible Camouflage","ats:Revitalization","ats:Curse Doll"],"picked":"SKIP","floor":8.0},{"not_picked":["ats:Sunburst","ats:Song Of Battle","ats:Apocalypse","ats:Chain Hook","ats:Revitalization"],"picked":"SKIP","floor":12.0},{"not_picked":["ats:Consecutive Shot Auto","ats:Neurotoxin","ats:Very Hot Blade","ats:Hammer On","ats:Curse Doll"],"picked":"SKIP","floor":14.0},{"not_picked":["ats:Durian","ats:True Silver Slash","ats:Dogmatic Field","ats:Echo Reverb"],"picked":"ats:Wolf Pack","floor":16.0},{"not_picked":["ats:Consecutive Shot Auto+1","ats:Revitalization+1","ats:Apocalypse","ats:Leaping Hammer","ats:Hammer On"],"picked":"SKIP","floor":18.0},{"not_picked":["ats:Consecutive Shot Auto+1","ats:Explosion Area Strengthen+1","ats:Hammer On","ats:Spore Proliferation","ats:Curse Doll"],"picked":"SKIP","floor":19.0},{"not_picked":["ats:Assault Order","ats:Beaten Up","ats:Powerful Strike","ats:Ignite","ats:Consecutive Shot Auto"],"picked":"SKIP","floor":22.0},{"not_picked":["ats:Hammer On","ats:Powerful Strike","ats:Mental Burst","ats:Beaten Up","ats:Sword Rain"],"picked":"SKIP","floor":23.0},{"not_picked":["ats:Closed Bolt Burst Fire","ats:Assault Order","ats:LN2 Cannon+1","ats:Very Hot Blade"],"picked":"ats:Overload","floor":25.0},{"not_picked":["ats:Hammer On","ats:Healing Drone","ats:Fractured Body","ats:Ignite","ats:Flexible Camouflage+1"],"picked":"SKIP","floor":27.0},{"not_picked":["ats:Defend Order","ats:Explosion Area Strengthen","ats:Thorns","ats:Burning Ground","ats:Song Of Battle"],"picked":"SKIP","floor":28.0},{"not_picked":["ats:Leaping Hammer","ats:LN2 Cannon+1","ats:Revitalization","ats:Childhood Dance","ats:Guardian Obelisk"],"picked":"SKIP","floor":29.0},{"not_picked":["ats:Explosion Area Strengthen","ats:Apocalypse+1","ats:Song Of Battle","ats:Thermite Blade","ats:Nebulous Foxfire"],"picked":"SKIP","floor":30.0},{"not_picked":["ats:Consecutive Shot Auto","ats:Beaten Up","ats:Thorns","ats:Curse Doll","ats:Explosion Area Strengthen"],"picked":"SKIP","floor":31.0},{"not_picked":["ats:Apocalypse+1","ats:Childhood Dance","ats:Consecutive Shot Auto+1","ats:Magnetic Hammer+1","ats:Assault Order"],"picked":"SKIP","floor":35},{"not_picked":["ats:Curse Doll+1","ats:Burning Ground+1","ats:Ignite+1","ats:Volcano","ats:Childhood Dance+1"],"picked":"SKIP","floor":36},{"not_picked":["ats:LN2 Cannon+1","ats:Burning Ground","ats:Composite Medical Shells","ats:Consecutive Shot Auto","ats:Sunburst"],"picked":"SKIP","floor":38},{"not_picked":["ats:Guardian Obelisk","ats:Shell Defense","ats:Hammer On","ats:Childhood Dance+1"],"picked":"ats:Disruption Kick","floor":41},{"not_picked":["ats:Closed Bolt Burst Fire+1","ats:Mental Burst+1","ats:Curse Doll","ats:Sword Rain+1","ats:Echo Reverb"],"picked":"SKIP","floor":42},{"not_picked":["ats:Closed Bolt Burst Fire+1","ats:Mental Burst+1","ats:Curse Doll","ats:Sword Rain+1","ats:Echo Reverb"],"picked":"SKIP","floor":42},{"not_picked":["ats:Curse Doll","ats:Childhood Dance","ats:Flexible Camouflage","ats:Powerful Strike+1","ats:Hammer On"],"picked":"SKIP","floor":45},{"not_picked":["ats:Ignite+1","ats:Revitalization","ats:Shell Defense+1","ats:Consecutive Shot Auto"],"picked":"ats:Poison Spread","floor":46},{"not_picked":["ats:Powerful Strike","ats:Hammer On+1","ats:Flexible Camouflage+1","ats:Dogmatic Field","ats:Support Order+1"],"picked":"SKIP","floor":48},{"not_picked":["ats:Healing Drone","ats:Assault Order+1","ats:Encircling Forest+1","ats:Powerful Strike+1","ats:Revitalization+1"],"picked":"SKIP","floor":54}],"player_experience":367464,"relics_obtained":[{"floor":1.0,"key":"SynthV:TestCard"},{"floor":7.0,"key":"ats:Originium"},{"floor":7.0,"key":"Old Coin"},{"floor":10.0,"key":"Replay:Bottled Snecko"},{"floor":12.0,"key":"ats:Originium"},{"floor":12.0,"key":"Divine Protection"},{"floor":23.0,"key":"ats:Originium"},{"floor":23.0,"key":"Replay:Accelerometer"},{"floor":25.0,"key":"LastBattle"},{"floor":26.0,"key":"Replay:Multitool"},{"floor":41,"key":"CatCart"},{"floor":42,"key":"ats:Berate"},{"floor":48,"key":"War Paint"},{"floor":52,"key":"ats:Industrial Water Cannon"},{"floor":54,"key":"AT_ArchangelStaff"}],"event_choices":[{"damage_healed":0.0,"max_hp_gain":0.0,"max_hp_loss":0.0,"gold_gain":0.0,"cards_transformed":["ats:Strike C"],"event_name":"Transmorgrifier","player_choice":"Transformed","floor":3.0,"gold_loss":0.0,"damage_taken":0.0,"cards_obtained":["ats:Soul Absorption"]},{"damage_healed":0.0,"max_hp_gain":0.0,"max_hp_loss":0.0,"gold_gain":0.0,"event_name":"WeMeetAgain","player_choice":"Gave Potion","floor":20.0,"gold_loss":0.0,"damage_taken":0.0,"relics_obtained":["Lantern"]},{"damage_healed":0,"gold_gain":0,"player_choice":"Ignored","damage_taken":0,"max_hp_gain":0,"max_hp_loss":0,"event_name":"Tomb of Lord Red Mask","floor":37,"gold_loss":0},{"damage_healed":0,"gold_gain":0,"player_choice":"Fight","damage_taken":0,"max_hp_gain":0,"max_hp_loss":0,"event_name":"OrinTheCat","floor":41,"gold_loss":0},{"damage_healed":0,"gold_gain":0,"cards_transformed":["ats:Emotion Absorption"],"player_choice":"Transformed","damage_taken":0,"max_hp_gain":0,"max_hp_loss":0,"event_name":"Transmorgrifier","floor":44,"gold_loss":0,"cards_obtained":["ats:Collapsing Strike"]}],"is_beta":false,"boss_relics":[{"not_picked":["Cursed Key","Velvet Choker"],"picked":"AT_MortalBlade"},{"not_picked":["vexMod:EndlessSickness","REME_DemonsWealth","jedi:battlestandard"]}],"items_purged_floors":[21],"is_endless":false,"potions_floor_spawned":[5,8,14,22,23,27,29,33,36,48],"ascension_level":0}}