{"host":"344lv32hnei0mdhu","time":1609535577,"event":{"mods":["Act Like it!","BaseMod","Better Match","Better Sensory Stone","Better Skull","Better Third Choice","Better Vampires","Colored Powertips","Highlight Path","Minty Spire (QoL Compilation)","Quick Restart","Random Character Button","Rare Cards Sparkle","StSLib"],"gold_per_floor":[109,37,52,52,52,152,178,193,217,217,243,273,285,313,325,337,337],"floor_reached":16,"playtime":450,"items_purged":[],"score":196,"play_id":"d9388595-2260-43b1-9a17-84f788c81a2e","local_time":"20210101151257","is_ascension_mode":true,"campfire_choices":[{"data":"Whirlwind","floor":10,"key":"SMITH"},{"data":"Inflame","floor":15,"key":"SMITH"}],"circlet_count":0,"master_deck":["Strike_R","Strike_R","Strike_R","Strike_R","Strike_R","Defend_R","Defend_R","Defend_R","Defend_R","Bash","Whirlwind+1","Inflame+1","Thunderclap","Entrench","Pommel Strike","Rage"],"relics":["Burning Blood","NeowsBlessing","Ancient Tea Set","Tiny Chest","MawBank"],"acts_visited":["Exordium"],"potions_floor_usage":[12,14,14,14],"damage_taken":[{"damage":0,"enemies":"Small Slimes","floor":1,"turns":1},{"damage":0,"enemies":"Jaw Worm","floor":3,"turns":1},{"damage":0,"enemies":"3 Sentries","floor":7,"turns":1},{"damage":6,"enemies":"Cultist","floor":8,"turns":4},{"damage":32,"enemies":"Gremlin Nob","floor":11,"turns":4},{"damage":28,"enemies":"Exordium Thugs","floor":12,"turns":5},{"damage":20,"enemies":"Exordium Wildlife","floor":14,"turns":3},{"damage":28,"enemies":"The Guardian","floor":16,"turns":8}],"seed_played":"-1907690259731108257","potions_obtained":[{"floor":1,"key":"EssenceOfSteel"},{"floor":8,"key":"Regen Potion"},{"floor":11,"key":"FearPotion"},{"floor":12,"key":"FearPotion"}],"is_trial":false,"path_per_floor":["M","$","M","?","$","?","E","M","T","R","E","M","$","M","R","B"],"character_chosen":"IRONCLAD","items_purchased":["Inflame"],"campfire_rested":0,"item_purchase_floors":[2],"current_hp_per_floor":[78,78,80,80,80,80,80,80,80,80,54,46,46,32,32,4,4],"gold":337,"neow_bonus":"THREE_ENEMY_KILL","is_daily":false,"chose_seed":false,"campfire_upgraded":2,"win_rate":0.0,"timestamp":1609535577,"path_taken":["M","$","M","?","$","?","E","?","T","R","E","M","?","M","R","BOSS"],"items_purchased_type":["Card"],"build_version":"2020-12-22","purchased_purges":0,"victory":false,"max_hp_per_floor":[80,80,80,80,80,80,80,80,80,80,80,80,80,80,80,80,80],"card_choices":[{"not_picked":["Rupture","Pommel Strike"],"picked":"Whirlwind","floor":1},{"not_picked":["Warcry","Dropkick"],"picked":"Thunderclap","floor":3},{"not_picked":["True Grit","Dark Embrace"],"picked":"Entrench","floor":7},{"not_picked":["Iron Wave","Blood for Blood"],"picked":"Pommel Strike","floor":8},{"not_picked":["Entrench","Pommel Strike","Thunderclap"],"picked":"SKIP","floor":11},{"not_picked":["Sword Boomerang","Dropkick","Seeing Red"],"picked":"SKIP","floor":12},{"not_picked":["Carnage","Burning Pact"],"picked":"Rage","floor":14}],"player_experience":295196,"relics_obtained":[{"floor":7,"key":"Ancient Tea Set"},{"floor":9,"key":"Tiny Chest"},{"floor":11,"key":"MawBank"}],"event_choices":[{"damage_healed":80,"gold_gain":0,"player_choice":"Leave","damage_taken":0,"max_hp_gain":0,"max_hp_loss":80,"event_name":"betterThird:BetterShining","floor":4,"gold_loss":0},{"damage_healed":0,"gold_gain":100,"player_choice":"Gold","damage_taken":0,"max_hp_gain":0,"max_hp_loss":0,"event_name":"Wheel of Change","floor":6,"gold_loss":0}],"is_beta":false,"boss_relics":[],"items_purged_floors":[],"is_endless":false,"potions_floor_spawned":[1,8,11,12],"killed_by":"The Guardian","ascension_level":9}}