{"host":"okln270zkafj6dck","time":1609497357,"event":{"mods":["BaseMod","Minty Spire (QoL Compilation)","Permanent Neow","Quick Restart","Relic Stats","StSLib","SuperFastMode"],"gold_per_floor":[16,28,28,28,28,63,63,63,63],"floor_reached":8,"playtime":155,"items_purged":[],"score":108,"play_id":"697f9ca3-40f7-4b86-9bb6-af0557ce48f9","local_time":"20210101023557","is_ascension_mode":true,"campfire_choices":[{"floor":7,"key":"REST"}],"circlet_count":0,"master_deck":["AscendersBane","Strike_G","Strike_G","Strike_G","Strike_G","Defend_G","Defend_G","Defend_G","Defend_G","Defend_G","Survivor","Neutralize","Wraith Form v2","Flying Knee","Dash","Dagger Spray"],"relics":["Ring of the Snake","Golden Idol","Paper Crane"],"acts_visited":["Exordium"],"potions_floor_usage":[],"damage_taken":[{"damage":0,"enemies":"Jaw Worm","floor":1,"turns":6},{"damage":0,"enemies":"Cultist","floor":2,"turns":4},{"damage":44,"enemies":"3 Sentries","floor":6,"turns":16},{"damage":38,"enemies":"Gremlin Nob","floor":8,"turns":4}],"seed_played":"-2921765938590117679","potions_obtained":[{"floor":6,"key":"Dexterity Potion"}],"is_trial":false,"path_per_floor":["M","M","?","$","?","E","R","E"],"character_chosen":"THE_SILENT","items_purchased":[],"campfire_rested":1,"item_purchase_floors":[],"current_hp_per_floor":[59,59,59,59,59,15,33,0,0],"gold":63,"neow_bonus":"THREE_RARE_CARDS","is_daily":false,"chose_seed":false,"campfire_upgraded":0,"win_rate":0.0,"timestamp":1609497357,"path_taken":["M","M","?","$","?","E","R","E"],"items_purchased_type":[],"build_version":"2020-12-22","purchased_purges":0,"victory":false,"max_hp_per_floor":[66,66,60,60,60,60,60,60,60],"relic_stats":{"counters":[4,30],"Golden Idol":7,"obtain_stats":[{"Golden Idol":3,"Paper Crane":6,"Ring of the Snake":0},{"Golden Idol":2,"Paper Crane":3,"Ring of the Snake":0},{"Golden Idol":10,"Paper Crane":26,"Ring of the Snake":0}],"Ring of the Snake":[8]},"card_choices":[{"not_picked":["Doppelganger","Corpse Explosion"],"picked":"Wraith Form v2","floor":0},{"not_picked":["Underhanded Strike","Deflect"],"picked":"Flying Knee","floor":1},{"not_picked":["Deadly Poison","Distraction"],"picked":"Dash","floor":2},{"not_picked":["Slice","Cloak And Dagger"],"picked":"Dagger Spray","floor":6}],"player_experience":70630,"relics_obtained":[{"floor":6,"key":"Paper Crane"}],"event_choices":[{"damage_healed":0,"gold_gain":0,"player_choice":"Lose Max HP","damage_taken":0,"relics_obtained":["Golden Idol"],"max_hp_gain":0,"max_hp_loss":6,"event_name":"Golden Idol","floor":3,"gold_loss":0},{"cards_removed":["Strike_G"],"damage_healed":0,"gold_gain":0,"player_choice":"Purged","damage_taken":0,"max_hp_gain":0,"max_hp_loss":0,"event_name":"Purifier","floor":5,"gold_loss":0}],"is_beta":false,"boss_relics":[],"items_purged_floors":[],"is_endless":false,"potions_floor_spawned":[6],"killed_by":"Gremlin Nob","ascension_level":20}}