{"host":"5ezk7t18wcb10u1o","time":1609543168,"event":{"mods":["BaseMod","Bestiary","Colored Powertips","Minty Spire (QoL Compilation)","Relic Sorter"],"gold_per_floor":[113,127,141,216,216,216,251,262,289,302,302,315,315,325,325,325,325],"floor_reached":16,"playtime":780,"items_purged":[],"score":198,"play_id":"15a0905b-c4cc-4314-b6b5-546c08ed1db7","local_time":"20210101231928","is_ascension_mode":true,"campfire_choices":[{"data":"Loop","floor":6.0,"key":"SMITH"},{"data":"Reinforced Body","floor":13,"key":"SMITH"},{"floor":15,"key":"REST"}],"circlet_count":0,"master_deck":["AscendersBane","Strike_B","Strike_B","Strike_B","Strike_B","Defend_B","Defend_B","Defend_B","Defend_B","Zap+1","Dualcast","Loop+1","Conserve Battery","Conserve Battery","Melter","Barrage","Beam Cell","Reinforced Body+1","Conserve Battery"],"relics":["Cracked Core","Lantern","Happy Flower","Toy Ornithopter"],"acts_visited":["Exordium"],"potions_floor_usage":[12,14],"damage_taken":[{"damage":1.0,"enemies":"Cultist","floor":1.0,"turns":4.0},{"damage":5.0,"enemies":"Small Slimes","floor":2.0,"turns":4.0},{"damage":2.0,"enemies":"2 Louse","floor":3.0,"turns":2.0},{"damage":34.0,"enemies":"Gremlin Nob","floor":7.0,"turns":4.0},{"damage":1.0,"enemies":"Exordium Thugs","floor":8.0,"turns":5.0},{"damage":0.0,"enemies":"2 Fungi Beasts","floor":10.0,"turns":3.0},{"damage":0,"enemies":"Gremlin Gang","floor":12,"turns":4},{"damage":0,"enemies":"Exordium Wildlife","floor":14,"turns":5},{"damage":51,"enemies":"Slime Boss","floor":16,"turns":13}],"seed_played":"-932708932072042907","potions_obtained":[{"floor":1.0,"key":"Weak Potion"},{"floor":7.0,"key":"PowerPotion"},{"floor":8.0,"key":"Block Potion"}],"is_trial":false,"path_per_floor":["M","M","M","?","?","R","E","M","T","M","?","M","R","M","R","B"],"character_chosen":"DEFECT","items_purchased":[],"campfire_rested":1,"item_purchase_floors":[],"current_hp_per_floor":[70,65,63,52,52,52,18,17,17,17,17,22,22,27,50,0,0],"gold":325,"neow_bonus":"TEN_PERCENT_HP_BONUS","is_daily":false,"chose_seed":false,"campfire_upgraded":2,"win_rate":0.0,"timestamp":1609543168,"path_taken":["M","M","?","?","?","R","E","M","T","?","?","M","R","M","R","BOSS"],"items_purchased_type":[],"build_version":"2020-12-22","purchased_purges":0,"victory":false,"max_hp_per_floor":[78,78,78,78,78,78,78,78,78,78,78,78,78,78,78,78,78],"card_choices":[{"not_picked":["Blizzard","Coolheaded"],"picked":"Loop","floor":1.0},{"not_picked":["Undo","Stack"],"picked":"Conserve Battery","floor":2.0},{"not_picked":["Go for the Eyes","Barrage"],"picked":"Conserve Battery","floor":3.0},{"not_picked":["Turbo","Stack"],"picked":"Melter","floor":7.0},{"not_picked":["Stack","Leap"],"picked":"Barrage","floor":8.0},{"not_picked":["Gash","Hologram"],"picked":"Beam Cell","floor":10.0},{"not_picked":["Go for the Eyes","Biased Cognition"],"picked":"Reinforced Body","floor":12},{"not_picked":["Storm","Melter"],"picked":"Conserve Battery","floor":14}],"player_experience":1092280,"relics_obtained":[{"floor":7.0,"key":"Happy Flower"},{"floor":9.0,"key":"Toy Ornithopter"}],"event_choices":[{"damage_healed":0.0,"max_hp_gain":0.0,"max_hp_loss":0.0,"gold_gain":75.0,"event_name":"World of Goop","player_choice":"Gather Gold","floor":4.0,"gold_loss":0.0,"damage_taken":11.0},{"damage_healed":0.0,"max_hp_gain":0.0,"max_hp_loss":0.0,"gold_gain":0.0,"event_name":"WeMeetAgain","player_choice":"Gave Potion","floor":5.0,"gold_loss":0.0,"damage_taken":0.0,"relics_obtained":["Lantern"]},{"damage_healed":0.0,"max_hp_gain":0.0,"max_hp_loss":0.0,"gold_gain":0.0,"event_name":"Upgrade Shrine","player_choice":"Upgraded","floor":11.0,"gold_loss":0.0,"damage_taken":0.0,"cards_upgraded":["Zap"]}],"is_beta":false,"boss_relics":[],"items_purged_floors":[],"is_endless":false,"potions_floor_spawned":[1,7,8],"killed_by":"Slime Boss","ascension_level":18}}