{"host":"foq4mrde4mssg7vt","time":1609505479,"event":{"mods":["AchievementEnabler","BaseMod","Colored Map","Colored Powertips","Highlight Path","Minty Spire (QoL Compilation)","Relic Stats","everything is the same but u backflip on backflip"],"gold_per_floor":[111,130,149,159,234,234,267,107,134,134,134,151,186,199,199,276,276,294,294,76,93,93,93,93],"floor_reached":23,"playtime":975,"items_purged":["Strike_G","Strike_G"],"score":382,"play_id":"dec3145b-1e50-41e3-aef6-bdbcc22b58bd","local_time":"20210101205119","is_ascension_mode":true,"campfire_choices":[{"floor":6.0,"key":"REST"},{"floor":10.0,"key":"REST"},{"floor":15.0,"key":"REST"}],"circlet_count":0,"master_deck":["AscendersBane","Strike_G+1","Defend_G","Defend_G","Defend_G+1","Defend_G","Defend_G","Survivor","Neutralize","Blade Dance","Quick Slash","PiercingWail","Predator","Skewer","Envenom","Calculated Gamble","Well Laid Plans","Burst","Leg Sweep","Footwork","Blur","Footwork","Reflex","PiercingWail"],"relics":["Ring of the Snake","Regal Pillow","Bag of Marbles","Happy Flower","Bag of Preparation","Sozu"],"acts_visited":["Exordium","TheCity"],"potions_floor_usage":[16],"damage_taken":[{"damage":5.0,"enemies":"2 Louse","floor":1.0,"turns":5.0},{"damage":2.0,"enemies":"Jaw Worm","floor":2.0,"turns":5.0},{"damage":1.0,"enemies":"Cultist","floor":3.0,"turns":4.0},{"damage":18.0,"enemies":"Large Slime","floor":4.0,"turns":6.0},{"damage":31.0,"enemies":"Gremlin Nob","floor":7.0,"turns":4.0},{"damage":9.0,"enemies":"Exordium Thugs","floor":12.0,"turns":6.0},{"damage":22.0,"enemies":"Lagavulin","floor":13.0,"turns":8.0},{"damage":0.0,"enemies":"3 Louse","floor":14.0,"turns":4.0},{"damage":15,"enemies":"Hexaghost","floor":16,"turns":10},{"damage":21,"enemies":"Shell Parasite","floor":18,"turns":7},{"damage":7,"enemies":"Spheric Guardian","floor":21,"turns":12},{"damage":22,"enemies":"Book of Stabbing","floor":23,"turns":5}],"seed_played":"5610813436381841084","potions_obtained":[{"floor":4.0,"key":"DistilledChaos"},{"floor":7.0,"key":"Weak Potion"},{"floor":13.0,"key":"LiquidBronze"},{"floor":14.0,"key":"Explosive Potion"},{"floor":16,"key":"Energy Potion"}],"is_trial":false,"path_per_floor":["M","M","M","M","?","R","E","$","T","R","?","M","E","M","R","B",null,"M","?","$","M","?","E"],"character_chosen":"THE_SILENT","items_purchased":["Skewer","Footwork","Blur"],"campfire_rested":3,"item_purchase_floors":[8,20,20],"current_hp_per_floor":[54,52,51,33,22,56,25,25,25,59,39,30,8,8,42,27,56,35,29,29,22,22,0,0],"gold":93,"neow_bonus":"RANDOM_COMMON_RELIC","is_daily":false,"chose_seed":false,"campfire_upgraded":0,"win_rate":0.0,"timestamp":1609505479,"path_taken":["M","M","M","M","?","R","E","$","T","R","?","M","E","M","R","BOSS","M","?","$","?","?","E"],"items_purchased_type":["Card","Card","Card"],"build_version":"2020-12-22","purchased_purges":2,"victory":false,"max_hp_per_floor":[66,66,66,66,66,66,66,66,66,66,66,66,66,66,66,66,66,66,66,66,66,66,66,66],"relic_stats":{"Sozu":0,"Regal Pillow":45,"Happy Flower":[17],"counters":[12,76],"Bag of Preparation":[10],"obtain_stats":[{"Sozu":17,"Regal Pillow":0,"Happy Flower":9,"Bag of Marbles":7,"Bag of Preparation":13,"Ring of the Snake":0},{"Sozu":9,"Regal Pillow":0,"Happy Flower":5,"Bag of Marbles":5,"Bag of Preparation":7,"Ring of the Snake":0},{"Sozu":52,"Regal Pillow":0,"Happy Flower":24,"Bag of Marbles":24,"Bag of Preparation":38,"Ring of the Snake":0}],"Ring of the Snake":[24]},"card_choices":[{"not_picked":["Slice","Cloak And Dagger"],"picked":"Blade Dance","floor":1.0},{"not_picked":["Backflip","Blur","Catalyst"],"picked":"SKIP","floor":2.0},{"not_picked":["Tactician","Endless Agony"],"picked":"Quick Slash","floor":3.0},{"not_picked":["Outmaneuver","Well Laid Plans"],"picked":"PiercingWail","floor":4.0},{"not_picked":["Bane","Underhanded Strike"],"picked":"Predator","floor":7.0},{"not_picked":["Acrobatics","Prepared"],"picked":"Envenom","floor":12.0},{"not_picked":["Concentrate","Blade Dance"],"picked":"Calculated Gamble","floor":13.0},{"not_picked":["Backflip","Deflect"],"picked":"Well Laid Plans","floor":14.0},{"not_picked":["Unload","Storm of Steel"],"picked":"Burst","floor":16},{"not_picked":["Flechettes","Calculated Gamble"],"picked":"Leg Sweep","floor":18},{"not_picked":["Sucker Punch","Dagger Throw"],"picked":"Footwork","floor":21}],"player_experience":358344,"relics_obtained":[{"floor":7.0,"key":"Bag of Marbles"},{"floor":9.0,"key":"Happy Flower"},{"floor":13.0,"key":"Bag of Preparation"}],"event_choices":[{"damage_healed":0.0,"max_hp_gain":0.0,"max_hp_loss":0.0,"gold_gain":75.0,"event_name":"World of Goop","player_choice":"Gather Gold","floor":5.0,"gold_loss":0.0,"damage_taken":11.0},{"damage_healed":0.0,"max_hp_gain":0.0,"max_hp_loss":0.0,"gold_gain":0.0,"event_name":"Shining Light","player_choice":"Entered Light","floor":11.0,"gold_loss":0.0,"damage_taken":20.0,"cards_upgraded":["Defend_G","Strike_G"]},{"damage_healed":0,"gold_gain":0,"player_choice":"","damage_taken":6,"max_hp_gain":0,"max_hp_loss":0,"event_name":"Knowing Skull","floor":19,"potions_obtained":[],"gold_loss":0,"cards_obtained":[]},{"damage_healed":0,"gold_gain":0,"cards_transformed":["Strike_G","Strike_G"],"player_choice":"Became Test Subject","damage_taken":0,"max_hp_gain":0,"max_hp_loss":0,"event_name":"Drug Dealer","floor":22,"gold_loss":0,"cards_obtained":["Reflex","PiercingWail"]}],"is_beta":false,"boss_relics":[{"not_picked":["Calling Bell","Empty Cage"],"picked":"Sozu"}],"items_purged_floors":[8,20],"is_endless":false,"potions_floor_spawned":[4,7,13,14,16],"killed_by":"Book of Stabbing","ascension_level":18}}