{"host":"2no1vwhhkhf0ohz3","time":1609501630,"event":{"mods":["AchievementEnabler","BaseMod","Colored Map","DeckTracker","Keyboard Shortcuts","Minty Spire (QoL Compilation)","Relic Stats","SuperFastMode"],"gold_per_floor":[119,119,194,119,134,174,174,214,239,239,34,34,34,54,54,185,185,205,205,229,269,294,294,308,343,366,366,218,256,256,281,281,402,402,417,417,417,440,453,453,494,513,558,558,583,583,805,826,826,826],"floor_reached":51,"playtime":1359,"items_purged":["Strike_P","Strike_P"],"score":910,"play_id":"b90066c4-0f7d-466e-9354-6f299f3e59c4","local_time":"20210101204710","is_ascension_mode":true,"campfire_choices":[{"data":"Eruption","floor":7,"key":"SMITH"},{"floor":10,"key":"REST"},{"data":"CrushJoints","floor":12,"key":"SMITH"},{"data":"MentalFortress","floor":15,"key":"SMITH"},{"data":"Tantrum","floor":23,"key":"SMITH"},{"data":"Vigilance","floor":27,"key":"SMITH"},{"data":"Meditate","floor":32,"key":"SMITH"},{"floor":40,"key":"REST"},{"data":"TalkToTheHand","floor":44,"key":"SMITH"},{"floor":46,"key":"REST"},{"floor":49,"key":"REST"}],"circlet_count":0,"master_deck":["Strike_P","Eruption+1","Vigilance+1","Meditate+1","Consecrate","CrushJoints+1","MentalFortress+1","Tantrum+1","Evaluate+1","FlyingSleeves+1","FearNoEvil+1","TalkToTheHand+1","TalkToTheHand+1","TalkToTheHand+1"],"relics":["PureWater","NeowsBlessing","Golden Idol","Strawberry","FossilizedHelix","Dream Catcher","Astrolabe","Red Mask","Meat on the Bone","Regal Pillow","Bag of Preparation","Darkstone Periapt","Sozu","Incense Burner","Omamori"],"acts_visited":["Exordium","TheCity","TheBeyond"],"potions_floor_usage":[8,8,16,25,33,33],"damage_taken":[{"damage":0,"enemies":"2 Louse","floor":1,"turns":2},{"damage":0,"enemies":"Small Slimes","floor":5,"turns":1},{"damage":0,"enemies":"Lagavulin","floor":6,"turns":1},{"damage":21,"enemies":"Gremlin Nob","floor":8,"turns":3},{"damage":0,"enemies":"Jaw Worm","floor":14,"turns":3},{"damage":23,"enemies":"The Guardian","floor":16,"turns":13},{"damage":2,"enemies":"Spheric Guardian","floor":18,"turns":4},{"damage":0,"enemies":"Chosen","floor":20,"turns":2},{"damage":1,"enemies":"Masked Bandits","floor":21,"turns":4},{"damage":17,"enemies":"Shelled Parasite and Fungi","floor":22,"turns":4},{"damage":2,"enemies":"Centurion and Healer","floor":24,"turns":3},{"damage":0,"enemies":"Book of Stabbing","floor":25,"turns":4},{"damage":31,"enemies":"Slavers","floor":29,"turns":4},{"damage":0,"enemies":"Cultist and Chosen","floor":31,"turns":3},{"damage":29,"enemies":"Champ","floor":33,"turns":8},{"damage":10,"enemies":"3 Darklings","floor":35,"turns":5},{"damage":0,"enemies":"Orb Walker","floor":38,"turns":3},{"damage":25,"enemies":"4 Shapes","floor":39,"turns":3},{"damage":0,"enemies":"Giant Head","floor":41,"turns":9},{"damage":3,"enemies":"Spire Growth","floor":42,"turns":5},{"damage":0,"enemies":"3 Darklings","floor":45,"turns":4},{"damage":0,"enemies":"Maw","floor":48,"turns":5},{"damage":14,"enemies":"Donu and Deca","floor":50,"turns":8}],"seed_played":"3893152036018959178","potions_obtained":[{"floor":1,"key":"Fire Potion"},{"floor":5,"key":"Weak Potion"},{"floor":8,"key":"SteroidPotion"},{"floor":20,"key":"SkillPotion"},{"floor":21,"key":"AttackPotion"},{"floor":24,"key":"Dexterity Potion"},{"floor":31,"key":"Fire Potion"},{"floor":33,"key":"Block Potion"}],"is_trial":false,"path_per_floor":["M","?","?","$","M","E","R","E","T","R","$","R","$","M","R","B",null,"M","?","M","?","M","R","M","E","T","R","$","E","?","M","R","B",null,"M","?","?","M","M","R","E","M","T","R","M","R","?","M","R","B",null],"character_chosen":"WATCHER","items_purchased":["MentalFortress","Tantrum","Bag of Preparation"],"campfire_rested":4,"item_purchase_floors":[11,11,28],"current_hp_per_floor":[72,54,43,43,43,50,50,29,29,52,52,52,52,52,52,29,79,77,77,77,76,59,59,57,57,57,57,57,38,38,50,50,33,79,69,69,69,69,44,75,75,72,72,72,72,75,75,75,75,61],"gold":826,"neow_bonus":"THREE_ENEMY_KILL","is_daily":false,"chose_seed":false,"campfire_upgraded":7,"win_rate":0.0,"timestamp":1609501630,"path_taken":["M","?","?","$","M","E","R","E","T","R","$","R","$","M","R","BOSS","M","?","M","?","M","R","M","E","T","R","$","E","?","M","R","BOSS","M","?","?","M","M","R","E","M","T","R","M","R","?","M","R","BOSS"],"items_purchased_type":["Card","Card","Relic"],"build_version":"2020-12-22","purchased_purges":2,"victory":true,"max_hp_per_floor":[72,72,72,72,72,79,79,79,79,79,79,79,79,79,79,79,79,79,79,79,79,79,79,79,79,79,79,79,79,79,79,79,79,79,79,79,75,75,75,75,75,75,75,75,75,75,75,75,75,75],"relic_stats":{"Darkstone Periapt":0,"Sozu":2,"Dream Catcher":4,"Regal Pillow":9,"counters":[23,101],"Golden Idol":175,"Astrolabe":["Evaluate","FlyingSleeves","FearNoEvil"],"Bag of Preparation":[22],"obtain_stats":[{"Darkstone Periapt":29,"Regal Pillow":26,"NeowsBlessing":0,"Golden Idol":2,"Astrolabe":17,"Bag of Preparation":28,"Incense Burner":41,"Omamori":43,"Sozu":34,"Dream Catcher":9,"Strawberry":6,"Red Mask":21,"PureWater":0,"FossilizedHelix":8,"Meat on the Bone":25},{"Darkstone Periapt":13,"Regal Pillow":12,"NeowsBlessing":0,"Golden Idol":1,"Astrolabe":6,"Bag of Preparation":12,"Incense Burner":19,"Omamori":20,"Sozu":15,"Dream Catcher":4,"Strawberry":3,"Red Mask":9,"PureWater":0,"FossilizedHelix":4,"Meat on the Bone":12},{"Darkstone Periapt":48,"Regal Pillow":44,"NeowsBlessing":0,"Golden Idol":2,"Astrolabe":23,"Bag of Preparation":44,"Incense Burner":79,"Omamori":84,"Sozu":59,"Dream Catcher":7,"Strawberry":4,"Red Mask":33,"PureWater":0,"FossilizedHelix":7,"Meat on the Bone":44}],"Meat on the Bone":36},"card_choices":[{"not_picked":["Meditate","Conclude","Evaluate"],"picked":"SKIP","floor":1},{"not_picked":["Conclude","Evaluate"],"picked":"Meditate","floor":1},{"not_picked":["BowlingBash","ThirdEye","FlyingSleeves"],"picked":"SKIP","floor":5},{"not_picked":["SignatureMove","Prostrate","EmptyBody"],"picked":"SKIP","floor":6},{"not_picked":["Alpha","Prostrate"],"picked":"Consecrate","floor":8},{"not_picked":["Protect","Halt"],"picked":"CrushJoints","floor":10},{"not_picked":["Wireheading","WreathOfFlame","Protect"],"picked":"SKIP","floor":14},{"not_picked":["EmptyBody","Swivel","Perseverance+1"],"picked":"SKIP","floor":18},{"not_picked":["ClearTheMind+1","JustLucky","DevaForm"],"picked":"SKIP","floor":20},{"not_picked":["EmptyFist","Swivel","Wireheading"],"picked":"SKIP","floor":22},{"not_picked":["Consecrate+1","SashWhip","Crescendo"],"picked":"SKIP","floor":24},{"not_picked":["Wish","EmptyBody+1","FlyingSleeves"],"picked":"SKIP","floor":25},{"not_picked":["Prostrate","Wish","Tantrum"],"picked":"SKIP","floor":29},{"not_picked":["Halt","Protect","BowlingBash+1"],"picked":"SKIP","floor":31},{"not_picked":["BowlingBash+1","CrushJoints","Swivel+1"],"picked":"SKIP","floor":35},{"not_picked":["Perseverance","SashWhip"],"picked":"TalkToTheHand+1","floor":38},{"not_picked":["FlurryOfBlows","Crescendo"],"picked":"TalkToTheHand","floor":39},{"not_picked":["ClearTheMind+1","EmptyBody","Tantrum"],"picked":"SKIP","floor":41},{"not_picked":["EmptyFist","ClearTheMind","EmptyBody+1"],"picked":"SKIP","floor":42},{"not_picked":["ThirdEye+1","Tantrum","EmptyFist+1"],"picked":"SKIP","floor":45},{"not_picked":["DeceiveReality","FlurryOfBlows"],"picked":"TalkToTheHand+1","floor":48}],"player_experience":275934,"relics_obtained":[{"floor":6,"key":"Strawberry"},{"floor":8,"key":"FossilizedHelix"},{"floor":9,"key":"Dream Catcher"},{"floor":21,"key":"Red Mask"},{"floor":25,"key":"Meat on the Bone"},{"floor":26,"key":"Regal Pillow"},{"floor":29,"key":"Darkstone Periapt"},{"floor":41,"key":"Incense Burner"},{"floor":43,"key":"Omamori"}],"event_choices":[{"damage_healed":0,"gold_gain":0,"player_choice":"Take Damage","damage_taken":18,"relics_obtained":["Golden Idol"],"max_hp_gain":0,"max_hp_loss":0,"event_name":"Golden Idol","floor":2,"gold_loss":0},{"damage_healed":0,"gold_gain":75,"player_choice":"Gather Gold","damage_taken":11,"max_hp_gain":0,"max_hp_loss":0,"event_name":"World of Goop","floor":3,"gold_loss":0},{"damage_healed":0,"gold_gain":0,"player_choice":"Ignored","damage_taken":0,"max_hp_gain":0,"max_hp_loss":0,"event_name":"Vampires","floor":19,"gold_loss":0},{"damage_healed":0,"gold_gain":0,"player_choice":"Fought Bandits","damage_taken":0,"max_hp_gain":0,"max_hp_loss":0,"event_name":"Masked Bandits","floor":21,"gold_loss":0},{"cards_removed":["Defend_P"],"damage_healed":0,"gold_gain":0,"player_choice":"Elegance","damage_taken":0,"max_hp_gain":0,"max_hp_loss":0,"event_name":"Back to Basics","floor":30,"gold_loss":0},{"cards_removed":["Defend_P"],"damage_healed":0,"gold_gain":0,"player_choice":"Removed Skill","damage_taken":0,"max_hp_gain":0,"max_hp_loss":0,"event_name":"Falling","floor":36,"gold_loss":0},{"damage_healed":0,"gold_gain":0,"player_choice":"Max HP","damage_taken":0,"max_hp_gain":0,"max_hp_loss":4,"event_name":"Winding Halls","floor":37,"gold_loss":0},{"damage_healed":0,"gold_gain":222,"player_choice":"Wore Mask","damage_taken":0,"max_hp_gain":0,"max_hp_loss":0,"event_name":"Tomb of Lord Red Mask","floor":47,"gold_loss":0}],"is_beta":false,"boss_relics":[{"not_picked":["VioletLotus","Tiny House"],"picked":"Astrolabe"},{"not_picked":["Snecko Eye","Fusion Hammer"],"picked":"Sozu"}],"items_purged_floors":[4,11],"is_endless":false,"potions_floor_spawned":[1,5,8,20,21,24,31,33,41,45],"ascension_level":1}}