{"host":"idmgg8r816nmas40","time":1609535279,"event":{"mods":["AchievementEnabler","AlwaysNeverKeys","BaseMod","BetterRewards","Block Reminder","Colored Map","Colored Powertips","DeckTracker","Googly Eyes","Highlight Path","Hubris","Infinite Spire","Minty Spire (QoL Compilation)","Quick Restart","Relic Stats","Replay The Spire","Shop Mod","StSLib","SuperFastMode","Synergy Search","Transform Curses"],"gold_per_floor":[113,113,113,113,13,53,53,86,86,86,86,120,155,170,170,263,263,282,282,282,282,303,336,336,372,372,372,372,412,431,474,474,601,601,656,139,139,161,161,210,238,238,238,238,276,335,107,138,138,138,138,138,79,118,118],"floor_reached":56,"playtime":2703,"items_purged":["Strike_G","Injury","hubris:Disease"],"score":3237,"play_id":"2b65f77b-12c8-4d10-b03e-ff5a3c650a60","local_time":"20210101140759","is_ascension_mode":true,"campfire_choices":[{"data":"PiercingWail","floor":7.0,"key":"SMITH"},{"floor":11.0,"key":"REST"},{"data":"Infinite Blades","floor":15.0,"key":"SMITH"},{"floor":24.0,"key":"REST"},{"data":"Draining Mist","floor":27.0,"key":"SMITH"},{"data":"Crippling Poison","floor":27.0,"key":"SMITH"},{"floor":32,"key":"REST"},{"floor":42,"key":"REST"},{"floor":44,"key":"REST"},{"data":"Envenom","floor":49,"key":"SMITH"},{"data":"Caltrops","floor":49,"key":"SMITH"},{"floor":52,"key":"REST"}],"circlet_count":0,"master_deck":["AscendersBane","Strike_G+1","Strike_G+1","Strike_G+1","Strike_G+1","Defend_G+1","Defend_G+1","Defend_G+1","Defend_G+1","Defend_G+1","Survivor","Neutralize+1","Dagger Throw+1","Quick Slash","Accuracy+1","Blind+1","Poisoned Stab+1","Dodge and Roll","PiercingWail+1","Cloak And Dagger+1","Flechettes+1","Crippling Poison+1","Flying Knee","Infinite Blades+1","Poisoned Stab+1","Draining Mist+1","Caltrops+1","Poisoned Stab+1","hubris:Lust","Dagger Throw+1","Poisoned Stab+1","Envenom+1","Footwork+1","Accuracy","infinitespire:Collect","Dagger Spray+1","Infinite Blades+1","Flying Knee+1","Poisoned Stab+1","Sucker Punch+1","Blade Dance+1","ReplayTheSpireMod:Scrap Shanks","Poisoned Stab+1","Accuracy","Deflect","Blade Dance"],"relics":["Ring of the Snake","BargainBundle","ReplayFunnel","Lantern","infinitespire:Bottled Soul","Replay:WaspNest","ClockworkSouvenir","Bag of Preparation","Sling","Tiny Chest","Golden Idol","Pen Nib","Kunai","Gremlin Food","White Beast Statue","Odd Mushroom","Onion Ring","hubris:HollowSoul","hubris:Towel","Replay:Arrowhead","infinitespire:WardingShard","infinitespire:Lucky Rock","Molten Egg 2","Juzu Bracelet","PreservedInsect","hubris:TinFlute","infinitespire:EvilPickle","Cursed Key","Replay:Ringing Soul","Lee\u0027s Waffle","MealTicket","Tough Bandages","infinitespire:Beetle Shell","Mummified Hand"],"acts_visited":["Exordium","TheCity","TheBeyond","TheEnding"],"potions_floor_usage":[31,38,50,50],"damage_taken":[{"damage":0.0,"enemies":"Jaw Worm","floor":1.0,"turns":5.0},{"damage":2.0,"enemies":"Gremlin Nob","floor":6.0,"turns":3.0},{"damage":16.0,"enemies":"Lagavulin","floor":8.0,"turns":5.0},{"damage":7.0,"enemies":"The Mushroom Lair","floor":12.0,"turns":4.0},{"damage":5.0,"enemies":"Gremlin Nob","floor":13.0,"turns":3.0},{"damage":0.0,"enemies":"Small Slimes","floor":14.0,"turns":1.0},{"damage":10.0,"enemies":"The Guardian","floor":16.0,"turns":9.0},{"damage":0.0,"enemies":"Chosen","floor":18.0,"turns":5.0},{"damage":14.0,"enemies":"Spheric Guardian","floor":22.0,"turns":5.0},{"damage":8.0,"enemies":"Slavers","floor":23.0,"turns":5.0},{"damage":6.0,"enemies":"Gremlin Leader","floor":25.0,"turns":7.0},{"damage":24.0,"enemies":"Book of Stabbing","floor":29.0,"turns":5.0},{"damage":0,"enemies":"Snecko","floor":30,"turns":3},{"damage":9,"enemies":"Gremlin Leader","floor":31,"turns":4},{"damage":19,"enemies":"Pondfish","floor":33,"turns":14},{"damage":0,"enemies":"3 Shapes","floor":35,"turns":3},{"damage":15,"enemies":"3 Darklings","floor":38,"turns":7},{"damage":18,"enemies":"R_Hoarder","floor":40,"turns":5},{"damage":0,"enemies":"Spire Growth","floor":41,"turns":5},{"damage":1,"enemies":"4 Shapes","floor":45,"turns":2},{"damage":36,"enemies":"Nightmare","floor":46,"turns":4},{"damage":3,"enemies":"Maw","floor":48,"turns":5},{"damage":71,"enemies":"Donu and Deca","floor":50,"turns":9},{"damage":43,"enemies":"Shield and Spear","floor":54,"turns":3},{"damage":27,"enemies":"The Heart","floor":55,"turns":6}],"seed_played":"2846239898877245709","potions_obtained":[{"floor":12.0,"key":"SkillPotion"},{"floor":13.0,"key":"SpeedPotion"},{"floor":16.0,"key":"AttackPotion"},{"floor":23.0,"key":"GhostInAJar"},{"floor":25.0,"key":"Death Potion"},{"floor":29,"key":"GhostInAJar"},{"floor":31,"key":"SkillPotion"},{"floor":38,"key":"DuplicationPotion"},{"floor":54,"key":"FearPotion"}],"is_trial":false,"path_per_floor":["M","?","?","?","$","E","R","E","T","T","R","?","E","M","R","B",null,"M","?","?","T","M","E","R","E","T","R","?","E","M","E","R","B",null,"M","$","?","M","?","E","M","R","T","R","M","NM","$","M","R","B",null,"R","$","E","B",null],"character_chosen":"THE_SILENT","items_purchased":["BargainBundle","ReplayFunnel","Lantern","ColorlessPotion","SkillPotion","Dagger Throw+1","Quick Slash","Accuracy","Blind","Replay:WaspNest","ClockworkSouvenir","Bag of Preparation","Poisoned Stab","Sling","Tiny Chest","Replay:Ringing Soul","Lee\u0027s Waffle","Accuracy","ReplayTheSpireMod:Scrap Shanks","Poisoned Stab+1","Deflect"],"campfire_rested":6,"item_purchase_floors":[0,0,0,0,0,0,0,0,0,0,0,0,0,0,0,36,36,36,47,47,53],"current_hp_per_floor":[59,59,59,59,59,57,57,41,41,41,60,53,48,48,48,38,59,59,59,59,59,45,37,56,50,50,50,50,26,26,17,36,17,54,54,76,61,49,52,37,40,67,70,94,96,63,81,81,81,10,82,106,109,69,42],"gold":118,"neow_bonus":"","is_daily":false,"chose_seed":false,"campfire_upgraded":6,"win_rate":0.0,"timestamp":1609535279,"path_taken":["M","?","?","?","$","E","R","E","T","?","R","?","E","M","R","BOSS","M","?","?","?","M","E","R","E","T","R","?","E","M","E","R","BOSS","M","$","?","M","?","E","M","R","T","R","M","NM","$","M","R","BOSS","R","$","E","BOSS"],"items_purchased_type":["Relic","Relic","Relic","Potion","Potion","Card","Card","Card","Card","Relic","Relic","Relic","Card","Relic","Relic","Relic","Relic","Card","Card","Card","Card"],"build_version":"2020-12-22","purchased_purges":3,"victory":true,"max_hp_per_floor":[66,66,66,66,66,66,66,66,66,66,66,66,66,66,66,66,66,66,66,66,66,66,66,66,66,66,66,66,66,66,66,66,66,66,66,76,79,82,85,88,91,91,94,94,97,100,103,106,106,106,106,106,109,112,112],"relic_stats":{"Lee\u0027s Waffle":19,"counters":[48,221],"Golden Idol":201,"Pen Nib":[32],"PreservedInsect":476,"Bag of Preparation":[77],"Juzu Bracelet":0,"Cursed Key":1,"Tough Bandages":[21],"Mummified Hand":[8],"Tiny Chest":2,"MealTicket":15,"Kunai":[68],"obtain_stats":[{"TwistedFunnel":0,"CeramicFish":24,"Vajra":29,"hubris:MysteriousPyramids":6,"Boot":26,"Sling":0,"Replay:Ringing Soul":36,"MealTicket":40,"Kunai":8,"hubris:TinFlute":31,"ReplayTheSpireMod:CursedCoin":0,"Pen Nib":6,"hubris:HollowSoul":17,"infinitespire:Beetle Shell":46,"infinitespire:EvilPickle":33,"SlaversCollar":17,"ReplayTheSpireMod:Shallot":2,"Bronze Scales":11,"Onion Ring":13,"Molten Egg 2":26,"hubris:ToyBattleship":41,"ReplayFunnel":0,"Lantern":0,"Snecko Heart":19,"StoneCalendar":27,"Bag of Preparation":0,"hubris:SlimyHat":46,"Juzu Bracelet":28,"Smiling Mask":43,"Cursed Key":34,"ClockworkSouvenir":0,"Tough Bandages":43,"hubris:Icosahedron":8,"Matryoshka":9,"Ninja Scroll":26,"infinitespire:Bottled Soul":0,"Mummified Hand":54,"Tiny Chest":0,"Ring of the Snake":0,"Gremlin Food":9,"BargainBundle":0,"Lee\u0027s Waffle":36,"Golden Idol":3,"PreservedInsect":43,"Replay:WaspNest":0,"infinitespire:Lucky Rock":25,"Odd Mushroom":12,"hubris:Towel":19,"Replay:Arrowhead":0,"White Beast Statue":10,"infinitespire:WardingShard":23,"infinitespire:Satchel":13,"Bottled Lightning":19,"hubris:AncientText":44},{"TwistedFunnel":0,"CeramicFish":12,"Vajra":13,"hubris:MysteriousPyramids":4,"Boot":12,"Sling":23,"Replay:Ringing Soul":39,"MealTicket":41,"Kunai":26,"hubris:TinFlute":37,"ReplayTheSpireMod:CursedCoin":0,"Pen Nib":25,"hubris:HollowSoul":30,"infinitespire:Beetle Shell":44,"infinitespire:EvilPickle":38,"SlaversCollar":9,"ReplayTheSpireMod:Shallot":1,"Bronze Scales":5,"Onion Ring":28,"Molten Egg 2":34,"hubris:ToyBattleship":19,"ReplayFunnel":23,"Lantern":23,"Snecko Heart":10,"StoneCalendar":13,"Bag of Preparation":0,"hubris:SlimyHat":21,"Juzu Bracelet":34,"Smiling Mask":19,"Cursed Key":38,"ClockworkSouvenir":23,"Tough Bandages":42,"hubris:Icosahedron":4,"Matryoshka":4,"Ninja Scroll":12,"infinitespire:Bottled Soul":23,"Mummified Hand":47,"Tiny Chest":23,"Ring of the Snake":0,"Gremlin Food":26,"BargainBundle":0,"Lee\u0027s Waffle":39,"Golden Idol":24,"PreservedInsect":19,"Replay:WaspNest":23,"infinitespire:Lucky Rock":34,"Odd Mushroom":27,"hubris:Towel":31,"Replay:Arrowhead":0,"White Beast Statue":26,"infinitespire:WardingShard":33,"infinitespire:Satchel":7,"Bottled Lightning":10,"hubris:AncientText":20},{"TwistedFunnel":0,"CeramicFish":43,"Vajra":47,"hubris:MysteriousPyramids":12,"Boot":43,"Sling":94,"Replay:Ringing Soul":175,"MealTicket":187,"Kunai":107,"hubris:TinFlute":158,"ReplayTheSpireMod:CursedCoin":0,"Pen Nib":102,"hubris:HollowSoul":124,"infinitespire:Beetle Shell":198,"infinitespire:EvilPickle":172,"SlaversCollar":33,"ReplayTheSpireMod:Shallot":3,"Bronze Scales":15,"Onion Ring":114,"Molten Egg 2":146,"hubris:ToyBattleship":72,"ReplayFunnel":94,"Lantern":94,"Snecko Heart":37,"StoneCalendar":47,"Bag of Preparation":0,"hubris:SlimyHat":81,"Juzu Bracelet":146,"Smiling Mask":72,"Cursed Key":172,"ClockworkSouvenir":94,"Tough Bandages":192,"hubris:Icosahedron":12,"Matryoshka":12,"Ninja Scroll":43,"infinitespire:Bottled Soul":94,"Mummified Hand":215,"Tiny Chest":94,"Ring of the Snake":0,"Gremlin Food":107,"BargainBundle":0,"Lee\u0027s Waffle":175,"Golden Idol":99,"PreservedInsect":72,"Replay:WaspNest":94,"infinitespire:Lucky Rock":146,"Odd Mushroom":111,"hubris:Towel":129,"Replay:Arrowhead":0,"White Beast Statue":107,"infinitespire:WardingShard":139,"infinitespire:Satchel":21,"Bottled Lightning":37,"hubris:AncientText":76}],"Ring of the Snake":[86]},"card_choices":[{"not_picked":["Slice","Dagger Throw"],"picked":"PiercingWail","floor":1.0},{"not_picked":["Draining Mist","Slice"],"picked":"Cloak And Dagger","floor":6.0},{"not_picked":["Slice","hubris:SlightOfHand"],"picked":"Flechettes","floor":8.0},{"not_picked":["Fluid Movement","PiercingWail"],"picked":"Crippling Poison","floor":12.0},{"not_picked":["Night Terror","All Out Attack"],"picked":"Flying Knee","floor":13.0},{"not_picked":["Heel Hook","Hidden Blade"],"picked":"Infinite Blades","floor":14.0},{"not_picked":["Flying Knee","Outmaneuver"],"picked":"Poisoned Stab+1","floor":18.0},{"not_picked":["Tools of the Trade","Well Laid Plans"],"picked":"Draining Mist","floor":22.0},{"not_picked":["Backstab","Quick Slash"],"picked":"Caltrops","floor":23.0},{"not_picked":["Backstab","Dodge and Roll"],"picked":"Poisoned Stab","floor":25.0},{"not_picked":["ReplayTheSpireMod:The Works","PiercingWail"],"picked":"Dagger Throw+1","floor":29},{"not_picked":["hubris:TrickCloak+1","Backflip","ReplayTheSpireMod:Speed Training"],"picked":"SKIP","floor":30},{"not_picked":["Flying Knee+1","Tactician"],"picked":"Poisoned Stab+1","floor":31},{"not_picked":["Night Terror","ReplayTheSpireMod:Necrosis"],"picked":"Envenom","floor":33},{"not_picked":["Acrobatics","PiercingWail"],"picked":"Footwork","floor":35},{"not_picked":["infinitespire:Fortify","ReplayTheSpireMod:Black Plague"],"picked":"infinitespire:Collect","floor":37},{"not_picked":["Underhanded Strike+1","Outmaneuver"],"picked":"Dagger Spray+1","floor":38},{"not_picked":["hubris:SlightOfHand+1","Acrobatics"],"picked":"Flying Knee+1","floor":40},{"not_picked":["Deadly Poison","hubris:TrickCloak"],"picked":"Poisoned Stab+1","floor":41},{"not_picked":["hubris:SlightOfHand","Dagger Throw+1"],"picked":"Sucker Punch+1","floor":45},{"not_picked":["Bane+1","Sucker Punch+1"],"picked":"Blade Dance+1","floor":46},{"not_picked":["hubris:TrickCloak","Heel Hook+1"],"picked":"Accuracy","floor":48},{"not_picked":["Slice+1","ReplayTheSpireMod:Necrosis"],"picked":"Blade Dance","floor":54}],"player_experience":1034137,"relics_obtained":[{"floor":6.0,"key":"Pen Nib"},{"floor":8.0,"key":"Kunai"},{"floor":9.0,"key":"Gremlin Food"},{"floor":10.0,"key":"White Beast Statue"},{"floor":12.0,"key":"Odd Mushroom"},{"floor":13.0,"key":"Onion Ring"},{"floor":21.0,"key":"Replay:Arrowhead"},{"floor":23.0,"key":"infinitespire:WardingShard"},{"floor":25.0,"key":"infinitespire:Lucky Rock"},{"floor":26.0,"key":"Molten Egg 2"},{"floor":29,"key":"PreservedInsect"},{"floor":31,"key":"hubris:TinFlute"},{"floor":40,"key":"MealTicket"},{"floor":43,"key":"Tough Bandages"},{"floor":46,"key":"infinitespire:Beetle Shell"},{"floor":54,"key":"Mummified Hand"}],"event_choices":[{"damage_healed":0.0,"max_hp_gain":0.0,"max_hp_loss":0.0,"gold_gain":0.0,"event_name":"Golden Idol","player_choice":"Take Wound","floor":3.0,"gold_loss":0.0,"damage_taken":0.0,"relics_obtained":["Golden Idol"],"cards_obtained":["Injury"]},{"damage_healed":0.0,"max_hp_gain":0.0,"max_hp_loss":0.0,"gold_gain":0.0,"event_name":"Mushrooms","player_choice":"Fought Mushrooms","floor":12.0,"gold_loss":0.0,"damage_taken":0.0},{"damage_healed":0.0,"max_hp_gain":0.0,"max_hp_loss":0.0,"gold_gain":0.0,"event_name":"Back to Basics","player_choice":"Simplicity","floor":20.0,"gold_loss":0.0,"damage_taken":0.0,"cards_upgraded":["Strike_G","Strike_G","Strike_G","Strike_G","Defend_G","Defend_G","Defend_G","Defend_G","Defend_G"]},{"damage_healed":0,"gold_gain":0,"player_choice":"Copied","damage_taken":0,"max_hp_gain":0,"max_hp_loss":0,"event_name":"Duplicator","floor":39,"gold_loss":0,"cards_obtained":["Infinite Blades"]}],"is_beta":false,"boss_relics":[{"not_picked":["Empty Cage","ChewingGum"],"picked":"hubris:HollowSoul"},{"not_picked":["hubris:Stopwatch","Runic Dome"],"picked":"Cursed Key"}],"items_purged_floors":[0,5,47],"is_endless":false,"potions_floor_spawned":[1,12,13,14,16,18,22,23,25,29,30,31,33,35,38,40,41,45,46,48,54],"ascension_level":17}}