{"host":"15dd7v8o90xso62x","time":1609507897,"event":{"mods":["BaseMod","Minty Spire (QoL Compilation)","Quick Restart","StSLib","SuperFastMode"],"gold_per_floor":[118,118,135,210,229,229,262,280,280,280,312,331,350,377,377,377,377],"floor_reached":16,"playtime":529,"items_purged":[],"score":294,"play_id":"cfd88b6d-3ed8-49fc-9f1b-dabb6b7a06e8","local_time":"20210101223137","is_ascension_mode":true,"campfire_choices":[{"data":"Scrawl","floor":6,"key":"SMITH"},{"floor":10,"key":"REST"},{"data":"CutThroughFate","floor":15,"key":"SMITH"}],"circlet_count":0,"master_deck":["AscendersBane","Strike_P+1","Strike_P","Strike_P","Strike_P","Defend_P","Defend_P","Defend_P+1","Defend_P","Eruption+1","Vigilance","Establishment+1","Vengeance+1","CutThroughFate+1","Scrawl+1","LessonLearned","BowlingBash","ClearTheMind+1","Protect+1","Tantrum","Crescendo+1"],"relics":["PureWater","MealTicket","Oddly Smooth Stone","Toxic Egg 2","Pear"],"acts_visited":["Exordium"],"potions_floor_usage":[7,8],"damage_taken":[{"damage":2.0,"enemies":"Cultist","floor":1.0,"turns":3.0},{"damage":4.0,"enemies":"Jaw Worm","floor":3.0,"turns":2.0},{"damage":2,"enemies":"2 Louse","floor":5,"turns":2},{"damage":0,"enemies":"Gremlin Nob","floor":7,"turns":2},{"damage":14,"enemies":"2 Fungi Beasts","floor":8,"turns":3},{"damage":25,"enemies":"Lagavulin","floor":11,"turns":6},{"damage":1,"enemies":"Blue Slaver","floor":12,"turns":2},{"damage":5,"enemies":"Looter","floor":13,"turns":3},{"damage":4,"enemies":"3 Sentries","floor":14,"turns":5},{"damage":10,"enemies":"Hexaghost","floor":16,"turns":5}],"seed_played":"-2662611572066161162","potions_obtained":[{"floor":3,"key":"Strength Potion"},{"floor":5,"key":"BlessingOfTheForge"},{"floor":7,"key":"Weak Potion"},{"floor":13,"key":"FairyPotion"}],"is_trial":false,"path_per_floor":["M","?","M","?","M","R","E","M","T","R","E","M","M","E","R","B"],"character_chosen":"WATCHER","items_purchased":[],"campfire_rested":1,"item_purchase_floors":[],"current_hp_per_floor":[59,59,55,44,42,42,42,28,28,48,23,22,17,23,23,13,13],"gold":377,"neow_bonus":"ONE_RANDOM_RARE_CARD","is_daily":false,"chose_seed":false,"campfire_upgraded":2,"win_rate":0.0,"timestamp":1609507897,"path_taken":["M","?","M","?","M","R","E","M","T","R","E","M","M","E","R","BOSS"],"items_purchased_type":[],"build_version":"2020-12-22","purchased_purges":0,"victory":false,"max_hp_per_floor":[68,68,68,68,68,68,68,68,68,68,68,68,68,78,78,78,78],"card_choices":[{"not_picked":["FollowUp","Prostrate"],"picked":"Vengeance","floor":1.0},{"not_picked":["EmptyFist","FollowUp"],"picked":"CutThroughFate","floor":3},{"not_picked":["Study","SashWhip"],"picked":"Scrawl","floor":5},{"not_picked":["Vengeance","Wallop"],"picked":"LessonLearned","floor":7},{"not_picked":["FollowUp","Nirvana"],"picked":"BowlingBash","floor":8},{"not_picked":["SandsOfTime","Indignation+1"],"picked":"ClearTheMind+1","floor":11},{"not_picked":["JustLucky","Prostrate+1"],"picked":"Protect+1","floor":12},{"not_picked":["SashWhip","ThirdEye+1"],"picked":"Tantrum","floor":13},{"not_picked":["Weave","Swivel+1"],"picked":"Crescendo+1","floor":14}],"player_experience":984322,"relics_obtained":[{"floor":7,"key":"MealTicket"},{"floor":9,"key":"Oddly Smooth Stone"},{"floor":11,"key":"Toxic Egg 2"},{"floor":14,"key":"Pear"}],"event_choices":[{"damage_healed":0.0,"max_hp_gain":0.0,"max_hp_loss":0.0,"gold_gain":0.0,"event_name":"Living Wall","player_choice":"Grow","floor":2.0,"gold_loss":0.0,"damage_taken":0.0,"cards_upgraded":["Eruption"]},{"damage_healed":0,"gold_gain":75,"player_choice":"Gather Gold","damage_taken":11,"max_hp_gain":0,"max_hp_loss":0,"event_name":"World of Goop","floor":4,"gold_loss":0}],"is_beta":false,"boss_relics":[],"items_purged_floors":[],"is_endless":false,"potions_floor_spawned":[3,5,7,13],"killed_by":"Hexaghost","ascension_level":20}}