{"host":"ixqzyafodex1tsi5","time":1609473149,"event":{"mods":["ATMod(°¢èªMod)","AchievementEnabler","Act Like it!","BaseMod","Gensokyo","GifTheSpireLib","Lobotomy","LobotomyExtend","Minty Spire (QoL Compilation)","Relic Stats","Replay The Spire","RumiaBox-Â¶Ã×æ«µÄÉñÃØºÐ×Ó","Spicy Shops","StSLib","The Cursed","[IsaacMod]ÒÔÈö¼âËþ","¡¾¹¦ÄÜMod¡¿»ìãçÖ®»·ÐÞ¸´²¹¶¡","¡¾ÒÅÎï¿¨ÅÆ¡¿REMEMod"],"gold_per_floor":[110,385,397,491,511,542,553,582,582,601,117,133,159,159,159,263,263,282,295,295,0,58,58,129,129,154,184,184,184,59,70,70,220,220,232,0,121,163,163,177,177,208,233,262,299,299,359,75,75,75,75,75,75,0,34,34],"floor_reached":57,"playtime":3127,"items_purged":["Regret","Looming Evil","Funeral","PathToVictory","ReplayTheSpireMod:Splinters"],"score":1587,"play_id":"17f8e65e-d5c2-4d72-be5d-1a473ed6de54","local_time":"20210101115229","is_ascension_mode":true,"campfire_choices":[{"data":"Defend_P","floor":15,"key":"PURGE"},{"data":"Scrawl","floor":23,"key":"SMITH"},{"floor":32,"key":"REST"},{"floor":41,"key":"RECALL"},{"data":"ReplayTheSpireMod:Private Reserves","floor":49,"key":"SMITH"},{"data":"AT_ChampionStep","floor":53,"key":"SMITH"}],"circlet_count":0,"master_deck":["LongBird","BigBird","Eruption","Vigilance","AT_FocusSwordFire","Gensokyo:Dawn","Replay:Vibes","Tantrum","FlurryOfBlows","Consecrate","QueenBee","Prostrate","Scrawl+1","Worship","Replay:Cycle","Replay:DivineShield","Replay:DivineShield","AT_ChampionStep+1","BlueStar","MHz","FlurryOfBlows+1","RedShoes","Omniscience","ForeignInfluence","ReplayTheSpireMod:Private Reserves+1","NothingThere"],"relics":["PureWater","REME_ComplimentaryCards","HushsDoor","AT_ATBox","SatanicBible","CogitoBucket","RabbitCall","LetterFromLob","MaYiHuaBei","Snack Pack","LuminousBracelet","Vajra","Pantograph","TheBean","Gaze_r","Pandora\u0027s Box","SolemnVow_r","ReplayTheSpireMod:Ring of Exchange","ReplayTheSpireMod:Ring of Challenge","PreservedInsect","AT_DeathDance","SkinProphecy","DeadEye","Replay:Mystery Machine","Lamp_r","MagicDraw4","Nilry\u0027s Codex","Coffee Dripper","ChangeAnything","Coffee Dripper","Dead Branch","AT_EbonyIvory","DoctorsRemote","ReplayTheSpireMod:Shallot","Justitia_r","Thread and Needle","Membership Card","Juzu Bracelet","SecretRecord","HolyWater"],"acts_visited":["Exordium","TheCity","TheBeyond","TheEnding"],"potions_floor_usage":[14,38,50,50],"damage_taken":[{"damage":0.0,"enemies":"Small Slimes","floor":1.0,"turns":1.0},{"damage":0.0,"enemies":"Cultist","floor":3.0,"turns":2.0},{"damage":0.0,"enemies":"2 Louse","floor":5.0,"turns":1.0},{"damage":18.0,"enemies":"Replay:BlueRogue","floor":6.0,"turns":3.0},{"damage":6.0,"enemies":"Gremlin Gang","floor":7.0,"turns":3.0},{"damage":16.0,"enemies":"3 Sentries","floor":8.0,"turns":3.0},{"damage":0.0,"enemies":"Exordium Thugs","floor":10.0,"turns":2.0},{"damage":0,"enemies":"Lots of Slimes","floor":12,"turns":1},{"damage":0,"enemies":"Lots of Slimes","floor":14,"turns":1},{"damage":0,"enemies":"Slime Boss","floor":16,"turns":3},{"damage":0,"enemies":"3 Byrds","floor":18,"turns":2},{"damage":0,"enemies":"2 Thieves","floor":19,"turns":1},{"damage":10,"enemies":"Centurion and Healer","floor":22,"turns":3},{"damage":7,"enemies":"Book of Stabbing","floor":24,"turns":2},{"damage":35,"enemies":"Gremlin Leader","floor":27,"turns":4},{"damage":0,"enemies":"Snake Plant","floor":31,"turns":1},{"damage":33,"enemies":"Collector","floor":33,"turns":4},{"damage":22,"enemies":"3 Shapes","floor":35,"turns":2},{"damage":61,"enemies":"2 Orb Walkers","floor":37,"turns":4},{"damage":0,"enemies":"Orb Walker","floor":38,"turns":2},{"damage":0,"enemies":"Maw","floor":40,"turns":2},{"damage":5,"enemies":"Giant Head","floor":42,"turns":2},{"damage":7,"enemies":"R_Hoarder","floor":44,"turns":2},{"damage":0,"enemies":"Spire Growth","floor":47,"turns":1},{"damage":22,"enemies":"FixerMidnight","floor":50,"turns":1},{"damage":0,"enemies":"Shield and Spear","floor":55,"turns":1},{"damage":73,"enemies":"LittleHush","floor":56,"turns":4}],"seed_played":"6168532649150546471","potions_obtained":[{"floor":6.0,"key":"Swift Potion"},{"floor":7.0,"key":"LiquidMemories"},{"floor":8.0,"key":"Weak Potion"},{"floor":10.0,"key":"SmokeBomb"},{"floor":18,"key":"SteroidPotion"},{"floor":22,"key":"Dexterity Potion"},{"floor":35,"key":"BottledMiracle"},{"floor":37,"key":"REME_GoldPotion"},{"floor":42,"key":"PowerPotion"},{"floor":47,"key":"Ambrosia"}],"is_trial":false,"path_per_floor":["M","?","M","?","M","E","M","E","T","M","$","M","T","?","R","B",null,"M","M","?","$","M","R","E","?","T","E","?","?","$","M","R","B",null,"M","$","?","M","?","M","R","E","T","E","?","?","M","$","R","B",null,null,"R","$","E","B",null],"character_chosen":"WATCHER","items_purchased":["Vajra","Pantograph","AT_ChampionStep","PreservedInsect","AT_DeathDance","Diplopia","Membership Card","Juzu Bracelet","SecretRecord","HolyWater"],"campfire_rested":1,"item_purchase_floors":[11,11,17,21,21,36,48,48,54,54],"current_hp_per_floor":[72,72,72,57,57,39,33,18,18,38,38,38,38,87,87,87,84,84,84,84,84,76,76,68,68,68,41,25,25,25,23,50,46,92,68,68,16,14,26,28,28,23,23,23,23,23,25,25,25,109,109,110,110,110,112,60],"gold":34,"neow_bonus":"","is_daily":false,"chose_seed":false,"campfire_upgraded":3,"win_rate":0.0,"timestamp":1609473149,"path_taken":["M","?","?","?","M","E","?","E","T","M","?","M","?","?","R","BOSS","M","M","?","$","M","R","E","?","T","E","?","?","$","M","R","BOSS","M","$","?","M","?","M","R","E","T","E","?","?","M","$","R","BOSS","R","$","E","BOSS"],"items_purchased_type":["Relic","Relic","Card","Relic","Relic","Relic","Relic","Relic","Relic","Relic"],"build_version":"2020-12-22","purchased_purges":5,"victory":true,"max_hp_per_floor":[72,72,72,72,72,72,72,72,72,87,87,87,87,87,87,87,84,84,84,84,84,84,84,86,86,86,88,88,88,88,90,90,92,92,96,96,98,100,100,102,102,104,104,106,106,106,108,108,108,110,110,110,110,110,112,114],"relic_stats":{"counters":[30,61],"Pantograph":56,"Dead Branch":[74],"Pandora\u0027s Box":["Worship","Replay:Cycle","Replay:AtTheReady","PathToVictory","Replay:DivineShield","Replay:Vibes","Replay:DivineShield"],"PreservedInsect":357,"Juzu Bracelet":0,"obtain_stats":[{"MaYiHuaBei":8,"RabbitCall":0,"ReplayTheSpireMod:Ring of Exchange":20,"AT_ATBox":0,"SolemnVow_r":18,"Nilry\u0027s Codex":28,"LuminousBracelet":10,"Vajra":11,"SecretRecord":54,"Juzu Bracelet":48,"DeadEye":24,"SkinProphecy":22,"Replay:Mystery Machine":26,"MagicDraw4":27,"SatanicBible":0,"Lamp_r":27,"CogitoBucket":0,"TheBean":13,"Pantograph":11,"Diplopia":36,"KeepersGift":0,"DoctorsRemote":44,"Dead Branch":37,"Thread and Needle":47,"PreservedInsect":21,"AT_EbonyIvory":42,"Gaze_r":14,"ReplayTheSpireMod:Shallot":45,"HolyWater":54,"Pandora\u0027s Box":17,"LetterFromLob":1,"Snack Pack":9,"Coffee Dripper":34,"Membership Card":48,"PureWater":0,"ReplayTheSpireMod:Ring of Challenge":20,"AT_DeathDance":21,"ChangeAnything":35,"HushsDoor":0,"Justitia_r":47,"REME_ComplimentaryCards":0},{"MaYiHuaBei":6,"RabbitCall":0,"ReplayTheSpireMod:Ring of Exchange":13,"AT_ATBox":0,"SolemnVow_r":12,"Nilry\u0027s Codex":17,"LuminousBracelet":8,"Vajra":8,"SecretRecord":28,"Juzu Bracelet":27,"DeadEye":16,"SkinProphecy":15,"Replay:Mystery Machine":16,"MagicDraw4":17,"SatanicBible":0,"Lamp_r":17,"CogitoBucket":0,"TheBean":9,"Pantograph":8,"Diplopia":21,"KeepersGift":0,"DoctorsRemote":26,"Dead Branch":22,"Thread and Needle":27,"PreservedInsect":13,"AT_EbonyIvory":25,"Gaze_r":10,"ReplayTheSpireMod:Shallot":26,"HolyWater":28,"Pandora\u0027s Box":11,"LetterFromLob":1,"Snack Pack":6,"Coffee Dripper":19,"Membership Card":27,"PureWater":0,"ReplayTheSpireMod:Ring of Challenge":13,"AT_DeathDance":13,"ChangeAnything":21,"HushsDoor":0,"Justitia_r":27,"REME_ComplimentaryCards":0},{"MaYiHuaBei":13,"RabbitCall":0,"ReplayTheSpireMod:Ring of Exchange":24,"AT_ATBox":0,"SolemnVow_r":23,"Nilry\u0027s Codex":34,"LuminousBracelet":16,"Vajra":16,"SecretRecord":56,"Juzu Bracelet":55,"DeadEye":30,"SkinProphecy":28,"Replay:Mystery Machine":30,"MagicDraw4":34,"SatanicBible":0,"Lamp_r":33,"CogitoBucket":0,"TheBean":17,"Pantograph":16,"Diplopia":42,"KeepersGift":0,"DoctorsRemote":54,"Dead Branch":46,"Thread and Needle":55,"PreservedInsect":24,"AT_EbonyIvory":52,"Gaze_r":18,"ReplayTheSpireMod:Shallot":54,"HolyWater":56,"Pandora\u0027s Box":21,"LetterFromLob":1,"Snack Pack":13,"Coffee Dripper":39,"Membership Card":55,"PureWater":0,"ReplayTheSpireMod:Ring of Challenge":24,"AT_DeathDance":24,"ChangeAnything":42,"HushsDoor":0,"Justitia_r":55,"REME_ComplimentaryCards":0}]},"card_choices":[{"not_picked":["Replay:ManipulateFuture","ReachHeaven"],"picked":"Replay:Vibes","floor":1.0},{"not_picked":["UniverseFragment","OldLady","ShyLook"],"picked":"Singing Bowl","floor":1.0},{"not_picked":["VoidDream","Scorched","Bloodbath"],"picked":"Singing Bowl","floor":3.0},{"not_picked":["FlyingSleeves","PathToVictory","Replay:AtTheReady"],"picked":"SKIP","floor":3.0},{"not_picked":["FairyFestival","Scorched","BeautyBeast"],"picked":"Singing Bowl","floor":5.0},{"not_picked":["AT_ChampionKick","Weave"],"picked":"Tantrum","floor":5.0},{"not_picked":["PunishingBird","ShyLook","FairyFestival"],"picked":"Singing Bowl","floor":6.0},{"not_picked":["SashWhip","Vengeance"],"picked":"FlurryOfBlows","floor":6.0},{"not_picked":["Wellcheers","PunishingBird","CrumblingArmor"],"picked":"Singing Bowl","floor":7.0},{"not_picked":["Scarecrow","WallGazer"],"picked":"Funeral","floor":7.0},{"not_picked":["Alpha","EmptyBody"],"picked":"Consecrate","floor":7.0},{"not_picked":["LongBird","Murderer","UniverseFragment"],"picked":"Singing Bowl","floor":8.0},{"not_picked":["VoidDream","MHz"],"picked":"QueenBee","floor":8.0},{"not_picked":["AT_DivineConfetti","EmptyMind"],"picked":"Prostrate","floor":8.0},{"not_picked":["BeautyBeast","WhitesApple","OldLady"],"picked":"Singing Bowl","floor":10.0},{"not_picked":["LongBird","HeroicMonk"],"picked":"RedShoes","floor":10.0},{"not_picked":["Consecrate","SashWhip"],"picked":"Scrawl","floor":10.0},{"not_picked":["BigBadWolf","MHz","WallGazer"],"picked":"Singing Bowl","floor":12},{"not_picked":["REME_Repentance","ClearTheMind","Prostrate"],"picked":"SKIP","floor":12},{"not_picked":["Variant","HappyTeddy","OSAHOGD"],"picked":"Singing Bowl","floor":16},{"not_picked":["Judgement","Brilliance"],"picked":"AT_IrregularMenstruation","floor":16},{"not_picked":["MeatLantern","CENSORED"],"picked":"BlueStar","floor":18},{"not_picked":["AT_OneInchPunch","FollowUp+1","PathToVictory"],"picked":"SKIP","floor":18},{"not_picked":["Bloodbath","ShyLook"],"picked":"MHz","floor":19},{"not_picked":["JustLucky","REME_Repentance","Scrawl"],"picked":"SKIP","floor":19},{"not_picked":["GalaxyChild","VoidDream","LittleHelper"],"picked":"Singing Bowl","floor":22},{"not_picked":["Nirvana","Tantrum","SignatureMove"],"picked":"SKIP","floor":22},{"not_picked":["Rudolta","GreedKing","SpiderBud"],"picked":"Singing Bowl","floor":24},{"not_picked":["Mercenary","BigBadWolf"],"picked":"BigBird","floor":24},{"not_picked":["EmptyFist+1","REME_Repentance+1","Consecrate+1"],"picked":"SKIP","floor":24},{"not_picked":["Wellcheers","UniverseFragment","MeltingLove"],"picked":"Singing Bowl","floor":27},{"not_picked":["Meditate","AT_RealFormLess","Swivel"],"picked":"SKIP","floor":27},{"not_picked":["CherryBlossoms","Wellcheers","ShyLook"],"picked":"Singing Bowl","floor":31},{"not_picked":["Study","Consecrate","ClearTheMind+1"],"picked":"SKIP","floor":31},{"not_picked":["HappyTeddy","Scorched","MeatLantern"],"picked":"Singing Bowl","floor":33},{"not_picked":["OSAHOGD","Alriune","Variant"],"picked":"Singing Bowl","floor":35},{"not_picked":["FollowUp","ThirdEye","PathToVictory+1"],"picked":"SKIP","floor":35},{"not_picked":["Variant","Porccubus","LittlePrince"],"picked":"Singing Bowl","floor":37},{"not_picked":["OSAHOGD","Freischutz","CherryBlossoms"],"picked":"Singing Bowl","floor":38},{"not_picked":["Vault","Pray+1"],"picked":"FlurryOfBlows+1","floor":38},{"not_picked":["HappyTeddy","Porccubus"],"picked":"RedShoes","floor":40},{"not_picked":["Replay:Anticipation","Replay:ManipulateFuture","FlurryOfBlows"],"picked":"SKIP","floor":40},{"not_picked":["WhiteNight","Bloodbath","Freischutz"],"picked":"Singing Bowl","floor":42},{"not_picked":["VoidDream","DespairKnight"],"picked":"LongBird","floor":42},{"not_picked":["Replay:Vibes","Swivel+1"],"picked":"Omniscience","floor":42},{"not_picked":["Mercenary","DespairKnight","Porccubus"],"picked":"Singing Bowl","floor":44},{"not_picked":["Adaptation","AT_RealFormLess","Replay:Vibes+1"],"picked":"SKIP","floor":44},{"not_picked":["Prostrate+1","BowlingBash"],"picked":"ForeignInfluence","floor":45},{"not_picked":["Trip","Purity"],"picked":"ReplayTheSpireMod:Private Reserves","floor":46},{"not_picked":["OSAHOGD","FieryBird","WhitesApple"],"picked":"Singing Bowl","floor":47},{"not_picked":["UniverseFragment","BigBadWolf"],"picked":"NothingThere","floor":47},{"not_picked":["Evaluate","Replay:ManipulateFuture+1","Pray"],"picked":"SKIP","floor":47},{"not_picked":["Rudolta","DespairKnight","BigBadWolf"],"picked":"Singing Bowl","floor":55},{"not_picked":["Halt","ReachHeaven+1","REME_Repentance"],"picked":"SKIP","floor":55}],"player_experience":174735,"relics_obtained":[{"floor":1.0,"key":"LetterFromLob"},{"floor":8.0,"key":"MaYiHuaBei"},{"floor":9.0,"key":"Snack Pack"},{"floor":13,"key":"TheBean"},{"floor":20,"key":"ReplayTheSpireMod:Ring of Exchange"},{"floor":20,"key":"ReplayTheSpireMod:Ring of Challenge"},{"floor":24,"key":"DeadEye"},{"floor":26,"key":"Replay:Mystery Machine"},{"floor":27,"key":"MagicDraw4"},{"floor":28,"key":"Nilry\u0027s Codex"},{"floor":37,"key":"Dead Branch"},{"floor":42,"key":"AT_EbonyIvory"},{"floor":44,"key":"DoctorsRemote"},{"floor":45,"key":"ReplayTheSpireMod:Shallot"},{"floor":47,"key":"Thread and Needle"}],"event_choices":[{"damage_healed":0.0,"max_hp_gain":0.0,"max_hp_loss":0.0,"gold_gain":275.0,"event_name":"Golden Shrine","player_choice":"Desecrate","floor":2.0,"gold_loss":0.0,"damage_taken":0.0,"cards_obtained":["Regret"]},{"damage_healed":0,"gold_gain":0,"player_choice":"Ignored","damage_taken":0,"max_hp_gain":0,"max_hp_loss":0,"event_name":"Vampires","floor":25,"gold_loss":0},{"damage_healed":0,"gold_gain":0,"player_choice":"Obtained Book","damage_taken":16,"max_hp_gain":0,"max_hp_loss":0,"event_name":"Cursed Tome","floor":28,"gold_loss":0},{"damage_healed":0,"gold_gain":0,"player_choice":"Fight","damage_taken":0,"max_hp_gain":0,"max_hp_loss":0,"event_name":"Mysterious Sphere","floor":37,"gold_loss":0},{"damage_healed":0,"gold_gain":0,"player_choice":"Memory 1","damage_taken":0,"max_hp_gain":0,"max_hp_loss":0,"event_name":"SensoryStone","floor":46,"gold_loss":0}],"is_beta":false,"boss_relics":[{"not_picked":["REME_DuelDisc","SacredBark"],"picked":"Pandora\u0027s Box"},{"not_picked":[]},{"not_picked":["Kintsugi","Replay:Drink Me"],"picked":"Coffee Dripper"},{"not_picked":[]}],"items_purged_floors":[11,21,30,36,48],"is_endless":false,"potions_floor_spawned":[6,7,8,10,14,18,22,33,35,37,42,47],"ascension_level":1}}