{"host":"newqdrzxfhh2im9e","time":1609525984,"event":{"mods":["AchievementEnabler","BaseMod","BetterRewards","Block Reminder","Colored Map","Jorbs\u0027s Wanderer Trilogy","Minty Spire (QoL Compilation)","Rare Cards Sparkle","Shop Mod","StSLib"],"gold_per_floor":[112,129,143,158,174,174,174,174,174,207,34,65,85,260,260,260,260],"floor_reached":16,"playtime":511,"items_purged":[],"score":140,"play_id":"c0ed2395-1b31-4581-98d2-9535ebceadd3","local_time":"20210101103304","is_ascension_mode":true,"campfire_choices":[{"data":"Sweeping Beam","floor":6,"key":"SMITH"},{"data":"Darkness","floor":8,"key":"SMITH"},{"floor":15,"key":"REST"}],"circlet_count":0,"master_deck":["Strike_B","Strike_B","Strike_B","Defend_B","Defend_B","Defend_B","Defend_B","Zap","Dualcast","Reinforced Body","Sweeping Beam+1","Ball Lightning","Amplify","Darkness+1","White Noise","Self Repair","Rip and Tear","FTL","Loop","Seek","Doubt"],"relics":["Cracked Core","NeowsBlessing","Boot","Centennial Puzzle","Blue Candle"],"acts_visited":["Exordium"],"potions_floor_usage":[4,10,13],"damage_taken":[{"damage":0,"enemies":"2 Louse","floor":1,"turns":1},{"damage":0,"enemies":"Cultist","floor":2,"turns":1},{"damage":0,"enemies":"Jaw Worm","floor":3,"turns":1},{"damage":8,"enemies":"Large Slime","floor":4,"turns":4},{"damage":20,"enemies":"Lots of Slimes","floor":5,"turns":3},{"damage":31,"enemies":"3 Sentries","floor":10,"turns":6},{"damage":24,"enemies":"Gremlin Nob","floor":12,"turns":4},{"damage":13,"enemies":"Exordium Wildlife","floor":13,"turns":2},{"damage":33,"enemies":"The Guardian","floor":16,"turns":8}],"seed_played":"2088566954576917468","potions_obtained":[{"floor":1,"key":"Energy Potion"},{"floor":3,"key":"Regen Potion"},{"floor":12,"key":"Strength Potion"}],"is_trial":false,"path_per_floor":["M","M","M","M","M","R","?","R","T","E","$","E","M","?","R","B"],"character_chosen":"DEFECT","items_purchased":["Self Repair","Rip and Tear","FTL"],"campfire_rested":1,"item_purchase_floors":[11,11,11],"current_hp_per_floor":[75,75,75,67,47,47,47,47,47,31,31,14,8,8,30,0,0],"gold":260,"neow_bonus":"THREE_ENEMY_KILL","is_daily":false,"chose_seed":false,"campfire_upgraded":2,"win_rate":0.0,"timestamp":1609525984,"path_taken":["M","M","M","M","M","R","?","R","T","E","$","E","?","?","R","BOSS"],"items_purchased_type":["Card","Card","Card"],"build_version":"2020-12-22","purchased_purges":0,"victory":false,"max_hp_per_floor":[75,75,75,75,75,75,75,75,75,75,75,75,75,75,75,75,75],"card_choices":[{"not_picked":["Steam Power","Go for the Eyes"],"picked":"Reinforced Body","floor":1},{"not_picked":["Compile Driver","Rebound"],"picked":"Sweeping Beam","floor":2},{"not_picked":["Compile Driver","Conserve Battery"],"picked":"Ball Lightning","floor":3},{"not_picked":["Compile Driver","Sweeping Beam"],"picked":"Amplify","floor":4},{"not_picked":["Sweeping Beam","Fusion"],"picked":"Darkness","floor":5},{"not_picked":["FTL","Leap"],"picked":"White Noise","floor":10},{"not_picked":["Darkness","Hello World"],"picked":"Loop","floor":12},{"not_picked":["Rebound","Ball Lightning"],"picked":"Seek","floor":13}],"player_experience":667125,"relics_obtained":[{"floor":9,"key":"Boot"},{"floor":10,"key":"Centennial Puzzle"},{"floor":12,"key":"Blue Candle"}],"event_choices":[{"cards_removed":["Strike_B"],"damage_healed":0,"gold_gain":0,"player_choice":"Card Removal","damage_taken":0,"max_hp_gain":0,"max_hp_loss":0,"event_name":"Wheel of Change","floor":7,"gold_loss":0},{"damage_healed":0,"gold_gain":175,"player_choice":"AGREE","damage_taken":0,"max_hp_gain":0,"max_hp_loss":0,"event_name":"Liars Game","floor":14,"gold_loss":0,"cards_obtained":["Doubt"]}],"is_beta":false,"boss_relics":[],"items_purged_floors":[],"is_endless":false,"potions_floor_spawned":[1,3,12],"killed_by":"The Guardian","ascension_level":5}}