{"host":"idx45ym6aaecjhxr","time":1609531890,"event":{"mods":["BaseMod","Colored Powertips","Lobotomy","Minty Spire (QoL Compilation)","RumiaBox-露米娅的神秘盒子","noobMod"],"gold_per_floor":[109,128,142,161,177,211,225,255,306,339,358,370,23,23,23,127,127,140,156,156,156,183,218,143,172,172,72,117,117,145,160,160,262,262,282,0,19,69,69,102,102,137,137,134,152,152,27,37,37,37],"floor_reached":51,"playtime":2348,"items_purged":["Normality","Shame","Parasite"],"score":1165,"play_id":"669bcfe4-5d00-4cd2-bfde-6f592326ff93","local_time":"20210102041130","is_ascension_mode":true,"campfire_choices":[{"floor":15,"key":"RECALL"},{"floor":32,"key":"REST"},{"data":"Enlightenment","floor":46,"key":"SMITH"},{"data":"Pommel Strike","floor":49,"key":"SMITH"}],"circlet_count":0,"master_deck":["Strike_R","Strike_R","Strike_R","Defend_R","Defend_R","Defend_R","Bash","BigBadWolf","Perfected Strike","OldLady","SnowQueen","Shrug It Off","SpiderBud","MeatLantern","Burning Pact","MeltingLove","Scorched","Dark Embrace","Iron Wave","Berserk","VoidDream","Heavy Blade+1","Injury","Heavy Blade","Porccubus","Enlightenment+1","Juggernaut","DespairKnight","Pommel Strike+1","Body Slam","Writhe","QueenOfHatred","Cleave","NakedNest","Fiend Fire","Pommel Strike+1","SingingMachine","SnowQueen","Funeral","CENSORED","Cleave+1","BlackSwan","LaLuna"],"relics":["Burning Blood","ice","CogitoBucket","AddBug","SecretRecord","SecretRecord","SecretRecord","SecretRecord","Baka2","SecretRecord","SecretRecord","SecretRecord"],"acts_visited":["Exordium","TheCity","TheBeyond"],"potions_floor_usage":[],"damage_taken":[{"damage":1,"enemies":"Cultist","floor":1,"turns":3},{"damage":0,"enemies":"2 Louse","floor":2,"turns":1},{"damage":12,"enemies":"Jaw Worm","floor":3,"turns":2},{"damage":0,"enemies":"Large Slime","floor":4,"turns":4},{"damage":16,"enemies":"Blue Slaver","floor":5,"turns":3},{"damage":30,"enemies":"3 Sentries","floor":6,"turns":4},{"damage":18,"enemies":"Looter","floor":7,"turns":2},{"damage":0,"enemies":"Lagavulin","floor":8,"turns":2},{"damage":10,"enemies":"3 Sentries","floor":10,"turns":2},{"damage":0,"enemies":"2 Fungi Beasts","floor":11,"turns":1},{"damage":0,"enemies":"3 Louse","floor":12,"turns":1},{"damage":60,"enemies":"Slime Boss","floor":16,"turns":4},{"damage":91,"enemies":"3 Byrds","floor":18,"turns":6},{"damage":35,"enemies":"Shell Parasite","floor":19,"turns":3},{"damage":21,"enemies":"Masked Bandits","floor":22,"turns":3},{"damage":0,"enemies":"Gremlin Leader","floor":23,"turns":4},{"damage":55,"enemies":"Book of Stabbing","floor":25,"turns":2},{"damage":12,"enemies":"Centurion and Healer","floor":28,"turns":6},{"damage":0,"enemies":"Slavers","floor":30,"turns":1},{"damage":0,"enemies":"Snecko","floor":31,"turns":2},{"damage":9,"enemies":"Champ","floor":33,"turns":3},{"damage":50,"enemies":"3 Shapes","floor":35,"turns":1},{"damage":80,"enemies":"Orb Walker","floor":37,"turns":3},{"damage":5,"enemies":"Mind Bloom Boss Battle","floor":38,"turns":3},{"damage":59,"enemies":"Nemesis","floor":40,"turns":3},{"damage":20,"enemies":"Reptomancer","floor":42,"turns":2},{"damage":15,"enemies":"Nemesis","floor":44,"turns":3},{"damage":0,"enemies":"3 Darklings","floor":45,"turns":2},{"damage":0,"enemies":"Spire Growth","floor":48,"turns":2},{"damage":33,"enemies":"Donu and Deca","floor":50,"turns":3}],"seed_played":"-7860283378719512343","potions_obtained":[{"floor":3,"key":"DistilledChaos"},{"floor":6,"key":"Strength Potion"},{"floor":10,"key":"FearPotion"}],"is_trial":false,"path_per_floor":["M","M","M","M","M","E","M","E","T","E","M","M","$","?","R","B",null,"M","M","?","?","?","E","$","E","T","$","M","?","E","M","R","B",null,"M","?","M","?","?","E","?","E","T","E","M","R","$","M","R","B",null],"character_chosen":"IRONCLAD","items_purchased":["Enlightenment","Eternal Feather"],"campfire_rested":1,"item_purchase_floors":[13,13],"current_hp_per_floor":[80,80,74,80,70,46,37,83,83,79,84,84,84,63,63,46,84,119,102,102,75,70,76,76,28,28,28,36,36,42,48,94,102,157,113,113,42,56,56,16,16,167,167,181,181,181,178,178,178,186],"gold":37,"neow_bonus":"","is_daily":false,"chose_seed":false,"campfire_upgraded":2,"win_rate":0.0,"timestamp":1609531890,"path_taken":["M","M","M","M","M","E","?","E","T","E","M","M","$","?","R","BOSS","M","M","?","?","?","E","$","E","T","?","M","?","E","M","R","BOSS","M","?","M","?","?","E","?","E","T","E","M","R","$","?","R","BOSS"],"items_purchased_type":["Card","Relic"],"build_version":"2020-12-22","purchased_purges":3,"victory":true,"max_hp_per_floor":[80,80,80,80,80,80,83,83,83,84,84,84,84,84,84,84,84,122,126,126,131,137,137,137,140,140,140,154,154,154,154,154,157,157,157,157,162,165,165,169,169,169,169,181,181,181,178,178,178,186],"card_choices":[{"not_picked":["WallGazer","Murderer","ShyLook"],"picked":"Singing Bowl","floor":1},{"not_picked":["CrumblingArmor","FairyFestival"],"picked":"BigBadWolf","floor":1},{"not_picked":["Second Wind","Rampage","Carnage"],"picked":"SKIP","floor":1},{"not_picked":["Headbutt","Body Slam"],"picked":"Perfected Strike","floor":2},{"not_picked":["Yin","WallGazer"],"picked":"OldLady","floor":2},{"not_picked":["BeautyBeast","PunishingBird"],"picked":"SnowQueen","floor":3},{"not_picked":["Rampage","Armaments","Intimidate"],"picked":"SKIP","floor":3},{"not_picked":["Rampage","Armaments","Intimidate"],"picked":"SKIP","floor":3},{"not_picked":["Iron Wave","True Grit"],"picked":"Shrug It Off","floor":4},{"not_picked":["Variant","CherryBlossoms"],"picked":"SpiderBud","floor":4},{"not_picked":["Perfected Strike","Clothesline"],"picked":"Pommel Strike","floor":5},{"not_picked":["FairyFestival","Woodsman","ShyLook"],"picked":"Singing Bowl","floor":5},{"not_picked":["Bloodbath","Murderer"],"picked":"MeatLantern","floor":5},{"not_picked":["Infernal Blade","Power Through"],"picked":"Burning Pact","floor":6},{"not_picked":["Wellcheers","HappyTeddy"],"picked":"MeltingLove","floor":6},{"not_picked":["Bloodbath","UniverseFragment","MHz"],"picked":"Singing Bowl","floor":7},{"not_picked":["QueenBee","UniverseFragment"],"picked":"Scorched","floor":7},{"not_picked":["Body Slam","Headbutt"],"picked":"Dark Embrace","floor":7},{"not_picked":["Havoc","Headbutt"],"picked":"Iron Wave","floor":8},{"not_picked":["Bloodbath","NakedNest"],"picked":"Laetitia","floor":8},{"not_picked":["Dropkick","Havoc"],"picked":"Berserk","floor":10},{"not_picked":["Alriune","Murderer","Rudolta"],"picked":"Singing Bowl","floor":10},{"not_picked":["Wellcheers","GalaxyChild"],"picked":"VoidDream","floor":10},{"not_picked":["Uppercut","Havoc"],"picked":"Heavy Blade","floor":11},{"not_picked":["CherryBlossoms","ShyLook","LittlePrince"],"picked":"Singing Bowl","floor":11},{"not_picked":["MHz","Alriune"],"picked":"NothingThere","floor":11},{"not_picked":["Bloodletting","Havoc"],"picked":"Heavy Blade","floor":12},{"not_picked":["Alriune","ShyLook","GreedKing"],"picked":"Singing Bowl","floor":12},{"not_picked":["UniverseFragment","WallGazer"],"picked":"Porccubus","floor":12},{"not_picked":["Bludgeon","Offering"],"picked":"Juggernaut","floor":16},{"not_picked":["WallGazer","OSAHOGD"],"picked":"DespairKnight","floor":16},{"not_picked":["True Grit","Rage"],"picked":"Pommel Strike","floor":18},{"not_picked":["ShyLook","LongBird","FairyFestival"],"picked":"Singing Bowl","floor":18},{"not_picked":["Bloodbath","Wellcheers"],"picked":"BlackArmy","floor":18},{"not_picked":["Havoc","Bloodletting"],"picked":"Body Slam","floor":19},{"not_picked":["Yin","OSAHOGD","Bloodbath"],"picked":"Singing Bowl","floor":19},{"not_picked":["Scarecrow","Yin","NakedNest"],"picked":"Singing Bowl","floor":22},{"not_picked":["Anger","Warcry"],"picked":"Thunderclap","floor":22},{"not_picked":["FairyFestival","Alriune","OSAHOGD"],"picked":"Singing Bowl","floor":23},{"not_picked":["Sentinel","Flame Barrier","Intimidate+1"],"picked":"SKIP","floor":23},{"not_picked":["ShyLook","BeautyBeast"],"picked":"BlackSwan","floor":25},{"not_picked":["Warcry","Ghostly Armor+1"],"picked":"Inflame+1","floor":25},{"not_picked":["NakedNest","CherryBlossoms"],"picked":"QueenOfHatred","floor":28},{"not_picked":["Iron Wave","Headbutt","Spot Weakness"],"picked":"SKIP","floor":28},{"not_picked":["Iron Wave","Headbutt","Spot Weakness"],"picked":"SKIP","floor":28},{"not_picked":["Clothesline+1","True Grit"],"picked":"Cleave","floor":30},{"not_picked":["Funeral","PunishingBird","Yin"],"picked":"Singing Bowl","floor":30},{"not_picked":["PunishingBird","LittlePrince","CherryBlossoms"],"picked":"Singing Bowl","floor":31},{"not_picked":["ShyLook","Scarecrow"],"picked":"NakedNest","floor":31},{"not_picked":["Battle Trance","Warcry+1","Clothesline+1"],"picked":"SKIP","floor":31},{"not_picked":["Corruption","Feed"],"picked":"Fiend Fire","floor":33},{"not_picked":["WhitesApple","Variant","HappyTeddy"],"picked":"Singing Bowl","floor":33},{"not_picked":["Wellcheers","Freischutz","OSAHOGD"],"picked":"Singing Bowl","floor":35},{"not_picked":["Clothesline","True Grit+1","Wild Strike+1"],"picked":"SKIP","floor":35},{"not_picked":["Shrug It Off+1","True Grit+1"],"picked":"Pommel Strike+1","floor":37},{"not_picked":["Murderer","MHz","Scarecrow"],"picked":"Singing Bowl","floor":37},{"not_picked":["Murderer","Yin","Bloodbath"],"picked":"Singing Bowl","floor":38},{"not_picked":["CherryBlossoms","RedShoes"],"picked":"SingingMachine","floor":38},{"not_picked":["BodiesMountain","PunishingBird","CrumblingArmor"],"picked":"Singing Bowl","floor":40},{"not_picked":["HappyTeddy","PunishingBird"],"picked":"Funeral","floor":40},{"not_picked":["Sever Soul+1","True Grit+1","Shrug It Off"],"picked":"SKIP","floor":40},{"not_picked":["FieryBird","HappyTeddy"],"picked":"CENSORED","floor":42},{"not_picked":["Anger","Corruption"],"picked":"Cleave+1","floor":42},{"not_picked":["Freischutz","Wellcheers"],"picked":"BlackSwan","floor":44},{"not_picked":["Power Through+1","Clothesline","Impervious"],"picked":"SKIP","floor":44},{"not_picked":["Rudolta","Yin","FairyFestival"],"picked":"Singing Bowl","floor":45},{"not_picked":["NothingThere","LittleHelper"],"picked":"LaLuna","floor":45},{"not_picked":["Uppercut+1","Searing Blow","Havoc"],"picked":"SKIP","floor":45},{"not_picked":["Uppercut+1","Searing Blow","Havoc"],"picked":"SKIP","floor":45},{"not_picked":["LittlePrince","Yin","RedShoes"],"picked":"Singing Bowl","floor":48},{"not_picked":["Shrug It Off+1","Second Wind+1","Sword Boomerang+1"],"picked":"SKIP","floor":48}],"player_experience":57608,"relics_obtained":[{"floor":1,"key":"AddBug"},{"floor":1,"key":"Baka"},{"floor":5,"key":"SecretRecord"},{"floor":6,"key":"Potion Belt"},{"floor":7,"key":"SecretRecord"},{"floor":8,"key":"Sundial"},{"floor":9,"key":"MealTicket"},{"floor":10,"key":"Strawberry"},{"floor":11,"key":"SecretRecord"},{"floor":12,"key":"Baka2"},{"floor":22,"key":"Red Mask"},{"floor":23,"key":"MawBank"},{"floor":25,"key":"Meat on the Bone"},{"floor":25,"key":"SecretRecord"},{"floor":26,"key":"GodSword4"},{"floor":28,"key":"AtMidnight"},{"floor":30,"key":"Oddly Smooth Stone"},{"floor":35,"key":"SecretRecord"},{"floor":38,"key":"Shovel"},{"floor":38,"key":"Pear"},{"floor":40,"key":"Centennial Puzzle"},{"floor":42,"key":"PreservedInsect"},{"floor":43,"key":"SumBook"},{"floor":44,"key":"MagicDraw3"},{"floor":48,"key":"SecretRecord"}],"event_choices":[{"damage_healed":0,"gold_gain":0,"player_choice":"Take Damage","damage_taken":21,"relics_obtained":["Golden Idol"],"max_hp_gain":0,"max_hp_loss":0,"event_name":"Golden Idol","floor":14,"gold_loss":0},{"damage_healed":0,"gold_gain":0,"player_choice":"Opened","damage_taken":0,"relics_obtained":["MagicDraw1"],"max_hp_gain":0,"max_hp_loss":0,"event_name":"The Mausoleum","floor":20,"gold_loss":0,"cards_obtained":["Writhe"]},{"damage_healed":0,"gold_gain":0,"player_choice":"Shed Blood","damage_taken":32,"max_hp_gain":5,"max_hp_loss":0,"event_name":"Forgotten Altar","floor":21,"gold_loss":0},{"damage_healed":0,"gold_gain":0,"player_choice":"Fought Bandits","damage_taken":0,"max_hp_gain":0,"max_hp_loss":0,"event_name":"Masked Bandits","floor":22,"gold_loss":0},{"damage_healed":0,"gold_gain":0,"player_choice":"Read","damage_taken":0,"max_hp_gain":0,"max_hp_loss":0,"event_name":"The Library","floor":29,"gold_loss":0,"cards_obtained":["Reaper"]},{"damage_healed":0,"gold_gain":0,"player_choice":"Paid","damage_taken":0,"relics_obtained":["Red Mask"],"max_hp_gain":0,"max_hp_loss":0,"event_name":"Tomb of Lord Red Mask","floor":36,"gold_loss":282},{"damage_healed":0,"gold_gain":0,"player_choice":"Fight","damage_taken":0,"max_hp_gain":0,"max_hp_loss":0,"event_name":"MindBloom","floor":38,"gold_loss":0},{"cards_removed":["Inflame"],"damage_healed":0,"gold_gain":0,"player_choice":"Removed Power","damage_taken":0,"max_hp_gain":0,"max_hp_loss":0,"event_name":"Falling","floor":39,"gold_loss":0},{"damage_healed":0,"gold_gain":0,"player_choice":"Upgraded","damage_taken":0,"max_hp_gain":0,"max_hp_loss":0,"event_name":"Upgrade Shrine","floor":41,"gold_loss":0,"cards_upgraded":["Heavy Blade"]}],"is_beta":false,"boss_relics":[{"not_picked":["Astrolabe","Black Blood"],"picked":"EasyGame_NEW"},{"not_picked":["Fusion Hammer","Runic Dome"],"picked":"SlaversCollar"}],"items_purged_floors":[24,27,47],"is_endless":false,"potions_floor_spawned":[3,6,10,11,12,22,23,33,37,40],"ascension_level":4}}