{"host":"axuns55dzq466eei","time":1609471528,"event":{"mods":["BaseMod","Colored Map","Keyboard Shortcuts","Minty Spire (QoL Compilation)","StSLib","SuperFastMode"],"gold_per_floor":[116,266,266,281,153,189,28,67,67,67,81,6,56,76,76,76,76],"floor_reached":16,"playtime":246,"items_purged":["Doubt"],"score":266,"play_id":"255edaa6-6da6-4eef-a48a-8bdd6eeb5a8d","local_time":"20210101122528","is_ascension_mode":true,"campfire_choices":[{"floor":10,"key":"REST"},{"floor":15,"key":"REST"}],"circlet_count":0,"master_deck":["AscendersBane","Strike_G","Strike_G","Strike_G","Strike_G","Defend_G","Defend_G","Defend_G","Defend_G","Defend_G","Survivor","Neutralize","Dagger Spray","Terror","Blade Dance","Deadly Poison","Adrenaline","Reflex","Escape Plan","Backstab"],"relics":["Ring of the Snake","NeowsBlessing","Golden Idol","Turnip","Singing Bowl","Incense Burner"],"acts_visited":["Exordium"],"potions_floor_usage":[8,16],"damage_taken":[{"damage":0,"enemies":"Small Slimes","floor":1,"turns":1},{"damage":0,"enemies":"2 Louse","floor":4,"turns":1},{"damage":0,"enemies":"Gremlin Nob","floor":6,"turns":1},{"damage":25,"enemies":"Lagavulin","floor":8,"turns":5},{"damage":2,"enemies":"Jaw Worm","floor":11,"turns":3},{"damage":11,"enemies":"Large Slime","floor":14,"turns":7},{"damage":38,"enemies":"The Guardian","floor":16,"turns":11}],"seed_played":"2071373702621200351","potions_obtained":[{"floor":4,"key":"GamblersBrew"},{"floor":6,"key":"PowerPotion"}],"is_trial":false,"path_per_floor":["M","?","?","M","$","E","$","E","T","R","M","?","?","M","R","B"],"character_chosen":"THE_SILENT","items_purchased":["Blade Dance","Adrenaline"],"campfire_rested":2,"item_purchase_floors":[5,7],"current_hp_per_floor":[59,59,36,36,36,36,36,11,11,30,28,28,28,17,36,0,0],"gold":76,"neow_bonus":"THREE_ENEMY_KILL","is_daily":false,"chose_seed":false,"campfire_upgraded":0,"win_rate":0.0,"timestamp":1609471528,"path_taken":["M","?","?","M","$","E","?","E","T","R","M","?","?","M","R","BOSS"],"items_purchased_type":["Card","Card"],"build_version":"2020-12-22","purchased_purges":1,"victory":false,"max_hp_per_floor":[66,66,66,66,66,66,66,66,66,66,66,66,66,66,66,66,66],"card_choices":[{"not_picked":["Bane","Slice"],"picked":"Dagger Spray","floor":1},{"not_picked":["Riddle With Holes","Cloak And Dagger"],"picked":"Terror","floor":4},{"not_picked":["Bane","Poisoned Stab"],"picked":"Deadly Poison","floor":6},{"not_picked":["Underhanded Strike","Concentrate"],"picked":"Reflex","floor":8},{"not_picked":["Caltrops","Endless Agony"],"picked":"Escape Plan","floor":11},{"not_picked":["Outmaneuver","Endless Agony"],"picked":"Backstab","floor":14}],"player_experience":1039826,"relics_obtained":[{"floor":6,"key":"Turnip"},{"floor":8,"key":"Singing Bowl"},{"floor":9,"key":"Incense Burner"}],"event_choices":[{"damage_healed":0,"gold_gain":150,"player_choice":"AGREE","damage_taken":0,"max_hp_gain":0,"max_hp_loss":0,"event_name":"Liars Game","floor":2,"gold_loss":0,"cards_obtained":["Doubt"]},{"damage_healed":0,"gold_gain":0,"player_choice":"Take Damage","damage_taken":23,"relics_obtained":["Golden Idol"],"max_hp_gain":0,"max_hp_loss":0,"event_name":"Golden Idol","floor":3,"gold_loss":0},{"cards_removed":["Strike_G"],"damage_healed":0,"gold_gain":0,"player_choice":"Card Removal","damage_taken":0,"max_hp_gain":0,"max_hp_loss":0,"event_name":"The Cleric","floor":12,"gold_loss":75},{"damage_healed":0,"gold_gain":50,"player_choice":"Pray","damage_taken":0,"max_hp_gain":0,"max_hp_loss":0,"event_name":"Golden Shrine","floor":13,"gold_loss":0}],"is_beta":false,"boss_relics":[],"items_purged_floors":[5],"is_endless":false,"potions_floor_spawned":[4,6],"killed_by":"The Guardian","ascension_level":20}}