{"host":"s52z2ujaj5gvuxl4","time":1609534137,"event":{"mods":["AchievementEnabler","Act Like it!","Astrologer","Bard","BaseMod","Colored Map","Conspire","Downfall","Duelist Mod","Friendly Minions","GifTheSpireLib","Highlight Path","Hubris","Infinite Spire","KinomotoSakuraMod(ñÿîVñ{?)","Koishi","Lobotomy","MarisaÅiñ∂âJÅ@ñÇóùçπÅj","Minty Spire (QoL Compilation)","RemiliaÅiÂQïƒ‰ª?Åj","Replay The Spire","Shop Mod","StSLib","SuperFastMode","Td1madao Mod","The Animator","The Bug Knight","The Construct","The Cursed","The Disciple","The Gatherer","The Hierophant","The Jungle","The Marked","The Mystic","The Necromancer","The Poker Player","The Runesmith","The Servant 0.9.4","Yuyuko"],"gold_per_floor":[119,219,239,326,355,388,388,408,434,454,473,500,500,511,511,615,615,615,615],"floor_reached":18,"playtime":1678,"items_purged":[],"score":216,"play_id":"7823057b-8f56-40a7-aa05-19d967472194","local_time":"20210101134857","is_ascension_mode":false,"campfire_choices":[{"data":"animator:AcuraTooru","floor":7,"key":"SMITH"},{"data":"animator:ChaikaTrabant","floor":15,"key":"SMITH"}],"circlet_count":0,"master_deck":["animator:Strike_Konosuba","animator:Defend_Konosuba","animator:Strike","animator:Strike","animator:Strike","animator:Defend+1","animator:Defend","animator:Defend","animator:Kazuma","animator:Aqua","animator:ChaikaBohdan","animator:AcuraTooru+1","animator:ChaikaBohdan","animator:ChaikaTrabant+1","animator:Chris","animator:Benimaru","animator:Kaijin","animator:Millim"],"relics":["animator:LivingPicture","animator:TheMissingPiece","PreservedInsect","Art of War","animator:HolyGrailRelic"],"acts_visited":["Exordium","Exordium"],"potions_floor_usage":[6],"damage_taken":[{"damage":0,"enemies":"Small Slimes","floor":1,"turns":6},{"damage":2,"enemies":"Cultist","floor":3,"turns":5},{"damage":9,"enemies":"2 Louse","floor":5,"turns":3},{"damage":22,"enemies":"Gremlin Nob","floor":6,"turns":4},{"damage":0,"enemies":"Large Slime","floor":8,"turns":5},{"damage":14,"enemies":"Exordium Thugs","floor":10,"turns":5},{"damage":24,"enemies":"Gremlin Gang","floor":11,"turns":5},{"damage":0,"enemies":"Large Slime","floor":12,"turns":7},{"damage":15,"enemies":"Looter","floor":14,"turns":3},{"damage":0,"enemies":"Slime Boss","floor":16,"turns":6},{"damage":0,"enemies":"theJungle:Flameango_and_Byrd","floor":18,"turns":1}],"seed_played":"-280224554690596191","potions_obtained":[{"floor":3,"key":"FearPotion"},{"floor":6,"key":"AttackPotion"},{"floor":10,"key":"LiquidBronze"},{"floor":11,"key":"PowerPotion"}],"is_trial":false,"path_per_floor":["M","?","M","?","M","E","R","M","T","M","M","M","?","M","R","B",null,"M"],"character_chosen":"THE_ANIMATOR","items_purchased":[],"campfire_rested":0,"item_purchase_floors":[],"current_hp_per_floor":[72,72,72,72,63,43,43,45,45,33,11,13,34,19,19,21,80,80,80],"gold":615,"neow_bonus":"TEN_PERCENT_HP_BONUS","is_daily":false,"chose_seed":false,"campfire_upgraded":2,"win_rate":0.0,"timestamp":1609534137,"path_taken":["M","?","?","?","M","E","R","M","T","?","M","?","?","M","R","BOSS","M"],"items_purchased_type":[],"build_version":"2020-12-22","purchased_purges":0,"victory":false,"max_hp_per_floor":[72,72,72,72,72,72,72,72,72,72,72,72,72,72,72,72,80,80,80],"card_choices":[{"not_picked":["animator:Kazuma","animator:Vanir"],"picked":"animator:ChaikaBohdan","floor":1},{"not_picked":["animator:Raven","animator:Tet"],"picked":"animator:AcuraTooru","floor":3},{"not_picked":["animator:Aqua","animator:IzunaHatsuse"],"picked":"animator:ChaikaBohdan","floor":4},{"not_picked":["animator:Verdia","animator:Hakurou"],"picked":"animator:ChaikaTrabant","floor":4},{"not_picked":["animator:Sonic","animator:Raven"],"picked":"animator:Chris","floor":5},{"not_picked":["animator:Hakurou","animator:Shion"],"picked":"animator:Benimaru","floor":6},{"not_picked":["animator:Rena","animator:Vesta"],"picked":"animator:Kaijin","floor":8},{"not_picked":["animator:Jibril","animator:SilverFang","animator:Verdia"],"picked":"SKIP","floor":10},{"not_picked":["animator:Shion","animator:Benimaru","animator:Mitsurugi"],"picked":"SKIP","floor":11},{"not_picked":["animator:Shuna","animator:Kaijin"],"picked":"animator:Millim","floor":12},{"not_picked":["animator:Add","animator:DolaSchwi","animator:Tet"],"picked":"SKIP","floor":14}],"player_experience":142280,"relics_obtained":[{"floor":6,"key":"PreservedInsect"},{"floor":9,"key":"Art of War"}],"event_choices":[{"damage_healed":0,"gold_gain":100,"player_choice":"Pray","damage_taken":0,"max_hp_gain":0,"max_hp_loss":0,"event_name":"Golden Shrine","floor":2,"gold_loss":0}],"is_beta":false,"boss_relics":[{"not_picked":["conspire:SlowCooker","Painkiller Herb"],"picked":"animator:HolyGrailRelic"}],"items_purged_floors":[],"is_endless":false,"potions_floor_spawned":[3,6,10,11,12,16],"killed_by":"theJungle:Flameango_and_Byrd","ascension_level":0}}