{"host":"f5pfdf07lxwkzoqo","time":1609516809,"event":{"mods":["Act Like it!","Aspiration","BaseMod","BetterRewards","Colored Powertips","Conspire","Downfall","Duelist Mod","GifTheSpireLib","GungeonMod","Hallownest","Highlight Path","Hubris","Jorbs\u0027s Wanderer Trilogy","Minty Spire (QoL Compilation)","Rare Cards Sparkle","StSLib","The Animator"],"gold_per_floor":[114,40,215,215,239,278,278,340,367,394,394,426,426,467,467,599,599,620,62,94,122,148,184,216,259,259,300,300,420,472,496,496,618,643,690,690,179,25,50,50,148,148,175,229,256,284,309,10,10,14,14],"floor_reached":50,"playtime":22974,"items_purged":[],"score":775,"play_id":"2af3206a-2ad2-484c-91ae-2ea3079ba984","local_time":"20210101160009","is_ascension_mode":true,"campfire_choices":[{"data":"animator:Chris","floor":7.0,"key":"SMITH"},{"floor":11.0,"key":"REST"},{"floor":15.0,"key":"REST"},{"floor":28.0,"key":"REST"},{"floor":32.0,"key":"REST"},{"floor":40.0,"key":"RECALL"},{"data":"animator:Hans","floor":42.0,"key":"SMITH"},{"floor":49,"key":"REST"}],"circlet_count":0,"master_deck":["animator:Strike_GATE","animator:Defend_GATE","animator:Strike","animator:Strike","animator:Defend","animator:Defend","animator:Defend","animator:TukaLunaMarceau","animator:Kuribayashi","animator:Entoma+10","animator:Chris+1","animator:Viivi","animator:Chris","animator:Tyuule","animator:Yuuichirou","animator:Mitsuba","animator:Hans+1","animator:Bozes","animator:ChaikaTrabant","animator:Shinoa","animator:Canti","animator:KyokoSakura+1","animator:KyokoSakura","animator:IrohaTamaki","animator:Archer","animator:DolaStephanie","animator:TakanashiRikka","animator:IzunaHatsuse","animator:Sebas+1","animator:YaoHaDucy","animator:Mitsuba","animator:Gilgamesh+8","animator:SuzuneAmano+1","animator:Mitsurugi","animator:Gillette+1","animator:Kazuma+1","animator:Archer"],"relics":["animator:LivingPicture","animator:ColorlessFragment","animator:PurgingStone","Spirit Poop","Vajra","Turnip","Omamori","Tiny Chest","SlaversCollar","hubris:Spice","Du-Vu Doll","Toy Ornithopter","Orichalcum","hubris:BottledRain","animator:AlchemistGlove","aspiration:FrozenJewel","Red Skull","hubris:RunicObelisk","animator:CerealBox","DemoMod:ChaffGrenade","Red Mask","Bottled Flame","hubris:Zylophone","animator:BattleDrones","Nunchaku","Torii"],"acts_visited":["Exordium","TheCity","TheBeyond"],"potions_floor_usage":[50,50],"damage_taken":[{"damage":0.0,"enemies":"2 Louse","floor":1.0,"turns":3.0},{"damage":4.0,"enemies":"Jaw Worm","floor":5.0,"turns":4.0},{"damage":19.0,"enemies":"3 Sentries","floor":6.0,"turns":11.0},{"damage":28.0,"enemies":"Lagavulin","floor":8.0,"turns":4.0},{"damage":0.0,"enemies":"Cultist","floor":10.0,"turns":2.0},{"damage":0.0,"enemies":"2 Fungi Beasts","floor":12.0,"turns":3.0},{"damage":9.0,"enemies":"3 Sentries","floor":14.0,"turns":6.0},{"damage":50.0,"enemies":"The Guardian","floor":16.0,"turns":9.0},{"damage":10.0,"enemies":"Chosen","floor":18.0,"turns":3.0},{"damage":4.0,"enemies":"Spheric Guardian","floor":20.0,"turns":3.0},{"damage":11.0,"enemies":"Cultist and Chosen","floor":21.0,"turns":8.0},{"damage":2.0,"enemies":"Snecko","floor":22.0,"turns":3.0},{"damage":20.0,"enemies":"conspire:Head Lice","floor":23.0,"turns":6.0},{"damage":35.0,"enemies":"Centurion and Healer","floor":24.0,"turns":7.0},{"damage":5.0,"enemies":"theDuelist:KaibaA2","floor":25.0,"turns":4.0},{"damage":19.0,"enemies":"conspire:Head Lice","floor":27.0,"turns":5.0},{"damage":31.0,"enemies":"Colosseum Slavers","floor":29.0,"turns":3.0},{"damage":13.0,"enemies":"Colosseum Nobs","floor":29.0,"turns":3.0},{"damage":4.0,"enemies":"theDuelist:KaibaA2","floor":30.0,"turns":3.0},{"damage":0.0,"enemies":"conspire:HollyBat","floor":31.0,"turns":6.0},{"damage":19.0,"enemies":"conspire:MysteriousRune","floor":33.0,"turns":8.0},{"damage":1.0,"enemies":"3 Darklings","floor":35.0,"turns":4.0},{"damage":5.0,"enemies":"Giant Head","floor":41.0,"turns":6.0},{"damage":1.0,"enemies":"Reptomancer","floor":44.0,"turns":3.0},{"damage":10.0,"enemies":"Orb Walker","floor":45.0,"turns":4.0},{"damage":30.0,"enemies":"Writhing Mass","floor":46.0,"turns":6.0},{"damage":136,"enemies":"conspire:OrnateMirror","floor":50,"turns":5}],"seed_played":"-171882851365975209","potions_obtained":[{"floor":8.0,"key":"FearPotion"},{"floor":10.0,"key":"Fruit Juice"},{"floor":14.0,"key":"FairyPotion"},{"floor":20.0,"key":"GamblersBrew"},{"floor":21.0,"key":"Strength Potion"},{"floor":25.0,"key":"champ:CounterPotion"},{"floor":29.0,"key":"Energy Potion"},{"floor":30.0,"key":"Fruit Juice"},{"floor":46,"key":"AttackPotion"}],"is_trial":false,"path_per_floor":["M","$","?","?","M","E","R","E","T","M","R","M","?","E","R","B",null,"M","$","M","M","M","E","M","E","T","E","R","?","E","M","R","B",null,"M","?","$","?","T","R","E","R","T","E","M","M","T","$","R","B"],"character_chosen":"THE_ANIMATOR","items_purchased":["animator:Chris","animator:ColorlessFragment","hubris:Spice","animator:Canti","animator:CerealBox","LiquidBronze","LiquidBronze","DemoMod:ChaffGrenade","Torii"],"campfire_rested":5,"item_purchase_floors":[2,19,19,19,37,37,37,37,48],"current_hp_per_floor":[72,72,72,72,70,51,51,25,25,30,54,56,56,50,75,25,86,76,84,80,71,70,52,19,14,14,7,37,32,45,45,78,59,112,111,111,111,111,111,111,106,106,106,105,96,66,66,66,99,0,0],"gold":14,"neow_bonus":"TEN_PERCENT_HP_BONUS","is_daily":false,"chose_seed":false,"campfire_upgraded":2,"win_rate":0.0,"timestamp":1609516809,"path_taken":["M","$","?","?","M","E","R","E","T","?","R","M","?","E","R","BOSS","M","$","M","M","M","E","M","E","T","E","R","?","E","M","R","BOSS","M","?","$","?","?","R","E","R","T","E","?","?","?","$","R","BOSS"],"items_purchased_type":["Card","Relic","Relic","Card","Relic","Potion","Potion","Relic","Relic"],"build_version":"2020-12-22","purchased_purges":0,"victory":false,"max_hp_per_floor":[72,72,72,72,74,74,74,76,76,81,81,83,83,86,86,86,86,86,94,94,96,97,99,101,101,101,103,103,105,112,112,112,112,112,112,112,112,112,112,112,112,112,112,112,113,113,113,113,113,113,113],"card_choices":[{"not_picked":["animator:MetalKnight","animator:DolaRiku"],"picked":"animator:Entoma","floor":1.0},{"not_picked":["animator:YuiTsuruno","animator:MetalKnight"],"picked":"animator:Viivi","floor":5.0},{"not_picked":["animator:ChaikaBohdan","animator:SayakaMiki"],"picked":"animator:Chris","floor":6.0},{"not_picked":["animator:TukaLunaMarceau","animator:Bozes"],"picked":"animator:Tyuule","floor":8.0},{"not_picked":["animator:Entoma","animator:ShinjiMatou"],"picked":"animator:Yuuichirou","floor":10.0},{"not_picked":["animator:Kuribayashi","animator:DolaCouronne"],"picked":"animator:Mitsuba","floor":12.0},{"not_picked":["animator:DolaSchwi","animator:Viivi"],"picked":"animator:Bozes","floor":14.0},{"not_picked":["animator:MadokaKaname","animator:Wiz"],"picked":"animator:ChaikaTrabant","floor":16.0},{"not_picked":["animator:Yoichi","animator:Mikaela"],"picked":"animator:Shinoa","floor":18.0},{"not_picked":["animator:DolaSchwi","animator:Guren"],"picked":"animator:KyokoSakura+1","floor":20.0},{"not_picked":["animator:Guy+1","animator:Archer"],"picked":"animator:KyokoSakura","floor":21.0},{"not_picked":["animator:OrikoMikuni","animator:NagisaMomoe"],"picked":"animator:IrohaTamaki","floor":22.0},{"not_picked":["animator:Lancer","animator:DolaSchwi"],"picked":"animator:Archer","floor":23.0},{"not_picked":["animator:Mitsuba","animator:AcuraTooru"],"picked":"animator:DolaStephanie","floor":24.0},{"not_picked":["animator:MisakiNakahara","animator:MamizouFutatsuiwa"],"picked":"animator:TakanashiRikka","floor":25.0},{"not_picked":["animator:SilverFang","animator:Mitsuba"],"picked":"animator:IzunaHatsuse","floor":27.0},{"not_picked":["animator:HiiragiShinya","animator:Layla"],"picked":"animator:Sebas+1","floor":29.0},{"not_picked":["animator:Kuribayashi","animator:TukaLunaMarceau"],"picked":"animator:YaoHaDucy","floor":30.0},{"not_picked":["animator:Chris","animator:DolaStephanie"],"picked":"animator:Mitsuba","floor":31.0},{"not_picked":["animator:Ainz","animator:Guren"],"picked":"animator:Gilgamesh","floor":33.0},{"not_picked":["animator:Alexander+1","animator:Melzalgald+1"],"picked":"animator:SuzuneAmano+1","floor":35.0},{"not_picked":["animator:Kazuma","animator:Verdia"],"picked":"animator:Mitsurugi","floor":41.0},{"not_picked":["animator:Chris+1","animator:RinTohsaka"],"picked":"animator:Gillette+1","floor":44.0},{"not_picked":["animator:DolaRiku","animator:Guy+1"],"picked":"animator:Kazuma+1","floor":45.0},{"not_picked":["animator:Alexander","animator:Rider"],"picked":"animator:Archer","floor":46}],"player_experience":502290,"relics_obtained":[{"floor":6.0,"key":"Vajra"},{"floor":8.0,"key":"Turnip"},{"floor":9.0,"key":"Omamori"},{"floor":14.0,"key":"Tiny Chest"},{"floor":23.0,"key":"Du-Vu Doll"},{"floor":25.0,"key":"Toy Ornithopter"},{"floor":26.0,"key":"Orichalcum"},{"floor":27.0,"key":"hubris:BottledRain"},{"floor":29.0,"key":"animator:AlchemistGlove"},{"floor":29.0,"key":"aspiration:FrozenJewel"},{"floor":30.0,"key":"Red Skull"},{"floor":39.0,"key":"Bottled Flame"},{"floor":41.0,"key":"hubris:Zylophone"},{"floor":44.0,"key":"animator:BattleDrones"},{"floor":47,"key":"Nunchaku"}],"event_choices":[{"damage_healed":0.0,"max_hp_gain":0.0,"max_hp_loss":0.0,"gold_gain":175.0,"event_name":"Liars Game","player_choice":"AGREE","floor":3.0,"gold_loss":0.0,"damage_taken":0.0,"cards_obtained":["Doubt"]},{"cards_removed":["Doubt"],"damage_healed":0.0,"max_hp_gain":0.0,"max_hp_loss":0.0,"gold_gain":0.0,"event_name":"Bonfire Elementals","player_choice":"Offered Curse","floor":4.0,"gold_loss":0.0,"damage_taken":0.0,"relics_obtained":["Spirit Poop"]},{"damage_healed":0.0,"max_hp_gain":0.0,"max_hp_loss":0.0,"gold_gain":0.0,"cards_transformed":["animator:Strike"],"event_name":"Living Wall","player_choice":"Change","floor":13.0,"gold_loss":0.0,"damage_taken":0.0,"cards_obtained":["animator:Hans"]},{"damage_healed":0.0,"max_hp_gain":0.0,"max_hp_loss":0.0,"gold_gain":0.0,"event_name":"Colosseum","player_choice":"Fight","floor":29.0,"gold_loss":0.0,"damage_taken":0.0},{"damage_healed":0.0,"max_hp_gain":0.0,"max_hp_loss":0.0,"gold_gain":0.0,"event_name":"Colosseum","player_choice":"Fought Nobs","floor":29.0,"gold_loss":0.0,"damage_taken":0.0},{"damage_healed":0.0,"max_hp_gain":0.0,"max_hp_loss":0.0,"gold_gain":0.0,"event_name":"Tomb of Lord Red Mask","player_choice":"Paid","floor":38.0,"gold_loss":179.0,"damage_taken":0.0,"relics_obtained":["Red Mask"]}],"is_beta":false,"boss_relics":[{"not_picked":["conspire:SeveredTorchhead","aspiration:IroncladSkillbook"],"picked":"SlaversCollar"},{"not_picked":["aspiration:SecretTechniqueScroll","hubris:BlackHole"],"picked":"hubris:RunicObelisk"}],"items_purged_floors":[],"is_endless":false,"potions_floor_spawned":[8,10,14,20,21,25,29,30,46],"killed_by":"conspire:OrnateMirror","ascension_level":1}}