{"host":"6ilae7ewjeys3uzr","time":1609523118,"event":{"mods":["AchievementEnabler","BaseMod","Hermit","Marisa????????","Minty Spire (QoL Compilation)","Quick Restart","Replay The Spire","StSLib","The Cursed","The Servant 0.9.4"],"gold_per_floor":[117,117,117,192,78,78,113,125,171,171,171,205,205,216,216,312,312,325,344,360,171,86,118,118,138,162,178,178,178,197,217,217,314,314,332,349,48,59,113,138,138,138,162,179,189,202,257,307,307,307,307,307,7,35,35,35],"floor_reached":55,"playtime":2146,"items_purged":["Voices","Writhe"],"score":677,"play_id":"5c149993-a3db-482e-876a-fbd1107b2e5c","local_time":"20210101184518","is_ascension_mode":false,"campfire_choices":[{"floor":6,"key":"RECALL"},{"floor":10,"key":"REST"},{"data":"RefractionSpark","floor":13,"key":"SMITH"},{"data":"MilkyWay","floor":15,"key":"SMITH"},{"floor":24,"key":"REST"},{"data":"FinalSpark","floor":29,"key":"SMITH"},{"floor":32,"key":"REST"},{"data":"1","floor":41,"key":"LIFT"},{"data":"2","floor":49,"key":"LIFT"},{"data":"3","floor":52,"key":"LIFT"}],"circlet_count":0,"master_deck":["Strike_MRS","Strike_MRS","Strike_MRS","Defend_MRS+1","Defend_MRS","Defend_MRS+1","Defend_MRS+1","MasterSpark","UpSweep+1","TheCursedMod:Dregs","Writhe","AsteroidBelt","DC+1","NonDirectionalLaser","RefractionSpark","AlicesGift","RefractionSpark+1","MilkyWay+1","FinalSpark+1","MilkyWay","MachineGunSpark","MagicAbsorber","MilkyWay","JA","MilkyWay","MilkyWay","DoubleSpark","RefractionSpark","RefractionSpark","GalacticHalo","MilkyWay+1","6A+1","MilkyWay","AsteroidBelt","GravityBeat"],"relics":["BewitchedHakkero","ChewingGum","Ring of Misfortune","Ring of Searing","Vajra","Pen Nib","Strawberry","Strange Spoon","Gremlin Horn","Replay:Wax Seal","ExperimentalFamiliar","ReplayTheSpireMod:Ninjato","Girya","Replay:Bottled Steam","Omamori","PreservedInsect","Calipers","Simple Rune"],"acts_visited":["Exordium","TheCity","TheBeyond","TheEnding"],"potions_floor_usage":[18,23,23,33,39,39,50,50,50,55,55,55],"damage_taken":[{"damage":0,"enemies":"Small Slimes","floor":1,"turns":3},{"damage":1,"enemies":"Replay:BlueRogue","floor":7,"turns":5},{"damage":0,"enemies":"2 Louse","floor":8,"turns":2},{"damage":17,"enemies":"Lagavulin","floor":12,"turns":4},{"damage":0,"enemies":"Jaw Worm","floor":14,"turns":1},{"damage":19,"enemies":"Hexaghost","floor":16,"turns":4},{"damage":25,"enemies":"3 Byrds","floor":18,"turns":4},{"damage":5,"enemies":"Spheric Guardian","floor":19,"turns":4},{"damage":9,"enemies":"Snake Plant","floor":20,"turns":4},{"damage":0,"enemies":"Book of Stabbing","floor":23,"turns":1},{"damage":6,"enemies":"Cultist and Chosen","floor":25,"turns":3},{"damage":4,"enemies":"Chosen and Byrds","floor":27,"turns":3},{"damage":1,"enemies":"Centurion and Healer","floor":30,"turns":4},{"damage":7,"enemies":"Cultist and Chosen","floor":31,"turns":4},{"damage":14,"enemies":"Collector","floor":33,"turns":5},{"damage":9,"enemies":"3 Shapes","floor":35,"turns":4},{"damage":0,"enemies":"Orb Walker","floor":36,"turns":1},{"damage":17,"enemies":"Spire Growth","floor":38,"turns":4},{"damage":5,"enemies":"2 Orb Walkers","floor":39,"turns":3},{"damage":0,"enemies":"R_Hoarder","floor":40,"turns":3},{"damage":7,"enemies":"Writhing Mass","floor":44,"turns":3},{"damage":0,"enemies":"Sphere and 2 Shapes","floor":45,"turns":1},{"damage":0,"enemies":"Maw","floor":46,"turns":2},{"damage":0,"enemies":"Mind Bloom Boss Battle","floor":48,"turns":2},{"damage":9,"enemies":"Replay:Hell Engine","floor":50,"turns":5},{"damage":6,"enemies":"Shield and Spear","floor":54,"turns":3},{"damage":78,"enemies":"The Heart","floor":55,"turns":5}],"seed_played":"-552192815739436638","potions_obtained":[{"floor":1,"key":"EssenceOfSteel"},{"floor":8,"key":"BottledSpark"},{"floor":18,"key":"Elixir"},{"floor":20,"key":"SpeedPotion"},{"floor":27,"key":"BlessingOfTheForge"},{"floor":30,"key":"Block Potion"},{"floor":33,"key":"Swift Potion"},{"floor":36,"key":"Energy Potion"},{"floor":40,"key":"Weak Potion"},{"floor":44,"key":"Energy Potion"},{"floor":54,"key":"LiquidBronze"}],"is_trial":false,"path_per_floor":["M","?","?","?","$","R","E","M","T","R","?","E","R","M","R","B",null,"M","M","M","$","?","E","R","M","T","M","?","R","M","M","R","B",null,"M","M","$","M","?","E","R","?","T","M","M","M","T","?","R","B",null,"R","$","E","B"],"character_chosen":"MARISA","items_purchased":["DC+1","MilkyWay","Strange Spoon","ReplayTheSpireMod:Ninjato","RefractionSpark","Block Potion","Energy Potion","BottledSpark","AsteroidBelt"],"campfire_rested":3,"item_purchase_floors":[5,21,21,37,37,53,53,53,53],"current_hp_per_floor":[75,60,60,49,49,49,48,48,48,70,70,60,60,60,60,41,82,57,52,43,43,43,43,67,61,61,57,57,57,56,49,73,59,82,73,73,73,56,51,51,51,72,72,65,65,65,65,65,65,56,82,82,82,76,0,0],"gold":35,"neow_bonus":"CURSED_BOSS_RELIC","is_daily":false,"chose_seed":false,"campfire_upgraded":3,"win_rate":0.0,"timestamp":1609523118,"path_taken":["M","?","?","?","$","R","E","?","T","R","?","E","R","M","R","BOSS","M","?","M","$","?","E","R","M","T","M","?","R","?","M","R","BOSS","M","M","$","?","?","E","R","?","T","M","M","M","?","?","R","BOSS","R","$","E","BOSS"],"items_purchased_type":["Card","Card","Relic","Relic","Card","Potion","Potion","Potion","Card"],"build_version":"2020-12-22","purchased_purges":2,"victory":false,"max_hp_per_floor":[75,75,75,75,75,75,75,75,75,75,75,82,82,82,82,82,82,82,82,82,82,82,82,82,82,82,82,82,82,82,82,82,82,82,82,82,82,82,82,82,82,82,82,82,82,82,82,82,82,82,82,82,82,82,82,82],"card_choices":[{"not_picked":["SporeBomb","OpenUniverse"],"picked":"AsteroidBelt","floor":1},{"not_picked":["MachineGunSpark","WitchLeyline"],"picked":"NonDirectionalLaser","floor":7},{"not_picked":["DoubleSpark","OpenUniverse"],"picked":"RefractionSpark","floor":8},{"not_picked":["ShootingEcho","Singularity"],"picked":"RefractionSpark","floor":12},{"not_picked":["SporeBomb","GravityBeat"],"picked":"MilkyWay","floor":14},{"not_picked":["StarDustReverie","ManaRampage"],"picked":"FinalSpark","floor":16},{"not_picked":["LuminesStrike+1","DC+1"],"picked":"MilkyWay","floor":18},{"not_picked":["DarkSpark","DC+1"],"picked":"MachineGunSpark","floor":19},{"not_picked":["ShootingEcho","UnstableBomb"],"picked":"MagicAbsorber","floor":20},{"not_picked":["ManaConvection","WitchOfGreed"],"picked":"JA","floor":23},{"not_picked":["RefractionSpark","MachineGunSpark"],"picked":"MilkyWay","floor":25},{"not_picked":["ShootTheMoon","UnstableBomb","GravityBeat"],"picked":"SKIP","floor":27},{"not_picked":["SuperPerseids","Acceleration","MagicChant"],"picked":"SKIP","floor":30},{"not_picked":["UnstableBomb","WitchLeyline+1"],"picked":"MilkyWay","floor":31},{"not_picked":["IllusionStar","DC","MysteriousBeam"],"picked":"SKIP","floor":35},{"not_picked":["GravityBeat","IllusionStar+1"],"picked":"DoubleSpark","floor":36},{"not_picked":["MilkyWay","GasGiant+1"],"picked":"GalacticHalo","floor":38},{"not_picked":["BinaryStars","CasketOfStar"],"picked":"MilkyWay+1","floor":40},{"not_picked":["IllusionStar","WitchLeyline+1"],"picked":"6A+1","floor":44},{"not_picked":["ShootingEcho+1","6A","SporeBomb"],"picked":"SKIP","floor":45},{"not_picked":["ChargeUpSpray","SuperNova","StarBarrage+1"],"picked":"SKIP","floor":46},{"not_picked":["RefractionSpark","AsteroidBelt"],"picked":"MilkyWay","floor":48},{"not_picked":["WitchLeyline","MaximisePower"],"picked":"GravityBeat","floor":54}],"player_experience":235802,"relics_obtained":[{"floor":3,"key":"Ring of Misfortune"},{"floor":3,"key":"Ring of Searing"},{"floor":7,"key":"Vajra"},{"floor":9,"key":"Pen Nib"},{"floor":12,"key":"Strawberry"},{"floor":23,"key":"Replay:Wax Seal"},{"floor":39,"key":"Girya"},{"floor":40,"key":"Replay:Bottled Steam"},{"floor":43,"key":"Omamori"},{"floor":47,"key":"PreservedInsect"},{"floor":48,"key":"Calipers"},{"floor":54,"key":"Simple Rune"}],"event_choices":[{"damage_healed":0,"gold_gain":0,"player_choice":"Entered Light","damage_taken":15,"max_hp_gain":0,"max_hp_loss":0,"event_name":"Shining Light","floor":2,"gold_loss":0,"cards_upgraded":["Defend_MRS","UpSweep"]},{"damage_healed":0,"gold_gain":75,"player_choice":"Gather Gold","damage_taken":11,"max_hp_gain":0,"max_hp_loss":0,"event_name":"World of Goop","floor":4,"gold_loss":0},{"damage_healed":0,"gold_gain":0,"cards_transformed":["Strike_MRS"],"player_choice":"Transformed","damage_taken":0,"max_hp_gain":0,"max_hp_loss":0,"event_name":"Transmorgrifier","floor":11,"gold_loss":0,"cards_obtained":["AlicesGift"]},{"damage_healed":0,"gold_gain":0,"player_choice":"Obtained Relic","damage_taken":0,"relics_obtained":["Gremlin Horn"],"max_hp_gain":0,"max_hp_loss":0,"event_name":"Addict","floor":22,"gold_loss":85},{"damage_healed":0,"gold_gain":0,"player_choice":"Ignored","damage_taken":0,"max_hp_gain":0,"max_hp_loss":0,"event_name":"Beggar","floor":28,"gold_loss":0},{"damage_healed":0,"gold_gain":0,"player_choice":"Fight","damage_taken":0,"max_hp_gain":0,"max_hp_loss":0,"event_name":"Mysterious Sphere","floor":39,"gold_loss":0},{"damage_healed":21,"gold_gain":0,"player_choice":"Writhe","damage_taken":0,"max_hp_gain":0,"max_hp_loss":0,"event_name":"Winding Halls","floor":42,"gold_loss":0,"cards_obtained":["Writhe"]},{"damage_healed":0,"gold_gain":0,"player_choice":"Fight","damage_taken":0,"max_hp_gain":0,"max_hp_loss":0,"event_name":"MindBloom","floor":48,"gold_loss":0}],"is_beta":false,"boss_relics":[{"not_picked":["Empty Cage","Philosopher\u0027s Stone"],"picked":"BewitchedHakkero"},{"not_picked":["Ring of Chaos","Runic Pyramid"],"picked":"ExperimentalFamiliar"}],"items_purged_floors":[5,53],"is_endless":false,"potions_floor_spawned":[1,8,18,20,27,30,33,36,40,44,54],"killed_by":"The Heart","ascension_level":0}}