{"host":"7pe9xwx78c6nlay8","time":1609513570,"event":{"mods":["BaseMod","Minty Spire (QoL Compilation)"],"gold_per_floor":[109,109,124,49,49,49,80,92,144,48,68,97,162,194,194,270,270,283,309,328,344,344,371,384,384,384],"floor_reached":25,"playtime":1027,"items_purged":[],"score":509,"play_id":"b20b4ed4-2d5a-46c2-b99e-6e1c1199db7d","local_time":"20210101230610","is_ascension_mode":true,"campfire_choices":[{"data":"Vigilance","floor":6.0,"key":"SMITH"},{"data":"TalkToTheHand","floor":15.0,"key":"SMITH"}],"circlet_count":0,"master_deck":["AscendersBane","Strike_P","Strike_P","Defend_P+1","Defend_P+1","Eruption+1","Vigilance+1","CutThroughFate","BattleHymn","LessonLearned","CutThroughFate+1","TalkToTheHand+1","Prostrate","Protect+1","Wireheading","Devotion+1","ThirdEye","ThirdEye","Ghostly","Ghostly","Ghostly","Nirvana","TalkToTheHand"],"relics":["PureWater","NeowsBlessing","Tiny Chest","Vajra","Torii","Singing Bowl","Centennial Puzzle","Empty Cage","Strawberry","Turnip"],"acts_visited":["Exordium","TheCity"],"potions_floor_usage":[23,25],"damage_taken":[{"damage":0.0,"enemies":"Jaw Worm","floor":1.0,"turns":1.0},{"damage":0.0,"enemies":"Cultist","floor":3.0,"turns":1.0},{"damage":0.0,"enemies":"Lagavulin","floor":7.0,"turns":1.0},{"damage":0.0,"enemies":"2 Louse","floor":8.0,"turns":3.0},{"damage":0.0,"enemies":"Looter","floor":11.0,"turns":2.0},{"damage":13.0,"enemies":"3 Sentries","floor":12.0,"turns":6.0},{"damage":10.0,"enemies":"3 Sentries","floor":13.0,"turns":12.0},{"damage":0.0,"enemies":"Lagavulin","floor":14.0,"turns":5.0},{"damage":16.0,"enemies":"Slime Boss","floor":16.0,"turns":5.0},{"damage":10.0,"enemies":"Spheric Guardian","floor":18.0,"turns":4.0},{"damage":12.0,"enemies":"Chosen","floor":20.0,"turns":4.0},{"damage":17.0,"enemies":"Centurion and Healer","floor":21.0,"turns":5.0},{"damage":16,"enemies":"Gremlin Leader","floor":23,"turns":5},{"damage":0,"enemies":"Snecko","floor":24,"turns":6},{"damage":46,"enemies":"Slavers","floor":25,"turns":4}],"seed_played":"6645302512674705048","potions_obtained":[{"floor":3.0,"key":"Fruit Juice"},{"floor":8.0,"key":"Fruit Juice"},{"floor":11.0,"key":"Swift Potion"},{"floor":12.0,"key":"ColorlessPotion"},{"floor":16.0,"key":"FairyPotion"},{"floor":20.0,"key":"LiquidBronze"},{"floor":21.0,"key":"PowerPotion"},{"floor":24,"key":"LiquidBronze"}],"is_trial":false,"path_per_floor":["M","?","M","?","?","R","E","M","T","$","M","E","?","E","R","B",null,"M","T","M","M","?","E","M","E"],"character_chosen":"WATCHER","items_purchased":["TalkToTheHand","Prostrate"],"campfire_rested":0,"item_purchase_floors":[10,10],"current_hp_per_floor":[61,61,66,66,66,66,66,71,71,71,71,58,48,50,50,34,69,61,68,56,39,39,23,23,0,0],"gold":384,"neow_bonus":"THREE_ENEMY_KILL","is_daily":false,"chose_seed":false,"campfire_upgraded":2,"win_rate":0.0,"timestamp":1609513570,"path_taken":["M","?","?","?","?","R","E","?","T","?","M","E","?","E","R","BOSS","M","?","M","M","?","E","M","E"],"items_purchased_type":["Card","Card"],"build_version":"2020-12-22","purchased_purges":0,"victory":false,"max_hp_per_floor":[68,68,73,73,73,73,73,78,78,78,78,78,78,80,80,80,80,82,89,89,89,44,44,44,44,44],"card_choices":[{"not_picked":["CrushJoints","ThirdEye"],"picked":"CutThroughFate","floor":1.0},{"not_picked":["FlurryOfBlows","SignatureMove"],"picked":"BattleHymn","floor":3.0},{"not_picked":["EmptyBody","FlurryOfBlows"],"picked":"LessonLearned","floor":7.0},{"not_picked":["InnerPeace","FearNoEvil"],"picked":"CutThroughFate","floor":8.0},{"not_picked":["ForeignInfluence","Halt"],"picked":"Protect","floor":11.0},{"not_picked":["Ragnarok","Consecrate","Worship"],"picked":"SKIP","floor":12.0},{"not_picked":["ReachHeaven","Protect"],"picked":"Wireheading","floor":13.0},{"not_picked":["Evaluate","Halt","Pray"],"picked":"Singing Bowl","floor":14.0},{"not_picked":["Wish","Blasphemy"],"picked":"Devotion","floor":16.0},{"not_picked":["EmptyFist","FollowUp","Crescendo"],"picked":"Singing Bowl","floor":18.0},{"not_picked":["MentalFortress","Halt"],"picked":"ThirdEye","floor":20.0},{"not_picked":["FlyingSleeves+1","Evaluate"],"picked":"ThirdEye","floor":21.0},{"not_picked":["Evaluate","Prostrate+1"],"picked":"Nirvana","floor":23},{"not_picked":["PathToVictory","Conclude"],"picked":"TalkToTheHand","floor":24}],"player_experience":1591270,"relics_obtained":[{"floor":7.0,"key":"Tiny Chest"},{"floor":9.0,"key":"Vajra"},{"floor":12.0,"key":"Torii"},{"floor":13.0,"key":"Singing Bowl"},{"floor":14.0,"key":"Centennial Puzzle"},{"floor":19.0,"key":"Strawberry"},{"floor":23,"key":"Turnip"}],"event_choices":[{"damage_healed":0.0,"max_hp_gain":0.0,"max_hp_loss":0.0,"gold_gain":0.0,"event_name":"Accursed Blacksmith","player_choice":"Forge","floor":2.0,"gold_loss":0.0,"damage_taken":0.0,"cards_upgraded":["Eruption"]},{"cards_removed":["Defend_P"],"damage_healed":0.0,"max_hp_gain":0.0,"max_hp_loss":0.0,"gold_gain":0.0,"event_name":"The Cleric","player_choice":"Card Removal","floor":4.0,"gold_loss":75.0,"damage_taken":0.0},{"cards_removed":["Strike_P"],"damage_healed":0.0,"max_hp_gain":0.0,"max_hp_loss":0.0,"gold_gain":0.0,"event_name":"Bonfire Elementals","player_choice":"Offered Basic","floor":5.0,"gold_loss":0.0,"damage_taken":0.0},{"damage_healed":0.0,"max_hp_gain":0.0,"max_hp_loss":0.0,"gold_gain":0.0,"event_name":"Dead Adventurer","player_choice":"Searched \u00272\u0027 times","floor":13.0,"gold_loss":0.0,"damage_taken":0.0},{"damage_healed":0.0,"max_hp_gain":0.0,"max_hp_loss":45.0,"gold_gain":0.0,"event_name":"Ghosts","player_choice":"Became a Ghost","floor":22.0,"gold_loss":0.0,"damage_taken":0.0,"cards_obtained":["Ghostly","Ghostly","Ghostly"]}],"is_beta":false,"boss_relics":[{"not_picked":["Ectoplasm","Velvet Choker"],"picked":"Empty Cage"}],"items_purged_floors":[],"is_endless":false,"potions_floor_spawned":[3,8,11,12,16,20,21,24],"killed_by":"Slavers","ascension_level":15}}