{"host":"758m3734uc3348yu","time":1609501910,"event":{"mods":["AchievementEnabler","BaseMod","Beaked The Cultist","BetterRewards","Clockwork Mod","Downfall","Hermit","Hubris","Infinite Spire","Minty Spire (QoL Compilation)","Replay The Spire","Spicy Shops","StSLib","The Cursed","The Gatherer","The Hierophant","The Marked"],"gold_per_floor":[114,114,29,47,42,42,2,2],"floor_reached":7,"playtime":617,"items_purged":[],"score":41,"play_id":"72fe530c-f424-4b6e-bdb0-d5b8e28db9db","local_time":"20210101055150","is_ascension_mode":false,"campfire_choices":[{"data":"hierophant:SecretStash","floor":6,"key":"SMITH"}],"circlet_count":0,"master_deck":["hierophant:Strike_Hierophant","hierophant:Strike_Hierophant","hierophant:Strike_Hierophant","hierophant:Strike_Hierophant","hierophant:Punish","hierophant:Defend_Hierophant","hierophant:Defend_Hierophant","hierophant:Defend_Hierophant","hierophant:Defend_Hierophant","hierophant:ChurchCoffers","expansioncontent:Collect+1","hierophant:HolyVerse","hierophant:Purify","hierophant:SecretStash+1"],"relics":["hierophant:PropheticMaskRelic","ReplayFunnel"],"acts_visited":["Exordium"],"potions_floor_usage":[],"damage_taken":[{"damage":1,"enemies":"Jaw Worm","floor":1,"turns":4},{"damage":7,"enemies":"Small Slimes","floor":4,"turns":3},{"damage":0,"enemies":"Cultist","floor":5,"turns":2},{"damage":79,"enemies":"Lagavulin","floor":7,"turns":11}],"seed_played":"7101410848111209090","potions_obtained":[{"floor":5,"key":"SmokeBomb"}],"is_trial":false,"path_per_floor":["M","?","?","M","M","R","E"],"character_chosen":"HIEROPHANT","items_purchased":[],"campfire_rested":0,"item_purchase_floors":[],"current_hp_per_floor":[74,74,74,67,67,67,0,0],"gold":2,"neow_bonus":"RANDOM_COLORLESS","is_daily":false,"chose_seed":false,"campfire_upgraded":1,"win_rate":0.0,"timestamp":1609501910,"path_taken":["M","?","?","?","M","R","E"],"items_purchased_type":[],"build_version":"2020-12-22","purchased_purges":0,"victory":false,"max_hp_per_floor":[75,75,75,75,75,75,75,75],"card_choices":[{"not_picked":["Mind Blast","Jack Of All Trades"],"picked":"expansioncontent:Collect","floor":0},{"not_picked":["hierophant:RustyCrate","hierophant:HammerAndAnvil"],"picked":"hierophant:HolyVerse","floor":1},{"not_picked":["hierophant:DisplayOfPower","hierophant:Alms"],"picked":"hierophant:Purify","floor":4},{"not_picked":["hierophant:AuricBeam","hierophant:FlamingChariot"],"picked":"hierophant:SecretStash","floor":5}],"player_experience":200927,"relics_obtained":[],"event_choices":[{"damage_healed":0,"gold_gain":0,"player_choice":"Grow","damage_taken":0,"max_hp_gain":0,"max_hp_loss":0,"event_name":"Living Wall","floor":2,"gold_loss":0,"cards_upgraded":["expansioncontent:Collect"]},{"damage_healed":0,"gold_gain":0,"player_choice":"Paid Gold","damage_taken":0,"relics_obtained":["ReplayFunnel"],"max_hp_gain":0,"max_hp_loss":0,"event_name":"WeMeetAgain","floor":3,"gold_loss":85}],"is_beta":false,"boss_relics":[],"items_purged_floors":[],"is_endless":false,"potions_floor_spawned":[5],"killed_by":"Lagavulin","ascension_level":0}}