{"host":"lts6tz2h67nqtpoe","time":1609537196,"event":{"mods":["AchievementEnabler","BaseMod","Colored Powertips","Downfall","Googly Eyes","Minty Spire (QoL Compilation)","Permanent Neow","Quick Restart","Replay The Spire","StSLib"],"gold_per_floor":[116,116,135,39,39,64,64,105,105,85,106,106,106,134,134,231,231,275,0,0,36,78,78,145,145,216,287,287,339,339,388,388,516,516,556,73,73,110,194,194,34,74,98,150,201,201,255,255,255,277,297],"floor_reached":52,"playtime":3209,"items_purged":[],"score":1912,"play_id":"ead27df4-081b-4571-bccc-ce4f5a692fe2","local_time":"20210101133956","is_ascension_mode":true,"campfire_choices":[{"floor":7,"key":"REST"},{"floor":13,"key":"REST"},{"data":"Venomology","floor":15,"key":"SMITH"},{"data":"ReplayTheSpireMod:Scrap Shanks","floor":23,"key":"SMITH"},{"data":"Neutralize","floor":25,"key":"SMITH"},{"data":"Tools of the Trade","floor":28,"key":"SMITH"},{"floor":32,"key":"DIG"},{"data":"Night Terror","floor":40,"key":"SMITH"},{"data":"A Thousand Cuts","floor":46,"key":"SMITH"},{"data":"Finisher","floor":49,"key":"SMITH"}],"circlet_count":0,"master_deck":["AscendersBane","Strike_G","Strike_G","Strike_G","Strike_G","Strike_G","Defend_G","Defend_G","Defend_G","Defend_G","Defend_G","Survivor","Neutralize+1","Masterful Stab","ReplayTheSpireMod:Scrap Shanks+1","expansioncontent:DonusPower","Tools of the Trade+1","Finisher+1","Venomology+1","Burst","Delirium","Tools of the Trade+1","Accuracy+1","Backstab","Night Terror+1","Decay","ReplayTheSpireMod:Faulty Equipment","A Thousand Cuts+1","Eviscerate","Survey Options"],"relics":["WristBlade","Meat on the Bone","Replay:Bandana","Tough Bandages","Blood Vial","Snecko Scales","Ornamental Fan","ReplayTheSpireMod:Ring of Collecting","Ring of Misfortune","Bottled Lightning","HornCleat","Omamori","Byrd Skull","Bronze Scales","Replay:Ancient Bell","Regal Pillow","ReplayTheSpireMod:Shallot","Counterbalance","FossilizedHelix","CaptainsWheel","Juzu Bracelet","Bag of Preparation","ReplayTheSpireMod:Ring of Exchange","Strawberry","Replay:WaspNest"],"acts_visited":["Exordium","TheCity","TheBeyond"],"potions_floor_usage":[16,16,16,21,22,24,27,27,29,31,33,38,39,42,42,42,42,44,44,47,47,50,50,50,50,50,50,50,51],"damage_taken":[{"damage":0,"enemies":"Small Slimes","floor":1,"turns":4},{"damage":0,"enemies":"Cultist","floor":3,"turns":4},{"damage":37,"enemies":"3 Sentries","floor":6,"turns":9},{"damage":20,"enemies":"Lagavulin","floor":8,"turns":7},{"damage":7,"enemies":"2 Louse","floor":11,"turns":2},{"damage":6,"enemies":"Exordium Wildlife","floor":14,"turns":3},{"damage":41,"enemies":"The Guardian","floor":16,"turns":9},{"damage":0,"enemies":"Spheric Guardian","floor":18,"turns":2},{"damage":0,"enemies":"2 Thieves","floor":21,"turns":3},{"damage":0,"enemies":"Centurion and Healer","floor":22,"turns":3},{"damage":0,"enemies":"Book of Stabbing","floor":24,"turns":3},{"damage":0,"enemies":"Gremlin Leader","floor":27,"turns":3},{"damage":0,"enemies":"Cultist and Chosen","floor":29,"turns":2},{"damage":0,"enemies":"Snake Plant","floor":31,"turns":3},{"damage":0,"enemies":"Champ","floor":33,"turns":5},{"damage":0,"enemies":"3 Shapes","floor":35,"turns":3},{"damage":0,"enemies":"3 Darklings","floor":38,"turns":4},{"damage":0,"enemies":"2 Orb Walkers","floor":39,"turns":3},{"damage":0,"enemies":"R_Hoarder","floor":42,"turns":7},{"damage":0,"enemies":"Giant Head","floor":44,"turns":4},{"damage":0,"enemies":"Writhing Mass","floor":45,"turns":4},{"damage":0,"enemies":"Transient","floor":47,"turns":6},{"damage":0,"enemies":"Replay:Hell Engine","floor":50,"turns":5},{"damage":0,"enemies":"Awakened One","floor":51,"turns":8}],"seed_played":"3023673036772927233","potions_obtained":[{"floor":8,"key":"Energy Potion"},{"floor":10,"key":"LiquidBronze"},{"floor":16,"key":"Elixir"},{"floor":18,"key":"Guardian:BlockOnCardUsePotion"},{"floor":21,"key":"LiquidMemories"},{"floor":39,"key":"FearPotion"},{"floor":45,"key":"FearPotion"},{"floor":47,"key":"champ:CounterPotion"}],"is_trial":false,"path_per_floor":["M","?","M","$","?","E","R","E","T","?","M","$","R","M","R","B",null,"M","$","?","M","M","R","E","R","T","E","R","M","?","M","R","B",null,"M","$","?","M","?","R","$","E","T","E","M","R","M","?","R","B","B",null],"character_chosen":"THE_SILENT","items_purchased":["expansioncontent:DonusPower","Ornamental Fan","FossilizedHelix","AttackPotion","hexamod:EctoCoolerPotion","Juzu Bracelet"],"campfire_rested":2,"item_purchase_floors":[4,19,36,36,36,41],"current_hp_per_floor":[59,59,59,59,54,29,48,40,40,40,35,35,54,50,50,23,55,57,57,57,59,61,61,63,63,63,65,65,66,66,66,66,66,66,66,66,66,66,66,66,66,66,73,73,73,73,73,73,73,73,73],"gold":297,"neow_bonus":"BOSS_RELIC","is_daily":false,"chose_seed":false,"campfire_upgraded":7,"win_rate":0.0,"timestamp":1609537196,"path_taken":["M","?","M","$","?","E","R","E","T","?","M","$","R","?","R","BOSS","M","$","?","M","M","R","E","R","T","E","R","M","?","M","R","BOSS","M","$","?","?","?","R","?","E","T","E","M","R","M","?","R","BOSS","BOSS"],"items_purchased_type":["Card","Relic","Relic","Potion","Potion","Relic"],"build_version":"2020-12-22","purchased_purges":0,"victory":true,"max_hp_per_floor":[66,66,66,66,66,66,66,66,66,66,66,66,66,66,66,66,66,66,66,66,66,66,66,66,66,66,66,66,66,66,66,66,66,66,66,66,66,66,66,66,66,66,73,73,73,73,73,73,73,73,73],"card_choices":[{"not_picked":["Backflip","Finisher"],"picked":"Masterful Stab","floor":1},{"not_picked":["Flying Knee","Hidden Blade"],"picked":"ReplayTheSpireMod:Scrap Shanks","floor":3},{"not_picked":["Underhanded Strike","ReplayTheSpireMod:Tripwire"],"picked":"Tools of the Trade","floor":6},{"not_picked":["Flying Knee","PiercingWail"],"picked":"Finisher","floor":8},{"not_picked":["Prepared","Sucker Punch"],"picked":"Venomology","floor":11},{"not_picked":["Hidden Blade","Deflect","PiercingWail"],"picked":"SKIP","floor":14},{"not_picked":["A Thousand Cuts","Die Die Die"],"picked":"Burst","floor":16},{"not_picked":["Backflip","Outmaneuver","Bane"],"picked":"SKIP","floor":18},{"not_picked":["Dagger Throw","Blade Dance"],"picked":"Tools of the Trade","floor":21},{"not_picked":["Flying Knee","Deflect","Hidden Blade+1"],"picked":"SKIP","floor":22},{"not_picked":["Quick Slash","Backflip","Sucker Punch+1"],"picked":"SKIP","floor":24},{"not_picked":["Doppelganger","Setup","Sneak Up"],"picked":"SKIP","floor":27},{"not_picked":["Backflip","Backstab+1"],"picked":"Accuracy+1","floor":29},{"not_picked":["Flying Knee+1","Hidden Blade+1"],"picked":"Backstab","floor":31},{"not_picked":["Poison Darts","Atom Bomb"],"picked":"Night Terror","floor":33},{"not_picked":["Amnesia","Shame"],"picked":"CurseOfTheBell","floor":34},{"not_picked":["Spreading Infection","Shame"],"picked":"Decay","floor":34},{"not_picked":["Guardian:Aged","Sickly"],"picked":"ReplayTheSpireMod:Faulty Equipment","floor":34},{"not_picked":["Dodge and Roll","Footwork+1","Corpse Explosion"],"picked":"SKIP","floor":35},{"not_picked":["Deflect","Prepared","Cloak And Dagger+1"],"picked":"SKIP","floor":38},{"not_picked":["Outmaneuver+1","Sucker Punch","Crippling Poison"],"picked":"SKIP","floor":42},{"not_picked":["Flying Knee","Quick Slash"],"picked":"A Thousand Cuts","floor":44},{"not_picked":["Dodge and Roll+1","Well Laid Plans"],"picked":"Eviscerate","floor":45},{"not_picked":["Quick Slash","Dodge and Roll+1","Hidden Blade"],"picked":"SKIP","floor":47},{"not_picked":["expansioncontent:SuperHexaguard","Replay:Sssssssssstrike"],"picked":"Survey Options","floor":48}],"player_experience":303757,"relics_obtained":[{"floor":6,"key":"Replay:Bandana"},{"floor":8,"key":"Tough Bandages"},{"floor":9,"key":"Blood Vial"},{"floor":20,"key":"ReplayTheSpireMod:Ring of Collecting"},{"floor":20,"key":"Ring of Misfortune"},{"floor":24,"key":"Bottled Lightning"},{"floor":26,"key":"HornCleat"},{"floor":27,"key":"Omamori"},{"floor":32,"key":"Bronze Scales"},{"floor":39,"key":"CaptainsWheel"},{"floor":42,"key":"Bag of Preparation"},{"floor":43,"key":"ReplayTheSpireMod:Ring of Exchange"},{"floor":43,"key":"Strawberry"},{"floor":44,"key":"Replay:WaspNest"}],"event_choices":[{"damage_healed":0,"gold_gain":0,"player_choice":"Ignored","damage_taken":0,"max_hp_gain":0,"max_hp_loss":0,"event_name":"Shining Light","floor":2,"gold_loss":0},{"damage_healed":0,"gold_gain":0,"player_choice":"Success","damage_taken":5,"relics_obtained":["Meat on the Bone"],"max_hp_gain":0,"max_hp_loss":0,"event_name":"Scrap Ooze","floor":5,"gold_loss":0},{"damage_healed":0,"gold_gain":0,"player_choice":"Bought 1 Potion","damage_taken":0,"max_hp_gain":0,"max_hp_loss":0,"event_name":"The Woman in Blue","floor":10,"gold_loss":0},{"damage_healed":0,"gold_gain":0,"player_choice":"Upgraded","damage_taken":0,"max_hp_gain":0,"max_hp_loss":0,"event_name":"Upgrade Shrine","floor":37,"gold_loss":0,"cards_upgraded":["Tools of the Trade"]},{"damage_healed":0,"gold_gain":0,"player_choice":"Fight","damage_taken":0,"max_hp_gain":0,"max_hp_loss":0,"event_name":"Mysterious Sphere","floor":39,"gold_loss":0},{"damage_healed":0,"gold_gain":0,"player_choice":"Memory 1","damage_taken":0,"max_hp_gain":0,"max_hp_loss":0,"event_name":"SensoryStone","floor":48,"gold_loss":0}],"is_beta":false,"boss_relics":[{"not_picked":["Astrolabe","Empty Cage"],"picked":"Snecko Scales"},{"not_picked":["Snecko Eye","Runic Pyramid"],"picked":"Replay:Ancient Bell"},{"not_picked":["ReplayTheSpireMod:Lightbulb","Replay:Rubber Ducky"],"picked":"Regal Pillow"},{"not_picked":["Mummified Hand","Chameleon Ring"],"picked":"ReplayTheSpireMod:Shallot"},{"not_picked":["Lizard Tail","Gambling Chip"],"picked":"Counterbalance"}],"items_purged_floors":[],"is_endless":false,"potions_floor_spawned":[8,14,16,18,21,33,39,42,45,47],"ascension_level":20}}