{"host":"htqwg582tjjtn9p7","time":1609500973,"event":{"mods":["2.2 Compatiblity","AchievementEnabler","Act Like it!","Aspiration","BaseMod","Better Third Choice","Colored Map","Conspire","Curses Come First","Displayed Cursed Tome","Energized Spire","Force Act Four","GifTheSpireLib","Hermit","Highlight Path","JesterMod","Mad Scientist","Minty Spire (QoL Compilation)","Pale of the Ancients","Permanent Neow","Random Character Button","Relic Stats","Replay The Spire","Robot Space Explorer","Somnambulant","Spicy Shops","Spikes Relics","StSLib","Stuff the Spire","The Blue Laboratory","The Disciple","The Dragon Tamer","The Forsaken","The Gatherer","The Judge","The Jungle","The Marked","The Runesmith","The Servant 0.9.4"],"gold_per_floor":[115,126,126,126,151,185,185,185,210,245,245,289,289,289,289,410,410,430,443,443,443,443,443,478,303,351,351,351,351],"floor_reached":28,"playtime":912,"items_purged":["Shame","theMarked:Strike"],"score":288,"play_id":"c3be6153-f379-4015-8820-63df310dfaa7","local_time":"20210101123613","is_ascension_mode":true,"campfire_choices":[{"floor":7,"key":"REST"},{"floor":11,"key":"REST"},{"floor":13,"key":"REST"},{"data":"theMarked:Indomitable","floor":15,"key":"SMITH"},{"floor":23,"key":"REST"},{"floor":27,"key":"REST"}],"circlet_count":0,"master_deck":["theMarked:Strike","theMarked:Strike","theMarked:Strike","theMarked:Strike","theMarked:Defend","theMarked:Defend","theMarked:Defend","theMarked:Defend","theMarked:SoldierOfQuellstein","theMarked:MagicAdept","theMarked:Indomitable+1","theMarked:Seal","theMarked:GodGivenPower+1","theMarked:EnhanceMovement","theMarked:ElementalBlade","theMarked:Panic+1","theMarked:SoldierForm","theMarked:Electrify","theMarked:ComboAttacks","theMarked:ParalyzingBlade"],"relics":["theMarked:ArtifactOfAir","Golden Idol","Replay:WaspNest","ReplayFunnel","Bird Faced Urn","Bronze Scales","Velvet Choker","Tiny Chest","Vajra"],"acts_visited":["Exordium","TheCity"],"potions_floor_usage":[16,28],"damage_taken":[{"damage":12,"enemies":"Jaw Worm","floor":1,"turns":5},{"damage":1,"enemies":"conspire:RoseBush","floor":2,"turns":4},{"damage":2,"enemies":"Small Slimes","floor":5,"turns":5},{"damage":36,"enemies":"Gremlin Nob","floor":6,"turns":5},{"damage":22,"enemies":"3 Sentries","floor":10,"turns":8},{"damage":33,"enemies":"Gremlin Nob","floor":12,"turns":4},{"damage":20,"enemies":"Hexaghost","floor":16,"turns":9},{"damage":33,"enemies":"Chosen","floor":18,"turns":5},{"damage":26,"enemies":"Shell Parasite","floor":19,"turns":6},{"damage":34,"enemies":"Replay:Snechameleon","floor":24,"turns":5},{"damage":11,"enemies":"conspire:SneckoGhost","floor":28,"turns":3}],"seed_played":"5221486932044259112","potions_obtained":[{"floor":5,"key":"blueLaboratory:AbyssPotion"},{"floor":12,"key":"blueLaboratory:FrostheartPotion"},{"floor":18,"key":"blueLaboratory:PhilterOfMotion"}],"is_trial":false,"path_per_floor":["M","M","?","?","M","E","R","?","T","E","R","E","R","?","R","B",null,"M","M","?","?","?","R","E","$","T","R","E"],"character_chosen":"THE_DEFAULT","items_purchased":[],"campfire_rested":5,"item_purchase_floors":[],"current_hp_per_floor":[58,57,57,64,62,26,45,45,45,23,42,11,30,30,30,12,65,34,14,14,14,14,33,3,3,3,22,13,13],"gold":351,"neow_bonus":"ONE_RANDOM_RARE_CARD","is_daily":false,"chose_seed":false,"campfire_upgraded":1,"win_rate":0.0,"timestamp":1609500973,"path_taken":["M","M","?","?","?","E","R","?","T","E","R","E","R","?","R","BOSS","M","M","?","?","?","R","E","$","T","R","E"],"items_purchased_type":[],"build_version":"2020-12-22","purchased_purges":2,"victory":false,"max_hp_per_floor":[70,70,65,65,65,65,65,65,65,65,65,65,65,65,65,65,65,65,65,65,65,65,65,65,65,65,65,65,65],"relic_stats":{"counters":[11,59],"Golden Idol":66,"Bird Faced Urn":[18],"Bronze Scales":[109],"Tiny Chest":0,"obtain_stats":[{"ReplayFunnel":9,"theMarked:ArtifactOfAir":0,"Golden Idol":3,"Bird Faced Urn":10,"Bronze Scales":12,"Velvet Choker":17,"Vajra":26,"Tiny Chest":24,"Replay:WaspNest":6},{"ReplayFunnel":4,"theMarked:ArtifactOfAir":0,"Golden Idol":2,"Bird Faced Urn":5,"Bronze Scales":6,"Velvet Choker":7,"Vajra":10,"Tiny Chest":10,"Replay:WaspNest":4},{"ReplayFunnel":19,"theMarked:ArtifactOfAir":0,"Golden Idol":9,"Bird Faced Urn":27,"Bronze Scales":31,"Velvet Choker":40,"Vajra":56,"Tiny Chest":56,"Replay:WaspNest":19}]},"card_choices":[{"not_picked":["theMarked:Parkour","theMarked:Seal"],"picked":"theMarked:Indomitable","floor":1},{"not_picked":["theMarked:Parry","theMarked:Overthink"],"picked":"theMarked:Seal","floor":2},{"not_picked":["theMarked:Overthink","theMarked:Improvise"],"picked":"theMarked:GodGivenPower","floor":5},{"not_picked":["theMarked:ElementalBlade","theMarked:WastefulAttack"],"picked":"theMarked:EnhanceMovement","floor":6},{"not_picked":["theMarked:Frustration","theMarked:RepellingDischarge"],"picked":"theMarked:ElementalBlade","floor":10},{"not_picked":["theMarked:Seal","theMarked:SuspiciousRaven"],"picked":"theMarked:Polarize","floor":12},{"not_picked":["theMarked:DispelDoubt","theMarked:UnarmedFury"],"picked":"theMarked:SoldierForm","floor":16},{"not_picked":["theMarked:ShockingTouch","theMarked:WardOff"],"picked":"theMarked:Electrify","floor":18},{"not_picked":["theMarked:WastefulAttack+1","theMarked:EmpowerWeapon"],"picked":"theMarked:ComboAttacks","floor":19},{"not_picked":["theMarked:ResourceFulStrike","theMarked:Abjuration"],"picked":"theMarked:ParalyzingBlade","floor":24}],"player_experience":1851879,"relics_obtained":[{"floor":6,"key":"Replay:WaspNest"},{"floor":9,"key":"ReplayFunnel"},{"floor":10,"key":"Bird Faced Urn"},{"floor":12,"key":"Bronze Scales"},{"floor":24,"key":"Tiny Chest"},{"floor":26,"key":"Vajra"}],"event_choices":[{"damage_healed":0,"gold_gain":0,"player_choice":"Lose Max HP","damage_taken":0,"relics_obtained":["Golden Idol"],"max_hp_gain":0,"max_hp_loss":5,"event_name":"Golden Idol","floor":3,"gold_loss":0},{"damage_healed":0,"gold_gain":0,"player_choice":"Ignored","damage_taken":0,"max_hp_gain":0,"max_hp_loss":0,"event_name":"Vampires","floor":21,"gold_loss":0}],"is_beta":false,"boss_relics":[{"not_picked":["Astrolabe","aspiration:FutureDiary"],"picked":"Velvet Choker"}],"items_purged_floors":[25,25],"is_endless":false,"potions_floor_spawned":[5,12,18],"killed_by":"conspire:SneckoGhost","ascension_level":3}}