{"host":"iajupulv8i19r34s","time":1609526601,"event":{"mods":["2.2 Compatiblity","BaseMod","Bestiary","Better Altar","Better Match","Better Note","Better Sensory Stone","Better Skull","Better Third Choice","Better-Laid Plans","BetterRewards","Block Reminder","Colored Powertips","Custom Start","Defuse TimeMaze Blight","Emptier Cage","Gremlin Skip","Hermit","Highlight Path","Minty Spire (QoL Compilation)","Permanent Neow","Random Character Button","Rare Cards Sparkle","Relic Sorter","Relic Stats","StSLib","Synergy Search","The Hierophant","everything is the same but u backflip on backflip"],"gold_per_floor":[117,135,192,192,228,228,283,210,262,18,18,70,70,113,113,239,239,277,115,115,115,115,115,168,168,168,218,63,63,63,89,89,215,215,253,7,71,106,203,258,258,22,22,78,78,78,78,78,78,128],"floor_reached":51,"playtime":3310,"items_purged":["hermit:OverwhelmingPower"],"score":741,"play_id":"1bd24c84-f836-4c6c-9212-fcd7ab33f914","local_time":"20210101134321","is_ascension_mode":false,"campfire_choices":[{"data":"hermit:Maintenance","floor":6,"key":"SMITH"},{"data":"hermit:Brawl","floor":11,"key":"SMITH"},{"data":"HandOfGreed","floor":13,"key":"SMITH"},{"data":"hermit:Quickdraw","floor":15,"key":"SMITH"},{"data":"hermit:ShadowCloak","floor":23,"key":"SMITH"},{"data":"hermit:FatalDesire","floor":25,"key":"SMITH"},{"data":"hermit:Reprieve","floor":29,"key":"SMITH"},{"floor":32,"key":"REST"},{"data":"hermit:FlashPowder","floor":41,"key":"SMITH"},{"data":"hermit:FlashPowder","floor":45,"key":"SMITH"},{"data":"1","floor":46,"key":"LIFT"},{"data":"hermit:ShadowCloak","floor":49,"key":"SMITH"}],"circlet_count":0,"master_deck":["hermit:Strike_Hermit","hermit:Strike_Hermit","hermit:Strike_Hermit","hermit:Strike_Hermit","hermit:Defend_Hermit","hermit:Defend_Hermit","hermit:Defend_Hermit+1","hermit:Defend_Hermit","hermit:Snapshot","hermit:Covet","hermit:Glare+1","hermit:Maintenance+1","HandOfGreed+1","hermit:Brawl+1","hermit:Quickdraw+1","hermit:FatalDesire+1","Bandage Up","hermit:ShadowCloak+1","Writhe","hermit:Reprieve+1","hermit:Quickdraw","hermit:FlashPowder+1","hermit:Dive+1","hermit:CursedWeapon+1","hermit:ShadowCloak+1","Bandage Up","Writhe","hermit:FlashPowder+1"],"relics":["hermit:Momento","hermit:BartenderGlass","War Paint","betterAltar:BloodRelic","Shuriken","Juzu Bracelet","Oddly Smooth Stone","hermit:RyeStalk","Pocketwatch","Pear","Strange Spoon","Enchiridion","Happy Flower","Cursed Key","Question Card","WingedGreaves","Centennial Puzzle","Lizard Tail","Girya"],"acts_visited":["Exordium","TheCity","TheBeyond"],"potions_floor_usage":[27,27,27,33,33,35,35,39,39,39,44,44,44,50,50,50,50,50],"damage_taken":[{"damage":2,"enemies":"Small Slimes","floor":1,"turns":3},{"damage":0,"enemies":"2 Louse","floor":2,"turns":4},{"damage":0,"enemies":"Jaw Worm","floor":5,"turns":2},{"damage":14,"enemies":"Gremlin Nob","floor":7,"turns":3},{"damage":10,"enemies":"Lagavulin","floor":12,"turns":7},{"damage":8,"enemies":"Blue Slaver","floor":14,"turns":4},{"damage":39,"enemies":"The Guardian","floor":16,"turns":9},{"damage":19,"enemies":"Spheric Guardian","floor":18,"turns":5},{"damage":52,"enemies":"Book of Stabbing","floor":24,"turns":9},{"damage":14,"enemies":"Gremlin Leader","floor":27,"turns":13},{"damage":11,"enemies":"Champ","floor":33,"turns":11},{"damage":15,"enemies":"3 Darklings","floor":35,"turns":8},{"damage":15,"enemies":"3 Shapes","floor":37,"turns":6},{"damage":6,"enemies":"Maw","floor":38,"turns":9},{"damage":48,"enemies":"2 Orb Walkers","floor":39,"turns":6},{"damage":27,"enemies":"Giant Head","floor":40,"turns":13},{"damage":49,"enemies":"Reptomancer","floor":44,"turns":9},{"damage":47,"enemies":"Awakened One","floor":50,"turns":16}],"seed_played":"-924710189011373283","potions_obtained":[{"floor":2,"key":"ColorlessPotion"},{"floor":5,"key":"Dexterity Potion"},{"floor":7,"key":"CultistPotion"},{"floor":16,"key":"Regen Potion"},{"floor":27,"key":"PowerPotion"},{"floor":39,"key":"SteroidPotion"},{"floor":44,"key":"DuplicationPotion"}],"is_trial":false,"path_per_floor":["M","M","?","?","M","R","E","$","T","$","R","E","R","M","R","B",null,"M","$","?","?","?","R","E","R","T","E","$","R","?","T","R","B",null,"M","$","M","M","?","E","R","$","T","E","R","R","?","?","R","B",null],"character_chosen":"HERMIT","items_purchased":["hermit:Brawl","Shuriken","Bandage Up","hermit:ShadowCloak","Strange Spoon","Question Card","hermit:ShadowCloak","Bandage Up"],"campfire_rested":1,"item_purchase_floors":[8,10,19,19,28,36,42,42],"current_hp_per_floor":[73,73,73,73,73,73,59,59,59,59,59,51,51,45,45,8,75,56,56,56,56,56,56,10,10,10,61,61,61,45,45,70,85,85,85,85,85,85,49,52,52,52,52,33,33,33,33,9,9,54],"gold":128,"neow_bonus":"","is_daily":false,"chose_seed":false,"campfire_upgraded":10,"win_rate":0.0,"timestamp":1609526601,"path_taken":["M","M","?","?","M","R","E","$","T","$","R","E","R","M","R","BOSS","M","$","?","?","?","R","E","R","T","E","$","R","?","?","R","BOSS","M","$","M","M","?","E","R","$","T","E","R","R","?","?","R","BOSS"],"items_purchased_type":["Card","Relic","Card","Card","Relic","Relic","Card","Card"],"build_version":"2020-12-22","purchased_purges":1,"victory":true,"max_hp_per_floor":[75,75,75,75,75,75,75,75,75,75,75,75,75,75,75,75,75,75,75,75,75,75,75,75,75,75,85,85,85,85,85,85,85,85,85,85,85,85,85,85,85,85,85,85,85,85,85,85,85,85],"relic_stats":{"Strange Spoon":[35],"Centennial Puzzle":[6],"Lizard Tail":42,"Happy Flower":[26],"counters":[18,137],"Shuriken":[16],"Juzu Bracelet":0,"War Paint":["hermit:Defend_Hermit","hermit:Glare"],"Cursed Key":1,"Question Card":5,"obtain_stats":[{"Girya":44,"Pear":27,"Happy Flower":31,"betterAltar:BloodRelic":48,"Oddly Smooth Stone":22,"Enchiridion":30,"Juzu Bracelet":12,"War Paint":7,"Cursed Key":34,"Question Card":36,"Blood Vial":9,"hermit:RyeStalk":24,"Strange Spoon":28,"Centennial Puzzle":40,"Lizard Tail":43,"Shuriken":10,"hermit:BartenderGlass":17,"WingedGreaves":39,"hermit:Momento":0,"Pocketwatch":26},{"Girya":17,"Pear":10,"Happy Flower":10,"betterAltar:BloodRelic":17,"Oddly Smooth Stone":8,"Enchiridion":10,"Juzu Bracelet":5,"War Paint":4,"Cursed Key":11,"Question Card":12,"Blood Vial":4,"hermit:RyeStalk":9,"Strange Spoon":10,"Centennial Puzzle":16,"Lizard Tail":16,"Shuriken":4,"hermit:BartenderGlass":7,"WingedGreaves":15,"hermit:Momento":0,"Pocketwatch":9},{"Girya":121,"Pear":59,"Happy Flower":59,"betterAltar:BloodRelic":121,"Oddly Smooth Stone":37,"Enchiridion":59,"Juzu Bracelet":19,"War Paint":12,"Cursed Key":70,"Question Card":78,"Blood Vial":12,"hermit:RyeStalk":46,"Strange Spoon":59,"Centennial Puzzle":112,"Lizard Tail":112,"Shuriken":12,"hermit:BartenderGlass":32,"WingedGreaves":99,"hermit:Momento":0,"Pocketwatch":46}],"Pocketwatch":[32]},"card_choices":[{"not_picked":["hermit:TrackingShot","hermit:BodyArmor"],"picked":"hermit:Glare","floor":1},{"not_picked":["hermit:Headshot","hermit:Feint"],"picked":"hermit:Maintenance","floor":2},{"not_picked":["Dramatic Entrance","Sadistic Nature"],"picked":"HandOfGreed","floor":4},{"not_picked":["hermit:Desperado","hermit:Coalescence","hermit:Ricochet"],"picked":"SKIP","floor":5},{"not_picked":["hermit:CalledShot","hermit:Headshot","hermit:LowProfile"],"picked":"SKIP","floor":7},{"not_picked":["hermit:GoldenBullet","hermit:TrackingShot","hermit:DeadMansHand"],"picked":"SKIP","floor":12},{"not_picked":["hermit:Desperado","hermit:ItchyTrigger"],"picked":"hermit:Quickdraw","floor":14},{"not_picked":["hermit:Magnum","hermit:FromBeyond"],"picked":"hermit:FatalDesire","floor":16},{"not_picked":["hermit:WideOpen","hermit:HoleUp+1","hermit:Roulette+1"],"picked":"SKIP","floor":18},{"not_picked":["hermit:Feint","hermit:LowProfile"],"picked":"hermit:Reprieve","floor":24},{"not_picked":["hermit:Midnight","hermit:DeadMansHand+1","hermit:Malice"],"picked":"SKIP","floor":27},{"not_picked":["hermit:WideOpen+1","hermit:CalledShot+1"],"picked":"hermit:Quickdraw","floor":35},{"not_picked":["hermit:Enervate","hermit:BigShot","hermit:Desperado+1"],"picked":"hermit:OverwhelmingPower","floor":37},{"not_picked":["hermit:BigShot+1","hermit:ItchyTrigger","hermit:WideOpen+1"],"picked":"hermit:FlashPowder","floor":38},{"not_picked":["hermit:Misfire+1","hermit:Desperado+1","hermit:Vantage+1"],"picked":"hermit:Dive+1","floor":39},{"not_picked":["hermit:LowProfile+1","hermit:TakeCover","hermit:Enervate+1"],"picked":"hermit:CursedWeapon+1","floor":40},{"not_picked":["hermit:Gambit","hermit:Enervate","hermit:Misfire"],"picked":"hermit:FlashPowder","floor":44}],"player_experience":0,"relics_obtained":[{"floor":7,"key":"War Paint"},{"floor":9,"key":"Blood Vial"},{"floor":12,"key":"Juzu Bracelet"},{"floor":24,"key":"hermit:RyeStalk"},{"floor":26,"key":"Pocketwatch"},{"floor":27,"key":"Pear"},{"floor":30,"key":"Enchiridion"},{"floor":31,"key":"Happy Flower"},{"floor":39,"key":"WingedGreaves"},{"floor":40,"key":"Centennial Puzzle"},{"floor":43,"key":"Lizard Tail"},{"floor":44,"key":"Girya"}],"event_choices":[{"damage_healed":0,"gold_gain":57,"player_choice":"Gained Gold","damage_taken":0,"max_hp_gain":0,"max_hp_loss":0,"event_name":"Golden Wing","floor":3,"gold_loss":0},{"damage_healed":0,"gold_gain":1,"player_choice":"1","damage_taken":0,"max_hp_gain":0,"max_hp_loss":0,"event_name":"betterStone:BetterStone","floor":4,"gold_loss":0},{"cards_removed":["HandOfGreed"],"damage_healed":0,"gold_gain":0,"player_choice":"Give","damage_taken":0,"max_hp_gain":0,"max_hp_loss":0,"event_name":"betterNote:BetterNote","floor":20,"gold_loss":0,"cards_obtained":["None"]},{"damage_healed":0,"gold_gain":0,"player_choice":"Ignored","damage_taken":0,"max_hp_gain":0,"max_hp_loss":0,"event_name":"Beggar","floor":21,"gold_loss":0},{"damage_healed":0,"gold_gain":0,"player_choice":"Opened","damage_taken":0,"relics_obtained":["Oddly Smooth Stone"],"max_hp_gain":0,"max_hp_loss":0,"event_name":"The Mausoleum","floor":22,"gold_loss":0,"cards_obtained":["Writhe"]},{"damage_healed":0,"gold_gain":0,"player_choice":"Obtained Book","damage_taken":16,"max_hp_gain":0,"max_hp_loss":0,"event_name":"Cursed Tome","floor":30,"gold_loss":0},{"damage_healed":0,"gold_gain":0,"player_choice":"Fight","damage_taken":0,"max_hp_gain":0,"max_hp_loss":0,"event_name":"Mysterious Sphere","floor":39,"gold_loss":0},{"damage_healed":0,"gold_gain":0,"player_choice":"Ignored","damage_taken":0,"max_hp_gain":0,"max_hp_loss":0,"event_name":"The Moai Head","floor":47,"gold_loss":0},{"damage_healed":0,"gold_gain":0,"player_choice":"Random: Violet","damage_taken":0,"max_hp_gain":0,"max_hp_loss":0,"event_name":"betterThird:BetterPortal","floor":48,"gold_loss":0},{"damage_healed":0,"gold_gain":0,"player_choice":" RottenVial Potion ","damage_taken":24,"relics_obtained":["betterAltar:BloodRelic"],"max_hp_gain":33,"max_hp_loss":9,"event_name":"betterAltar:BetterAltar","floor":48,"potions_obtained":["betterAltar:AltarPotion"],"relics_lost":["Blood Vial"],"gold_loss":0}],"is_beta":false,"boss_relics":[{"not_picked":["Runic Pyramid","Coffee Dripper"],"picked":"hermit:BartenderGlass"},{"not_picked":["Busted Crown","Velvet Choker"],"picked":"Cursed Key"}],"items_purged_floors":[42],"is_endless":false,"potions_floor_spawned":[2,5,7,14,16,27,39,44],"ascension_level":0}}