{"host":"m77rrhbqzv44va4v","time":1609470896,"event":{"mods":["AchievementEnabler","BaseMod","Colored Map","DeckTracker","Keyboard Shortcuts","Minty Spire (QoL Compilation)","StSLib","SuperFastMode","everything is the same but u backflip on backflip"],"gold_per_floor":[113,113,38,51,126,160,160,181,227,527,527,546,589,589,589,589,589],"floor_reached":16,"playtime":232,"items_purged":[],"score":253,"play_id":"75f91600-7b82-4ace-97a4-0fd5d9152c1c","local_time":"20210101121456","is_ascension_mode":true,"campfire_choices":[{"data":"Inflame","floor":7,"key":"SMITH"},{"floor":11,"key":"REST"},{"floor":15,"key":"REST"}],"circlet_count":0,"master_deck":["AscendersBane","Strike_R","Strike_R","Strike_R","Strike_R","Defend_R","Defend_R","Defend_R","Defend_R","Bash","Inflame+1","Wild Strike","Whirlwind","Evolve","Heavy Blade","Second Wind"],"relics":["Burning Blood","NeowsBlessing","Golden Idol","Dream Catcher","Oddly Smooth Stone","Old Coin","Nunchaku","The Courier"],"acts_visited":["Exordium"],"potions_floor_usage":[12],"damage_taken":[{"damage":0,"enemies":"Jaw Worm","floor":1,"turns":1},{"damage":0,"enemies":"Small Slimes","floor":4,"turns":1},{"damage":0,"enemies":"Lagavulin","floor":6,"turns":1},{"damage":6,"enemies":"2 Louse","floor":8,"turns":2},{"damage":16,"enemies":"Large Slime","floor":12,"turns":4},{"damage":22,"enemies":"3 Sentries","floor":13,"turns":8},{"damage":36,"enemies":"The Guardian","floor":16,"turns":4}],"seed_played":"-9141621229506553553","potions_obtained":[{"floor":4,"key":"Fire Potion"},{"floor":8,"key":"Ancient Potion"}],"is_trial":false,"path_per_floor":["M","?","?","M","?","E","R","M","T","?","R","M","E","T","R","B"],"character_chosen":"IRONCLAD","items_purchased":[],"campfire_rested":2,"item_purchase_floors":[],"current_hp_per_floor":[74,48,48,54,43,49,49,49,49,23,45,35,19,19,41,5,5],"gold":589,"neow_bonus":"THREE_ENEMY_KILL","is_daily":false,"chose_seed":false,"campfire_upgraded":1,"win_rate":0.0,"timestamp":1609470896,"path_taken":["M","?","?","M","?","E","R","M","T","?","R","M","E","?","R","BOSS"],"items_purchased_type":[],"build_version":"2020-12-22","purchased_purges":0,"victory":false,"max_hp_per_floor":[75,75,75,75,75,75,75,75,75,75,75,75,75,75,75,75,75],"card_choices":[{"not_picked":["Headbutt","Warcry"],"picked":"Inflame","floor":1},{"not_picked":["Havoc","Searing Blow"],"picked":"Wild Strike","floor":4},{"not_picked":["True Grit","Berserk"],"picked":"Whirlwind","floor":6},{"not_picked":["Intimidate","Burning Pact"],"picked":"Evolve","floor":8},{"not_picked":["Armaments","Body Slam"],"picked":"Heavy Blade","floor":11},{"not_picked":["Sever Soul","Perfected Strike"],"picked":"Second Wind","floor":12},{"not_picked":["Warcry","Iron Wave","Infernal Blade"],"picked":"SKIP","floor":13}],"player_experience":864988,"relics_obtained":[{"floor":6,"key":"Dream Catcher"},{"floor":9,"key":"Oddly Smooth Stone"},{"floor":13,"key":"Nunchaku"},{"floor":14,"key":"The Courier"}],"event_choices":[{"damage_healed":0,"gold_gain":0,"player_choice":"Take Damage","damage_taken":26,"relics_obtained":["Golden Idol"],"max_hp_gain":0,"max_hp_loss":0,"event_name":"Golden Idol","floor":2,"gold_loss":0},{"cards_removed":["Strike_R"],"damage_healed":0,"gold_gain":0,"player_choice":"Card Removal","damage_taken":0,"max_hp_gain":0,"max_hp_loss":0,"event_name":"The Cleric","floor":3,"gold_loss":75},{"damage_healed":0,"gold_gain":75,"player_choice":"Gather Gold","damage_taken":11,"max_hp_gain":0,"max_hp_loss":0,"event_name":"World of Goop","floor":5,"gold_loss":0},{"damage_healed":0,"gold_gain":0,"player_choice":"Success","damage_taken":26,"relics_obtained":["Old Coin"],"max_hp_gain":0,"max_hp_loss":0,"event_name":"Scrap Ooze","floor":10,"gold_loss":0}],"is_beta":false,"boss_relics":[],"items_purged_floors":[],"is_endless":false,"potions_floor_spawned":[4,8],"killed_by":"The Guardian","ascension_level":18}}