{"host":"9pqy5lt7vda52ebm","time":1609530659,"event":{"mods":["BaseMod","Evolution","Minty Spire (QoL Compilation)","Optimize The Spire","Quick Restart","StSLib","The Marked"],"gold_per_floor":[116,134,149,164,176,207,207,233,233,233,250,250,276,294,294,389,389,401,401,413,413,76,106,156,156,182,182,211,225,125,137,137,239,239,251,251,267,142,142,142,173,227,227,0,35,35,64,74,74,74],"floor_reached":51,"playtime":9278,"items_purged":["theMarked:Strike","theMarked:Strike","theMarked:Strike"],"score":1170,"play_id":"188d5765-40e9-45b7-9043-16892589df8a","local_time":"20210101145059","is_ascension_mode":true,"campfire_choices":[{"data":"theMarked:EmpowerWeapon","floor":7,"key":"SMITH"},{"data":"theMarked:SelfDefenseTraining","floor":10,"key":"SMITH"},{"floor":12,"key":"REST"},{"data":"theMarked:Levitate","floor":15,"key":"SMITH"},{"data":"theMarked:Defy","floor":25,"key":"SMITH"},{"data":"theMarked:Defend","floor":27,"key":"SMITH"},{"data":"theMarked:Overcharge","floor":32,"key":"SMITH"},{"data":"theMarked:WardOff","floor":40,"key":"SMITH"},{"data":"theMarked:TwofoldDefense","floor":46,"key":"SMITH"},{"data":"theMarked:Defend","floor":49,"key":"SMITH"}],"circlet_count":0,"master_deck":["theMarked:Strike","theMarked:Strike","theMarked:Defend","theMarked:Defend","theMarked:Defend+1","theMarked:Defend+1","theMarked:SoldierOfQuellstein+1","theMarked:EmpowerWeapon+1","theMarked:WardOff+1","theMarked:TwofoldDefense+1","theMarked:Levitate+1","theMarked:Overcharge+1","theMarked:ParalyzingBlade+1","theMarked:Defy+1","theMarked:ChannelForce+1","Ghostly+1","Ghostly+1","Ghostly+1","Ghostly+1","Ghostly+1","theMarked:Improvise+1","theMarked:Convert+1","theMarked:Convert+1","theMarked:Parry+1"],"relics":["theMarked:ArtifactOfAir","EVO:Axolotl","Happy Flower","theMarked:Gun","Question Card","Toxic Egg 2","SlaversCollar","Singing Bowl","Shuriken","Centennial Puzzle","Potion Belt","theMarked:DemonDagger","Busted Crown","Bottled Lightning","Girya","Pen Nib","Red Mask","Nunchaku","Sundial"],"acts_visited":["Exordium","TheCity","TheBeyond"],"potions_floor_usage":[],"damage_taken":[{"damage":0,"enemies":"Cultist","floor":1,"turns":3},{"damage":2,"enemies":"Jaw Worm","floor":2,"turns":3},{"damage":0,"enemies":"2 Louse","floor":3,"turns":3},{"damage":2,"enemies":"Blue Slaver","floor":4,"turns":5},{"damage":14,"enemies":"Large Slime","floor":5,"turns":6},{"damage":17,"enemies":"Lagavulin","floor":6,"turns":8},{"damage":10,"enemies":"3 Sentries","floor":8,"turns":6},{"damage":0,"enemies":"3 Louse","floor":11,"turns":3},{"damage":10,"enemies":"Gremlin Nob","floor":13,"turns":4},{"damage":0,"enemies":"2 Fungi Beasts","floor":14,"turns":3},{"damage":21,"enemies":"Hexaghost","floor":16,"turns":10},{"damage":0,"enemies":"Spheric Guardian","floor":18,"turns":3},{"damage":3,"enemies":"Shell Parasite","floor":20,"turns":6},{"damage":2,"enemies":"Slavers","floor":23,"turns":6},{"damage":0,"enemies":"Gremlin Leader","floor":28,"turns":5},{"damage":0,"enemies":"Snecko","floor":29,"turns":5},{"damage":1,"enemies":"Shelled Parasite and Fungi","floor":31,"turns":5},{"damage":1,"enemies":"Champ","floor":33,"turns":7},{"damage":1,"enemies":"3 Shapes","floor":35,"turns":5},{"damage":0,"enemies":"Orb Walker","floor":37,"turns":3},{"damage":3,"enemies":"Nemesis","floor":41,"turns":5},{"damage":1,"enemies":"2 Orb Walkers","floor":42,"turns":5},{"damage":1,"enemies":"Giant Head","floor":45,"turns":4},{"damage":0,"enemies":"Reptomancer","floor":47,"turns":5},{"damage":0,"enemies":"Jaw Worm Horde","floor":48,"turns":4},{"damage":1,"enemies":"Time Eater","floor":50,"turns":6}],"seed_played":"6529680796204090014","potions_obtained":[{"floor":2,"key":"SpeedPotion"},{"floor":6,"key":"SkillPotion"},{"floor":8,"key":"SteroidPotion"},{"floor":14,"key":"DistilledChaos"},{"floor":20,"key":"Fire Potion"},{"floor":28,"key":"PowerPotion"},{"floor":29,"key":"DistilledChaos"},{"floor":37,"key":"SpeedPotion"}],"is_trial":false,"path_per_floor":["M","M","M","M","M","E","R","E","T","R","M","R","E","M","R","B",null,"M","?","M","T","$","E","T","R","T","R","E","M","$","M","R","B",null,"M","?","M","$","?","R","E","?","T","?","E","R","E","M","R","B",null],"character_chosen":"THE_DEFAULT","items_purchased":["Singing Bowl"],"campfire_rested":1,"item_purchase_floors":[22],"current_hp_per_floor":[63,61,61,59,45,28,28,18,18,18,18,39,29,29,29,8,55,55,35,32,32,32,30,30,30,30,30,32,34,34,33,33,34,39,40,40,42,42,42,42,39,40,40,40,41,41,43,45,45,44],"gold":74,"neow_bonus":"UPGRADE_CARD","is_daily":false,"chose_seed":false,"campfire_upgraded":9,"win_rate":0.0,"timestamp":1609530659,"path_taken":["M","?","M","M","M","E","R","E","T","R","?","R","E","M","R","BOSS","M","?","M","?","$","E","?","R","T","R","E","?","$","M","R","BOSS","M","?","M","$","?","R","E","?","T","?","E","R","E","M","R","BOSS"],"items_purchased_type":["Relic"],"build_version":"2020-12-22","purchased_purges":3,"victory":true,"max_hp_per_floor":[70,70,70,70,70,70,70,70,70,70,70,70,70,70,70,70,70,70,35,35,35,35,35,35,35,35,35,37,39,39,39,39,41,41,43,41,43,43,43,43,43,45,45,45,47,47,49,51,51,51],"card_choices":[{"not_picked":["theMarked:Static","theMarked:WardOff"],"picked":"theMarked:EmpowerWeapon","floor":1},{"not_picked":["theMarked:WastefulAttack","theMarked:WastefulDefense"],"picked":"theMarked:SelfDefenseTraining","floor":2},{"not_picked":["theMarked:BanishingWave","theMarked:ChainLightning"],"picked":"theMarked:WardOff","floor":3},{"not_picked":["theMarked:PowerFlow","theMarked:Static","theMarked:Frustration"],"picked":"SKIP","floor":4},{"not_picked":["theMarked:PowerFlow","theMarked:Static","theMarked:Frustration"],"picked":"SKIP","floor":4},{"not_picked":["theMarked:Electrocute","theMarked:WastefulAttack"],"picked":"theMarked:TwofoldDefense","floor":5},{"not_picked":["theMarked:WardOff","theMarked:Aftermath"],"picked":"theMarked:ComboAttacks","floor":6},{"not_picked":["theMarked:Frustration","theMarked:DeterminationOfTheMarked"],"picked":"theMarked:Levitate","floor":8},{"not_picked":["theMarked:EmpowerWeapon","theMarked:MysticalArsenal","theMarked:TwofoldDefense"],"picked":"theMarked:Overcharge","floor":11},{"not_picked":["theMarked:RepellingDischarge+1","theMarked:ResourceFulStrike","theMarked:CreepingChasm+1"],"picked":"theMarked:ParalyzingBlade+1","floor":13},{"not_picked":["theMarked:Indomitable+1","theMarked:Frustration","theMarked:ElectricStrings"],"picked":"theMarked:Defy","floor":14},{"not_picked":["theMarked:Abjuration","theMarked:SoldierForm","theMarked:FavorableWinds+1"],"picked":"theMarked:ChannelForce+1","floor":16},{"not_picked":["theMarked:ChainLightning","theMarked:Parkour","theMarked:WastefulAttack","theMarked:Aftermath+1"],"picked":"SKIP","floor":18},{"not_picked":["theMarked:ContemptForTheProud","theMarked:ResourceFulStrike+1","theMarked:Frustration"],"picked":"theMarked:Improvise+1","floor":20},{"not_picked":["theMarked:ElectricStrings+1","theMarked:ChainLightning+1","theMarked:ResourceFulStrike"],"picked":"theMarked:Convert+1","floor":23},{"not_picked":["theMarked:Aftermath+1","theMarked:WastefulDefense+1","theMarked:Static+1","theMarked:UnarmedFury"],"picked":"Singing Bowl","floor":28},{"not_picked":["theMarked:EmpowerWeapon+1","theMarked:KeepCalmAndFightOn+1","theMarked:WardOff+1","theMarked:BanishingWave+1"],"picked":"Singing Bowl","floor":29},{"not_picked":["theMarked:WastefulDefense+1","theMarked:ElementalBlade+1","theMarked:EmpowerWeapon+1"],"picked":"theMarked:Convert+1","floor":31},{"not_picked":["theMarked:MagicAdept","theMarked:DispelDoubt","theMarked:Challenge+1","theMarked:UnarmedFury"],"picked":"Singing Bowl","floor":33},{"not_picked":["theMarked:Parkour","theMarked:LightningStrikesTwice"],"picked":"Singing Bowl","floor":35},{"not_picked":["theMarked:WastefulDefense+1","theMarked:WardOff+1"],"picked":"Singing Bowl","floor":37},{"not_picked":["theMarked:ShockingTouch+1"],"picked":"theMarked:Parry+1","floor":41},{"not_picked":["theMarked:SelfDefenseTraining","theMarked:HeightenedSenses+1"],"picked":"Singing Bowl","floor":42},{"not_picked":["theMarked:BanishingStrike","theMarked:TwofoldDefense+1"],"picked":"Singing Bowl","floor":45},{"not_picked":["theMarked:Frustration+1","theMarked:StartUp"],"picked":"Singing Bowl","floor":47},{"not_picked":["theMarked:ResourceFulStrike","theMarked:Challenge+1"],"picked":"Singing Bowl","floor":48}],"player_experience":406341,"relics_obtained":[{"floor":6,"key":"Happy Flower"},{"floor":8,"key":"theMarked:Gun"},{"floor":9,"key":"Question Card"},{"floor":13,"key":"Toxic Egg 2"},{"floor":23,"key":"Shuriken"},{"floor":24,"key":"Centennial Puzzle"},{"floor":26,"key":"Potion Belt"},{"floor":28,"key":"theMarked:DemonDagger"},{"floor":41,"key":"Bottled Lightning"},{"floor":42,"key":"Girya"},{"floor":43,"key":"Pen Nib"},{"floor":45,"key":"Nunchaku"},{"floor":47,"key":"Sundial"}],"event_choices":[{"damage_healed":0,"gold_gain":0,"player_choice":"Became a Ghost","damage_taken":0,"max_hp_gain":0,"max_hp_loss":35,"event_name":"Ghosts","floor":19,"gold_loss":0,"cards_obtained":["Ghostly","Ghostly","Ghostly","Ghostly","Ghostly"]},{"damage_healed":0,"gold_gain":0,"player_choice":"Max HP","damage_taken":0,"max_hp_gain":0,"max_hp_loss":2,"event_name":"Winding Halls","floor":36,"gold_loss":0},{"cards_removed":["theMarked:SelfDefenseTraining"],"damage_healed":0,"gold_gain":0,"player_choice":"Removed Attack","damage_taken":0,"max_hp_gain":0,"max_hp_loss":0,"event_name":"Falling","floor":39,"gold_loss":0},{"damage_healed":0,"gold_gain":0,"player_choice":"Fight","damage_taken":0,"max_hp_gain":0,"max_hp_loss":0,"event_name":"Mysterious Sphere","floor":42,"gold_loss":0},{"damage_healed":0,"gold_gain":0,"player_choice":"Paid","damage_taken":0,"relics_obtained":["Red Mask"],"max_hp_gain":0,"max_hp_loss":0,"event_name":"Tomb of Lord Red Mask","floor":44,"gold_loss":227}],"is_beta":false,"boss_relics":[{"not_picked":["Philosopher\u0027s Stone","SacredBark"],"picked":"SlaversCollar"},{"not_picked":["Calling Bell","Black Star"],"picked":"Busted Crown"}],"items_purged_floors":[22,30,38],"is_endless":false,"potions_floor_spawned":[2,6,8,13,14,20,28,29,35,37,47,48],"ascension_level":8}}