{"host":"ec09novo68szpe7d","time":1609543878,"event":{"mods":["AchievementEnabler","BaseMod","Bestiary","BetterRewards","Minty Spire (QoL Compilation)","StSLib"],"gold_per_floor":[137,172,172,205,245,276,276,329,355,384,384,384,420,99,99,202,202,218,218,233,92,103,130,55,80,104,120,120,45,45,45,45,45,45],"floor_reached":33,"playtime":1953,"items_purged":["Shame","Strike_R","Strike_R"],"score":581,"play_id":"4afa3ffd-aada-4f9e-bb2a-0a5f9a5929eb","local_time":"20210102003118","is_ascension_mode":true,"campfire_choices":[{"data":"Armaments","floor":7.0,"key":"SMITH"},{"floor":11.0,"key":"REST"},{"floor":15.0,"key":"REST"},{"floor":30,"key":"REST"},{"data":"Armaments","floor":32,"key":"SMITH"}],"circlet_count":0,"master_deck":["Strike_R","Strike_R","Defend_R","Defend_R","Defend_R","True Grit","Hemokinesis","Pommel Strike","HandOfGreed","Inflame","Armaments+1","Limit Break","Battle Trance","Armaments+1","Limit Break","Uppercut","Thunderclap","Heavy Blade+1","Heavy Blade+1","Battle Trance"],"relics":["Burning Blood","Membership Card","Paper Frog","Ginger","CaptainsWheel","Omamori","Bag of Preparation","Bronze Scales","Regal Pillow","Champion Belt","Centennial Puzzle","Orichalcum","Ancient Tea Set","Chemical X","Runic Dome","Strawberry","Anchor","Strange Spoon","Darkstone Periapt","Nilry\u0027s Codex","DollysMirror"],"acts_visited":["Exordium","TheCity"],"potions_floor_usage":[],"damage_taken":[{"damage":0.0,"enemies":"Cultist","floor":1.0,"turns":4.0},{"damage":4.0,"enemies":"2 Louse","floor":2.0,"turns":3.0},{"damage":0.0,"enemies":"Small Slimes","floor":4.0,"turns":2.0},{"damage":4.0,"enemies":"Blue Slaver","floor":5.0,"turns":4.0},{"damage":12.0,"enemies":"Gremlin Nob","floor":6.0,"turns":4.0},{"damage":22.0,"enemies":"3 Sentries","floor":8.0,"turns":6.0},{"damage":30.0,"enemies":"Lagavulin","floor":10.0,"turns":10.0},{"damage":1.0,"enemies":"Exordium Thugs","floor":13.0,"turns":4.0},{"damage":40.0,"enemies":"Hexaghost","floor":16.0,"turns":6.0},{"damage":12,"enemies":"2 Thieves","floor":18,"turns":4},{"damage":9,"enemies":"Chosen","floor":20,"turns":4},{"damage":2,"enemies":"Snecko","floor":22,"turns":4},{"damage":13,"enemies":"Book of Stabbing","floor":23,"turns":4},{"damage":27,"enemies":"Slavers","floor":25,"turns":3},{"damage":0,"enemies":"Snake Plant","floor":27,"turns":2},{"damage":86,"enemies":"Automaton","floor":33,"turns":6}],"seed_played":"1137798608756313432","potions_obtained":[{"floor":6.0,"key":"Fruit Juice"},{"floor":8.0,"key":"Weak Potion"},{"floor":10.0,"key":"SpeedPotion"},{"floor":16.0,"key":"SpeedPotion"}],"is_trial":false,"path_per_floor":["M","M","?","M","M","E","R","E","T","E","R","?","M","$","R","B",null,"M","?","M","$","M","E","$","E","T","M","?","$","R","?","R","B"],"character_chosen":"IRONCLAD","items_purchased":["Membership Card","HandOfGreed","Omamori","Orichalcum","Ancient Tea Set","Chemical X","EntropicBrew","Strawberry","Strange Spoon","DollysMirror"],"campfire_rested":3,"item_purchase_floors":[0,0,0,14,14,14,14,21,24,29],"current_hp_per_floor":[46,48,41,47,49,48,48,32,32,8,48,30,35,35,75,41,74,68,52,49,56,60,53,53,32,32,38,22,22,66,66,66,0,0],"gold":45,"neow_bonus":"","is_daily":false,"chose_seed":false,"campfire_upgraded":2,"win_rate":0.0,"timestamp":1609543878,"path_taken":["M","?","?","M","M","E","R","E","T","E","R","?","M","$","R","BOSS","M","?","M","$","M","E","?","E","T","M","?","$","R","?","R","BOSS"],"items_purchased_type":["Relic","Card","Relic","Relic","Relic","Relic","Potion","Relic","Relic","Relic"],"build_version":"2020-12-22","purchased_purges":3,"victory":false,"max_hp_per_floor":[80,80,80,80,80,85,85,85,85,85,85,85,85,85,85,85,85,85,90,90,97,97,97,97,97,97,97,97,97,97,97,97,97,97],"card_choices":[{"not_picked":["Armaments","Flex"],"picked":"Inflame","floor":1.0},{"not_picked":["Iron Wave","Twin Strike","Wild Strike"],"picked":"SKIP","floor":2.0},{"not_picked":["Headbutt","Cleave","Feel No Pain"],"picked":"SKIP","floor":4.0},{"not_picked":["Rage","Second Wind","Dropkick"],"picked":"SKIP","floor":5.0},{"not_picked":["Body Slam","Warcry"],"picked":"Armaments","floor":6.0},{"not_picked":["Sword Boomerang","Pummel"],"picked":"Limit Break","floor":8.0},{"not_picked":["Pummel","Perfected Strike"],"picked":"Battle Trance","floor":10.0},{"not_picked":["Clothesline","Carnage"],"picked":"Armaments","floor":13.0},{"not_picked":["Corruption","Feed"],"picked":"Limit Break","floor":16.0},{"not_picked":["True Grit","Iron Wave+1","Seeing Red"],"picked":"SKIP","floor":18},{"not_picked":["Body Slam","Clothesline"],"picked":"Uppercut","floor":20},{"not_picked":["Sword Boomerang","Twin Strike"],"picked":"Thunderclap","floor":22},{"not_picked":["Reaper","Thunderclap"],"picked":"Heavy Blade+1","floor":23},{"not_picked":["Second Wind","Sever Soul"],"picked":"Heavy Blade+1","floor":25},{"not_picked":["Headbutt","Rupture","Seeing Red"],"picked":"SKIP","floor":27}],"player_experience":237547,"relics_obtained":[{"floor":6.0,"key":"Bag of Preparation"},{"floor":8.0,"key":"Bronze Scales"},{"floor":9.0,"key":"Regal Pillow"},{"floor":10.0,"key":"Champion Belt"},{"floor":23,"key":"Anchor"},{"floor":25,"key":"Darkstone Periapt"},{"floor":28,"key":"Nilry\u0027s Codex"}],"event_choices":[{"cards_removed":["Strike_R"],"damage_healed":0.0,"max_hp_gain":0.0,"max_hp_loss":0.0,"gold_gain":0.0,"event_name":"Golden Wing","player_choice":"Card Removal","floor":3.0,"gold_loss":0.0,"damage_taken":7.0},{"damage_healed":0.0,"max_hp_gain":0.0,"max_hp_loss":0.0,"gold_gain":0.0,"event_name":"Scrap Ooze","player_choice":"Success","floor":12.0,"gold_loss":0.0,"damage_taken":18.0,"relics_obtained":["Centennial Puzzle"]},{"damage_healed":0,"gold_gain":0,"player_choice":"Shed Blood","damage_taken":21,"max_hp_gain":5,"max_hp_loss":0,"event_name":"Forgotten Altar","floor":19,"gold_loss":0},{"damage_healed":0,"gold_gain":0,"player_choice":"Obtained Book","damage_taken":16,"max_hp_gain":0,"max_hp_loss":0,"event_name":"Cursed Tome","floor":28,"gold_loss":0},{"damage_healed":0,"gold_gain":0,"player_choice":"Cursed","damage_taken":0,"max_hp_gain":0,"max_hp_loss":0,"event_name":"Wheel of Change","floor":31,"gold_loss":0,"cards_obtained":["Decay"]}],"is_beta":false,"boss_relics":[{"not_picked":["Pandora\u0027s Box","Black Star"],"picked":"Runic Dome"}],"items_purged_floors":[0,14,21],"is_endless":false,"potions_floor_spawned":[6,8,10,16,20,22,25],"killed_by":"Automaton","ascension_level":6}}