{"host":"5a3ojr29q3aeapfp","time":1609516176,"event":{"mods":["BaseMod","CapriCore","Colored Powertips","Downfall","GungeonMod","Hermit","Koishi","Minty Spire (QoL Compilation)","Remilia£®¿Ÿ√◊¿Ú—«£©","Replay The Spire","Spicy Shops","StSLib","The Cursed","The Immortal","Youmu£®ªÍ∆«—˝√Œ£©","°æ“≈ŒÔø®≈∆°øREMEMod"],"gold_per_floor":[99,45,65,65,90,101,175,175,189,221,221,221,221,238,253,356,356,206,225,325,325,338,368,368,443,443,477,527,577,596,614,640,750,750,750,767,817,1142,1218,1464,1464,29,66,92,120,38,63,89,116,116],"floor_reached":51,"playtime":9060,"items_purged":["Regret"],"score":1006,"play_id":"7213510a-075f-4e4e-9d1c-2547da1e83ba","local_time":"20210101234936","is_ascension_mode":false,"campfire_choices":[{"floor":1.0,"key":"DIG"},{"floor":8.0,"key":"RECALL"},{"data":"hexamod:HexaLevel","floor":18.0,"key":"SMITH"},{"data":"hexamod:CatchUp","floor":21.0,"key":"SMITH"},{"data":"hexamod:Float","floor":26.0,"key":"SMITH"},{"floor":35,"key":"DIG"}],"circlet_count":0,"master_deck":["hexamod:Strike","hexamod:Strike","hexamod:Strike","hexamod:Defend","hexamod:Float+1","Secret Technique+1","hexamod:Hexaguard","hexamod:HeatMetal","hexamod:RetreatToShadows+1","hexamod:HeatCrush","hexamod:HeatShield","hexamod:FirstSeal","hexamod:AdvancingGuard+1","hexamod:FastForward+1","hexamod:PhantomFireball","hexamod:HexaLevel+1","CurseOfTheBell","hexamod:CatchUp+1","hexamod:InspiringFlames","hexamod:TimeWarp","hexamod:Rewind","hexamod:SecondSeal","hexamod:HauntingEcho+1","hexamod:BacktrackSmack","RitualDagger","hexamod:RetreatToShadows","hexamod:FastForward","hexamod:ChargedBarrage","hexamod:SixthSeal","hexamod:HeatShield","hexamod:AdvancingGuard","hexamod:GhostOfSpireFuture","hexamod:FirstSeal","hexamod:FourthSeal","REME_Flogging","hexamod:VolcanoVisage+1","hexamod:DynamicBlow+1","Injury","hexamod:NightmareGuise+1","hexamod:ThirdSeal","hexamod:NightmareStrike+1","hexamod:FastForward","hexamod:SwordOfDarkness","hexamod:Again+1","hexamod:HauntingEcho+1","hexamod:RainOfEmbers"],"relics":["hexamod:SpiritBrand","REME_ComplimentaryCards","Ancient Tea Set","Replay:Rubber Ducky","REME_HourglassOfDeath","FossilizedHelix","ReplayTheSpireMod:Ring of Exchange","Ring of Panic","Calling Bell","DemoMod:ClearGuonStone","DemoMod:MemoryAlloy","Replay:PocketPolymizer","downfall:HeartBlessingRed","downfall:HeartBlessingGreen","downfall:CloakOfManyFaces","CultistMask","FaceOfCleric","NlothsMask","GremlinMask","SsserpentHead","TungstenRod","Potion Belt","DemoMod:GlassGuonStoneRelic","Busted Crown","StoneCalendar","Medical Kit","ReplayTheSpireMod:Lightbulb","Fusion Hammer","Quantum Egg","Mummified Hand"],"acts_visited":["Exordium","TheCity","TheBeyond"],"potions_floor_usage":[33,42,42,46,50],"damage_taken":[{"damage":4.0,"enemies":"downfall:FleeingMerchant","floor":2.0,"turns":4.0},{"damage":0.0,"enemies":"Cultist","floor":3.0,"turns":4.0},{"damage":25.0,"enemies":"Gremlin Nob","floor":5.0,"turns":5.0},{"damage":0.0,"enemies":"2 Louse","floor":6.0,"turns":2.0},{"damage":0.0,"enemies":"Small Slimes","floor":9.0,"turns":3.0},{"damage":4.0,"enemies":"3 Sentries","floor":10.0,"turns":6.0},{"damage":0.0,"enemies":"3 Louse","floor":14.0,"turns":2.0},{"damage":0.0,"enemies":"Exordium Thugs","floor":15.0,"turns":3.0},{"damage":0.0,"enemies":"downfall:Ironclad","floor":16.0,"turns":6.0},{"damage":0.0,"enemies":"Chosen","floor":19.0,"turns":6.0},{"damage":0.0,"enemies":"downfall:FaceTrader","floor":20.0,"turns":7.0},{"damage":0.0,"enemies":"3 Byrds","floor":22.0,"turns":3.0},{"damage":29.0,"enemies":"Slavers","floor":23.0,"turns":4.0},{"damage":10.0,"enemies":"Snake Plant","floor":25.0,"turns":4.0},{"damage":2.0,"enemies":"Gremlin Leader","floor":27.0,"turns":5.0},{"damage":0.0,"enemies":"3 Cultists","floor":30.0,"turns":5.0},{"damage":0.0,"enemies":"Cultist and Chosen","floor":31.0,"turns":5.0},{"damage":0.0,"enemies":"Sentry and Sphere","floor":32.0,"turns":5.0},{"damage":12,"enemies":"downfall:Defect","floor":33,"turns":7},{"damage":0,"enemies":"3 Darklings","floor":36,"turns":4},{"damage":0,"enemies":"3 Shapes","floor":39,"turns":3},{"damage":0,"enemies":"downfall:FleeingMerchant","floor":42,"turns":4},{"damage":0,"enemies":"R_Hoarder","floor":43,"turns":6},{"damage":1,"enemies":"3 Darklings","floor":44,"turns":4},{"damage":0,"enemies":"Jaw Worm Horde","floor":45,"turns":3},{"damage":0,"enemies":"downfall:FleeingMerchant","floor":46,"turns":4},{"damage":2,"enemies":"Spire Growth","floor":47,"turns":4},{"damage":0,"enemies":"Maw","floor":48,"turns":5},{"damage":0,"enemies":"3 Darklings","floor":49,"turns":4},{"damage":87,"enemies":"downfall:Silent","floor":50,"turns":8}],"seed_played":"7778363505678868160","potions_obtained":[{"floor":6.0,"key":"DuplicationPotion"},{"floor":10.0,"key":"Fire Potion"},{"floor":15.0,"key":"Regen Potion"},{"floor":27.0,"key":"FearPotion"},{"floor":33,"key":"REME_GoldPotion"},{"floor":39,"key":"SkillPotion"},{"floor":43,"key":"SteroidPotion"},{"floor":44,"key":"DuplicationPotion"},{"floor":46,"key":"DuplicationPotion"},{"floor":47,"key":"SkillPotion"},{"floor":49,"key":"FairyPotion"}],"is_trial":false,"path_per_floor":["R","$","M","?","E","M","T","R","M","E","?","?","?","M","M","B",null,"R","M","?","R","M","E","T","M","R","E","?","?","M","M","M","B",null,"R","M","?","?","M","?","T","$","E","M","M","$","M","M","M","B",null],"character_chosen":"THE_SPIRIT","items_purchased":["hexamod:HeatMetal","REME_Flogging","hexamod:VolcanoVisage","hexamod:DynamicBlow","Medical Kit","ReplayTheSpireMod:Lightbulb","Fusion Hammer","Quantum Egg"],"campfire_rested":0,"item_purchase_floors":[2,42,42,42,42,42,42,42],"current_hp_per_floor":[77,73,73,73,48,48,48,48,48,51,51,51,51,51,58,58,77,77,77,77,77,78,57,57,55,55,61,47,42,50,58,66,55,90,90,91,91,91,92,57,57,58,66,73,88,97,98,99,100,67],"gold":116,"neow_bonus":"TEN_PERCENT_HP_BONUS","is_daily":false,"chose_seed":false,"campfire_upgraded":3,"win_rate":0.0,"timestamp":1609516176,"path_taken":["R","$","M","?","E","?","T","R","M","E","?","?","?","?","M","BOSS","R","M","?","R","M","E","T","?","R","E","?","?","M","M","M","BOSS","R","M","?","?","?","?","T","$","E","M","M","$","M","M","M","BOSS"],"items_purchased_type":["Card","Card","Card","Card","Relic","Relic","Relic","Relic"],"build_version":"2020-12-22","purchased_purges":1,"victory":true,"max_hp_per_floor":[77,77,77,77,77,77,77,77,77,77,77,77,77,77,77,77,77,77,77,77,77,78,79,79,80,80,81,86,86,87,88,89,90,90,90,91,91,91,92,92,92,93,94,95,96,97,98,99,100,101],"card_choices":[{"not_picked":["hexamod:PhantomCloak","hexamod:GhostLash"],"picked":"hexamod:Hexaguard","floor":2.0},{"not_picked":["hexamod:SwordOfDarkness","hexamod:Incineration"],"picked":"hexamod:RetreatToShadows","floor":3.0},{"not_picked":["hexamod:RecurringNightmare","hexamod:SoulSteal"],"picked":"hexamod:HeatCrush","floor":5.0},{"not_picked":["hexamod:RainOfEmbers","hexamod:NecessarySacrifice"],"picked":"hexamod:HeatShield","floor":6.0},{"not_picked":["hexamod:ChargedBarrage","hexamod:CatchUp"],"picked":"hexamod:FirstSeal","floor":9.0},{"not_picked":["hexamod:HauntingEcho","hexamod:NightmareStrike"],"picked":"hexamod:AdvancingGuard","floor":10.0},{"not_picked":["hexamod:NightmareStrike","hexamod:RainOfEmbers"],"picked":"hexamod:FastForward","floor":14.0},{"not_picked":["hexamod:SwordOfDarkness","hexamod:GhostOfSpireFuture"],"picked":"hexamod:PhantomFireball","floor":15.0},{"not_picked":["hexamod:CrushingStance","hexamod:GhostflameInferno"],"picked":"hexamod:HexaLevel","floor":16.0},{"not_picked":["hexamod:NightmareStrike","hexamod:ThermalTransfer","hexamod:TurnItUp"],"picked":"SKIP","floor":19.0},{"not_picked":["hexamod:NightmareGuise","hexamod:ThermalTransfer"],"picked":"hexamod:InspiringFlames","floor":20.0},{"not_picked":["hexamod:SpectersWail","hexamod:PhantomFireball"],"picked":"hexamod:Rewind","floor":22.0},{"not_picked":["hexamod:SwordOfDarkness","hexamod:EtherealExpedition"],"picked":"hexamod:SecondSeal","floor":23.0},{"not_picked":["hexamod:BacktrackSmack+1","hexamod:GhostLash"],"picked":"hexamod:HauntingEcho+1","floor":25.0},{"not_picked":["hexamod:GhostflameBarrier","hexamod:SecondSeal","hexamod:SwordOfDarkness"],"picked":"SKIP","floor":27.0},{"not_picked":["hexamod:UnleashSpirits","hexamod:NightmareGuise"],"picked":"hexamod:RetreatToShadows","floor":30.0},{"not_picked":["hexamod:RainOfEmbers","hexamod:SpectersWail+1"],"picked":"hexamod:FastForward","floor":31.0},{"not_picked":["hexamod:ThermalTransfer","hexamod:RainOfEmbers"],"picked":"hexamod:ChargedBarrage","floor":32.0},{"not_picked":["hexamod:TimeOfNeed","hexamod:ParanormalForm"],"picked":"hexamod:SixthSeal","floor":33},{"not_picked":[],"picked":"hexamod:AdvancingGuard","floor":36},{"not_picked":[],"picked":"hexamod:GhostOfSpireFuture","floor":39},{"not_picked":[],"picked":"hexamod:FirstSeal","floor":40},{"not_picked":[],"picked":"hexamod:FourthSeal","floor":42},{"not_picked":[],"picked":"hexamod:NightmareGuise+1","floor":43},{"not_picked":[],"picked":"hexamod:ThirdSeal","floor":44},{"not_picked":[],"picked":"hexamod:NightmareStrike+1","floor":45},{"not_picked":[],"picked":"hexamod:FastForward","floor":46},{"not_picked":["hexamod:GhostShield+1"],"picked":"SKIP","floor":46},{"not_picked":[],"picked":"hexamod:SwordOfDarkness","floor":47},{"not_picked":[],"picked":"hexamod:Again+1","floor":48},{"not_picked":["hexamod:FourthSeal"],"picked":"SKIP","floor":48},{"not_picked":[],"picked":"hexamod:HauntingEcho+1","floor":49},{"not_picked":[],"picked":"hexamod:RainOfEmbers","floor":49}],"player_experience":114656,"relics_obtained":[{"floor":1.0,"key":"Ancient Tea Set"},{"floor":5.0,"key":"Replay:Rubber Ducky"},{"floor":7.0,"key":"REME_HourglassOfDeath"},{"floor":10.0,"key":"FossilizedHelix"},{"floor":11.0,"key":"ReplayTheSpireMod:Ring of Exchange"},{"floor":11.0,"key":"Ring of Panic"},{"floor":17.0,"key":"DemoMod:ClearGuonStone"},{"floor":17.0,"key":"DemoMod:MemoryAlloy"},{"floor":17.0,"key":"Replay:PocketPolymizer"},{"floor":20.0,"key":"downfall:CloakOfManyFaces"},{"floor":23.0,"key":"TungstenRod"},{"floor":27.0,"key":"Potion Belt"},{"floor":35,"key":"StoneCalendar"},{"floor":43,"key":"Mummified Hand"}],"event_choices":[{"cards_removed":["hexamod:Sear"],"damage_healed":0.0,"max_hp_gain":0.0,"max_hp_loss":0.0,"gold_gain":0.0,"event_name":"Bonfire Elementals","player_choice":"Offered Basic","floor":13.0,"gold_loss":0.0,"damage_taken":0.0}],"is_beta":false,"boss_relics":[{"not_picked":["hexamod:IceCube","Painkiller Herb"],"picked":"Calling Bell"},{"not_picked":["Guide Book","Runic Pyramid"],"picked":"Busted Crown"}],"items_purged_floors":[46],"is_endless":false,"potions_floor_spawned":[6,10,15,20,23,25,27,33,39,44,47],"ascension_level":0}}