{"host":"os9owiyb0rak6c8n","time":1609515047,"event":{"mods":["AchievementEnabler","BaseMod","Beaked The Cultist","Better Third Choice","Block Reminder","Colored Map","Colored Powertips","Dio Mod","Minty Spire (QoL Compilation)","Robot Space Explorer","Spicy Shops","StSLib","The Death Knight"],"gold_per_floor":[110,285,285,285,245,245,277,292,319,353,353,104,137,151,151,247,247,258,173,26,26,26,26,26,26],"floor_reached":24,"playtime":1095,"items_purged":["Doubt"],"score":268,"play_id":"7a205404-3efc-42d7-a83f-4995a34be7f5","local_time":"20210101163047","is_ascension_mode":true,"campfire_choices":[{"data":"DeathKnight:RuneTap","floor":6,"key":"SMITH"},{"data":"DeathKnight:IceboundArmor","floor":11,"key":"SMITH"},{"data":"DeathKnight:UnholyPresence","floor":15,"key":"SMITH"},{"data":"Apotheosis","floor":23,"key":"SMITH"}],"circlet_count":0,"master_deck":["DeathKnight:Strike_DeathKnight","DeathKnight:Strike_DeathKnight","DeathKnight:Strike_DeathKnight","DeathKnight:Strike_DeathKnight","DeathKnight:Strike_DeathKnight","DeathKnight:Defend_DeathKnight","DeathKnight:Defend_DeathKnight","DeathKnight:Defend_DeathKnight","DeathKnight:Defend_DeathKnight","DeathKnight:Defend_DeathKnight","DeathKnight:RuneTap+1","DeathKnight:RuneStrike","DeathKnight:DeathAndDecay","DeathKnight:Rot","DeathKnight:IceboundArmor+1","DeathKnight:Pestilence","DeathKnight:UnholyPresence+1","DeathKnight:Defile","Apotheosis+1"],"relics":["DeathKnight:BrokenRuneblade","NeowsBlessing","Ornamental Fan","Smiling Mask","Oddly Smooth Stone","DeathKnight:ScourgePlagueSample","DeathKnight:JainasLocket","Bag of Preparation","beaked:SacredDeck","Ancient Tea Set","Orichalcum"],"acts_visited":["Exordium","TheCity"],"potions_floor_usage":[10,13,13,16,18,24],"damage_taken":[{"damage":0,"enemies":"2 Louse","floor":1,"turns":1},{"damage":0,"enemies":"Lagavulin","floor":7,"turns":1},{"damage":0,"enemies":"Small Slimes","floor":8,"turns":1},{"damage":23,"enemies":"3 Sentries","floor":10,"turns":6},{"damage":14,"enemies":"Lagavulin","floor":13,"turns":7},{"damage":0,"enemies":"Jaw Worm","floor":14,"turns":4},{"damage":25,"enemies":"Hexaghost","floor":16,"turns":8},{"damage":42,"enemies":"3 Byrds","floor":18,"turns":6},{"damage":32,"enemies":"Gremlin Leader","floor":24,"turns":5}],"seed_played":"2082980781663222546","potions_obtained":[{"floor":5,"key":"BlessingOfTheForge"},{"floor":5,"key":"DuplicationPotion"},{"floor":5,"key":"Strength Potion"},{"floor":10,"key":"GamblersBrew"},{"floor":14,"key":"BlessingOfTheForge"},{"floor":16,"key":"DuplicationPotion"}],"is_trial":false,"path_per_floor":["M","?","?","T","?","R","E","M","T","E","R","$","E","M","R","B",null,"M","?","$","?","?","R","E"],"character_chosen":"DEATH_KNIGHT","items_purchased":["DeathKnight:Pestilence","DeathKnight:JainasLocket","Orichalcum"],"campfire_rested":0,"item_purchase_floors":[12,12,20],"current_hp_per_floor":[75,75,80,80,80,80,80,80,80,57,57,57,43,43,43,18,80,38,38,38,38,38,38,6,6],"gold":26,"neow_bonus":"THREE_ENEMY_KILL","is_daily":false,"chose_seed":false,"campfire_upgraded":4,"win_rate":0.0,"timestamp":1609515047,"path_taken":["M","?","?","?","?","R","E","?","T","E","R","$","E","M","R","BOSS","M","?","$","?","?","R","E"],"items_purchased_type":["Card","Relic","Relic"],"build_version":"2020-12-22","purchased_purges":1,"victory":false,"max_hp_per_floor":[75,75,80,80,80,80,80,80,80,80,80,80,80,80,80,80,80,80,80,80,80,80,80,80,80],"card_choices":[{"not_picked":["DeathKnight:IcyTouch","DeathKnight:Parry"],"picked":"DeathKnight:DeathAndDecay","floor":1},{"not_picked":["DeathKnight:MutagenicPlague","DeathKnight:BloodTap"],"picked":"DeathKnight:Rot","floor":7},{"not_picked":["DeathKnight:BludPresence","DeathKnight:ReapingStrike"],"picked":"DeathKnight:IceboundArmor","floor":8},{"not_picked":["DeathKnight:FrosPresence","DeathKnight:Runeguard","DeathKnight:Lichborne"],"picked":"SKIP","floor":10},{"not_picked":["DeathKnight:BloodStrike","DeathKnight:HowlingBlast","DeathKnight:DarkSuccor"],"picked":"SKIP","floor":13},{"not_picked":["DeathKnight:Pestilence","DeathKnight:DeathGrip"],"picked":"DeathKnight:UnholyPresence","floor":14},{"not_picked":["DeathKnight:UnholyExperiment","DeathKnight:RunicDetonation"],"picked":"DeathKnight:Defile","floor":16},{"not_picked":["DeathKnight:BludPresence","DeathKnight:BoneSpear","DeathKnight:Ossuary"],"picked":"SKIP","floor":18}],"player_experience":517679,"relics_obtained":[{"floor":4,"key":"Ornamental Fan"},{"floor":7,"key":"Smiling Mask"},{"floor":9,"key":"Oddly Smooth Stone"},{"floor":10,"key":"DeathKnight:ScourgePlagueSample"},{"floor":13,"key":"Bag of Preparation"}],"event_choices":[{"damage_healed":0,"gold_gain":175,"player_choice":"AGREE","damage_taken":110,"max_hp_gain":0,"max_hp_loss":0,"event_name":"betterThird:BetterSerpent","floor":2,"gold_loss":0},{"damage_healed":0,"gold_gain":0,"player_choice":"Donut","damage_taken":0,"max_hp_gain":5,"max_hp_loss":0,"event_name":"Big Fish","floor":3,"gold_loss":0},{"damage_healed":0,"gold_gain":0,"player_choice":"Bought 3 Potions","damage_taken":0,"max_hp_gain":0,"max_hp_loss":0,"event_name":"The Woman in Blue","floor":5,"gold_loss":0},{"damage_healed":0,"gold_gain":0,"player_choice":"Obtained Relic","damage_taken":0,"relics_obtained":["Ancient Tea Set"],"max_hp_gain":0,"max_hp_loss":0,"event_name":"Addict","floor":19,"gold_loss":85},{"damage_healed":0,"gold_gain":0,"player_choice":"Ignored","damage_taken":0,"max_hp_gain":0,"max_hp_loss":0,"event_name":"Vampires","floor":21,"gold_loss":0},{"damage_healed":0,"gold_gain":0,"player_choice":"Ignored","damage_taken":0,"max_hp_gain":0,"max_hp_loss":0,"event_name":"WeMeetAgain","floor":22,"gold_loss":0}],"is_beta":false,"boss_relics":[{"not_picked":["Tiny House","beaked:MawFillet"],"picked":"beaked:SacredDeck"}],"items_purged_floors":[12],"is_endless":false,"potions_floor_spawned":[8,10,14,16],"killed_by":"Gremlin Leader","ascension_level":3}}