{"host":"2uzrezb18q7r18aw","time":1609528049,"event":{"mods":["Act Like it!","BaseMod","Gensokyo","Minty Spire (QoL Compilation)","StSLib"],"gold_per_floor":[119,119,119,133,63,95,13,13,65,65,111,111,111,111,111,214,214,229,395,395,395,395,430,430,430,453,453,4,31,143,178,190,305,317,498,510,522,534,71,115,159,171,183,195,237,275,287,66,66,66],"floor_reached":51,"playtime":1336,"items_purged":[],"score":1185,"play_id":"f44bdeeb-8f1a-4d93-a411-4b62aded1d83","local_time":"20210102040729","daily_mods":["SealedDeck","Heirloom","Time Dilation","Flight"],"is_ascension_mode":false,"campfire_choices":[{"data":"Footwork","floor":12,"key":"SMITH"},{"data":"Finisher","floor":15,"key":"SMITH"},{"data":"Cloak And Dagger","floor":32,"key":"SMITH"},{"data":"Blade Dance","floor":49,"key":"SMITH"}],"circlet_count":0,"master_deck":["Dagger Spray+1","Dash+1","Blur+1","Finisher+1","Blade Dance+1","Footwork","Escape Plan+1","Blade Dance","Footwork+1","Cloak And Dagger+1","After Image","Blur+1","Cloak And Dagger+1","Shame","Accuracy+1","Gensokyo:SevenSchoolMysteries","Leg Sweep+1","Backflip+1","Gensokyo:ShootingStar+1","Gensokyo:MenInBlack+1","Accuracy+1","Gensokyo:Taser"],"relics":["Ring of the Snake","Incense Burner","Happy Flower","Bronze Scales","Blue Candle","Toxic Egg 2","Tiny Chest","Juzu Bracelet","Gensokyo:Justice","Art of War","SlaversCollar","Boot","Gensokyo:ChorusOfJoy","Darkstone Periapt","Eternal Feather","Gensokyo:RedStar","Pen Nib","Medical Kit","MawBank","TungstenRod","Bird Faced Urn","Bag of Marbles","Shuriken","Sozu","Frozen Eye","The Courier","Meat on the Bone","InkBottle","Mango","Strawberry","Thread and Needle","Bottled Flame","Snake Skull","Blood Vial","Anchor"],"acts_visited":["Exordium","Gensokyo:Gensokyo","Gensokyo:Gensokyoer"],"potions_floor_usage":[33,50],"damage_taken":[{"damage":0,"enemies":"Gensokyo:Gryphon","floor":1,"turns":1},{"damage":0,"enemies":"Gensokyo:2_Kodama","floor":4,"turns":1},{"damage":0,"enemies":"Gensokyo:Aya","floor":6,"turns":4},{"damage":21,"enemies":"Gensokyo:Kokoro","floor":16,"turns":9},{"damage":3,"enemies":"Gensokyo:CosmicMonolith","floor":18,"turns":3},{"damage":0,"enemies":"Gensokyo:Chomper","floor":19,"turns":3},{"damage":1,"enemies":"Gensokyo:Tenshi","floor":23,"turns":4},{"damage":0,"enemies":"Gensokyo:Koishi","floor":29,"turns":4},{"damage":0,"enemies":"Gensokyo:Koishi","floor":30,"turns":5},{"damage":0,"enemies":"Gensokyo:Eiki","floor":33,"turns":4},{"damage":0,"enemies":"Gensokyo:3_Boulders","floor":35,"turns":2},{"damage":0,"enemies":"Gensokyo:Kasen","floor":40,"turns":4},{"damage":0,"enemies":"Gensokyo:Doremy","floor":41,"turns":3},{"damage":0,"enemies":"Gensokyo:Kasen","floor":45,"turns":2},{"damage":0,"enemies":"Gensokyo:Marisa","floor":46,"turns":4},{"damage":0,"enemies":"Gensokyo:Shinki","floor":50,"turns":5}],"seed_played":"-3466022128673847651","potions_obtained":[{"floor":18,"key":"Poison Potion"},{"floor":19,"key":"LiquidMemories"},{"floor":33,"key":"EssenceOfSteel"}],"is_trial":true,"path_per_floor":["M","?","?","M","?","E","COS","?","T","?","T","R","?","T","R","B",null,"M","M","?","?","?","E","T","?","T","?","COS","E","?","T","R","B",null,"M","?","?","?","COS","E","E","T","T","?","E","E","?","$","R","B",null],"character_chosen":"THE_SILENT","items_purchased":["Snake Skull","Blood Vial"],"campfire_rested":0,"item_purchase_floors":[48,48],"current_hp_per_floor":[70,70,77,77,77,77,77,62,62,62,62,62,62,62,62,41,77,74,74,74,74,74,73,73,73,73,73,73,73,73,73,77,77,77,77,77,67,67,67,77,77,77,91,91,98,98,98,98,98,98],"gold":66,"neow_bonus":"","is_daily":false,"chose_seed":false,"campfire_upgraded":4,"win_rate":0.0,"timestamp":1609528049,"path_taken":["M","?","?","?","?","E","COS","?","T","?","?","R","?","?","R","BOSS","M","M","?","?","?","E","?","?","T","?","COS","E","?","?","R","BOSS","M","?","?","?","COS","E","E","?","T","?","E","E","?","?","R","BOSS"],"items_purchased_type":["Relic","Relic"],"build_version":"2020-12-22","purchased_purges":0,"victory":true,"max_hp_per_floor":[70,70,77,77,77,77,77,77,77,77,77,77,77,77,77,77,77,77,77,77,77,77,77,77,77,77,77,77,77,77,77,77,77,77,77,77,77,77,77,77,77,77,91,91,98,98,98,98,98,98],"card_choices":[{"not_picked":["Dodge and Roll","Poisoned Stab"],"picked":"Footwork","floor":1},{"not_picked":["Choke","Dodge and Roll"],"picked":"Cloak And Dagger","floor":4},{"not_picked":["Dagger Throw","Doppelganger","Flying Knee"],"picked":"SKIP","floor":6},{"not_picked":["Bullet Time+1","Grand Finale"],"picked":"After Image","floor":16},{"not_picked":["Prepared+1","Deadly Poison+1"],"picked":"Blur+1","floor":18},{"not_picked":["Distraction+1","Blur+1"],"picked":"Cloak And Dagger+1","floor":19},{"not_picked":["Bane+1","Bouncing Flask+1"],"picked":"Accuracy+1","floor":23},{"not_picked":["Catalyst+1","Backflip+1"],"picked":"Leg Sweep+1","floor":29},{"not_picked":["Quick Slash","Dagger Throw"],"picked":"Backflip+1","floor":30},{"not_picked":[],"picked":"Gensokyo:ShootingStar","floor":33},{"not_picked":["After Image","Wraith Form v2"],"picked":"Burst+1","floor":33},{"not_picked":["Calculated Gamble+1","Flying Knee+1","Acrobatics+1"],"picked":"SKIP","floor":35},{"not_picked":["Masterful Stab+1","Prepared+1","Slice+1"],"picked":"SKIP","floor":40},{"not_picked":["Escape Plan+1","Dagger Spray+1"],"picked":"Accuracy+1","floor":41},{"not_picked":["Riddle With Holes+1","Night Terror+1","Acrobatics+1"],"picked":"SKIP","floor":45},{"not_picked":["Underhanded Strike","Outmaneuver+1","Dagger Spray+1"],"picked":"SKIP","floor":46}],"player_experience":588569,"relics_obtained":[{"floor":6,"key":"Blue Candle"},{"floor":9,"key":"Tiny Chest"},{"floor":11,"key":"Juzu Bracelet"},{"floor":14,"key":"Art of War"},{"floor":23,"key":"Darkstone Periapt"},{"floor":24,"key":"Eternal Feather"},{"floor":26,"key":"Pen Nib"},{"floor":29,"key":"MawBank"},{"floor":30,"key":"TungstenRod"},{"floor":30,"key":"Bird Faced Urn"},{"floor":31,"key":"Bag of Marbles"},{"floor":40,"key":"The Courier"},{"floor":41,"key":"Meat on the Bone"},{"floor":42,"key":"InkBottle"},{"floor":43,"key":"Mango"},{"floor":45,"key":"Strawberry"},{"floor":46,"key":"Bottled Flame"}],"event_choices":[],"is_beta":false,"boss_relics":[{"not_picked":["Fusion Hammer","Busted Crown"],"picked":"SlaversCollar"},{"not_picked":["Tiny House","Empty Cage"],"picked":"Sozu"}],"items_purged_floors":[],"is_endless":false,"potions_floor_spawned":[18,19,33,35,41],"ascension_level":0}}