{"host":"cyiefo55v5hz1ih5","time":1609539969,"event":{"mods":["2.2 Compatiblity","AchievementEnabler","BaseMod","GifTheSpireLib","Hubris","Minty Spire (QoL Compilation)","Replay The Spire","Spicy Shops","StSLib","The Exalted"],"gold_per_floor":[109,209,228,246,246,246,100,100,100,116,16,126,1,28,28,133,133,145,165,184,184,198,198,212,338,338,371,386,386,405,416,416,512,512,524,538,548,598,615,649,662,689,716,716,716,726,277,294,354,354,354,354,125,155,155],"floor_reached":56,"playtime":4032,"items_purged":["Bromod:Strike_Bro","Bromod:Strike_Bro","Bromod:Strike_Bro","Bromod:Defend_Bro"],"score":1605,"play_id":"f4e661fd-e94d-4ed7-b734-1f4fbdc00e04","local_time":"20210101172609","is_ascension_mode":false,"campfire_choices":[{"data":"Bromod:SteelCharge","floor":6.0,"key":"SMITH"},{"data":"Bromod:RadialBlind","floor":8.0,"key":"SMITH"},{"data":"Bromod:VitalSense","floor":15.0,"key":"SMITH"},{"floor":23.0,"key":"RECALL"},{"data":"Bromod:SlashDash","floor":32.0,"key":"SMITH"},{"data":"Bromod:NorthWind","floor":52,"key":"SMITH"}],"circlet_count":0,"master_deck":["Bromod:Defend_Bro","Bromod:Defend_Bro","Bromod:Defend_Bro","Bromod:SlashDash","Bromod:SlashDash","Bromod:SlashDash+1","Bromod:SteelCharge+1","Bromod:RadialBlind+1","Bromod:VitalSense+1","Bromod:VoltaicStrike+1","Bromod:SteelFiber+1","Bromod:SlashDash+1","Bromod:ContagiousSpread","Bromod:NorthWind+1","Bromod:Reflection+1","Bromod:RendingStrike"],"relics":["Bromod:Ordis","Bromod:AscarisDevice","hubris:Icosahedron","Replay:Baseball","hubris:SphereOfDissonance","Replay:Grab Bag","Busted Crown","Philosopher\u0027s Stone","Runic Pyramid","hubris:ScarierMask","hubris:64BitClover","Bromod:ArcaneVictory","Bromod:ArcaneTempo","Replay:Wax Seal","hubris:GlazedTorus","Blood Vial","hubris:ToyBattleship","hubris:CuriousFeather","ReplayTheSpireMod:TigerMarble","Akabeko","ClockworkSouvenir","Bronze Scales","Incense Burner"],"acts_visited":["Exordium","TheCity","TheBeyond","TheEnding"],"potions_floor_usage":[38,38,55,55],"damage_taken":[{"damage":1.0,"enemies":"Cultist","floor":1.0,"turns":4.0},{"damage":3.0,"enemies":"2 Louse","floor":3.0,"turns":3.0},{"damage":3.0,"enemies":"Jaw Worm","floor":4.0,"turns":4.0},{"damage":5.0,"enemies":"Exordium Thugs","floor":10.0,"turns":4.0},{"damage":2.0,"enemies":"Blue Slaver","floor":12.0,"turns":3.0},{"damage":0.0,"enemies":"Replay:BlueRogue","floor":14.0,"turns":6.0},{"damage":5.0,"enemies":"Slime Boss","floor":16.0,"turns":7.0},{"damage":0.0,"enemies":"Spheric Guardian","floor":18.0,"turns":3.0},{"damage":4.0,"enemies":"Shell Parasite","floor":19.0,"turns":3.0},{"damage":0.0,"enemies":"Shelled Parasite and Fungi","floor":20.0,"turns":3.0},{"damage":2.0,"enemies":"Chosen and Byrds","floor":22.0,"turns":2.0},{"damage":0.0,"enemies":"Centurion and Healer","floor":24.0,"turns":2.0},{"damage":0.0,"enemies":"Slavers","floor":25.0,"turns":3.0},{"damage":0.0,"enemies":"Replay:Snechameleon","floor":27.0,"turns":3.0},{"damage":0.0,"enemies":"Sentry and Sphere","floor":28.0,"turns":2.0},{"damage":6.0,"enemies":"Snake Plant","floor":30.0,"turns":4.0},{"damage":2.0,"enemies":"Shelled Parasite and Fungi","floor":31.0,"turns":4.0},{"damage":12.0,"enemies":"Pondfish","floor":33.0,"turns":9.0},{"damage":0,"enemies":"3 Shapes","floor":35,"turns":4},{"damage":0,"enemies":"Orb Walker","floor":36,"turns":3},{"damage":0,"enemies":"Jaw Worm Horde","floor":37,"turns":3},{"damage":8,"enemies":"Mind Bloom Boss Battle","floor":38,"turns":3},{"damage":2,"enemies":"4 Shapes","floor":39,"turns":4},{"damage":7,"enemies":"Reptomancer","floor":40,"turns":5},{"damage":5,"enemies":"Maw","floor":41,"turns":5},{"damage":0,"enemies":"R_Hoarder","floor":42,"turns":6},{"damage":0,"enemies":"3 Darklings","floor":46,"turns":3},{"damage":0,"enemies":"Jaw Worm Horde","floor":48,"turns":2},{"damage":1,"enemies":"Time Eater","floor":50,"turns":5},{"damage":0,"enemies":"Shield and Spear","floor":54,"turns":2},{"damage":72,"enemies":"The Heart","floor":55,"turns":6}],"seed_played":"-8081828769870060468","potions_obtained":[{"floor":1.0,"key":"Bromod:ClemClone"},{"floor":12.0,"key":"LifebloodPotion"},{"floor":18.0,"key":"SkillPotion"},{"floor":20.0,"key":"Fire Potion"},{"floor":24.0,"key":"Explosive Potion"},{"floor":28.0,"key":"Explosive Potion"},{"floor":30.0,"key":"SteroidPotion"},{"floor":33.0,"key":"Fruit Juice"},{"floor":35,"key":"Energy Potion"},{"floor":41,"key":"Explosive Potion"},{"floor":42,"key":"Adrenaline Potion"},{"floor":48,"key":"Bromod:HealthRestore"}],"is_trial":false,"path_per_floor":["M","?","M","M","?","R","$","R","T","M","$","M","$","E","R","B",null,"M","M","M","?","M","R","M","E","T","E","M","?","M","M","R","B",null,"M","M","M","?","M","E","M","E","T","?","T","M","$","M","R","B",null,"R","$","E","B",null],"character_chosen":"THE_EXALTED","items_purchased":["Bromod:RadialBlind","ReplayTheSpireMod:TigerMarble","Akabeko","ClockworkSouvenir","Bronze Scales"],"campfire_rested":0,"item_purchase_floors":[7,47,47,53,53],"current_hp_per_floor":[81,81,78,75,75,75,75,75,75,70,70,68,68,68,68,63,82,82,78,78,78,76,76,76,76,76,77,78,78,73,72,72,68,87,87,87,87,80,81,77,75,78,78,78,78,84,84,87,87,87,87,87,87,87,24],"gold":155,"neow_bonus":"TEN_PERCENT_HP_BONUS","is_daily":false,"chose_seed":false,"campfire_upgraded":5,"win_rate":0.0,"timestamp":1609539969,"path_taken":["M","?","M","?","?","R","$","R","T","M","$","M","?","E","R","BOSS","M","M","M","?","M","R","M","E","T","E","M","?","M","?","R","BOSS","M","M","M","?","M","E","M","E","T","?","?","M","$","M","R","BOSS","R","$","E","BOSS"],"items_purchased_type":["Card","Relic","Relic","Relic","Relic"],"build_version":"2020-12-22","purchased_purges":4,"victory":true,"max_hp_per_floor":[82,82,82,82,82,82,82,82,82,82,82,82,82,82,82,82,82,82,82,82,82,82,82,82,82,82,82,82,82,82,82,82,87,87,87,87,87,87,87,87,87,87,87,87,87,87,87,87,87,87,87,87,87,87,87],"card_choices":[{"not_picked":["Bromod:Foundry","Bromod:ShatteringImpact","Bromod:Reflection"],"picked":"SKIP","floor":1.0},{"not_picked":["Bromod:Foundry","Bromod:SteelFiber","Bromod:Maglev"],"picked":"SKIP","floor":3.0},{"not_picked":["Bromod:BriefRespite","Bromod:ShatteringImpact"],"picked":"Bromod:SteelCharge","floor":4.0},{"not_picked":["Bromod:FinishingTouch","Bromod:QuickDraw","Bromod:Stretch"],"picked":"SKIP","floor":10.0},{"not_picked":["Bromod:SlashDash","Bromod:Maglev","Bromod:FastHands"],"picked":"SKIP","floor":12.0},{"not_picked":["Bromod:Reflection","Bromod:PointBlank"],"picked":"Bromod:VitalSense","floor":14.0},{"not_picked":["Bromod:Blaze","Bromod:Frostbite"],"picked":"Bromod:VoltaicStrike","floor":16.0},{"not_picked":[],"picked":"Bromod:SteelFiber+1","floor":18.0},{"not_picked":["Bromod:ReflexCoil"],"picked":"SKIP","floor":19.0},{"not_picked":["Bromod:FastHands"],"picked":"SKIP","floor":20.0},{"not_picked":["Bromod:Reflection"],"picked":"SKIP","floor":22.0},{"not_picked":["Bromod:ShatteringImpact"],"picked":"SKIP","floor":24.0},{"not_picked":["Bromod:SteelCharge"],"picked":"SKIP","floor":25.0},{"not_picked":["Bromod:Foundry"],"picked":"SKIP","floor":27.0},{"not_picked":[],"picked":"Bromod:SlashDash+1","floor":28.0},{"not_picked":["Bromod:Reflection"],"picked":"SKIP","floor":30.0},{"not_picked":[],"picked":"Bromod:NorthWind","floor":31.0},{"not_picked":["Bromod:SlashDash+1"],"picked":"SKIP","floor":35},{"not_picked":["Bromod:Serration"],"picked":"SKIP","floor":36},{"not_picked":["Bromod:SteelFiber"],"picked":"SKIP","floor":37},{"not_picked":[],"picked":"Bromod:Reflection+1","floor":38},{"not_picked":["Bromod:BulletJump"],"picked":"SKIP","floor":39},{"not_picked":["Bromod:PressurePoint+1"],"picked":"SKIP","floor":40},{"not_picked":["Bromod:BulletJump+1"],"picked":"SKIP","floor":41},{"not_picked":["Bromod:PointStrike"],"picked":"SKIP","floor":42},{"not_picked":["Bromod:Serration+1"],"picked":"SKIP","floor":46},{"not_picked":["Bromod:Foundry+1"],"picked":"SKIP","floor":48},{"not_picked":[],"picked":"Bromod:RendingStrike","floor":54}],"player_experience":580249,"relics_obtained":[{"floor":9.0,"key":"Replay:Baseball"},{"floor":14.0,"key":"hubris:SphereOfDissonance"},{"floor":25.0,"key":"hubris:64BitClover"},{"floor":26.0,"key":"Bromod:ArcaneVictory"},{"floor":27.0,"key":"Bromod:ArcaneTempo"},{"floor":37,"key":"Replay:Wax Seal"},{"floor":38,"key":"hubris:GlazedTorus"},{"floor":40,"key":"Blood Vial"},{"floor":42,"key":"hubris:ToyBattleship"},{"floor":45,"key":"hubris:CuriousFeather"},{"floor":54,"key":"Incense Burner"}],"event_choices":[{"damage_healed":0.0,"max_hp_gain":0.0,"max_hp_loss":0.0,"gold_gain":100.0,"event_name":"Golden Shrine","player_choice":"Pray","floor":2.0,"gold_loss":0.0,"damage_taken":0.0},{"damage_healed":0.0,"max_hp_gain":0.0,"max_hp_loss":0.0,"gold_gain":0.0,"event_name":"Match and Keep!","player_choice":"1 cards matched","floor":29.0,"gold_loss":0.0,"damage_taken":0.0,"cards_obtained":["Bromod:ContagiousSpread"]},{"damage_healed":0,"gold_gain":0,"player_choice":"Fight","damage_taken":0,"max_hp_gain":0,"max_hp_loss":0,"event_name":"MindBloom","floor":38,"gold_loss":0},{"damage_healed":0,"gold_gain":0,"player_choice":"Ignored","damage_taken":0,"max_hp_gain":0,"max_hp_loss":0,"event_name":"Tomb of Lord Red Mask","floor":44,"gold_loss":0}],"is_beta":false,"boss_relics":[{"not_picked":["Empty Cage","hubris:RunicObelisk"],"picked":"Replay:Grab Bag"},{"not_picked":["Runic Dome","ReplayTheSpireMod:DimensionalGlitch"],"picked":"Busted Crown"},{"not_picked":["hubris:TerracottaHorce","Fusion Hammer"],"picked":"Philosopher\u0027s Stone"},{"not_picked":["Pandora\u0027s Box","hubris:BlackHole"],"picked":"Runic Pyramid"},{"not_picked":["Replay:Drink Me","hubris:Backtick"],"picked":"hubris:ScarierMask"},{"not_picked":[]}],"items_purged_floors":[7,11,13,47],"is_endless":false,"potions_floor_spawned":[1,12,18,20,24,28,30,33,35,41,42,48],"ascension_level":0}}