{"host":"a3oe3gstxz77c7qu","time":1609512851,"event":{"mods":["2.2 Compatiblity","Act Like it!","BaseMod","Bestiary","Better Altar","Better Match","Better Note","Better Skull","Better Third Choice","Block Reminder","Curses Come First","Custom Start","Friendly Minions","GifTheSpireLib","Infinite Spire","Lobotomy","LobotomyExtend","Minty Spire (QoL Compilation)","Permanent Neow","Quick Restart","Relic Stats","Replay The Spire","StSLib","Uncapped","Wandering Minibosses"],"gold_per_floor":[367,379,379,396,51,65,65,65,65,65,65,92,92,92,92,127,127,225,225,225,19,36,36,36,36,62,62,130,130,130,147,147,176,176,271,271,284,297,310,310,310,336,336,11,11,11,40,55,55,83,83,83,83],"floor_reached":54,"playtime":3523,"items_purged":["Strike_P","Strike_B","Hallucinations"],"score":4078,"play_id":"11c6a6ed-ddb6-4797-935b-907d6d668d9a","local_time":"20210101145411","is_ascension_mode":true,"campfire_choices":[{"data":"1","floor":25,"key":"LIFT"},{"data":"2","floor":27,"key":"LIFT"},{"data":"3","floor":32,"key":"LIFT"}],"circlet_count":0,"master_deck":["BigBird","Funeral","BigBird","Funeral","BigBird","Funeral","SpecialBullet","SpecialBullet","SpecialBullet","SpecialBullet","SpecialBullet","SpecialBullet","SpecialBullet","SpecialBullet","CentralCode","InformationCode","ControlCode","Scorched","RedEyes","GrinderMk4+1","WelfareCode","Pot Of Greed","Pot Of Greed","Mimicry","QueenBee","infinitespire:Gouge+1","UniverseFragment","DreamingCurrent","infinitespire:NeuralNetwork","Pot Of Greed","Decay","ShedSkin+1","SingingMachine","Diffraction","Twilight","RapturousDream+1"],"relics":["CogitoBucket","RabbitCall","LetterFromLob","infinitespire:BottledMercury","Membership Card","Mirror","Gaze_r","infinitespire:Satchel","infinitespire:Lucky Rock","Grinning Jar","Replay:Bronze Core","ShedSkin_r","Girya","BehaviorAdjustment","StrikeDummy","MutagenicStrength","Whetstone","Replay:Accelerometer","Ring of Fury","Ring of Hypnosis","Bottled Lightning","Fusion Hammer","SkinProphecy","Nunchaku","Ancient Tea Set","TheAbacus","Divine Protection","Bag of Marbles","Snack Pack","infinitespire:Lychee Nut","AtMidnight","AspirationHeart","StoneCalendar","SolemnVow_r","Lamp_r"],"acts_visited":["Exordium","TheCity","TheBeyond"],"potions_floor_usage":[7,16,52],"damage_taken":[{"damage":0,"enemies":"Small Slimes","floor":1,"turns":3},{"damage":0,"enemies":"2 Louse","floor":2,"turns":2},{"damage":0,"enemies":"Cultist","floor":4,"turns":2},{"damage":0,"enemies":"3 Louse","floor":6,"turns":2},{"damage":27,"enemies":"3 Louse","floor":7,"turns":3},{"damage":10,"enemies":"Lagavulin","floor":12,"turns":5},{"damage":0,"enemies":"Replay:BlueRogue","floor":16,"turns":3},{"damage":2,"enemies":"Hexaghost","floor":18,"turns":9},{"damage":0,"enemies":"Spheric Guardian","floor":22,"turns":1},{"damage":8,"enemies":"Gremlin Leader","floor":26,"turns":3},{"damage":1,"enemies":"3 Byrds","floor":31,"turns":2},{"damage":9,"enemies":"Replay:Snechameleon","floor":33,"turns":4},{"damage":5,"enemies":"Champ","floor":35,"turns":4},{"damage":1,"enemies":"3 Shapes","floor":37,"turns":3},{"damage":0,"enemies":"3 Darklings","floor":38,"turns":3},{"damage":0,"enemies":"Transient","floor":39,"turns":5},{"damage":0,"enemies":"Giant Head","floor":42,"turns":5},{"damage":23,"enemies":"R_Hoarder","floor":47,"turns":4},{"damage":0,"enemies":"Sphere and 2 Shapes","floor":48,"turns":6},{"damage":0,"enemies":"Nemesis","floor":50,"turns":3},{"damage":63,"enemies":"Replay:Hell Engine","floor":52,"turns":7}],"seed_played":"5142975141205667621","potions_obtained":[{"floor":2,"key":"Fire Potion"},{"floor":4,"key":"Toxic Potion"}],"is_trial":false,"path_per_floor":["M","M","?","M","$","M","?","R","T","?","R","E","R","PTL","PTL","E","R","B",null,"M","$","M","AVR","?","R","E","R","T","?","?","M","R","E","R","B",null,"M","M","M","AVR","?","E","R","$","T","R","E","M","R","E","R","B",null,null],"character_chosen":"Angela","items_purchased":["Membership Card","GrinderMk4","Mirror","Girya","TheAbacus","Divine Protection","Bag of Marbles","Diffraction","Dexterity Potion"],"campfire_rested":0,"item_purchase_floors":[5,5,5,21,44,44,44,44,44],"current_hp_per_floor":[70,70,70,70,70,70,43,43,43,43,43,33,33,33,33,33,33,31,70,70,70,70,70,70,70,70,70,70,70,70,70,70,70,70,70,70,70,70,74,74,74,76,76,76,76,76,58,72,72,78,78,56,56],"gold":83,"neow_bonus":"TWO_FIFTY_GOLD","is_daily":false,"chose_seed":false,"campfire_upgraded":0,"win_rate":0.0,"timestamp":1609512851,"path_taken":["M","M","?","M","$","M","?","R","T","?","R","E","R","PTL","PTL","E","R","BOSS","M","?","M","AVR","?","R","E","R","T","?","?","M","R","E","R","BOSS","M","M","M","AVR","?","E","R","$","T","R","E","M","R","E","R","BOSS"],"items_purchased_type":["Relic","Card","Relic","Relic","Relic","Relic","Relic","Card","Potion"],"build_version":"2020-12-22","purchased_purges":3,"victory":true,"max_hp_per_floor":[70,70,70,70,70,70,70,70,70,70,70,70,70,70,70,70,70,70,70,70,70,70,70,70,70,70,70,70,70,70,70,70,70,70,70,70,70,72,74,74,74,76,76,76,76,76,58,72,72,78,78,82,82],"relic_stats":{"Nunchaku":[3],"TheAbacus":[66],"counters":[25,83],"StoneCalendar":[0],"Whetstone":["infinitespire:Gouge"],"obtain_stats":[{"RabbitCall":0,"infinitespire:BottledMercury":3,"Replay:Accelerometer":28,"Divine Protection":44,"SolemnVow_r":52,"StoneCalendar":50,"Whetstone":26,"SkinProphecy":37,"Ancient Tea Set":42,"Lamp_r":52,"CogitoBucket":0,"Nunchaku":40,"TheAbacus":44,"Replay:Bronze Core":19,"Fusion Hammer":36,"Girya":21,"Ring of Hypnosis":30,"AspirationHeart":48,"infinitespire:Lucky Rock":12,"Gaze_r":7,"infinitespire:Lychee Nut":47,"MutagenicStrength":24,"infinitespire:Satchel":9,"AtMidnight":48,"Ring of Fury":30,"BehaviorAdjustment":22,"LetterFromLob":1,"Bag of Marbles":44,"Snack Pack":45,"Membership Card":5,"Bottled Lightning":33,"Grinning Jar":16,"Mirror":5,"StrikeDummy":23,"ShedSkin_r":20},{"RabbitCall":0,"infinitespire:BottledMercury":2,"Replay:Accelerometer":11,"Divine Protection":19,"SolemnVow_r":25,"StoneCalendar":23,"Whetstone":11,"SkinProphecy":16,"Ancient Tea Set":19,"Lamp_r":25,"CogitoBucket":0,"Nunchaku":18,"TheAbacus":19,"Replay:Bronze Core":8,"Fusion Hammer":14,"Girya":8,"Ring of Hypnosis":11,"AspirationHeart":22,"infinitespire:Lucky Rock":6,"Gaze_r":5,"infinitespire:Lychee Nut":20,"MutagenicStrength":10,"infinitespire:Satchel":5,"AtMidnight":22,"Ring of Fury":11,"BehaviorAdjustment":10,"LetterFromLob":1,"Bag of Marbles":19,"Snack Pack":19,"Membership Card":3,"Bottled Lightning":13,"Grinning Jar":7,"Mirror":3,"StrikeDummy":10,"ShedSkin_r":8},{"RabbitCall":0,"infinitespire:BottledMercury":5,"Replay:Accelerometer":34,"Divine Protection":61,"SolemnVow_r":79,"StoneCalendar":75,"Whetstone":34,"SkinProphecy":48,"Ancient Tea Set":61,"Lamp_r":81,"CogitoBucket":0,"Nunchaku":56,"TheAbacus":61,"Replay:Bronze Core":29,"Fusion Hammer":44,"Girya":29,"Ring of Hypnosis":34,"AspirationHeart":72,"infinitespire:Lucky Rock":17,"Gaze_r":12,"infinitespire:Lychee Nut":65,"MutagenicStrength":31,"infinitespire:Satchel":12,"AtMidnight":72,"Ring of Fury":34,"BehaviorAdjustment":31,"LetterFromLob":3,"Bag of Marbles":61,"Snack Pack":61,"Membership Card":7,"Bottled Lightning":40,"Grinning Jar":20,"Mirror":7,"StrikeDummy":31,"ShedSkin_r":29}]},"card_choices":[{"not_picked":["Heaven","Spore"],"picked":"SKIP","floor":1},{"not_picked":["CherryBlossoms","BigBird"],"picked":"Scorched","floor":2},{"not_picked":["Tough","Noise"],"picked":"SKIP","floor":2},{"not_picked":["Beak"],"picked":"RedEyes","floor":4},{"not_picked":["Justitia","Regret_ego"],"picked":"SKIP","floor":6},{"not_picked":["SoundOfStar","BlueScar"],"picked":"SKIP","floor":12},{"not_picked":["CUTE","Pleasure"],"picked":"SKIP","floor":16},{"not_picked":["TheSmile"],"picked":"Mimicry","floor":18},{"not_picked":["LittlePrince","OSAHOGD"],"picked":"QueenBee","floor":22},{"not_picked":["BlueScar","Tough"],"picked":"SKIP","floor":22},{"not_picked":["FourthMatchFlame","GreenStem"],"picked":"SKIP","floor":26},{"not_picked":["Lantern+1","BloodyDesire"],"picked":"SKIP","floor":31},{"not_picked":["TodaysExpression","Soda"],"picked":"SKIP","floor":33},{"not_picked":["WhiteNight","BigBadWolf"],"picked":"UniverseFragment","floor":35},{"not_picked":["Beak","Tough"],"picked":"SKIP","floor":37},{"not_picked":["Beak","Tough"],"picked":"SKIP","floor":37},{"not_picked":["GreedKing","FairyFestival"],"picked":"DreamingCurrent","floor":38},{"not_picked":["Beak","GrinderMk4"],"picked":"SKIP","floor":38},{"not_picked":["Yin","Variant"],"picked":"BigBird","floor":39},{"not_picked":["RapturousDream","WristCuter"],"picked":"SKIP","floor":39},{"not_picked":["GrinderMk4"],"picked":"ShedSkin+1","floor":42},{"not_picked":["VoidDream","Mercenary"],"picked":"SingingMachine","floor":42},{"not_picked":["Noise+1"],"picked":"Twilight","floor":47},{"not_picked":["Loneliness+1","CherryBlossom+1"],"picked":"SKIP","floor":48},{"not_picked":["Christmas+1"],"picked":"RapturousDream+1","floor":50},{"not_picked":["BlackArmy","Mercenary"],"picked":"Funeral","floor":50}],"player_experience":698830,"relics_obtained":[{"floor":1,"key":"LetterFromLob"},{"floor":3,"key":"infinitespire:BottledMercury"},{"floor":9,"key":"infinitespire:Satchel"},{"floor":12,"key":"infinitespire:Lucky Rock"},{"floor":16,"key":"Grinning Jar"},{"floor":26,"key":"Whetstone"},{"floor":28,"key":"Replay:Accelerometer"},{"floor":30,"key":"Ring of Fury"},{"floor":30,"key":"Ring of Hypnosis"},{"floor":33,"key":"Bottled Lightning"},{"floor":42,"key":"Ancient Tea Set"},{"floor":45,"key":"Snack Pack"},{"floor":47,"key":"infinitespire:Lychee Nut"},{"floor":48,"key":"AtMidnight"},{"floor":50,"key":"StoneCalendar"}],"event_choices":[{"damage_healed":0,"gold_gain":0,"player_choice":"Inject Mutagens","damage_taken":0,"relics_obtained":["MutagenicStrength"],"max_hp_gain":0,"max_hp_loss":0,"event_name":"Drug Dealer","floor":24,"gold_loss":0},{"damage_healed":0,"gold_gain":0,"player_choice":"Cursed","damage_taken":0,"max_hp_gain":0,"max_hp_loss":0,"event_name":"Wheel of Change","floor":41,"gold_loss":0,"cards_obtained":["Decay"]}],"is_beta":false,"boss_relics":[{"not_picked":["Runic Pyramid","Tiny House"],"picked":"Replay:Bronze Core"},{"not_picked":["Philosopher\u0027s Stone","Astrolabe"],"picked":"Fusion Hammer"}],"items_purged_floors":[5,21,40],"is_endless":false,"potions_floor_spawned":[2,4],"ascension_level":4}}