{"host":"iphsb0ccnjx0pfn6","time":1609488692,"event":{"mods":["2.2 Compatiblity","AchievementEnabler","BaseMod","Colored Map","DeckTracker","Keyboard Shortcuts","Minty Spire (QoL Compilation)","Permanent Neow","Quick Restart","Relic Stats","StSLib","SuperFastMode","Uncapped","everything is the same but u backflip on backflip"],"gold_per_floor":[11,23,173,173,193,193,226,245,271,271,271,282,323,348,348,348,348],"floor_reached":16,"playtime":466,"items_purged":[],"score":274,"play_id":"03be16b9-53b0-4067-9d71-d572eddc9b46","local_time":"20210101171132","is_ascension_mode":true,"campfire_choices":[{"floor":6.0,"key":"REST"},{"floor":11.0,"key":"REST"},{"floor":15,"key":"REST"}],"circlet_count":0,"master_deck":["AscendersBane","Strike_G","Strike_G","Strike_G","Strike_G","Strike_G","Defend_G","Defend_G","Defend_G","Defend_G","Defend_G","Survivor","Neutralize","Cloak And Dagger","Malaise","Doubt","Pain","Storm of Steel","Crippling Poison","Acrobatics","Reflex","Cloak And Dagger"],"relics":["Ring of the Snake","Dead Branch","WarpedTongs","Omamori","Bag of Preparation","CeramicFish"],"acts_visited":["Exordium"],"potions_floor_usage":[16,16],"damage_taken":[{"damage":17.0,"enemies":"Cultist","floor":1.0,"turns":5.0},{"damage":0.0,"enemies":"Small Slimes","floor":2.0,"turns":3.0},{"damage":10.0,"enemies":"Jaw Worm","floor":5.0,"turns":7.0},{"damage":37.0,"enemies":"Lagavulin","floor":7.0,"turns":8.0},{"damage":3.0,"enemies":"2 Fungi Beasts","floor":8.0,"turns":4.0},{"damage":10.0,"enemies":"Exordium Wildlife","floor":12.0,"turns":3.0},{"damage":2.0,"enemies":"Gremlin Nob","floor":13.0,"turns":2.0},{"damage":8,"enemies":"3 Louse","floor":14,"turns":3},{"damage":55,"enemies":"Slime Boss","floor":16,"turns":7}],"seed_played":"-1982539621309734550","potions_obtained":[{"floor":2.0,"key":"Strength Potion"},{"floor":7.0,"key":"AttackPotion"},{"floor":13.0,"key":"SpeedPotion"},{"floor":14,"key":"Block Potion"}],"is_trial":false,"path_per_floor":["M","M","?","?","M","R","E","M","T","?","R","M","E","M","R","B"],"character_chosen":"THE_SILENT","items_purchased":[],"campfire_rested":3,"item_purchase_floors":[],"current_hp_per_floor":[42,42,42,42,32,51,14,11,11,27,46,36,34,26,45,0,0],"gold":348,"neow_bonus":"ONE_RARE_RELIC","is_daily":false,"chose_seed":false,"campfire_upgraded":0,"win_rate":0.0,"timestamp":1609488692,"path_taken":["M","?","?","?","M","R","E","?","T","?","R","M","E","M","R","BOSS"],"items_purchased_type":[],"build_version":"2020-12-22","purchased_purges":0,"victory":false,"max_hp_per_floor":[66,66,66,66,66,66,66,66,66,66,66,66,66,66,66,66,66],"relic_stats":{"counters":[9,42],"Dead Branch":[71],"CeramicFish":18,"Bag of Preparation":[8],"obtain_stats":[{"Dead Branch":0,"CeramicFish":13,"Omamori":7,"Bag of Preparation":9,"Ring of the Snake":0,"WarpedTongs":4},{"Dead Branch":0,"CeramicFish":7,"Omamori":4,"Bag of Preparation":5,"Ring of the Snake":0,"WarpedTongs":2},{"Dead Branch":0,"CeramicFish":32,"Omamori":23,"Bag of Preparation":27,"Ring of the Snake":0,"WarpedTongs":8}],"Ring of the Snake":[18],"WarpedTongs":[34]},"card_choices":[{"not_picked":["Flying Knee","Slice"],"picked":"Cloak And Dagger","floor":1.0},{"not_picked":["Deflect","Slice"],"picked":"Malaise","floor":2.0},{"not_picked":["Underhanded Strike","Dagger Spray","Well Laid Plans"],"picked":"SKIP","floor":5.0},{"not_picked":["Outmaneuver","Sucker Punch"],"picked":"Storm of Steel","floor":7.0},{"not_picked":["Dagger Throw","Leg Sweep"],"picked":"Crippling Poison","floor":8.0},{"not_picked":["Poisoned Stab","Infinite Blades"],"picked":"Acrobatics","floor":12.0},{"not_picked":["Riddle With Holes","Concentrate"],"picked":"Reflex","floor":13.0},{"not_picked":["Underhanded Strike","PiercingWail"],"picked":"Cloak And Dagger","floor":14}],"player_experience":1260433,"relics_obtained":[{"floor":7.0,"key":"Omamori"},{"floor":9.0,"key":"Bag of Preparation"},{"floor":13.0,"key":"CeramicFish"}],"event_choices":[{"damage_healed":0.0,"max_hp_gain":0.0,"max_hp_loss":0.0,"gold_gain":150.0,"event_name":"Liars Game","player_choice":"AGREE","floor":3.0,"gold_loss":0.0,"damage_taken":0.0,"cards_obtained":["Doubt"]},{"damage_healed":0.0,"max_hp_gain":0.0,"max_hp_loss":0.0,"gold_gain":0.0,"event_name":"Accursed Blacksmith","player_choice":"Rummage","floor":4.0,"gold_loss":0.0,"damage_taken":0.0,"relics_obtained":["WarpedTongs"],"cards_obtained":["Pain"]},{"damage_healed":16.0,"max_hp_gain":0.0,"max_hp_loss":0.0,"gold_gain":0.0,"event_name":"Mushrooms","player_choice":"Healed and dodged fight","floor":10.0,"gold_loss":0.0,"damage_taken":0.0,"cards_obtained":["Parasite"]}],"is_beta":false,"boss_relics":[],"items_purged_floors":[],"is_endless":false,"potions_floor_spawned":[2,7,13,14],"killed_by":"Slime Boss","ascension_level":20}}