{"host":"dntw6kil9p09eemm","time":1609529332,"event":{"mods":["Alarm Clock","Aspiration","BaseMod","Downfall","Hermit","Hubris","Minty Spire (QoL Compilation)","Permanent Neow","Replay The Spire","Shop Mod","StSLib","The Runesmith"],"gold_per_floor":[113,113,130,145,157,191,191,191,191,206,206,220,43,43,43,168,168,188,188,209,229,229,229,245,245,290,304,317,317,317,317],"floor_reached":29,"playtime":1663,"items_purged":["hexamod:Defend"],"score":229,"play_id":"a06f2498-6130-425e-81ca-abea15534b72","local_time":"20210102042852","is_ascension_mode":false,"campfire_choices":[{"floor":8,"key":"REST"},{"data":"hexamod:Float","floor":11,"key":"SMITH"},{"data":"hexamod:SkipABeat","floor":15,"key":"SMITH"},{"floor":23,"key":"REST"},{"floor":25,"key":"REST"}],"circlet_count":0,"master_deck":["hexamod:Strike","hexamod:Strike","hexamod:Defend","hexamod:Defend","hexamod:Sear","hexamod:Float+1","hexamod:TimeOfNeed","hexamod:SkipABeat+1","hexamod:ThirdSeal","hexamod:Again","hexamod:GhostflameBarrier","hexamod:PhantomFireball","hexamod:GhostflameBarrier","hexamod:GhostflameInferno+1","hexamod:EmpoweredFlame","hexamod:StepThrough","hexamod:DynamicBlow","hexamod:StepThrough","hexamod:CrushingStance","hexamod:HexaLevel","hexamod:ThermalTransfer","hexamod:FastForward","hexamod:FastForward","hexamod:ThermalTransfer","hexamod:ExtraCrispy","hexamod:VolcanoVisage"],"relics":["hexamod:SpiritBrand","hubris:MysteriousPyramids","MealTicket","hexamod:Sixitude","MerchantsRug","Golden Idol","Empty Cage","Regal Pillow"],"acts_visited":["Exordium","TheCity"],"potions_floor_usage":[20,24,27],"damage_taken":[{"damage":0.0,"enemies":"Jaw Worm","floor":1.0,"turns":4.0},{"damage":9.0,"enemies":"Small Slimes","floor":3.0,"turns":4.0},{"damage":6,"enemies":"2 Louse","floor":4,"turns":2},{"damage":2,"enemies":"Red Slaver","floor":5,"turns":4},{"damage":26,"enemies":"3 Sentries","floor":6,"turns":11},{"damage":0,"enemies":"Large Slime","floor":10,"turns":5},{"damage":0,"enemies":"Exordium Wildlife","floor":12,"turns":3},{"damage":20,"enemies":"Hexaghost","floor":16,"turns":7},{"damage":4,"enemies":"Shell Parasite","floor":18,"turns":5},{"damage":30,"enemies":"3 Byrds","floor":20,"turns":4},{"damage":17,"enemies":"Centurion and Healer","floor":21,"turns":6},{"damage":4,"enemies":"Cultist and Chosen","floor":24,"turns":4},{"damage":14,"enemies":"Snecko","floor":27,"turns":5},{"damage":26,"enemies":"Snake Plant","floor":28,"turns":4},{"damage":11,"enemies":"Sentry and Sphere","floor":29,"turns":3}],"seed_played":"-4203591701986128994","potions_obtained":[{"floor":1.0,"key":"GamblersBrew"},{"floor":4,"key":"hexamod:DoubleChargePotion"},{"floor":10,"key":"BlessingOfTheForge"},{"floor":18,"key":"Strength Potion"},{"floor":21,"key":"Strength Potion"},{"floor":22,"key":"Fire Potion"},{"floor":27,"key":"Dexterity Potion"}],"is_trial":false,"path_per_floor":["M","?","M","M","M","E","?","R","T","M","R","M","$","?","R","B",null,"M","?","M","M","?","R","M","R","T","M","M","M"],"character_chosen":"THE_SPIRIT","items_purchased":["MerchantsRug"],"campfire_rested":3,"item_purchase_floors":[13],"current_hp_per_floor":[70,58,49,43,41,15,15,36,36,36,36,36,51,51,51,31,65,61,61,31,14,14,33,29,48,48,34,8,0,0,0],"gold":317,"neow_bonus":"ONE_RANDOM_RARE_CARD","is_daily":false,"chose_seed":false,"campfire_upgraded":2,"win_rate":0.0,"timestamp":1609529332,"path_taken":["M","?","M","M","M","E","?","R","T","M","R","M","$","?","R","BOSS","M","?","M","M","?","R","M","R","T","?","M","M"],"items_purchased_type":["Relic"],"build_version":"2020-12-22","purchased_purges":1,"victory":false,"max_hp_per_floor":[70,70,70,70,70,70,70,70,70,70,70,70,70,65,65,65,65,65,65,65,65,65,65,65,65,65,65,65,65,65,65],"card_choices":[{"not_picked":["hexamod:ShieldOfDarkness","hexamod:HeatMetal"],"picked":"hexamod:SkipABeat","floor":1.0},{"not_picked":["hexamod:BacktrackSmack","hexamod:GhostShield"],"picked":"hexamod:ThirdSeal","floor":3.0},{"not_picked":["hexamod:RainOfEmbers","hexamod:InspiringFlames"],"picked":"hexamod:Again","floor":4},{"not_picked":["hexamod:InspiringFlames","hexamod:DynamicBlow"],"picked":"hexamod:GhostflameBarrier","floor":4},{"not_picked":["hexamod:GhostShield","hexamod:GhostOfSpirePresent"],"picked":"hexamod:PhantomFireball","floor":5},{"not_picked":["hexamod:HauntingEcho","hexamod:SecondSeal"],"picked":"hexamod:GhostflameBarrier","floor":5},{"not_picked":["hexamod:GhostShield","hexamod:UnleashSpirits","hexamod:ShieldOfDarkness"],"picked":"SKIP","floor":6},{"not_picked":["hexamod:NightmareGuise","hexamod:AdvancingGuard","hexamod:RecurringNightmare"],"picked":"SKIP","floor":6},{"not_picked":["hexamod:InspiringFlames","hexamod:RecurringNightmare"],"picked":"hexamod:EmpoweredFlame","floor":10},{"not_picked":["hexamod:SpectersWail","hexamod:RainOfEmbers"],"picked":"hexamod:StepThrough","floor":10},{"not_picked":["hexamod:SpectersWail","hexamod:GhostLash"],"picked":"hexamod:DynamicBlow","floor":12},{"not_picked":["hexamod:FifthSeal","hexamod:ChargedBarrage"],"picked":"hexamod:StepThrough","floor":12},{"not_picked":["hexamod:GiftsFromTheDead","hexamod:ApocalypseNow"],"picked":"hexamod:CrushingStance","floor":16},{"not_picked":["hexamod:UnleashSpirits","hexamod:VolcanoVisage"],"picked":"hexamod:HexaLevel","floor":16},{"not_picked":["hexamod:NightmareGuise","hexamod:SecondSeal","hexamod:AdvancingGuard"],"picked":"SKIP","floor":18},{"not_picked":["hexamod:Firestarter","hexamod:BurningTouch"],"picked":"hexamod:ThermalTransfer","floor":20},{"not_picked":["hexamod:RadiantFlame","hexamod:ThirdSeal"],"picked":"hexamod:FastForward","floor":21},{"not_picked":["hexamod:ThermalTransfer","hexamod:ChargedBarrage"],"picked":"hexamod:FastForward","floor":21},{"not_picked":["hexamod:Firestarter+1","hexamod:GhostflameBarrier+1","hexamod:SwordOfDarkness"],"picked":"SKIP","floor":24},{"not_picked":["hexamod:ChargedBarrage+1","hexamod:RainOfEmbers+1"],"picked":"hexamod:ThermalTransfer","floor":27},{"not_picked":["hexamod:Again","hexamod:InspiringFlames+1"],"picked":"hexamod:ExtraCrispy","floor":27},{"not_picked":["hexamod:EtherealExpedition","hexamod:HauntingEcho"],"picked":"hexamod:VolcanoVisage","floor":28},{"not_picked":["hexamod:HauntingEcho","hexamod:Firestarter+1","hexamod:NightmareStrike"],"picked":"SKIP","floor":28}],"player_experience":524289,"relics_obtained":[{"floor":6,"key":"MealTicket"},{"floor":9,"key":"hexamod:Sixitude"},{"floor":26,"key":"Regal Pillow"}],"event_choices":[{"damage_healed":0.0,"max_hp_gain":0.0,"max_hp_loss":0.0,"gold_gain":0.0,"event_name":"Scrap Ooze","player_choice":"Success","floor":2.0,"gold_loss":0.0,"damage_taken":12.0,"relics_obtained":["hubris:MysteriousPyramids"]},{"damage_healed":0,"gold_gain":0,"player_choice":"Lose Max HP","damage_taken":0,"relics_obtained":["Golden Idol"],"max_hp_gain":0,"max_hp_loss":5,"event_name":"Golden Idol","floor":14,"gold_loss":0},{"damage_healed":0,"gold_gain":0,"player_choice":"Got Potions","damage_taken":0,"max_hp_gain":0,"max_hp_loss":0,"event_name":"Lab","floor":22,"gold_loss":0}],"is_beta":false,"boss_relics":[{"not_picked":["Replay:Drink Me","Ectoplasm"],"picked":"Empty Cage"}],"items_purged_floors":[13],"is_endless":false,"potions_floor_spawned":[1,4,10,18,21,27],"killed_by":"Sentry and Sphere","ascension_level":0}}