{"host":"c5j8t0wyh2hvx9ju","time":1609469592,"event":{"mods":["Astrologer","BaseMod","BetterRewards","HololiveMod","Minty Spire (QoL Compilation)","Prisma Mod","StSLib"],"gold_per_floor":[110,60,76,251,262,262,296,308,362,362,362,390,91,106,106,203,203,186,217,235,235,131,131,131],"floor_reached":23,"playtime":1638,"items_purged":["Doubt"],"score":329,"play_id":"b47bbd23-9b82-4dcf-8016-da3ac8d8ee7f","local_time":"20210101115312","is_ascension_mode":true,"campfire_choices":[{"data":"Eruption","floor":6,"key":"SMITH"},{"floor":10,"key":"REST"},{"data":"DevaForm","floor":15,"key":"SMITH"}],"circlet_count":0,"master_deck":["Defend_P","Defend_P","Defend_P","Defend_P","Eruption+1","Vigilance","Adaptation","Sanctity","FlurryOfBlows","Crescendo+1","WaveOfTheHand","Consecrate","DevaForm+1","InnerPeace+1","Establishment","BattleHymn","Adaptation","Vault","TalkToTheHand","ReachHeaven+1","ClearTheMind","Madness"],"relics":["PureWater","Gambling Chip","CaptainsWheel","Blue Candle","War Paint","Vajra","MealTicket","Empty Cage","Red Mask"],"acts_visited":["Exordium","TheCity"],"potions_floor_usage":[1,12,16,19],"damage_taken":[{"damage":0,"enemies":"Jaw Worm","floor":1,"turns":3},{"damage":9,"enemies":"2 Louse","floor":3,"turns":3},{"damage":8,"enemies":"Small Slimes","floor":5,"turns":6},{"damage":28,"enemies":"Gremlin Nob","floor":7,"turns":4},{"damage":3,"enemies":"Looter","floor":8,"turns":3},{"damage":11,"enemies":"Lagavulin","floor":12,"turns":9},{"damage":5,"enemies":"2 Fungi Beasts","floor":14,"turns":3},{"damage":23,"enemies":"Hexaghost","floor":16,"turns":9},{"damage":16,"enemies":"2 Thieves","floor":18,"turns":6},{"damage":47,"enemies":"Masked Bandits","floor":19,"turns":6},{"damage":3,"enemies":"Chosen","floor":20,"turns":5},{"damage":65,"enemies":"Gremlin Leader","floor":23,"turns":5}],"seed_played":"-769977466809560797","potions_obtained":[{"floor":1,"key":"Fruit Juice"},{"floor":8,"key":"DistilledChaos"},{"floor":12,"key":"EssenceOfSteel"},{"floor":19,"key":"Fruit Juice"},{"floor":20,"key":"FearPotion"}],"is_trial":false,"path_per_floor":["M","?","M","?","M","R","E","M","T","R","?","E","$","M","R","B",null,"M","?","M","?","$","E"],"character_chosen":"WATCHER","items_purchased":["Adaptation","Sanctity","Gambling Chip","FlurryOfBlows","CaptainsWheel","Crescendo","Adaptation","MealTicket","ClearTheMind","Madness"],"campfire_rested":1,"item_purchase_floors":[0,0,0,0,0,0,13,13,22,22],"current_hp_per_floor":[77,77,68,68,60,60,32,29,29,52,52,41,41,36,36,13,77,61,19,16,43,58,0,0],"gold":131,"neow_bonus":"","is_daily":false,"chose_seed":false,"campfire_upgraded":2,"win_rate":0.0,"timestamp":1609469592,"path_taken":["M","?","M","?","M","R","E","M","T","R","?","E","?","M","R","BOSS","M","?","M","?","$","E"],"items_purchased_type":["Card","Card","Relic","Card","Relic","Card","Card","Relic","Card","Card"],"build_version":"2020-12-22","purchased_purges":1,"victory":false,"max_hp_per_floor":[77,77,77,77,77,77,77,77,77,77,77,77,77,77,77,77,77,77,82,82,82,82,82,82],"card_choices":[{"not_picked":["PathToVictory","EmptyFist","EmptyBody"],"picked":"SKIP","floor":1},{"not_picked":["ClearTheMind","Evaluate"],"picked":"WaveOfTheHand","floor":3},{"not_picked":["Worship","CrushJoints"],"picked":"Consecrate","floor":5},{"not_picked":["Halt","JustLucky"],"picked":"DevaForm","floor":7},{"not_picked":["Halt","WaveOfTheHand"],"picked":"InnerPeace","floor":8},{"not_picked":["WreathOfFlame","Crescendo"],"picked":"BattleHymn","floor":12},{"not_picked":["Prostrate","Worship","CutThroughFate"],"picked":"SKIP","floor":14},{"not_picked":["DeusExMachina","Wish"],"picked":"Vault","floor":16},{"not_picked":["FlyingSleeves","Consecrate","EmptyFist"],"picked":"SKIP","floor":18},{"not_picked":["Weave","SashWhip"],"picked":"TalkToTheHand","floor":19},{"not_picked":["Consecrate+1","Crescendo+1"],"picked":"ReachHeaven+1","floor":20}],"player_experience":886959,"relics_obtained":[{"floor":7,"key":"Blue Candle"},{"floor":9,"key":"War Paint"},{"floor":12,"key":"Vajra"},{"floor":19,"key":"Red Mask"}],"event_choices":[{"cards_removed":["Strike_P"],"damage_healed":0,"gold_gain":0,"player_choice":"Card Removal","damage_taken":0,"max_hp_gain":0,"max_hp_loss":0,"event_name":"The Cleric","floor":2,"gold_loss":50},{"damage_healed":0,"gold_gain":175,"player_choice":"AGREE","damage_taken":0,"max_hp_gain":0,"max_hp_loss":0,"event_name":"Liars Game","floor":4,"gold_loss":0,"cards_obtained":["Doubt"]},{"damage_healed":0,"gold_gain":0,"cards_transformed":["Strike_P"],"player_choice":"Change","damage_taken":0,"max_hp_gain":0,"max_hp_loss":0,"event_name":"Living Wall","floor":11,"gold_loss":0,"cards_obtained":["Establishment"]},{"damage_healed":0,"gold_gain":0,"player_choice":"Fought Bandits","damage_taken":0,"max_hp_gain":0,"max_hp_loss":0,"event_name":"Masked Bandits","floor":19,"gold_loss":0},{"damage_healed":27,"gold_gain":0,"player_choice":"Heal","damage_taken":0,"max_hp_gain":0,"max_hp_loss":0,"event_name":"The Library","floor":21,"gold_loss":0}],"is_beta":false,"boss_relics":[{"not_picked":["Philosopher\u0027s Stone","SlaversCollar"],"picked":"Empty Cage"}],"items_purged_floors":[13],"is_endless":false,"potions_floor_spawned":[1,8,12,19,20],"killed_by":"Gremlin Leader","ascension_level":2}}