{"host":"omv42op7s93bjjql","time":1609526281,"event":{"mods":["BaseMod","Colored Map","Colored Powertips","DeckTracker","Keyboard Shortcuts","Minty Spire (QoL Compilation)","StSLib","SuperFastMode"],"gold_per_floor":[117,42,42,42,42,42,85,108,154,166,178,211,241,294,306,318,318],"floor_reached":16,"playtime":358,"items_purged":["Strike_B"],"score":266,"play_id":"cd8c1e7e-af3a-4464-bc09-5d7bf305f197","local_time":"20210102033801","is_ascension_mode":true,"campfire_choices":[{"data":"Genetic Algorithm","floor":6,"key":"SMITH"},{"data":"Defragment","floor":11,"key":"SMITH"},{"floor":15,"key":"REST"}],"circlet_count":0,"master_deck":["AscendersBane","Strike_B","Strike_B","Defend_B","Defend_B","Defend_B","Zap","Dualcast","Genetic Algorithm+1","Capacitor","Defragment+1","Sweeping Beam","Lockon","Machine Learning+1"],"relics":["Cracked Core","NeowsBlessing","Golden Idol","Pear","MawBank","Frozen Egg 2"],"acts_visited":["Exordium"],"potions_floor_usage":[13],"damage_taken":[{"damage":0,"enemies":"Cultist","floor":1,"turns":1},{"damage":0,"enemies":"Lagavulin","floor":7,"turns":2},{"damage":0,"enemies":"Small Slimes","floor":8,"turns":1},{"damage":3,"enemies":"Jaw Worm","floor":12,"turns":3},{"damage":9,"enemies":"Lots of Slimes","floor":13,"turns":4},{"damage":29,"enemies":"Gremlin Nob","floor":14,"turns":4},{"damage":33,"enemies":"The Guardian","floor":16,"turns":9}],"seed_played":"782992229272794532","potions_obtained":[{"floor":1,"key":"Swift Potion"}],"is_trial":false,"path_per_floor":["M","$","?","?","?","R","E","M","T","?","R","M","M","E","R","B"],"character_chosen":"DEFECT","items_purchased":[],"campfire_rested":1,"item_purchase_floors":[],"current_hp_per_floor":[64,64,57,57,33,33,43,43,43,48,48,45,36,7,32,0,0],"gold":318,"neow_bonus":"THREE_ENEMY_KILL","is_daily":false,"chose_seed":false,"campfire_upgraded":2,"win_rate":0.0,"timestamp":1609526281,"path_taken":["M","$","?","?","?","R","E","M","T","?","R","M","M","E","R","BOSS"],"items_purchased_type":[],"build_version":"2020-12-22","purchased_purges":1,"victory":false,"max_hp_per_floor":[71,71,71,71,71,71,81,81,81,86,86,86,86,86,86,86,86],"card_choices":[{"not_picked":["Leap","Sunder"],"picked":"Genetic Algorithm","floor":1},{"not_picked":["Static Discharge","Chaos"],"picked":"Capacitor","floor":7},{"not_picked":["Gash","Conserve Battery"],"picked":"Defragment","floor":8},{"not_picked":["Steam","Compile Driver"],"picked":"Sweeping Beam","floor":12},{"not_picked":["Ball Lightning","Compile Driver"],"picked":"Lockon","floor":13},{"not_picked":["Go for the Eyes","Reprogram"],"picked":"Machine Learning+1","floor":14}],"player_experience":841197,"relics_obtained":[{"floor":7,"key":"Pear"},{"floor":9,"key":"MawBank"},{"floor":14,"key":"Frozen Egg 2"}],"event_choices":[{"cards_removed":["Defend_B"],"damage_healed":0,"gold_gain":0,"player_choice":"Card Removal","damage_taken":7,"max_hp_gain":0,"max_hp_loss":0,"event_name":"Golden Wing","floor":3,"gold_loss":0},{"cards_removed":["Strike_B"],"damage_healed":0,"gold_gain":0,"player_choice":"Forget","damage_taken":0,"max_hp_gain":0,"max_hp_loss":0,"event_name":"Living Wall","floor":4,"gold_loss":0},{"damage_healed":0,"gold_gain":0,"player_choice":"Take Damage","damage_taken":24,"relics_obtained":["Golden Idol"],"max_hp_gain":0,"max_hp_loss":0,"event_name":"Golden Idol","floor":5,"gold_loss":0},{"damage_healed":0,"gold_gain":0,"player_choice":"Donut","damage_taken":0,"max_hp_gain":5,"max_hp_loss":0,"event_name":"Big Fish","floor":10,"gold_loss":0}],"is_beta":false,"boss_relics":[],"items_purged_floors":[2],"is_endless":false,"potions_floor_spawned":[1],"killed_by":"The Guardian","ascension_level":20}}