{"host":"u2ml147a12me9taj","time":1609517144,"event":{"mods":["Act Like it!","BaseMod","Colored Powertips","Lobotomy","LobotomyExtend","Minty Spire (QoL Compilation)","Quick Restart","StSLib","The Animator"],"gold_per_floor":[118,190,40,115,115,115,115,130,130,146,146,166,193,204,204,301,301,301,301],"floor_reached":18,"playtime":696,"items_purged":[],"score":185,"play_id":"35bebdce-4980-4530-9499-106484d5d76f","local_time":"20210102010544","is_ascension_mode":false,"campfire_choices":[],"circlet_count":0,"master_deck":["SpecialBullet","SpecialBullet","SpecialBullet","SpecialBullet","SpecialBullet","SpecialBullet","ExtractionCode","InformationCode","SecurityCode","Wingbeat+1","ShedSkin+1","GalaxyChild","BlackArmy","WristCuter","PunishingBird","SolemnVow","VoidDream","Ecstasy","LaLuna","GoldRush","DaCapo"],"relics":["CogitoBucket","HornCleat","Bronze Scales","LetterFromLob","War Paint","Oddly Smooth Stone","LuminousBracelet","Coffee Dripper"],"acts_visited":["Exordium","TheCity"],"potions_floor_usage":[],"damage_taken":[{"damage":0,"enemies":"Cultist","floor":1,"turns":3},{"damage":7,"enemies":"Small Slimes","floor":8,"turns":2},{"damage":0,"enemies":"Jaw Worm","floor":10,"turns":4},{"damage":12,"enemies":"Exordium Wildlife","floor":12,"turns":3},{"damage":47,"enemies":"3 Sentries","floor":13,"turns":10},{"damage":17,"enemies":"Blue Slaver","floor":14,"turns":4},{"damage":12,"enemies":"Slime Boss","floor":16,"turns":12}],"seed_played":"-8313984720039592322","potions_obtained":[],"is_trial":false,"path_per_floor":["M","T","$","?","?","R","$","M","T","M","R","M","E","M","R","B",null,"M"],"character_chosen":"Angela","items_purchased":["Bronze Scales"],"campfire_rested":0,"item_purchase_floors":[3],"current_hp_per_floor":[70,70,70,59,52,52,52,53,53,64,64,68,43,56,56,80,85,0,0],"gold":301,"neow_bonus":"TRANSFORM_CARD","is_daily":false,"chose_seed":false,"campfire_upgraded":0,"win_rate":0.0,"timestamp":1609517144,"path_taken":["M","?","$","?","?","R","$","?","T","M","R","M","E","M","R","BOSS","M"],"items_purchased_type":["Relic"],"build_version":"2020-12-22","purchased_purges":0,"victory":false,"max_hp_per_floor":[70,70,70,70,70,70,70,70,70,70,70,70,70,85,85,85,85,85,85],"card_choices":[{"not_picked":["Tough"],"picked":"ShedSkin","floor":1},{"not_picked":["MHz","OSAHOGD"],"picked":"GalaxyChild","floor":8},{"not_picked":["BlackSwan_ego","SwordSharpenedByTears"],"picked":"SKIP","floor":8},{"not_picked":["NakedNest","WallGazer"],"picked":"BlackArmy","floor":10},{"not_picked":["Tough"],"picked":"WristCuter","floor":10},{"not_picked":["CherryBlossoms","SpiderBud"],"picked":"PunishingBird","floor":12},{"not_picked":["FeatherOfHonor","ParadiseLost"],"picked":"SKIP","floor":12},{"not_picked":["FourthMatchFlame"],"picked":"SolemnVow","floor":13},{"not_picked":["CrumblingArmor","DespairKnight"],"picked":"VoidDream","floor":13},{"not_picked":["SomewhereSpear","Horn"],"picked":"SKIP","floor":13},{"not_picked":["WristCuter"],"picked":"Ecstasy","floor":14},{"not_picked":["CrumblingArmor","BeautyBeast"],"picked":"LaLuna","floor":16},{"not_picked":["SoundOfStar","Mimicry"],"picked":"GoldRush","floor":16},{"not_picked":["TheSmile","GoldRush"],"picked":"DaCapo","floor":16}],"player_experience":379056,"relics_obtained":[{"floor":2,"key":"HornCleat"},{"floor":8,"key":"LetterFromLob"},{"floor":9,"key":"War Paint"},{"floor":13,"key":"Oddly Smooth Stone"}],"event_choices":[{"damage_healed":0,"gold_gain":75,"player_choice":"Gather Gold","damage_taken":11,"max_hp_gain":0,"max_hp_loss":0,"event_name":"World of Goop","floor":4,"gold_loss":0},{"cards_removed":["SpecialBullet"],"damage_healed":0,"gold_gain":0,"player_choice":"Card Removal","damage_taken":7,"max_hp_gain":0,"max_hp_loss":0,"event_name":"Golden Wing","floor":5,"gold_loss":0}],"is_beta":false,"boss_relics":[{"not_picked":["Runic Pyramid","Calling Bell"],"picked":"Coffee Dripper"}],"items_purged_floors":[],"is_endless":false,"potions_floor_spawned":[],"ascension_level":0}}