{"host":"t7mx8yfj1no5p62f","time":1609483398,"event":{"mods":["BaseMod","Colored Map","Colored Powertips","Minty Spire (QoL Compilation)","Relic Stats","StSLib"],"gold_per_floor":[109,109,126,126,147,187,187,208,260,279,319,319,338,60,60,149,149,168,186,205,205,224,224,268,168,223,253,265,321,333,383,395,498,510,536,563,1574,1586,1305,1305,1341,1341,1341,1341,1379,1402,1402,1445,1445,1445,1445,1445],"floor_reached":51,"playtime":2482,"items_purged":["Strike_P","Pain","Normality"],"score":1781,"play_id":"e47b1e8d-e0af-4281-9967-521518b7a147","local_time":"20210101014318","is_ascension_mode":true,"campfire_choices":[{"data":"Eruption","floor":7.0,"key":"SMITH"},{"data":"Prostrate","floor":12.0,"key":"SMITH"},{"data":"TalkToTheHand","floor":15.0,"key":"SMITH"},{"floor":23.0,"key":"REST"},{"floor":28.0,"key":"REST"},{"data":"ThirdEye","floor":30.0,"key":"SMITH"},{"data":"Ragnarok","floor":32.0,"key":"SMITH"},{"data":"WaveOfTheHand","floor":40.0,"key":"SMITH"},{"data":"Tantrum","floor":42.0,"key":"SMITH"},{"data":"Tantrum","floor":44.0,"key":"SMITH"},{"data":"Scrawl","floor":47.0,"key":"SMITH"},{"floor":49.0,"key":"RECALL"}],"circlet_count":0,"master_deck":["AscendersBane","Defend_P","Defend_P","Defend_P+1","Eruption+1","Vigilance","Panache","SignatureMove","EmptyBody+1","LikeWater","Prostrate+1","BowlingBash","ReachHeaven","Prostrate","TalkToTheHand+1","WaveOfTheHand+1","Tantrum+1","Adaptation","DeusExMachina","Tantrum+1","Prostrate","JustLucky","Scrawl+1","Halt+1","ThirdEye+1","Ragnarok+1","DevaForm","Vengeance+1","Vault+1","Evaluate+1","InnerPeace+1","ThirdEye+1","Normality","CutThroughFate+1","FlurryOfBlows"],"relics":["HolyWater","Golden Idol","InkBottle","PreservedInsect","Centennial Puzzle","WarpedTongs","Damaru","MawBank","Bird Faced Urn","Oddly Smooth Stone","Astrolabe","War Paint","MealTicket","Anchor","Bag of Preparation"],"acts_visited":["Exordium","TheCity","TheBeyond"],"potions_floor_usage":[51,51],"damage_taken":[{"damage":0.0,"enemies":"Jaw Worm","floor":1.0,"turns":3.0},{"damage":14.0,"enemies":"2 Louse","floor":3.0,"turns":4.0},{"damage":8.0,"enemies":"Small Slimes","floor":5.0,"turns":3.0},{"damage":13.0,"enemies":"Lagavulin","floor":6.0,"turns":7.0},{"damage":0.0,"enemies":"Gremlin Gang","floor":8.0,"turns":3.0},{"damage":0.0,"enemies":"2 Fungi Beasts","floor":10.0,"turns":2.0},{"damage":1.0,"enemies":"3 Sentries","floor":11.0,"turns":3.0},{"damage":0.0,"enemies":"Looter","floor":13.0,"turns":3.0},{"damage":0.0,"enemies":"Hexaghost","floor":16.0,"turns":8.0},{"damage":0.0,"enemies":"3 Byrds","floor":18.0,"turns":2.0},{"damage":9.0,"enemies":"Spheric Guardian","floor":19.0,"turns":4.0},{"damage":9.0,"enemies":"Shelled Parasite and Fungi","floor":20.0,"turns":2.0},{"damage":27.0,"enemies":"Centurion and Healer","floor":22.0,"turns":7.0},{"damage":21.0,"enemies":"Gremlin Leader","floor":24.0,"turns":3.0},{"damage":0.0,"enemies":"Snake Plant","floor":27.0,"turns":2.0},{"damage":11.0,"enemies":"Slavers","floor":29.0,"turns":4.0},{"damage":5.0,"enemies":"Book of Stabbing","floor":31.0,"turns":3.0},{"damage":5.0,"enemies":"Collector","floor":33.0,"turns":4.0},{"damage":0.0,"enemies":"3 Shapes","floor":35.0,"turns":3.0},{"damage":8.0,"enemies":"3 Darklings","floor":36.0,"turns":4.0},{"damage":5.0,"enemies":"Giant Head","floor":41.0,"turns":5.0},{"damage":0.0,"enemies":"Reptomancer","floor":45.0,"turns":2.0},{"damage":6.0,"enemies":"4 Shapes","floor":46.0,"turns":12.0},{"damage":18.0,"enemies":"Nemesis","floor":48.0,"turns":6.0},{"damage":46.0,"enemies":"Donu and Deca","floor":50.0,"turns":10.0},{"damage":7,"enemies":"Awakened One","floor":51,"turns":4}],"seed_played":"3767950586698283948","potions_obtained":[{"floor":6.0,"key":"LiquidMemories"},{"floor":8.0,"key":"Energy Potion"},{"floor":10.0,"key":"SteroidPotion"},{"floor":11.0,"key":"Energy Potion"},{"floor":13.0,"key":"LiquidBronze"},{"floor":18.0,"key":"Ancient Potion"},{"floor":20.0,"key":"Regen Potion"},{"floor":24.0,"key":"AttackPotion"},{"floor":27.0,"key":"Block Potion"},{"floor":36.0,"key":"Energy Potion"},{"floor":48.0,"key":"PowerPotion"}],"is_trial":false,"path_per_floor":["M","?","M","?","M","E","R","M","T","M","E","R","M","$","R","B",null,"M","M","M","?","M","R","E","$","T","M","R","E","R","E","R","B",null,"M","M","?","?","$","R","E","R","T","R","E","M","R","E","R","B","B"],"character_chosen":"WATCHER","items_purchased":["WaveOfTheHand","Tantrum","Adaptation","War Paint"],"campfire_rested":2,"item_purchase_floors":[14,14,14,39],"current_hp_per_floor":[61,54,40,40,32,19,19,19,19,19,18,18,18,18,18,18,47,47,38,29,29,17,33,12,12,12,12,28,17,17,16,16,15,46,50,50,50,50,50,50,51,51,51,51,55,54,54,40,40,2,0,0],"gold":1445,"neow_bonus":"RANDOM_COLORLESS_2","is_daily":false,"chose_seed":false,"campfire_upgraded":9,"win_rate":0.0,"timestamp":1609483398,"path_taken":["M","?","M","?","M","E","R","M","T","M","E","R","M","$","R","BOSS","M","M","M","?","M","R","E","$","T","?","R","E","R","E","R","BOSS","M","M","?","?","$","R","E","R","T","R","E","?","R","E","R","BOSS","BOSS"],"items_purchased_type":["Card","Card","Card","Relic"],"build_version":"2020-12-22","purchased_purges":3,"victory":false,"max_hp_per_floor":[62,62,62,56,56,56,56,56,56,56,56,56,56,56,56,56,56,56,56,56,56,56,56,56,56,56,56,56,56,56,56,56,56,56,56,56,56,56,56,56,56,56,56,56,56,56,56,56,56,56,56,56],"relic_stats":{"counters":[26,113],"Golden Idol":167,"Astrolabe":["Vengeance","Vault","Evaluate"],"PreservedInsect":407,"Bag of Preparation":[3],"War Paint":["Defend_P","EmptyBody"],"MawBank":156,"WarpedTongs":[68],"Centennial Puzzle":[36],"Bird Faced Urn":[51],"MealTicket":0,"obtain_stats":[{"Golden Idol":4,"Astrolabe":34,"Damaru":24,"Oddly Smooth Stone":31,"PreservedInsect":9,"Bag of Preparation":48,"War Paint":39,"MawBank":26,"WarpedTongs":21,"Centennial Puzzle":11,"Anchor":45,"Bird Faced Urn":29,"HolyWater":17,"MealTicket":41,"PureWater":0,"InkBottle":6},{"Golden Idol":2,"Astrolabe":18,"Damaru":14,"Oddly Smooth Stone":17,"PreservedInsect":5,"Bag of Preparation":24,"War Paint":20,"MawBank":14,"WarpedTongs":12,"Centennial Puzzle":7,"Anchor":22,"Bird Faced Urn":16,"HolyWater":9,"MealTicket":21,"PureWater":0,"InkBottle":4},{"Golden Idol":7,"Astrolabe":67,"Damaru":54,"Oddly Smooth Stone":63,"PreservedInsect":20,"Bag of Preparation":99,"War Paint":74,"MawBank":54,"WarpedTongs":44,"Centennial Puzzle":25,"Anchor":81,"Bird Faced Urn":60,"HolyWater":36,"MealTicket":79,"PureWater":0,"InkBottle":17}],"InkBottle":[49]},"card_choices":[{"not_picked":["Transmutation","Magnetism"],"picked":"Panache","floor":0.0},{"not_picked":["Worship","Crescendo"],"picked":"SignatureMove","floor":1.0},{"not_picked":["SandsOfTime","PathToVictory"],"picked":"EmptyBody","floor":3.0},{"not_picked":["WheelKick","PathToVictory"],"picked":"LikeWater","floor":5.0},{"not_picked":["Pray","Judgement"],"picked":"Prostrate","floor":6.0},{"not_picked":["FearNoEvil","Protect"],"picked":"BowlingBash","floor":8.0},{"not_picked":["Study","Evaluate"],"picked":"ReachHeaven","floor":10.0},{"not_picked":["Study","ClearTheMind"],"picked":"Prostrate","floor":11.0},{"not_picked":["SashWhip","Crescendo"],"picked":"TalkToTheHand","floor":13.0},{"not_picked":["Wish","Blasphemy"],"picked":"DeusExMachina","floor":16.0},{"not_picked":["CrushJoints","LikeWater+1"],"picked":"Tantrum","floor":18.0},{"not_picked":["BowlingBash","WaveOfTheHand","Protect"],"picked":"SKIP","floor":19.0},{"not_picked":["Protect","ThirdEye"],"picked":"Prostrate","floor":20.0},{"not_picked":["EmptyBody","SignatureMove"],"picked":"JustLucky","floor":22.0},{"not_picked":["Prostrate","EmptyBody"],"picked":"Scrawl","floor":24.0},{"not_picked":["Crescendo","CutThroughFate"],"picked":"Halt+1","floor":27.0},{"not_picked":["Halt","BowlingBash"],"picked":"ThirdEye","floor":29.0},{"not_picked":["PathToVictory","FlyingSleeves"],"picked":"Ragnarok","floor":31.0},{"not_picked":["MasterReality","ConjureBlade"],"picked":"DevaForm","floor":33.0},{"not_picked":["FearNoEvil","FollowUp"],"picked":"InnerPeace+1","floor":35.0},{"not_picked":["Prostrate","ClearTheMind"],"picked":"ThirdEye+1","floor":36.0},{"not_picked":["Protect","FollowUp+1","DevaForm"],"picked":"SKIP","floor":41.0},{"not_picked":["Perseverance+1","FearNoEvil"],"picked":"CutThroughFate+1","floor":45.0},{"not_picked":["FearNoEvil","Perseverance"],"picked":"FlurryOfBlows","floor":46.0},{"not_picked":["LikeWater","Nirvana","BowlingBash"],"picked":"SKIP","floor":48.0}],"player_experience":1622871,"relics_obtained":[{"floor":6.0,"key":"InkBottle"},{"floor":9.0,"key":"PreservedInsect"},{"floor":11.0,"key":"Centennial Puzzle"},{"floor":24.0,"key":"Damaru"},{"floor":26.0,"key":"MawBank"},{"floor":29.0,"key":"Bird Faced Urn"},{"floor":31.0,"key":"Oddly Smooth Stone"},{"floor":41.0,"key":"MealTicket"},{"floor":45.0,"key":"Anchor"},{"floor":48.0,"key":"Bag of Preparation"}],"event_choices":[{"cards_removed":["Strike_P"],"damage_healed":0.0,"max_hp_gain":0.0,"max_hp_loss":0.0,"gold_gain":0.0,"event_name":"Golden Wing","player_choice":"Card Removal","floor":2.0,"gold_loss":0.0,"damage_taken":7.0},{"damage_healed":0.0,"max_hp_gain":0.0,"max_hp_loss":6.0,"gold_gain":0.0,"event_name":"Golden Idol","player_choice":"Lose Max HP","floor":4.0,"gold_loss":0.0,"damage_taken":0.0,"relics_obtained":["Golden Idol"]},{"damage_healed":0.0,"max_hp_gain":0.0,"max_hp_loss":0.0,"gold_gain":0.0,"event_name":"Accursed Blacksmith","player_choice":"Rummage","floor":21.0,"gold_loss":0.0,"damage_taken":0.0,"relics_obtained":["WarpedTongs"],"cards_obtained":["Pain"]},{"damage_healed":0.0,"max_hp_gain":0.0,"max_hp_loss":0.0,"gold_gain":999.0,"event_name":"MindBloom","player_choice":"Gold","floor":37.0,"gold_loss":0.0,"damage_taken":0.0,"cards_obtained":["Normality","Normality"]},{"damage_healed":0.0,"max_hp_gain":0.0,"max_hp_loss":0.0,"gold_gain":0.0,"event_name":"SecretPortal","player_choice":"Ignored","floor":38.0,"gold_loss":0.0,"damage_taken":0.0}],"is_beta":false,"boss_relics":[{"not_picked":["Sozu","Cursed Key"],"picked":"HolyWater"},{"not_picked":["SacredBark","Tiny House"],"picked":"Astrolabe"}],"items_purged_floors":[14,25,39],"is_endless":false,"potions_floor_spawned":[6,8,10,11,13,18,20,24,27,36,41,48],"killed_by":"Awakened One","ascension_level":20}}