{"host":"sc0o2qwpf9j16a4i","time":1609532254,"event":{"mods":["AchievementEnabler","BaseMod","BetterRewards","Block Reminder","Colored Map","Colored Powertips","Custom Start","Highlight Path","Minty Spire (QoL Compilation)","Relic Stats"],"gold_per_floor":[115,115,130,130,142,176,176,204,230,230,248,248,398,52,52,131,131,105,124,143,43,43,43,43,43],"floor_reached":24,"playtime":730,"items_purged":["Doubt","Strike_G"],"score":608,"play_id":"a34ba69d-64e4-45a8-9394-1f6f1f982e78","local_time":"20210101221734","is_ascension_mode":true,"campfire_choices":[{"floor":7.0,"key":"REST"},{"floor":10.0,"key":"REST"},{"data":"Noxious Fumes","floor":12.0,"key":"SMITH"},{"data":"Caltrops","floor":15.0,"key":"SMITH"},{"floor":23,"key":"REST"}],"circlet_count":0,"master_deck":["AscendersBane","Strike_G","Strike_G","Strike_G","Defend_G","Defend_G","Defend_G","Defend_G+1","Defend_G+1","Survivor","Neutralize","Noxious Fumes+1","Crippling Poison","Bane","Leg Sweep","Deflect","Dagger Throw","Footwork","Caltrops+1","PiercingWail","Night Terror","Dagger Spray","Dodge and Roll","Deflect"],"relics":["Ring of the Snake","Lee\u0027s Waffle","Ancient Tea Set","Pen Nib","Art of War","War Paint","Orichalcum","Philosopher\u0027s Stone","SsserpentHead"],"acts_visited":["Exordium","TheCity"],"potions_floor_usage":[18,24],"damage_taken":[{"damage":1.0,"enemies":"Small Slimes","floor":1.0,"turns":5.0},{"damage":0.0,"enemies":"Cultist","floor":3.0,"turns":4.0},{"damage":4.0,"enemies":"2 Louse","floor":5.0,"turns":4.0},{"damage":34.0,"enemies":"Gremlin Nob","floor":6.0,"turns":5.0},{"damage":14.0,"enemies":"3 Sentries","floor":8.0,"turns":8.0},{"damage":5.0,"enemies":"Exordium Thugs","floor":11.0,"turns":5.0},{"damage":9.0,"enemies":"Hexaghost","floor":16.0,"turns":10.0},{"damage":6,"enemies":"2 Thieves","floor":18,"turns":4},{"damage":6,"enemies":"Spheric Guardian","floor":19,"turns":5},{"damage":13,"enemies":"Centurion and Healer","floor":20,"turns":7},{"damage":44,"enemies":"Slavers","floor":24,"turns":5}],"seed_played":"376163572766893897","potions_obtained":[{"floor":1.0,"key":"Poison Potion"},{"floor":3.0,"key":"LiquidBronze"},{"floor":8.0,"key":"Poison Potion"},{"floor":16.0,"key":"Poison Potion"},{"floor":19,"key":"DuplicationPotion"}],"is_trial":false,"path_per_floor":["M","?","M","?","M","E","R","E","T","R","M","R","?","$","R","B",null,"M","M","M","$","?","R","E"],"character_chosen":"THE_SILENT","items_purchased":["Noxious Fumes","Lee\u0027s Waffle","Crippling Poison","Ancient Tea Set","Orichalcum","PiercingWail","Block Potion"],"campfire_rested":3,"item_purchase_floors":[0,0,0,0,14,14,14],"current_hp_per_floor":[72,65,65,61,57,23,44,30,30,51,46,46,46,46,46,37,64,58,52,39,39,39,60,16,16],"gold":43,"neow_bonus":"","is_daily":false,"chose_seed":false,"campfire_upgraded":2,"win_rate":0.0,"timestamp":1609532254,"path_taken":["M","?","M","?","M","E","R","E","T","R","?","R","?","$","R","BOSS","M","M","M","$","?","R","E"],"items_purchased_type":["Card","Relic","Card","Relic","Relic","Card","Potion"],"build_version":"2020-12-22","purchased_purges":2,"victory":false,"max_hp_per_floor":[73,73,73,73,73,73,73,73,73,73,73,73,73,73,73,73,73,73,73,73,73,73,73,73,73],"relic_stats":{"SsserpentHead":0,"Lee\u0027s Waffle":31,"counters":[32,159],"Pen Nib":[9],"Art of War":[8],"War Paint":["Power Through","Shrug It Off","Defend_G","Defend_G"],"Orichalcum":[54],"obtain_stats":[{"Lantern":13,"Lee\u0027s Waffle":0,"Pen Nib":11,"Juzu Bracelet":0,"Ginger":17,"Frozen Egg 2":2,"War Paint":9,"Orichalcum":14,"Ancient Tea Set":0,"Akabeko":17,"Mercury Hourglass":17,"Calling Bell":17,"SsserpentHead":22,"Centennial Puzzle":8,"Sundial":7,"MutagenicStrength":20,"Philosopher\u0027s Stone":17,"Art of War":8,"InkBottle":9,"Ring of the Snake":0,"Runic Pyramid":0},{"Lantern":7,"Lee\u0027s Waffle":21,"Pen Nib":16,"Juzu Bracelet":12,"Ginger":18,"Frozen Egg 2":1,"War Paint":26,"Orichalcum":27,"Ancient Tea Set":21,"Akabeko":18,"Mercury Hourglass":18,"Calling Bell":18,"SsserpentHead":31,"Centennial Puzzle":5,"Sundial":16,"MutagenicStrength":10,"Philosopher\u0027s Stone":9,"Art of War":26,"InkBottle":5,"Ring of the Snake":0,"Runic Pyramid":0},{"Lantern":25,"Lee\u0027s Waffle":97,"Pen Nib":73,"Juzu Bracelet":48,"Ginger":88,"Frozen Egg 2":5,"War Paint":123,"Orichalcum":128,"Ancient Tea Set":97,"Akabeko":88,"Mercury Hourglass":88,"Calling Bell":88,"SsserpentHead":154,"Centennial Puzzle":19,"Sundial":73,"MutagenicStrength":41,"Philosopher\u0027s Stone":37,"Art of War":123,"InkBottle":19,"Ring of the Snake":0,"Runic Pyramid":0}],"Ring of the Snake":[41]},"card_choices":[{"not_picked":["Underhanded Strike","PiercingWail"],"picked":"Bane","floor":1.0},{"not_picked":["Dash","Concentrate"],"picked":"Leg Sweep","floor":3.0},{"not_picked":["Outmaneuver","Accuracy"],"picked":"Deflect","floor":5.0},{"not_picked":["Acrobatics","Accuracy"],"picked":"Dagger Throw","floor":6.0},{"not_picked":["Deadly Poison","Night Terror"],"picked":"Footwork","floor":8.0},{"not_picked":["Sucker Punch","Calculated Gamble"],"picked":"Caltrops","floor":11.0},{"not_picked":["Unload","Phantasmal Killer"],"picked":"Night Terror","floor":16.0},{"not_picked":["Deflect","Deadly Poison+1"],"picked":"Dagger Spray","floor":18},{"not_picked":["Reflex","Calculated Gamble"],"picked":"Dodge and Roll","floor":19},{"not_picked":["Deadly Poison","Blade Dance"],"picked":"Deflect","floor":20}],"player_experience":493782,"relics_obtained":[{"floor":6.0,"key":"Pen Nib"},{"floor":8.0,"key":"Art of War"},{"floor":9.0,"key":"War Paint"}],"event_choices":[{"cards_removed":["Strike_G"],"damage_healed":0.0,"max_hp_gain":0.0,"max_hp_loss":0.0,"gold_gain":0.0,"event_name":"Golden Wing","player_choice":"Card Removal","floor":2.0,"gold_loss":0.0,"damage_taken":7.0},{"damage_healed":0.0,"max_hp_gain":0.0,"max_hp_loss":0.0,"gold_gain":0.0,"event_name":"The Woman in Blue","player_choice":"Bought 0 Potions","floor":4.0,"gold_loss":0.0,"damage_taken":0.0},{"damage_healed":0.0,"max_hp_gain":0.0,"max_hp_loss":0.0,"gold_gain":150.0,"event_name":"Liars Game","player_choice":"AGREE","floor":13.0,"gold_loss":0.0,"damage_taken":0.0,"cards_obtained":["Doubt"]},{"damage_healed":0,"gold_gain":0,"player_choice":"Trade","damage_taken":0,"relics_obtained":["SsserpentHead"],"max_hp_gain":0,"max_hp_loss":0,"event_name":"FaceTrader","floor":22,"gold_loss":0}],"is_beta":false,"boss_relics":[{"not_picked":["Coffee Dripper","WristBlade"],"picked":"Philosopher\u0027s Stone"}],"items_purged_floors":[14,21],"is_endless":false,"potions_floor_spawned":[1,3,8,16,19],"killed_by":"Slavers","ascension_level":20}}