{"host":"2lrkmsuh7nz013qb","time":1609495015,"event":{"mods":["BaseMod","Colored Map","DeckTracker","Minty Spire (QoL Compilation)","SuperFastMode","everything is the same but u backflip on backflip"],"gold_per_floor":[109,259,279,35,35,35,35,50,50,50,50,50,66,84,84,84,84],"floor_reached":16,"playtime":232,"items_purged":["Doubt"],"score":200,"play_id":"101a03df-07aa-4e53-bf91-3f2a2811b302","local_time":"20210101185655","is_ascension_mode":true,"campfire_choices":[{"data":"Die Die Die","floor":6,"key":"SMITH"},{"floor":11,"key":"REST"},{"data":"Tactician","floor":15,"key":"SMITH"}],"circlet_count":0,"master_deck":["AscendersBane","Strike_G","Strike_G","Strike_G","Strike_G","Strike_G","Defend_G","Defend_G","Defend_G","Defend_G","Defend_G","Survivor","Neutralize+1","Die Die Die+1","Backflip","Tactician+1"],"relics":["Ring of the Snake","Omamori","Golden Idol","Paper Crane"],"acts_visited":["Exordium"],"potions_floor_usage":[7,16],"damage_taken":[{"damage":19,"enemies":"Jaw Worm","floor":1,"turns":6},{"damage":1,"enemies":"2 Louse","floor":3,"turns":3},{"damage":0,"enemies":"Lagavulin","floor":7,"turns":1},{"damage":0,"enemies":"Small Slimes","floor":8,"turns":1},{"damage":2,"enemies":"Looter","floor":13,"turns":3},{"damage":0,"enemies":"3 Louse","floor":14,"turns":2},{"damage":0,"enemies":"Hexaghost","floor":16,"turns":7}],"seed_played":"907300269945036073","potions_obtained":[{"floor":1,"key":"Regen Potion"},{"floor":3,"key":"SmokeBomb"},{"floor":13,"key":"BlessingOfTheForge"}],"is_trial":false,"path_per_floor":["M","?","M","$","?","R","E","M","T","?","R","T","M","M","R","B"],"character_chosen":"THE_SILENT","items_purchased":["Omamori"],"campfire_rested":1,"item_purchase_floors":[4],"current_hp_per_floor":[40,40,39,39,39,39,39,39,39,18,36,36,34,34,34,49,49],"gold":84,"neow_bonus":"THREE_RARE_CARDS","is_daily":false,"chose_seed":false,"campfire_upgraded":2,"win_rate":0.0,"timestamp":1609495015,"path_taken":["M","?","M","$","?","R","E","M","T","?","R","?","M","M","R","BOSS"],"items_purchased_type":["Relic"],"build_version":"2020-12-22","purchased_purges":1,"victory":false,"max_hp_per_floor":[60,60,60,60,60,60,60,60,60,60,60,60,60,60,60,60,60],"card_choices":[{"not_picked":["Night Terror","Bullet Time"],"picked":"Die Die Die","floor":0},{"not_picked":["Riddle With Holes","Poisoned Stab"],"picked":"Backflip","floor":1},{"not_picked":["Bane","PiercingWail","Sucker Punch"],"picked":"SKIP","floor":3},{"not_picked":["Quick Slash","Dodge and Roll","Setup"],"picked":"SKIP","floor":8},{"not_picked":["Dagger Spray","Backstab","Die Die Die"],"picked":"SKIP","floor":13},{"not_picked":["Dash","Flying Knee"],"picked":"Tactician","floor":14}],"player_experience":721951,"relics_obtained":[{"floor":12,"key":"Paper Crane"}],"event_choices":[{"damage_healed":0,"gold_gain":150,"player_choice":"AGREE","damage_taken":0,"max_hp_gain":0,"max_hp_loss":0,"event_name":"Liars Game","floor":2,"gold_loss":0,"cards_obtained":["Doubt"]},{"damage_healed":0,"gold_gain":0,"player_choice":"Grow","damage_taken":0,"max_hp_gain":0,"max_hp_loss":0,"event_name":"Living Wall","floor":5,"gold_loss":0,"cards_upgraded":["Neutralize"]},{"damage_healed":0,"gold_gain":0,"player_choice":"Take Damage","damage_taken":21,"relics_obtained":["Golden Idol"],"max_hp_gain":0,"max_hp_loss":0,"event_name":"Golden Idol","floor":10,"gold_loss":0}],"is_beta":false,"boss_relics":[],"items_purged_floors":[4],"is_endless":false,"potions_floor_spawned":[1,3,13],"killed_by":"Hexaghost","ascension_level":20}}