{"host":"nz11ypxva4e39b7q","time":1609510909,"event":{"mods":["BaseMod","Better Altar","Better Skull","Better Third Choice","Better Vampires","Colored Map","Minty Spire (QoL Compilation)","Spicy Shops","StSLib"],"gold_per_floor":[111,111,36,51,67,102,102,102,128,128,138,150,150,184,184,261,261,274,11,11,11,30,56,74,74,97,97,97,97],"floor_reached":28,"playtime":1234,"items_purged":["Pain","Strike_P"],"score":542,"play_id":"ce3da6c7-3734-4307-a2bb-530f5a430255","local_time":"20210101152149","is_ascension_mode":true,"campfire_choices":[{"data":"SignatureMove","floor":7.0,"key":"SMITH"},{"data":"Worship","floor":10.0,"key":"SMITH"},{"data":"Eruption","floor":13.0,"key":"SMITH"},{"data":"ThirdEye","floor":15.0,"key":"SMITH"},{"floor":25.0,"key":"REST"}],"circlet_count":0,"master_deck":["AscendersBane","Strike_P","Strike_P","Strike_P","Defend_P","Defend_P","Defend_P","Defend_P","Eruption+1","Vigilance","Master of Strategy","Worship+1","CrushJoints","WheelKick","SignatureMove+1","ThirdEye+1","Devotion","Core Surge"],"relics":["PureWater","WarpedTongs","Omamori","Toy Ornithopter","SlaversCollar","Membership Card","PrismaticShard","Happy Flower","Nloth\u0027s Gift","Bronze Scales","Akabeko"],"acts_visited":["Exordium","TheCity"],"potions_floor_usage":[],"damage_taken":[{"damage":0.0,"enemies":"2 Louse","floor":1.0,"turns":3.0},{"damage":0.0,"enemies":"Cultist","floor":4.0,"turns":3.0},{"damage":0.0,"enemies":"Small Slimes","floor":5.0,"turns":3.0},{"damage":12.0,"enemies":"Lagavulin","floor":6.0,"turns":6.0},{"damage":1.0,"enemies":"Red Slaver","floor":11.0,"turns":2.0},{"damage":0.0,"enemies":"Looter","floor":12.0,"turns":2.0},{"damage":15.0,"enemies":"3 Sentries","floor":14.0,"turns":8.0},{"damage":12.0,"enemies":"Slime Boss","floor":16.0,"turns":5.0},{"damage":4.0,"enemies":"Chosen","floor":18.0,"turns":4.0},{"damage":24.0,"enemies":"3 Byrds","floor":22.0,"turns":6.0},{"damage":37.0,"enemies":"Slavers","floor":23.0,"turns":5.0},{"damage":0.0,"enemies":"Snake Plant","floor":24.0,"turns":1.0},{"damage":18,"enemies":"3 Cultists","floor":28,"turns":3}],"seed_played":"-4877944843427519496","potions_obtained":[{"floor":1.0,"key":"SpeedPotion"},{"floor":4.0,"key":"BlessingOfTheForge"},{"floor":5.0,"key":"BlessingOfTheForge"},{"floor":8.0,"key":"CultistPotion"},{"floor":8.0,"key":"DuplicationPotion"},{"floor":16.0,"key":"ColorlessPotion"},{"floor":22.0,"key":"EssenceOfSteel"}],"is_trial":false,"path_per_floor":["M","?","$","M","M","E","R","?","T","R","M","M","R","E","R","B",null,"M","$","?","?","M","E","M","R","T","?","M"],"character_chosen":"WATCHER","items_purchased":["Membership Card","PrismaticShard"],"campfire_rested":1,"item_purchase_floors":[19,19],"current_hp_per_floor":[43,43,43,43,43,31,31,31,31,31,30,30,30,15,15,3,52,53,53,53,53,29,2,2,22,22,12,0,0],"gold":97,"neow_bonus":"RANDOM_COLORLESS_2","is_daily":false,"chose_seed":false,"campfire_upgraded":4,"win_rate":0.0,"timestamp":1609510909,"path_taken":["M","?","?","M","?","E","R","?","T","R","M","M","R","E","R","BOSS","M","?","?","?","M","E","?","R","T","?","M"],"items_purchased_type":["Relic","Relic"],"build_version":"2020-12-22","purchased_purges":2,"victory":false,"max_hp_per_floor":[68,68,68,68,68,68,68,68,68,68,68,68,68,68,68,68,68,68,68,68,68,68,68,68,68,68,68,68,68],"card_choices":[{"not_picked":["Secret Technique","Mayhem"],"picked":"Master of Strategy","floor":0.0},{"not_picked":["ClearTheMind","Indignation"],"picked":"Worship","floor":1.0},{"not_picked":["Evaluate","Prostrate"],"picked":"CrushJoints","floor":4.0},{"not_picked":["FollowUp","Pray"],"picked":"WheelKick","floor":5.0},{"not_picked":["InnerPeace","EmptyFist"],"picked":"SignatureMove","floor":6.0},{"not_picked":["FlurryOfBlows","CrushJoints","MentalFortress"],"picked":"SKIP","floor":11.0},{"not_picked":["CutThroughFate","PathToVictory","JustLucky"],"picked":"SKIP","floor":12.0},{"not_picked":["EmptyBody","Crescendo"],"picked":"ThirdEye","floor":14.0},{"not_picked":["ConjureBlade","SpiritShield"],"picked":"Devotion","floor":16.0},{"not_picked":["PathToVictory","SignatureMove","ThirdEye"],"picked":"SKIP","floor":18.0},{"not_picked":["Barrage","Leg Sweep"],"picked":"Core Surge","floor":22.0},{"not_picked":["Devotion","Study","Forethought"],"picked":"SKIP","floor":23.0},{"not_picked":["Pommel Strike","Prepared","Choke"],"picked":"SKIP","floor":24.0}],"player_experience":964578,"relics_obtained":[{"floor":6.0,"key":"Juzu Bracelet"},{"floor":9.0,"key":"Omamori"},{"floor":14.0,"key":"Toy Ornithopter"},{"floor":23.0,"key":"Bronze Scales"},{"floor":26.0,"key":"Akabeko"}],"event_choices":[{"damage_healed":0.0,"max_hp_gain":0.0,"max_hp_loss":0.0,"gold_gain":0.0,"event_name":"Accursed Blacksmith","player_choice":"Rummage","floor":2.0,"gold_loss":0.0,"damage_taken":0.0,"relics_obtained":["WarpedTongs"],"cards_obtained":["Pain"]},{"damage_healed":0.0,"max_hp_gain":0.0,"max_hp_loss":0.0,"gold_gain":0.0,"event_name":"Lab","player_choice":"Got Potions","floor":8.0,"gold_loss":0.0,"damage_taken":0.0},{"damage_healed":0.0,"max_hp_gain":0.0,"max_hp_loss":0.0,"gold_gain":0.0,"event_name":"Addict","player_choice":"Stole Relic","floor":20.0,"gold_loss":0.0,"damage_taken":0.0,"relics_obtained":["Happy Flower"],"cards_obtained":["Shame"]},{"damage_healed":0.0,"max_hp_gain":0.0,"max_hp_loss":0.0,"gold_gain":0.0,"event_name":"N\u0027loth","player_choice":"Traded Relic","floor":21.0,"relics_lost":["Juzu Bracelet"],"gold_loss":0.0,"damage_taken":0.0,"relics_obtained":["Nloth\u0027s Gift"]},{"damage_healed":0.0,"max_hp_gain":0.0,"max_hp_loss":0.0,"gold_gain":0.0,"event_name":"Wheel of Change","player_choice":"Damaged","floor":27.0,"gold_loss":0.0,"damage_taken":10.0}],"is_beta":false,"boss_relics":[{"not_picked":["Velvet Choker","Fusion Hammer"],"picked":"SlaversCollar"}],"items_purged_floors":[3,19],"is_endless":false,"potions_floor_spawned":[1,4,5,16,22],"killed_by":"3 Cultists","ascension_level":20}}