{"host":"m77rrhbqzv44va4v","time":1609470279,"event":{"mods":["AchievementEnabler","BaseMod","Colored Map","DeckTracker","Keyboard Shortcuts","Minty Spire (QoL Compilation)","StSLib","SuperFastMode","everything is the same but u backflip on backflip"],"gold_per_floor":[114,14,33,33,33,59,71,111,123,154,166,207,219,245,257,341,353,319,331,331],"floor_reached":19,"playtime":441,"items_purged":[],"score":399,"play_id":"773c0c1e-682d-4526-9d2a-4c5e81de5914","local_time":"20210101120439","is_ascension_mode":true,"campfire_choices":[{"data":"Barricade","floor":11,"key":"SMITH"},{"data":"Metallicize","floor":13,"key":"SMITH"},{"data":"Inflame","floor":15,"key":"SMITH"}],"circlet_count":0,"master_deck":["AscendersBane","Strike_R+1","Strike_R","Strike_R","Strike_R","Strike_R","Defend_R+1","Defend_R+1","Defend_R","Defend_R","Bash","Twin Strike+1","Inflame+1","Perfected Strike","Barricade+1","Shrug It Off","Metallicize+1","Limit Break","Bloodletting"],"relics":["Black Blood","NeowsBlessing","Darkstone Periapt","War Paint","MawBank","Magic Flower","Whetstone","Charon\u0027s Ashes"],"acts_visited":["Exordium","TheCity"],"potions_floor_usage":[12,12,16,18],"damage_taken":[{"damage":0.0,"enemies":"Cultist","floor":1.0,"turns":1.0},{"damage":0.0,"enemies":"Jaw Worm","floor":3.0,"turns":1.0},{"damage":0,"enemies":"3 Sentries","floor":6,"turns":2},{"damage":32,"enemies":"Gremlin Nob","floor":8,"turns":4},{"damage":3,"enemies":"2 Louse","floor":10,"turns":3},{"damage":10,"enemies":"Lagavulin","floor":12,"turns":5},{"damage":2,"enemies":"2 Fungi Beasts","floor":14,"turns":4},{"damage":38,"enemies":"Slime Boss","floor":16,"turns":11},{"damage":30,"enemies":"2 Thieves","floor":18,"turns":5},{"damage":58,"enemies":"3 Byrds","floor":19,"turns":6}],"seed_played":"-5740669764598896478","potions_obtained":[{"floor":6,"key":"SkillPotion"},{"floor":10,"key":"EssenceOfSteel"},{"floor":12,"key":"SteroidPotion"},{"floor":16,"key":"Regen Potion"}],"is_trial":false,"path_per_floor":["M","?","M","$","?","E","$","E","T","M","R","E","R","M","R","B",null,"M","M"],"character_chosen":"IRONCLAD","items_purchased":[],"campfire_rested":0,"item_purchase_floors":[],"current_hp_per_floor":[74,74,75,75,57,63,63,37,37,43,43,42,42,49,49,20,61,71,13,13],"gold":331,"neow_bonus":"THREE_ENEMY_KILL","is_daily":false,"chose_seed":false,"campfire_upgraded":3,"win_rate":0.0,"timestamp":1609470279,"path_taken":["M","?","M","$","?","E","?","E","T","?","R","E","R","M","R","BOSS","M","?"],"items_purchased_type":[],"build_version":"2020-12-22","purchased_purges":0,"victory":false,"max_hp_per_floor":[75,75,75,75,75,75,75,75,75,75,75,75,75,75,75,75,75,75,75,75],"card_choices":[{"not_picked":["Headbutt","Dark Embrace"],"picked":"Twin Strike","floor":1.0},{"not_picked":["Body Slam","True Grit"],"picked":"Inflame","floor":3.0},{"not_picked":["Feel No Pain","Rupture"],"picked":"Perfected Strike","floor":6},{"not_picked":["Havoc","Flame Barrier"],"picked":"Barricade","floor":8},{"not_picked":["Pommel Strike","Havoc"],"picked":"Shrug It Off","floor":10},{"not_picked":["Sword Boomerang","Twin Strike"],"picked":"Metallicize","floor":12},{"not_picked":["Feel No Pain","Dropkick","Clothesline"],"picked":"SKIP","floor":14},{"not_picked":["Fiend Fire","Offering"],"picked":"Limit Break","floor":16},{"not_picked":["Shockwave+1","Warcry"],"picked":"Bloodletting","floor":18}],"player_experience":864181,"relics_obtained":[{"floor":6,"key":"MawBank"},{"floor":8,"key":"Magic Flower"},{"floor":9,"key":"Whetstone"},{"floor":12,"key":"Charon\u0027s Ashes"}],"event_choices":[{"damage_healed":0.0,"max_hp_gain":0.0,"max_hp_loss":0.0,"gold_gain":0.0,"event_name":"WeMeetAgain","player_choice":"Paid Gold","floor":2.0,"gold_loss":100.0,"damage_taken":0.0,"relics_obtained":["Darkstone Periapt"]},{"damage_healed":0.0,"max_hp_gain":0.0,"max_hp_loss":0.0,"gold_gain":0.0,"event_name":"Scrap Ooze","player_choice":"Success","floor":5.0,"gold_loss":0.0,"damage_taken":18.0,"relics_obtained":["War Paint"]}],"is_beta":false,"boss_relics":[{"not_picked":["Busted Crown","SlaversCollar"],"picked":"Black Blood"}],"items_purged_floors":[],"is_endless":false,"potions_floor_spawned":[6,10,12,16],"killed_by":"3 Byrds","ascension_level":18}}