{"host":"s0ikvqhe10eopvjn","time":1609523766,"event":{"mods":["Act Like it!","Bard","BaseMod","Better Third Choice","Block Reminder","Colored Map","Colored Powertips","DeckTracker","Downfall","GifTheSpireLib","Halation","Hallownest","Hermit","Highlight Path","Hubris","Infinite Spire","Mad Scientist","Minty Spire (QoL Compilation)","Permanent Neow","Random Character Button","Replay The Spire","StSLib","The Blackbeard","The Blue Laboratory","The Bug Knight","The Construct","The Cursed","The Disciple","The Hierophant","The Marked","The Mystic","The Necromancer","The Poker Player","The Runesmith","The Servant 0.9.4"],"gold_per_floor":[99,116,126,145,145,145,192,225,245,95,95,5,5,22,38,38,38,38],"floor_reached":16,"playtime":958,"items_purged":["Regret"],"score":102,"play_id":"d00acda3-91f9-4f3a-8a2e-e03beb5c47fc","local_time":"20210101175606","is_ascension_mode":false,"campfire_choices":[{"floor":1,"key":"RECALL"},{"floor":10,"key":"REST"},{"data":"Slimebound:Split","floor":13,"key":"SMITH"}],"circlet_count":0,"master_deck":["Slimebound:Strike_Slimebound","Slimebound:Strike_Slimebound","Slimebound:Tackle","Slimebound:Defend_Slimebound","Slimebound:Defend_Slimebound","Slimebound:Defend_Slimebound","Slimebound:Defend_Slimebound","Slimebound:Split+1","Pot Of Greed","Slimebound:GrowthPunch","Slimebound:Repurpose","Pot Of Greed","Slimebound:Gluttony+1","Deadly Poison+1","Slimebound:HauntingLick","Noxious Fumes+1","Slimebound:FirmFortitude+1","Backstab","Slimebound:SplitMire"],"relics":["Grinning Jar","m_SlimeRing","Frozen Egg 2","downfall:HeartBlessingRed","downfall:HeartBlessingBlue"],"acts_visited":["Exordium"],"potions_floor_usage":[16],"damage_taken":[{"damage":7,"enemies":"2 Louse","floor":2,"turns":3},{"damage":7,"enemies":"Small Slimes","floor":3,"turns":2},{"damage":6,"enemies":"Jaw Worm","floor":4,"turns":4},{"damage":45,"enemies":"Gremlin Nob","floor":8,"turns":5},{"damage":16,"enemies":"Red Slaver","floor":9,"turns":3},{"damage":10,"enemies":"downfall:FleeingMerchant","floor":12,"turns":4},{"damage":16,"enemies":"Blue Slaver","floor":14,"turns":3},{"damage":13,"enemies":"2 Fungi Beasts","floor":15,"turns":3},{"damage":36,"enemies":"downfall:Ironclad","floor":16,"turns":6}],"seed_played":"-4173877780925910977","potions_obtained":[{"floor":3,"key":"Guardian:BlockOnCardUsePotion"},{"floor":9,"key":"Block Potion"}],"is_trial":false,"path_per_floor":["R","M","M","M","?","?","T","E","M","R","?","$","R","M","M","B"],"character_chosen":"SLIMEBOUND","items_purchased":[],"campfire_rested":1,"item_purchase_floors":[],"current_hp_per_floor":[60,59,60,60,60,60,60,19,9,40,40,36,36,28,25,0,0,0],"gold":38,"neow_bonus":"RANDOM_COMMON_RELIC","is_daily":false,"chose_seed":false,"campfire_upgraded":1,"win_rate":0.0,"timestamp":1609523766,"path_taken":["R","M","M","M","?","?","T","E","M","R","?","$","R","M","M","BOSS"],"items_purchased_type":[],"build_version":"2020-12-22","purchased_purges":1,"victory":false,"max_hp_per_floor":[60,60,60,60,60,60,60,60,60,70,70,70,70,70,70,70,70,70],"card_choices":[{"not_picked":["Slimebound:SplitBruiser","Slimebound:GoopSpray"],"picked":"Slimebound:GrowthPunch","floor":2},{"not_picked":["Slimebound:RollThrough","Slimebound:Grow"],"picked":"Slimebound:Repurpose","floor":3},{"not_picked":["Slimebound:FlameTackle","Slimebound:Prepare"],"picked":"Slimebound:Gluttony","floor":4},{"not_picked":["Slimebound:ViciousTackle","Slimebound:DouseInSlime"],"picked":"Slimebound:HauntingLick","floor":8},{"not_picked":["Slimebound:FinishingTackle","Slimebound:SplitLeeching"],"picked":"Noxious Fumes+1","floor":9},{"not_picked":["Slimebound:MegaLick","Slimebound:SlimeSpikes"],"picked":"Slimebound:FirmFortitude+1","floor":12},{"not_picked":["Slimebound:ComboTackle","Slimebound:BestDefense+1"],"picked":"Backstab","floor":14},{"not_picked":["Slimebound:SelfFormingGoo+1","Deadly Poison"],"picked":"Slimebound:SplitMire","floor":15}],"player_experience":116446,"relics_obtained":[{"floor":8,"key":"Frozen Egg 2"}],"event_choices":[],"is_beta":false,"boss_relics":[],"items_purged_floors":[12],"is_endless":false,"potions_floor_spawned":[3,4,9],"killed_by":"downfall:Ironclad","ascension_level":0}}