{"host":"szp1d6dso4pv7ddl","time":1609471293,"event":{"mods":["AchievementEnabler","Alarm Clock","BaseMod","Bestiary","Block Reminder","Colored Map","Colored Powertips","Curses Come First","Displayed Cursed Tome","Highlight Path","Minty Spire (QoL Compilation)","Permanent Neow","Quick Restart","Relic Sorter","Relic Stats","StSLib","Synergy Search"],"gold_per_floor":[212,212,18,38,58,94,117,153,153,153,196,196,49,90,90,209,209,233,258,258,258],"floor_reached":20,"playtime":1060,"items_purged":[],"score":313,"play_id":"bc408396-8806-4020-b9d0-a7d02335fa24","local_time":"20201231192133","is_ascension_mode":true,"campfire_choices":[{"floor":10.0,"key":"REST"},{"data":"Sentinel","floor":12.0,"key":"SMITH"},{"floor":15.0,"key":"REST"}],"circlet_count":0,"master_deck":["AscendersBane","Strike_R","Strike_R","Strike_R","Defend_R","Defend_R","Defend_R","Bash","Reckless Charge","Wild Strike","Sentinel+1","Sever Soul","Carnage","Impervious","Feed","Body Slam","Juggernaut+1","Infernal Blade+1","Warcry+1","Intimidate+1","Seeing Red"],"relics":["Burning Blood","Pen Nib","Golden Idol","Incense Burner","Regal Pillow","Red Skull","Frozen Egg 2","PreservedInsect","Astrolabe"],"acts_visited":["Exordium","TheCity"],"potions_floor_usage":[19],"damage_taken":[{"damage":4.0,"enemies":"Small Slimes","floor":1.0,"turns":4.0},{"damage":9.0,"enemies":"Jaw Worm","floor":4.0,"turns":3.0},{"damage":0.0,"enemies":"2 Louse","floor":5.0,"turns":3.0},{"damage":58.0,"enemies":"3 Sentries","floor":6.0,"turns":11.0},{"damage":6.0,"enemies":"Lots of Slimes","floor":7.0,"turns":4.0},{"damage":1.0,"enemies":"Gremlin Nob","floor":8.0,"turns":3.0},{"damage":30.0,"enemies":"3 Sentries","floor":11.0,"turns":7.0},{"damage":40.0,"enemies":"Lagavulin","floor":14.0,"turns":4.0},{"damage":39.0,"enemies":"Slime Boss","floor":16.0,"turns":10.0},{"damage":30,"enemies":"Shell Parasite","floor":18,"turns":5},{"damage":16,"enemies":"2 Thieves","floor":19,"turns":3},{"damage":41,"enemies":"3 Cultists","floor":20,"turns":5}],"seed_played":"3642155540397777863","potions_obtained":[{"floor":1.0,"key":"FairyPotion"},{"floor":6.0,"key":"EntropicBrew"},{"floor":7.0,"key":"Weak Potion"},{"floor":11.0,"key":"Strength Potion"},{"floor":16.0,"key":"Block Potion"},{"floor":19,"key":"FearPotion"}],"is_trial":false,"path_per_floor":["M","?","$","M","M","E","M","E","T","R","E","R","$","E","R","B",null,"M","M","M"],"character_chosen":"IRONCLAD","items_purchased":["Pen Nib","Wild Strike","Feed"],"campfire_rested":2,"item_purchase_floors":[3,3,13],"current_hp_per_floor":[74,54,54,51,57,30,30,35,35,74,50,50,50,16,55,25,69,45,35,0,0],"gold":258,"neow_bonus":"HUNDRED_GOLD","is_daily":false,"chose_seed":false,"campfire_upgraded":1,"win_rate":0.0,"timestamp":1609471293,"path_taken":["M","?","$","M","M","E","M","E","T","R","E","R","$","E","R","BOSS","M","M","M"],"items_purchased_type":["Relic","Card","Card"],"build_version":"2020-12-22","purchased_purges":0,"victory":false,"max_hp_per_floor":[80,80,80,80,80,80,80,80,80,80,80,80,80,80,80,83,83,83,83,83,83],"relic_stats":{"Regal Pillow":30,"counters":[12,62],"Golden Idol":78,"Astrolabe":["Infernal Blade","Warcry","Intimidate"],"Pen Nib":[11],"PreservedInsect":0,"obtain_stats":[{"Regal Pillow":8,"Golden Idol":2,"Astrolabe":17,"Pen Nib":3,"PreservedInsect":14,"Incense Burner":6,"Frozen Egg 2":11,"Burning Blood":0,"Red Skull":9},{"Regal Pillow":6,"Golden Idol":1,"Astrolabe":9,"Pen Nib":1,"PreservedInsect":8,"Incense Burner":4,"Frozen Egg 2":7,"Burning Blood":0,"Red Skull":6},{"Regal Pillow":28,"Golden Idol":4,"Astrolabe":49,"Pen Nib":4,"PreservedInsect":39,"Incense Burner":21,"Frozen Egg 2":35,"Burning Blood":0,"Red Skull":28}],"Burning Blood":66},"card_choices":[{"not_picked":["Power Through","Infernal Blade"],"picked":"Reckless Charge","floor":1.0},{"not_picked":["Anger","Clothesline","Headbutt"],"picked":"SKIP","floor":4.0},{"not_picked":["Warcry","Dual Wield"],"picked":"Sentinel","floor":5.0},{"not_picked":["Warcry","Evolve"],"picked":"Sever Soul","floor":6.0},{"not_picked":["Pommel Strike","Twin Strike"],"picked":"Carnage","floor":7.0},{"not_picked":["Armaments","Perfected Strike","Iron Wave"],"picked":"SKIP","floor":8.0},{"not_picked":["Twin Strike","Flex"],"picked":"Impervious","floor":11.0},{"not_picked":["Anger","Iron Wave"],"picked":"Body Slam","floor":14.0},{"not_picked":["Reaper","Impervious"],"picked":"Juggernaut+1","floor":16.0},{"not_picked":["Cleave","Wild Strike"],"picked":"Seeing Red","floor":18},{"not_picked":["Cleave","Battle Trance","Warcry+1"],"picked":"SKIP","floor":19}],"player_experience":1090613,"relics_obtained":[{"floor":6.0,"key":"Incense Burner"},{"floor":8.0,"key":"Regal Pillow"},{"floor":9.0,"key":"Red Skull"},{"floor":11.0,"key":"Frozen Egg 2"},{"floor":14.0,"key":"PreservedInsect"}],"event_choices":[{"damage_healed":0.0,"max_hp_gain":0.0,"max_hp_loss":0.0,"gold_gain":0.0,"event_name":"Golden Idol","player_choice":"Take Damage","floor":2.0,"gold_loss":0.0,"damage_taken":20.0,"relics_obtained":["Golden Idol"]}],"is_beta":false,"boss_relics":[{"not_picked":["Philosopher\u0027s Stone","Velvet Choker"],"picked":"Astrolabe"}],"items_purged_floors":[],"is_endless":false,"potions_floor_spawned":[1,6,7,11,14,16,19],"killed_by":"3 Cultists","ascension_level":11}}