{"host":"0cm5wy4nhuju7tij","time":1609465267,"event":{"mods":["2.2 Compatiblity","AchievementEnabler","Arknights The Spire","Aspiration","BaseMod","Better Third Choice","BetterRewards","CCEM","CapriCore","Colored Powertips","Custom Start","Displayed Cursed Tome","Downfall","Energized Spire","Evolution","Filter the Spire","Fireblade Mod","Highlight Path","Jess\u0027s Bottle","Minty Spire (QoL Compilation)","Permanent Neow","Relic Stats","Shop Mod","Spicy Shops","StSLib","The Servant 0.9.4"],"gold_per_floor":[119,133,133,83,83,117,42,42,42,42,61,77,108,123,123,225,225,235,235,51,66,77,77,37,37,37,51,78,92,124,135,135,230,230,243,258,85,95,114,139,139,173,173,173,10,10,310,310,310],"floor_reached":48,"playtime":4312,"items_purged":["Injury","Strike_P","Burn"],"score":618,"play_id":"129d04a6-6833-4126-b898-e763e55ae1bc","local_time":"20201231204107","is_ascension_mode":true,"campfire_choices":[{"floor":8,"key":"REST"},{"data":"LessonLearned","floor":10,"key":"SMITH"},{"floor":15,"key":"REST"},{"data":"BattleHymn","floor":23,"key":"SMITH"},{"data":"LessonLearned","floor":25,"key":"SMITH"},{"data":"MentalFortress","floor":32,"key":"SMITH"},{"floor":41,"key":"REST"},{"floor":44,"key":"REST"},{"data":"1","floor":46,"key":"LIFT"}],"circlet_count":0,"master_deck":["Eruption+1","Vigilance+1","CutThroughFate+1","Crescendo+1","LessonLearned+1","EmptyFist+1","Conclude+1","DeusExMachina+1","Protect+1","LessonLearned+1","BattleHymn+1","Halt+1","WaveOfTheHand+1","Crescendo+1","Protect+1","MentalFortress+1","Blasphemy+1","Adaptation+1","MentalFortress+1","Collect+1","Scrawl+1","DeceiveReality+1","ConjureBlade+1","InnerPeace+1","Devotion+1","Nirvana","Adaptation","ClearTheMind+1","ThirdEye+1","FlyingSleeves","FlurryOfBlows","BattleHymn","EmptyBody+1","FlurryOfBlows","Nirvana"],"relics":["PureWater","EVO:Axolotl","aspiration:Nostalgia","Guardian:ModeShifter","Toxic Egg 2","ats:Originium","CCEMRelics:DerglesHeadphones","Bottled Flame","aspiration:FutureDiary","aspiration:RitualStick","White Beast Statue","StrikeDummy","Mercury Hourglass","Pandora\u0027s Box","CCEMRelics:WarHorn","Sundial","Girya"],"acts_visited":["Exordium","TheCity","TheBeyond"],"potions_floor_usage":[6,13,30,40,42,48],"damage_taken":[{"damage":5,"enemies":"Small Slimes","floor":1,"turns":3},{"damage":0,"enemies":"2 Louse","floor":2,"turns":2},{"damage":50,"enemies":"3 Sentries","floor":6,"turns":14},{"damage":5,"enemies":"Jaw Worm","floor":11,"turns":2},{"damage":12,"enemies":"Blue Slaver","floor":12,"turns":3},{"damage":20,"enemies":"Lagavulin","floor":13,"turns":5},{"damage":0,"enemies":"Lots of Slimes","floor":14,"turns":1},{"damage":30,"enemies":"The Guardian","floor":16,"turns":16},{"damage":10,"enemies":"2 Thieves","floor":18,"turns":4},{"damage":0,"enemies":"Chosen","floor":21,"turns":3},{"damage":0,"enemies":"Snecko","floor":22,"turns":4},{"damage":0,"enemies":"Centurion and Healer","floor":27,"turns":4},{"damage":0,"enemies":"Gremlin Leader","floor":28,"turns":4},{"damage":20,"enemies":"Shelled Parasite and Fungi","floor":29,"turns":4},{"damage":4,"enemies":"Book of Stabbing","floor":30,"turns":2},{"damage":0,"enemies":"3 Cultists","floor":31,"turns":4},{"damage":53,"enemies":"Collector","floor":33,"turns":11},{"damage":20,"enemies":"Orb Walker","floor":35,"turns":2},{"damage":27,"enemies":"3 Shapes","floor":36,"turns":3},{"damage":9,"enemies":"Jaw Worm Horde","floor":38,"turns":4},{"damage":0,"enemies":"Maw","floor":39,"turns":7},{"damage":14,"enemies":"Nemesis","floor":40,"turns":5},{"damage":3,"enemies":"Reptomancer","floor":42,"turns":5},{"damage":65,"enemies":"Transient","floor":48,"turns":5}],"seed_played":"7081223022258733802","potions_obtained":[{"floor":1,"key":"Block Potion"},{"floor":11,"key":"LiquidMemories"},{"floor":12,"key":"SteroidPotion"},{"floor":27,"key":"Fire Potion"},{"floor":28,"key":"LiquidBronze"},{"floor":30,"key":"LiquidBronze"},{"floor":31,"key":"Dexterity Potion"},{"floor":39,"key":"BottledMiracle"},{"floor":40,"key":"Fruit Juice"},{"floor":42,"key":"SteroidPotion"}],"is_trial":false,"path_per_floor":["M","M","?","?","?","E","$","R","T","R","M","M","E","M","R","B",null,"M","?","$","M","M","R","?","R","T","M","E","M","E","M","R","B",null,"M","M","$","M","M","E","R","E","T","R","$","R","?","M"],"character_chosen":"WATCHER","items_purchased":["Halt+1","WaveOfTheHand+1","ThirdEye+1","EmptyBody+1","FlurryOfBlows","Nirvana"],"campfire_rested":4,"item_purchase_floors":[20,20,37,45,45,45],"current_hp_per_floor":[67,67,67,67,67,17,17,38,38,50,45,33,13,13,34,4,72,62,48,48,48,48,60,60,72,72,72,72,52,48,48,60,7,72,52,25,25,16,16,2,23,25,25,48,48,48,48,0,0],"gold":310,"neow_bonus":"NOSTALGIA","is_daily":false,"chose_seed":false,"campfire_upgraded":4,"win_rate":0.0,"timestamp":1609465267,"path_taken":["M","M","?","?","?","E","$","R","T","R","M","M","E","M","R","BOSS","M","?","$","M","M","R","?","R","T","?","E","M","E","M","R","BOSS","M","M","$","M","M","E","R","E","T","R","$","R","?","?"],"items_purchased_type":["Card","Card","Card","Card","Card","Card"],"build_version":"2020-12-22","purchased_purges":3,"victory":false,"max_hp_per_floor":[72,72,72,72,72,72,72,72,72,72,72,72,72,72,72,72,72,72,72,72,72,72,72,72,72,72,72,72,72,72,72,72,72,72,72,72,72,72,72,72,72,77,77,77,77,77,77,77,77],"relic_stats":{"counters":[24,117],"Sundial":[0],"Pandora\u0027s Box":["DeceiveReality","ConjureBlade","InnerPeace","Devotion","Nirvana","Adaptation"],"obtain_stats":[{"Girya":43,"aspiration:Nostalgia":0,"Guardian:ModeShifter":0,"EVO:Axolotl":0,"aspiration:RitualStick":19,"White Beast Statue":26,"CCEMRelics:DerglesHeadphones":6,"Mercury Hourglass":30,"Bottled Flame":13,"ats:Originium":6,"Sundial":42,"Pandora\u0027s Box":34,"PureWater":0,"Toxic Egg 2":3,"aspiration:FutureDiary":17,"StrikeDummy":28,"CCEMRelics:WarHorn":40},{"Girya":23,"aspiration:Nostalgia":0,"Guardian:ModeShifter":0,"EVO:Axolotl":0,"aspiration:RitualStick":9,"White Beast Statue":11,"CCEMRelics:DerglesHeadphones":3,"Mercury Hourglass":15,"Bottled Flame":6,"ats:Originium":3,"Sundial":23,"Pandora\u0027s Box":17,"PureWater":0,"Toxic Egg 2":2,"aspiration:FutureDiary":8,"StrikeDummy":13,"CCEMRelics:WarHorn":22},{"Girya":112,"aspiration:Nostalgia":0,"Guardian:ModeShifter":0,"EVO:Axolotl":0,"aspiration:RitualStick":50,"White Beast Statue":57,"CCEMRelics:DerglesHeadphones":19,"Mercury Hourglass":71,"Bottled Flame":29,"ats:Originium":19,"Sundial":112,"Pandora\u0027s Box":86,"PureWater":0,"Toxic Egg 2":5,"aspiration:FutureDiary":46,"StrikeDummy":65,"CCEMRelics:WarHorn":107}],"aspiration:RitualStick":[0],"Mercury Hourglass":[187]},"card_choices":[{"not_picked":["FollowUp","Consecrate"],"picked":"CutThroughFate","floor":1},{"not_picked":["EmptyFist","FlyingSleeves"],"picked":"Crescendo","floor":2},{"not_picked":["ClearTheMind+1","Collect+1"],"picked":"LessonLearned","floor":6},{"not_picked":["FlyingSleeves","SashWhip"],"picked":"EmptyFist","floor":11},{"not_picked":["FlyingSleeves","WindmillStrike"],"picked":"Conclude","floor":12},{"not_picked":["BowlingBash","Prostrate+1"],"picked":"DeusExMachina+1","floor":13},{"not_picked":["BowlingBash","FearNoEvil"],"picked":"Protect+1","floor":14},{"not_picked":["Blasphemy+1","Establishment"],"picked":"LessonLearned","floor":16},{"not_picked":["WheelKick","CrushJoints+1"],"picked":"BattleHymn","floor":18},{"not_picked":["Halt+1","WindmillStrike"],"picked":"Crescendo+1","floor":21},{"not_picked":["JustLucky+1","CrushJoints"],"picked":"Protect+1","floor":22},{"not_picked":["Crescendo+1","SignatureMove+1"],"picked":"MentalFortress","floor":27},{"not_picked":["WreathOfFlame+1","PathToVictory+1"],"picked":"Blasphemy+1","floor":28},{"not_picked":["ThirdEye+1","FollowUp"],"picked":"Adaptation","floor":29},{"not_picked":["Crescendo+1","LikeWater"],"picked":"MentalFortress","floor":30},{"not_picked":["EmptyFist","Indignation+1"],"picked":"Collect+1","floor":31},{"not_picked":["Brilliance","Omniscience+1"],"picked":"Scrawl+1","floor":33},{"not_picked":["FlyingSleeves","Halt+1","Adaptation+1"],"picked":"SKIP","floor":35},{"not_picked":["Indignation+1","Fasting2+1"],"picked":"ClearTheMind+1","floor":36},{"not_picked":["ThirdEye+1","PathToVictory+1"],"picked":"FlyingSleeves","floor":38},{"not_picked":["Devotion","Vengeance+1","FollowUp"],"picked":"SKIP","floor":39},{"not_picked":["Weave","ThirdEye+1"],"picked":"FlurryOfBlows","floor":40},{"not_picked":["PathToVictory+1","Fasting2"],"picked":"BattleHymn","floor":42}],"player_experience":217999,"relics_obtained":[{"floor":6,"key":"ats:Originium"},{"floor":6,"key":"CCEMRelics:DerglesHeadphones"},{"floor":13,"key":"ats:Originium"},{"floor":13,"key":"Bottled Flame"},{"floor":26,"key":"White Beast Statue"},{"floor":28,"key":"ats:Originium"},{"floor":28,"key":"StrikeDummy"},{"floor":30,"key":"Mercury Hourglass"},{"floor":40,"key":"CCEMRelics:WarHorn"},{"floor":42,"key":"Sundial"},{"floor":43,"key":"Girya"}],"event_choices":[{"cards_removed":["Strike_P"],"damage_healed":0,"gold_gain":0,"player_choice":"Card Removal","damage_taken":0,"max_hp_gain":0,"max_hp_loss":0,"event_name":"The Cleric","floor":4,"gold_loss":50},{"damage_healed":67,"gold_gain":0,"player_choice":"Embrace Burn","damage_taken":0,"max_hp_gain":0,"max_hp_loss":72,"event_name":"betterThird:BetterShining","floor":5,"gold_loss":0},{"damage_healed":0,"gold_gain":0,"player_choice":"Upgraded Two","damage_taken":0,"max_hp_gain":0,"max_hp_loss":0,"event_name":"Designer","floor":24,"gold_loss":40,"cards_upgraded":["Defend_P","CutThroughFate"]},{"damage_healed":0,"gold_gain":300,"player_choice":"Gold","damage_taken":0,"max_hp_gain":0,"max_hp_loss":0,"event_name":"Wheel of Change","floor":47,"gold_loss":0}],"is_beta":false,"boss_relics":[{"not_picked":["energizedSpire:NeverEndingSparkler","energizedSpire:StickyHand"],"picked":"aspiration:FutureDiary"},{"not_picked":["energizedSpire:BlackCloud","Velvet Choker"],"picked":"Pandora\u0027s Box"}],"items_purged_floors":[7,20,37],"is_endless":false,"potions_floor_spawned":[1,11,12,27,28,29,30,31,33,35,36,38,39,40,42],"killed_by":"Transient","ascension_level":1}}