{"host":"lts6tz2h67nqtpoe","time":1609533947,"event":{"mods":["AchievementEnabler","BaseMod","Colored Powertips","Downfall","Googly Eyes","Minty Spire (QoL Compilation)","Permanent Neow","Quick Restart","Replay The Spire","StSLib"],"gold_per_floor":[160,9,23,23,38,67,67,80,104,124,153,153,163,196,196,271,271,291,307,319,369,382,382,382],"floor_reached":23,"playtime":833,"items_purged":[],"score":480,"play_id":"3c211b8d-42d9-4da1-8ddc-56d7fa6776f7","local_time":"20210101124547","is_ascension_mode":true,"campfire_choices":[{"floor":7,"key":"REST"},{"floor":15,"key":"REST"}],"circlet_count":0,"master_deck":["AscendersBane","Strike_G+1","Strike_G+1","Strike_G","Strike_G","Strike_G","Defend_G","Defend_G","Defend_G","Defend_G","Defend_G","Survivor","Neutralize","Slice","Dash","Glass Knife","Dagger Spray","Endless Agony+1","Noxious Fumes","Catalyst","ReplayTheSpireMod:From All Sides","Bouncing Flask","Endless Agony","Slice","Tools of the Trade","Riddle With Holes+1","Riddle With Holes","Dagger Spray"],"relics":["Tiny House","Whetstone","Anchor","Boot","Replay:Wax Seal","HoveringKite"],"acts_visited":["Exordium","TheCity"],"potions_floor_usage":[6,11,16,16,19,20,22],"damage_taken":[{"damage":1,"enemies":"Cultist","floor":1,"turns":4},{"damage":6,"enemies":"2 Louse","floor":3,"turns":3},{"damage":2,"enemies":"Jaw Worm","floor":5,"turns":2},{"damage":7,"enemies":"3 Sentries","floor":6,"turns":5},{"damage":0,"enemies":"2 Fungi Beasts","floor":8,"turns":2},{"damage":0,"enemies":"3 Louse","floor":10,"turns":2},{"damage":0,"enemies":"Gremlin Nob","floor":11,"turns":3},{"damage":0,"enemies":"Looter","floor":13,"turns":2},{"damage":10,"enemies":"3 Sentries","floor":14,"turns":6},{"damage":12,"enemies":"Hexaghost","floor":16,"turns":6},{"damage":14,"enemies":"Chosen","floor":18,"turns":4},{"damage":19,"enemies":"2 Thieves","floor":19,"turns":4},{"damage":12,"enemies":"Sentry and Sphere","floor":20,"turns":3},{"damage":22,"enemies":"Shelled Parasite and Fungi","floor":22,"turns":3},{"damage":3,"enemies":"Slavers","floor":23,"turns":1}],"seed_played":"8591712605234512670","potions_obtained":[{"floor":0,"key":"SkillPotion"},{"floor":3,"key":"ColorlessPotion"},{"floor":6,"key":"Dexterity Potion"},{"floor":14,"key":"PowerPotion"},{"floor":16,"key":"Death Potion"},{"floor":18,"key":"LiquidBronze"},{"floor":19,"key":"Poison Potion"}],"is_trial":false,"path_per_floor":["M","$","M","$","M","E","R","M","T","M","E","?","M","E","R","B",null,"M","M","M","?","M","E"],"character_chosen":"THE_SILENT","items_purchased":["Glass Knife"],"campfire_rested":2,"item_purchase_floors":[2],"current_hp_per_floor":[63,63,57,57,55,48,69,69,69,69,69,69,69,59,71,59,68,54,35,23,23,1,0,0],"gold":382,"neow_bonus":"BOSS_RELIC","is_daily":false,"chose_seed":false,"campfire_upgraded":0,"win_rate":0.0,"timestamp":1609533947,"path_taken":["M","$","?","$","M","E","R","M","T","M","E","?","M","E","R","BOSS","M","M","M","?","M","E"],"items_purchased_type":["Card"],"build_version":"2020-12-22","purchased_purges":0,"victory":false,"max_hp_per_floor":[71,71,71,71,71,71,71,71,71,71,71,71,71,71,71,71,71,71,71,71,71,71,71,71],"card_choices":[{"not_picked":["Backflip","Blade Dance"],"picked":"Slice","floor":0},{"not_picked":["Concentrate","Flying Knee"],"picked":"Dash","floor":1},{"not_picked":["Deadly Poison","Accuracy"],"picked":"Dagger Spray","floor":3},{"not_picked":["Deadly Poison","Well Laid Plans"],"picked":"Endless Agony","floor":5},{"not_picked":["Grand Finale","Crippling Poison"],"picked":"Noxious Fumes","floor":6},{"not_picked":["Cloak And Dagger","Outmaneuver"],"picked":"Catalyst","floor":8},{"not_picked":["Acrobatics","Underhanded Strike"],"picked":"ReplayTheSpireMod:From All Sides","floor":10},{"not_picked":["Draining Mist","Caltrops"],"picked":"Bouncing Flask","floor":11},{"not_picked":["Hidden Blade","Underhanded Strike"],"picked":"Endless Agony","floor":13},{"not_picked":["Expertise","Sucker Punch"],"picked":"Slice","floor":14},{"not_picked":["Grand Finale","Replay:Bag of Tricks"],"picked":"Tools of the Trade","floor":16},{"not_picked":["Sucker Punch","ReplayTheSpireMod:Exploit Weakness","ReplayTheSpireMod:Tripwire"],"picked":"SKIP","floor":18},{"not_picked":["Slice","Bane"],"picked":"Riddle With Holes+1","floor":19},{"not_picked":["Calculated Gamble","PiercingWail+1"],"picked":"Riddle With Holes","floor":20},{"not_picked":["Blade Dance","Deadly Poison"],"picked":"Dagger Spray","floor":22}],"player_experience":303757,"relics_obtained":[{"floor":6,"key":"Whetstone"},{"floor":9,"key":"Anchor"},{"floor":11,"key":"Boot"},{"floor":14,"key":"Replay:Wax Seal"}],"event_choices":[{"damage_healed":0,"gold_gain":0,"player_choice":"Leave","damage_taken":0,"max_hp_gain":0,"max_hp_loss":0,"event_name":"The Cleric","floor":12,"gold_loss":0},{"damage_healed":0,"gold_gain":50,"player_choice":"Stole From Cult","damage_taken":0,"max_hp_gain":0,"max_hp_loss":0,"event_name":"Nest","floor":21,"gold_loss":0}],"is_beta":false,"boss_relics":[{"not_picked":["Empty Cage","Ectoplasm"],"picked":"HoveringKite"}],"items_purged_floors":[],"is_endless":false,"potions_floor_spawned":[3,6,10,14,16,18,19],"killed_by":"Slavers","ascension_level":20}}