{"host":"9d9dhukr2jywmy0f","time":1609529767,"event":{"mods":["2.2 Compatiblity","Alarm Clock","BaseMod","Bestiary","Block Reminder","Colored Map","Colored Powertips","Curses Come First","DeckTracker","Displayed Cursed Tome","Highlight Path","Key Reminder","Keyboard Shortcuts","Koishi","Minty Spire (QoL Compilation)","MonsterHotkey","Potion Indicator Mod","Quick Restart","Rare Cards Sparkle","Relic Sorter","Relic Stats","Spire Birthday Party","StSLib","SuperFastMode","Synergy Search","Unceasing Turn Reminder","Unknown Chances"],"gold_per_floor":[113,113,129,147,165,165,192,205,230,230,230,240,42,60,60,158,158,176,275,295,295,195,195,110,110,110,110,128,53,68,101,101,199,199,209,209,84,100,120,154,171,171,171,171,205,205,231,248,248,248,248,248,66,98,98],"floor_reached":56,"playtime":2297,"items_purged":["Koishi:BasicStrike","Koishi:BasicStrike","Koishi:StingingMind+1"],"score":2023,"play_id":"d1eba561-ea73-41c3-8004-afb771dbb742","local_time":"20210102033607","is_ascension_mode":true,"campfire_choices":[{"floor":6.0,"key":"RECALL"},{"data":"Koishi:SubconsciousSweep","floor":11.0,"key":"SMITH"},{"data":"Koishi:MassHysteria","floor":15.0,"key":"SMITH"},{"data":"Koishi:SubconsciousSweep","floor":23.0,"key":"SMITH"},{"data":"Koishi:UnconsciousUprising","floor":25.0,"key":"SMITH"},{"floor":27.0,"key":"REST"},{"data":"Koishi:UnconsciousUprising","floor":32.0,"key":"SMITH"},{"floor":42.0,"key":"REST"},{"data":"Panache","floor":46.0,"key":"SMITH"},{"data":"Koishi:SubterraneanRose","floor":49.0,"key":"SMITH"},{"floor":52.0,"key":"REST"}],"circlet_count":0,"master_deck":["AscendersBane","Koishi:BasicDefend","Koishi:Provoke","Koishi:SubconsciousSweep+1","Koishi:SubterraneanRose+1","Koishi:SubconsciousSweep+1","Koishi:UnconsciousUprising+1","Koishi:UnconsciousUprising+1","Koishi:MassHysteria+1","Koishi:ReflexRadar","Koishi:FreudianInstinct","Koishi:LastRemote","Koishi:PerfectMindControl","Koishi:ReflexRadar","Koishi:Possession+1","Koishi:PhantomBarrier+1","Koishi:FadingMemory+1","Dark Shackles+1","Panache+1","Master of Strategy+1","Koishi:IdleWhim+1","Koishi:Whimsy+1","Koishi:Whimsy+1","Koishi:ReflexRadar+1","Master of Strategy+1","Koishi:Possession+1"],"relics":["Koishi:ImaginaryFriend","Bag of Marbles","Vajra","Runic Pyramid","Nilry\u0027s Codex","Nunchaku","Toxic Egg 2","Dream Catcher","Astrolabe","Matryoshka","PreservedInsect","Sundial","Happy Flower","Orichalcum","Blood Vial"],"acts_visited":["Exordium","TheCity","TheBeyond","TheEnding"],"potions_floor_usage":[55],"damage_taken":[{"damage":0.0,"enemies":"2 Louse","floor":1.0,"turns":3.0},{"damage":12.0,"enemies":"Jaw Worm","floor":3.0,"turns":3.0},{"damage":0.0,"enemies":"Small Slimes","floor":4.0,"turns":3.0},{"damage":7.0,"enemies":"2 Fungi Beasts","floor":5.0,"turns":3.0},{"damage":16.0,"enemies":"Lagavulin","floor":7.0,"turns":9.0},{"damage":1.0,"enemies":"Blue Slaver","floor":8.0,"turns":4.0},{"damage":4.0,"enemies":"Exordium Thugs","floor":12.0,"turns":3.0},{"damage":0.0,"enemies":"Looter","floor":14.0,"turns":2.0},{"damage":7.0,"enemies":"The Guardian","floor":16.0,"turns":14.0},{"damage":7.0,"enemies":"Shell Parasite","floor":18.0,"turns":4.0},{"damage":3.0,"enemies":"Spheric Guardian","floor":20.0,"turns":5.0},{"damage":0.0,"enemies":"3 Cultists","floor":28.0,"turns":3.0},{"damage":3.0,"enemies":"Sentry and Sphere","floor":30.0,"turns":3.0},{"damage":2.0,"enemies":"Slavers","floor":31.0,"turns":2.0},{"damage":13.0,"enemies":"Collector","floor":33.0,"turns":6.0},{"damage":9.0,"enemies":"Orb Walker","floor":35.0,"turns":4.0},{"damage":0.0,"enemies":"3 Darklings","floor":38.0,"turns":3.0},{"damage":0.0,"enemies":"Maw","floor":39.0,"turns":5.0},{"damage":0.0,"enemies":"Reptomancer","floor":40.0,"turns":4.0},{"damage":16.0,"enemies":"4 Shapes","floor":41.0,"turns":1.0},{"damage":0.0,"enemies":"Giant Head","floor":45.0,"turns":4.0},{"damage":0.0,"enemies":"3 Darklings","floor":48.0,"turns":2.0},{"damage":0.0,"enemies":"Donu and Deca","floor":50.0,"turns":4.0},{"damage":0,"enemies":"Shield and Spear","floor":54,"turns":4},{"damage":0,"enemies":"The Heart","floor":55,"turns":6}],"seed_played":"77279017128711505","potions_obtained":[{"floor":5.0,"key":"Block Potion"},{"floor":7.0,"key":"SteroidPotion"},{"floor":12.0,"key":"DistilledChaos"},{"floor":14.0,"key":"Explosive Potion"},{"floor":16.0,"key":"SmokeBomb"},{"floor":20.0,"key":"FearPotion"},{"floor":28.0,"key":"Energy Potion"},{"floor":35.0,"key":"LiquidMemories"},{"floor":39.0,"key":"Strength Potion"}],"is_trial":false,"path_per_floor":["M","?","M","M","M","R","E","M","T","?","R","M","$","M","R","B",null,"M","?","M","?","$","R","?","R","T","R","M","?","M","E","R","B",null,"M","?","$","M","M","E","M","R","T","?","E","R","T","M","R","B",null,"R","$","E","B",null],"character_chosen":"KOISHI","items_purchased":["Koishi:ReflexRadar","Koishi:FreudianInstinct","Master of Strategy+1"],"campfire_rested":3,"item_purchase_floors":[13,13,53],"current_hp_per_floor":[55,60,50,51,45,45,32,32,32,25,25,22,22,22,22,17,53,47,47,44,28,28,28,28,28,28,47,47,47,44,42,42,33,57,48,38,38,38,38,38,22,41,41,41,41,41,41,41,41,41,57,62,62,62,62],"gold":98,"neow_bonus":"REMOVE_CARD","is_daily":false,"chose_seed":false,"campfire_upgraded":7,"win_rate":0.0,"timestamp":1609529767,"path_taken":["M","?","M","M","M","R","E","M","T","?","R","M","$","M","R","BOSS","M","?","M","?","$","R","?","R","T","R","M","?","M","E","R","BOSS","M","?","$","M","M","E","M","R","T","?","E","R","?","M","R","BOSS","R","$","E","BOSS"],"items_purchased_type":["Card","Card","Card"],"build_version":"2020-11-30","purchased_purges":3,"victory":true,"max_hp_per_floor":[60,65,65,65,65,65,65,65,65,65,65,65,65,65,65,65,65,65,65,65,65,65,65,65,65,65,65,65,65,65,65,65,65,65,65,65,65,65,65,65,65,65,65,62,62,62,62,62,62,62,62,62,62,62,62],"relic_stats":{"Blood Vial":0,"Nunchaku":[11],"Dream Catcher":2,"Happy Flower":[5],"counters":[25,104],"Sundial":[8],"Astrolabe":["Koishi:PhantomBarrier","Koishi:StingingMind","Koishi:FadingMemory"],"PreservedInsect":207,"Orichalcum":[0],"obtain_stats":[{"Happy Flower":47,"Nilry\u0027s Codex":21,"Astrolabe":34,"Vajra":9,"PreservedInsect":43,"Orichalcum":47,"keyreminder:keyreminder":6,"Blood Vial":54,"Nunchaku":24,"Dream Catcher":31,"Matryoshka":40,"Sundial":45,"Bag of Marbles":7,"Toxic Egg 2":26,"Koishi:ImaginaryFriend":0,"Runic Pyramid":17},{"Happy Flower":21,"Nilry\u0027s Codex":11,"Astrolabe":15,"Vajra":6,"PreservedInsect":20,"Orichalcum":21,"keyreminder:keyreminder":4,"Blood Vial":24,"Nunchaku":11,"Dream Catcher":14,"Matryoshka":19,"Sundial":21,"Bag of Marbles":5,"Toxic Egg 2":11,"Koishi:ImaginaryFriend":0,"Runic Pyramid":9},{"Happy Flower":88,"Nilry\u0027s Codex":53,"Astrolabe":67,"Vajra":25,"PreservedInsect":84,"Orichalcum":88,"keyreminder:keyreminder":12,"Blood Vial":98,"Nunchaku":53,"Dream Catcher":61,"Matryoshka":83,"Sundial":88,"Bag of Marbles":21,"Toxic Egg 2":53,"Koishi:ImaginaryFriend":0,"Runic Pyramid":44}]},"card_choices":[{"not_picked":["Koishi:FleetingPhantom","Koishi:ApparitionsStalkTheNight"],"picked":"Koishi:SubconsciousSweep","floor":1.0},{"not_picked":["Koishi:FleetingPhantom","Koishi:PhantomStrike"],"picked":"Koishi:SubterraneanRose","floor":3.0},{"not_picked":["Koishi:Catatonia","Koishi:StingingMind"],"picked":"Koishi:SubconsciousSweep","floor":4.0},{"not_picked":["Koishi:CatchAndRose","Koishi:PredatoryInstincts"],"picked":"Koishi:UnconsciousUprising","floor":5.0},{"not_picked":["Koishi:RollingInRichesHeart","Koishi:FourthEye"],"picked":"Koishi:UnconsciousUprising","floor":7.0},{"not_picked":["Koishi:DanmakuParanoia","Koishi:EmbryosDream","Koishi:BloodcurdlingScream"],"picked":"SKIP","floor":8.0},{"not_picked":["Koishi:EmbryosDream","Koishi:StingingMind"],"picked":"Koishi:MassHysteria","floor":12.0},{"not_picked":["Koishi:PhantomBarrier","Koishi:EmbryosDream"],"picked":"Koishi:LastRemote","floor":14.0},{"not_picked":["Koishi:MentalBreakdown","Koishi:RoseHell"],"picked":"Koishi:PerfectMindControl","floor":16.0},{"not_picked":["Koishi:PhantomBarrier","Koishi:SubterraneanRose"],"picked":"Koishi:ReflexRadar","floor":18.0},{"not_picked":["Koishi:DreadfulBlow","Koishi:BloodcurdlingScream+1","Koishi:UnconsciousUprising"],"picked":"SKIP","floor":20.0},{"not_picked":["Koishi:DreadfulBlow","Koishi:FidgetySnatcher+1","Koishi:StingingMind"],"picked":"SKIP","floor":28.0},{"not_picked":["Koishi:TremblingHands","Koishi:FidgetySnatcher"],"picked":"Koishi:Possession+1","floor":30.0},{"not_picked":["Koishi:RoseHell+1","Koishi:UnansweredLove+1","Koishi:DanmakuParanoia+1"],"picked":"SKIP","floor":31.0},{"not_picked":["Koishi:MindNumbingTerror","Koishi:Prune+1","Koishi:PredatoryInstincts+1"],"picked":"SKIP","floor":35.0},{"not_picked":["Apotheosis+1","Purity+1"],"picked":"Dark Shackles+1","floor":36.0},{"not_picked":["Purity+1","Dark Shackles+1"],"picked":"Panache","floor":36.0},{"not_picked":["Panacea+1","The Bomb+1"],"picked":"Master of Strategy+1","floor":36.0},{"not_picked":["Koishi:JumpScare+1","Koishi:EmbryosDream+1","Koishi:BloodcurdlingScream+1"],"picked":"SKIP","floor":38.0},{"not_picked":["Koishi:Bloodlust+1","Koishi:JumpScare+1"],"picked":"Koishi:IdleWhim+1","floor":39.0},{"not_picked":["Koishi:UnseenTerror","Koishi:RuptureMind","Koishi:PhantomStrike"],"picked":"SKIP","floor":40.0},{"not_picked":["Koishi:ParalyzingFear","Koishi:TremblingHands"],"picked":"Koishi:Whimsy+1","floor":41.0},{"not_picked":["Koishi:RollingInRichesHeart+1","Koishi:RacingHeart"],"picked":"Koishi:Whimsy+1","floor":45.0},{"not_picked":["Koishi:ApparitionsStalkTheNight+1","Koishi:EmbryosDream+1","Koishi:ParalyzingFear"],"picked":"SKIP","floor":48.0},{"not_picked":["Koishi:UnseenTerror","Koishi:DreadfulBlow+1"],"picked":"Koishi:ReflexRadar+1","floor":52.0},{"not_picked":["Koishi:FormlessExistence","Koishi:BramblyRoseGarden"],"picked":"Koishi:Possession+1","floor":54}],"player_experience":852300,"relics_obtained":[{"floor":7.0,"key":"Bag of Marbles"},{"floor":9.0,"key":"Vajra"},{"floor":26.0,"key":"Toxic Egg 2"},{"floor":31.0,"key":"Dream Catcher"},{"floor":40.0,"key":"Matryoshka"},{"floor":43.0,"key":"PreservedInsect"},{"floor":45.0,"key":"Sundial"},{"floor":47.0,"key":"Happy Flower"},{"floor":47.0,"key":"Orichalcum"},{"floor":54,"key":"Blood Vial"}],"event_choices":[{"damage_healed":0.0,"max_hp_gain":5.0,"max_hp_loss":0.0,"gold_gain":0.0,"event_name":"Big Fish","player_choice":"Donut","floor":2.0,"gold_loss":0.0,"damage_taken":0.0},{"cards_removed":["Koishi:BasicDefend"],"damage_healed":0.0,"max_hp_gain":0.0,"max_hp_loss":0.0,"gold_gain":0.0,"event_name":"Golden Wing","player_choice":"Card Removal","floor":10.0,"gold_loss":0.0,"damage_taken":7.0},{"damage_healed":0.0,"max_hp_gain":0.0,"max_hp_loss":0.0,"gold_gain":99.0,"event_name":"Nest","player_choice":"Stole From Cult","floor":19.0,"gold_loss":0.0,"damage_taken":0.0},{"damage_healed":0.0,"max_hp_gain":0.0,"max_hp_loss":0.0,"gold_gain":0.0,"event_name":"Cursed Tome","player_choice":"Obtained Book","floor":21.0,"gold_loss":0.0,"damage_taken":16.0},{"damage_healed":0.0,"max_hp_gain":0.0,"max_hp_loss":0.0,"gold_gain":0.0,"event_name":"Addict","player_choice":"Obtained Relic","floor":24.0,"gold_loss":85.0,"damage_taken":0.0,"relics_obtained":["Nunchaku"]},{"cards_removed":["Koishi:BasicStrike"],"damage_healed":0.0,"max_hp_gain":0.0,"max_hp_loss":0.0,"gold_gain":0.0,"event_name":"Beggar","player_choice":"Gave Gold","floor":29.0,"gold_loss":75.0,"damage_taken":0.0},{"damage_healed":0.0,"max_hp_gain":0.0,"max_hp_loss":0.0,"gold_gain":0.0,"event_name":"SensoryStone","player_choice":"Memory 3","floor":36.0,"gold_loss":0.0,"damage_taken":10.0},{"damage_healed":0.0,"max_hp_gain":0.0,"max_hp_loss":3.0,"gold_gain":0.0,"event_name":"Winding Halls","player_choice":"Max HP","floor":44.0,"gold_loss":0.0,"damage_taken":0.0}],"is_beta":false,"boss_relics":[{"not_picked":["SlaversCollar","SacredBark"],"picked":"Runic Pyramid"},{"not_picked":["Philosopher\u0027s Stone","Koishi:ColorfulDays"],"picked":"Astrolabe"}],"items_purged_floors":[13,22,37],"is_endless":false,"potions_floor_spawned":[5,7,12,14,16,20,28,35,39,48],"ascension_level":12}}