{"host":"os9owiyb0rak6c8n","time":1609519779,"event":{"mods":["AchievementEnabler","BaseMod","Beaked The Cultist","Better Third Choice","Block Reminder","Colored Map","Colored Powertips","Dio Mod","Minty Spire (QoL Compilation)","Robot Space Explorer","Spicy Shops","StSLib","The Death Knight"],"gold_per_floor":[113,127,127,147,1,32,32,59,84,94,94,94,94,55,55,157,157,176,176,195,67,81,81,113,128,178,178,93,118,136,63,63,162,162,176,176,31,31,49,49,49,49],"floor_reached":41,"playtime":1660,"items_purged":["Unload"],"score":605,"play_id":"9e8ac9d8-f67d-43d4-82bc-3fee712d0d7b","local_time":"20210101174939","is_ascension_mode":true,"campfire_choices":[{"data":"Crippling Poison","floor":7,"key":"SMITH"},{"data":"Footwork","floor":11,"key":"SMITH"},{"floor":15,"key":"REST"},{"floor":23,"key":"REST"},{"floor":27,"key":"REST"},{"floor":32,"key":"REST"},{"data":"Burst","floor":40,"key":"SMITH"}],"circlet_count":0,"master_deck":["Survivor","Neutralize","Storm of Steel","Crippling Poison+1","Sucker Punch","Deadly Poison","Noxious Fumes","Prepared","Footwork+1","Noxious Fumes","Night Terror","Terror","Night Terror","Heel Hook","Corpse Explosion","Deflect","Reflex","After Image","Backflip","Poisoned Stab","Dodge and Roll","Bouncing Flask","Burst+1","PiercingWail+1","Dodge and Roll"],"relics":["Ring of the Snake","Oddly Smooth Stone","Nunchaku","Pantograph","Happy Flower","Blue Candle","Pandora\u0027s Box","Vajra","Regal Pillow","StrikeDummy","Bag of Preparation","Bronze Scales","Sozu","TwistedFunnel","Boot"],"acts_visited":["Exordium","TheCity","TheBeyond"],"potions_floor_usage":[8,18,18,22,24,33,41],"damage_taken":[{"damage":0,"enemies":"Cultist","floor":1,"turns":3},{"damage":7,"enemies":"Jaw Worm","floor":2,"turns":4},{"damage":0,"enemies":"Small Slimes","floor":4,"turns":3},{"damage":2,"enemies":"Lagavulin","floor":6,"turns":8},{"damage":10,"enemies":"3 Sentries","floor":8,"turns":5},{"damage":3,"enemies":"Blue Slaver","floor":10,"turns":4},{"damage":15,"enemies":"The Guardian","floor":16,"turns":9},{"damage":19,"enemies":"3 Byrds","floor":18,"turns":3},{"damage":7,"enemies":"Spheric Guardian","floor":20,"turns":5},{"damage":28,"enemies":"Centurion and Healer","floor":22,"turns":4},{"damage":26,"enemies":"Book of Stabbing","floor":24,"turns":7},{"damage":18,"enemies":"Snake Plant","floor":25,"turns":5},{"damage":15,"enemies":"Snecko","floor":30,"turns":5},{"damage":62,"enemies":"Champ","floor":33,"turns":11},{"damage":12,"enemies":"Orb Walker","floor":35,"turns":4},{"damage":0,"enemies":"3 Shapes","floor":39,"turns":4},{"damage":55,"enemies":"Giant Head","floor":41,"turns":8}],"seed_played":"-9122748404285905451","potions_obtained":[{"floor":1,"key":"DuplicationPotion"},{"floor":4,"key":"DeathKnight:BottledBloodEchoes"},{"floor":6,"key":"EssenceOfSteel"},{"floor":8,"key":"BlessingOfTheForge"},{"floor":20,"key":"Regen Potion"},{"floor":22,"key":"GamblersBrew"},{"floor":30,"key":"FearPotion"}],"is_trial":false,"path_per_floor":["M","M","?","M","$","E","R","E","T","M","R","?","T","$","R","B",null,"M","?","M","$","M","R","E","M","T","R","?","T","M","$","R","B",null,"M","?","$","T","M","R","E"],"character_chosen":"THE_SILENT","items_purchased":["Noxious Fumes","Prepared","Noxious Fumes","Dodge and Roll","Bronze Scales","TwistedFunnel"],"campfire_rested":4,"item_purchase_floors":[5,5,14,21,31,37],"current_hp_per_floor":[63,56,49,49,49,47,47,37,37,34,34,27,27,27,48,55,66,47,47,40,40,26,47,21,3,3,39,39,39,24,24,60,8,55,43,43,43,43,43,43,0,0],"gold":49,"neow_bonus":"ONE_RANDOM_RARE_CARD","is_daily":false,"chose_seed":false,"campfire_upgraded":3,"win_rate":0.0,"timestamp":1609519779,"path_taken":["M","M","?","M","$","E","R","E","T","M","R","?","?","?","R","BOSS","M","?","M","$","M","R","E","M","T","R","?","?","M","$","R","BOSS","M","?","$","?","M","R","E"],"items_purchased_type":["Card","Card","Card","Card","Relic","Relic"],"build_version":"2020-12-22","purchased_purges":1,"victory":false,"max_hp_per_floor":[70,70,70,70,70,70,70,70,70,70,70,70,70,70,70,70,70,70,70,70,70,70,70,70,70,70,70,70,70,70,70,70,70,70,70,70,70,70,70,70,70,70],"card_choices":[{"not_picked":["Dodge and Roll","Endless Agony"],"picked":"Crippling Poison","floor":1},{"not_picked":["Underhanded Strike","PiercingWail"],"picked":"Sucker Punch","floor":2},{"not_picked":["Quick Slash","Skewer"],"picked":"Deadly Poison","floor":4},{"not_picked":["Acrobatics","Slice","Sucker Punch"],"picked":"SKIP","floor":6},{"not_picked":["Doppelganger","Calculated Gamble"],"picked":"Footwork","floor":8},{"not_picked":["Quick Slash","Backstab","Riddle With Holes"],"picked":"SKIP","floor":10},{"not_picked":["Unload","Grand Finale"],"picked":"Night Terror","floor":16},{"not_picked":["Calculated Gamble","Dagger Throw"],"picked":"Poisoned Stab","floor":18},{"not_picked":["Bane","Distraction","Sucker Punch+1"],"picked":"SKIP","floor":20},{"not_picked":["Underhanded Strike","Deadly Poison","Outmaneuver"],"picked":"SKIP","floor":22},{"not_picked":["Heel Hook+1","Cloak And Dagger","Masterful Stab"],"picked":"SKIP","floor":24},{"not_picked":["Deflect+1","Predator+1","Noxious Fumes"],"picked":"SKIP","floor":25},{"not_picked":["Escape Plan","Envenom"],"picked":"Bouncing Flask","floor":30},{"not_picked":["Malaise","Venomology"],"picked":"Burst","floor":33},{"not_picked":["Distraction","Flechettes"],"picked":"PiercingWail+1","floor":35},{"not_picked":["Deflect","Escape Plan+1","Poisoned Stab+1"],"picked":"SKIP","floor":39}],"player_experience":521778,"relics_obtained":[{"floor":6,"key":"Nunchaku"},{"floor":8,"key":"Pantograph"},{"floor":9,"key":"Happy Flower"},{"floor":13,"key":"Blue Candle"},{"floor":24,"key":"Vajra"},{"floor":26,"key":"Regal Pillow"},{"floor":29,"key":"Bag of Preparation"},{"floor":38,"key":"Boot"}],"event_choices":[{"damage_healed":0,"gold_gain":0,"player_choice":"Relic ","damage_taken":7,"max_hp_gain":0,"max_hp_loss":0,"event_name":"betterThird:BetterScrap","floor":3,"gold_loss":0,"cards_obtained":["Machine Learning"]},{"cards_removed":["Strike_G"],"damage_healed":0,"gold_gain":0,"player_choice":"Card Removal","damage_taken":7,"max_hp_gain":0,"max_hp_loss":0,"event_name":"Golden Wing","floor":12,"gold_loss":0},{"damage_healed":0,"gold_gain":0,"player_choice":"Ignored","damage_taken":0,"max_hp_gain":0,"max_hp_loss":0,"event_name":"Ghosts","floor":19,"gold_loss":0},{"damage_healed":0,"gold_gain":0,"player_choice":"Obtained Relic","damage_taken":0,"relics_obtained":["StrikeDummy"],"max_hp_gain":0,"max_hp_loss":0,"event_name":"Addict","floor":28,"gold_loss":85},{"damage_healed":0,"gold_gain":0,"player_choice":"Copied","damage_taken":0,"max_hp_gain":0,"max_hp_loss":0,"event_name":"Duplicator","floor":36,"gold_loss":0,"cards_obtained":["Dodge and Roll"]}],"is_beta":false,"boss_relics":[{"not_picked":["Empty Cage","Tiny House"],"picked":"Pandora\u0027s Box"},{"not_picked":["WristBlade","Philosopher\u0027s Stone"],"picked":"Sozu"}],"items_purged_floors":[21],"is_endless":false,"potions_floor_spawned":[1,4,6,8,16,20,22,30,39],"killed_by":"Giant Head","ascension_level":9}}