{"host":"ft2xazkv7v30fddt","time":1609493144,"event":{"mods":["AchievementEnabler","Act Like it!","Aspiration","Astrologer","Bard","BaseMod","Better Altar","Better Match","Better Note","Better Sensory Stone","Better Skull","CapriCore","Chen","Colored Powertips","Downfall","Elementarium","Energized Spire","Gensokyo","GifTheSpireLib","Gremlin Mod","Hallownest","Hermit","Hubris","Infinite Spire","KinomotoSakuraMod(????)","Koishi","Marisa????????","Minty Spire (QoL Compilation)","Pale of the Ancients","Permanent Neow","Potionbrewer","Prisma Mod","Replay The Spire","StSLib","Stuff the Spire","The Blackbeard","The Bladedancer","The Construct","The Cursed","The Forsaken","The Gatherer","The Hayseed","The Immortal","The Runesmith","The Servant 0.9.4","The Showman","The Vixen","TheArtist","TheSwordswoman","Wandering Minibosses","thorton","vexMod"],"gold_per_floor":[113,125,125,125,125,158,168,201,201,216,216,347,347,367,367],"floor_reached":14,"playtime":498,"items_purged":[],"score":226,"play_id":"c72be0bb-2ce0-4fc2-8930-bbf7ab94a40b","local_time":"20210101172544","is_ascension_mode":true,"campfire_choices":[{"floor":11,"key":"REST"}],"circlet_count":0,"master_deck":["AscendersBane","Chen:Strike","Chen:Strike","Chen:Strike","Chen:Strike","Chen:Strike","Chen:Defend","Chen:Defend+1","Chen:Defend","Chen:Defend+1","Chen:PounceTurnTail","Chen:GlitterPoke","Chen:Tear","Chen:Excitement","Chen:Impale","Chen:Instinct","Chen:Sweep"],"relics":["Chen:Catnip","NeowsBlessing","Gensokyo:YoukaiFlower","hubris:Icosahedron","StuffTheSpire:SapphireSignet","Smiling Mask","Pet Ghost","Replay:Bandana"],"acts_visited":["Gensokyo:Gensokyo"],"potions_floor_usage":[14,14,14],"damage_taken":[{"damage":0,"enemies":"Gensokyo:Python","floor":1,"turns":1},{"damage":0,"enemies":"Gensokyo:2_Kodama","floor":2,"turns":1},{"damage":0,"enemies":"Gensokyo:Mamizou","floor":6,"turns":2},{"damage":18,"enemies":"Gensokyo:Gryphon","floor":7,"turns":4},{"damage":19,"enemies":"Gensokyo:Cirno","floor":8,"turns":7},{"damage":0,"enemies":"Gensokyo:LivingMonolith","floor":10,"turns":3},{"damage":16,"enemies":"Gensokyo:Aya","floor":12,"turns":3},{"damage":25,"enemies":"Gensokyo:Mamizou","floor":14,"turns":5}],"seed_played":"2916615941964055784","potions_obtained":[{"floor":1,"key":"GamblersBrew"},{"floor":6,"key":"potionbrewer:CleansingPotion"},{"floor":10,"key":"EntropicBrew"}],"is_trial":false,"path_per_floor":["M","M","?","?","?","E","M","E","T","M","R","E","$","E"],"character_chosen":"CHEN","items_purchased":[],"campfire_rested":1,"item_purchase_floors":[],"current_hp_per_floor":[59,59,59,59,36,36,18,11,11,11,30,14,14,0,0],"gold":367,"neow_bonus":"THREE_ENEMY_KILL","is_daily":false,"chose_seed":false,"campfire_upgraded":0,"win_rate":0.0,"timestamp":1609493144,"path_taken":["M","M","?","?","?","E","?","E","T","M","R","E","?","E"],"items_purchased_type":[],"build_version":"2020-12-22","purchased_purges":0,"victory":false,"max_hp_per_floor":[65,65,65,65,65,65,65,65,65,65,65,65,65,65,65],"card_choices":[{"not_picked":["Chen:Fadeout","Chen:Sneak"],"picked":"Chen:Tear","floor":1},{"not_picked":["Chen:TauntHiss","Chen:Shot"],"picked":"Chen:Assault","floor":2},{"not_picked":["Chen:Unpredictable","Chen:Tear"],"picked":"Chen:Excitement","floor":6},{"not_picked":["Chen:Fadeout","Chen:Sidestep"],"picked":"Chen:Impale","floor":7},{"not_picked":["Chen:ResistTemptation","Chen:Sidestep"],"picked":"Chen:Instinct","floor":8},{"not_picked":["Chen:Panic","Chen:RecklessLeap","Chen:Sneak"],"picked":"SKIP","floor":10},{"not_picked":["Chen:StudySharpen","Chen:FinalSpellCard"],"picked":"Chen:Sweep","floor":12}],"player_experience":1662942,"relics_obtained":[{"floor":6,"key":"StuffTheSpire:SapphireSignet"},{"floor":8,"key":"Smiling Mask"},{"floor":9,"key":"Pet Ghost"},{"floor":12,"key":"Replay:Bandana"}],"event_choices":[{"damage_healed":0,"gold_gain":0,"player_choice":"UP UP ","damage_taken":27,"relics_obtained":[],"max_hp_gain":0,"max_hp_loss":0,"event_name":"betterSkull:BetterSkull","floor":5,"gold_loss":0,"cards_upgraded":["Chen:Defend","Chen:Defend"]}],"is_beta":false,"boss_relics":[],"items_purged_floors":[],"is_endless":false,"potions_floor_spawned":[1,6,10],"killed_by":"Gensokyo:Mamizou","ascension_level":18}}