{"host":"w7o06k3e8uel8euj","time":1609493307,"event":{"mods":["AchievementEnabler","BaseMod","Colored Powertips","Custom Start","DeckTracker","Keyboard Shortcuts","Minty Spire (QoL Compilation)","Quick Restart","Relic Stats","StSLib","SuperFastMode","everything is the same but u backflip on backflip"],"gold_per_floor":[116,131,81,81,81,114,39,39,62,81,81,81,93,112,112,210,210,222,236,93,113,113,113,38,55,82,115,115,115,115],"floor_reached":29,"playtime":516,"items_purged":["Strike_G"],"score":365,"play_id":"1b935191-fe7d-4c19-8d06-d7aad457ff5a","local_time":"20210101182827","is_ascension_mode":true,"campfire_choices":[{"data":"The Bomb","floor":8,"key":"SMITH"},{"data":"Caltrops","floor":11,"key":"SMITH"},{"floor":15,"key":"REST"},{"data":"Acrobatics","floor":23,"key":"SMITH"},{"data":"Footwork","floor":28,"key":"SMITH"}],"circlet_count":0,"master_deck":["AscendersBane","Strike_G","Strike_G","Strike_G","Defend_G","Defend_G","Defend_G","Defend_G","Defend_G","Survivor","Neutralize","The Bomb+1","Escape Plan","Predator","PiercingWail","Caltrops+1","Backflip","Deadly Poison","Acrobatics+1","Burst","Acrobatics+1","Quick Slash+1","Writhe","Footwork+1","Leg Sweep"],"relics":["Ring of the Snake","CultistMask","Mercury Hourglass","Vajra","Meat on the Bone","Black Star","Orrery","Omamori","Centennial Puzzle","Orichalcum","Oddly Smooth Stone"],"acts_visited":["Exordium","TheCity"],"potions_floor_usage":[16,25,27],"damage_taken":[{"damage":6,"enemies":"Small Slimes","floor":1,"turns":4},{"damage":6,"enemies":"Jaw Worm","floor":2,"turns":4},{"damage":34,"enemies":"Gremlin Nob","floor":6,"turns":4},{"damage":0,"enemies":"Cultist","floor":10,"turns":4},{"damage":11,"enemies":"Large Slime","floor":13,"turns":5},{"damage":8,"enemies":"Exordium Thugs","floor":14,"turns":3},{"damage":15,"enemies":"Hexaghost","floor":16,"turns":8},{"damage":19,"enemies":"Spheric Guardian","floor":18,"turns":4},{"damage":19,"enemies":"Shell Parasite","floor":19,"turns":5},{"damage":19,"enemies":"Centurion and Healer","floor":21,"turns":3},{"damage":28,"enemies":"Snake Plant","floor":25,"turns":5},{"damage":18,"enemies":"Gremlin Leader","floor":27,"turns":5},{"damage":17,"enemies":"Slavers","floor":29,"turns":3}],"seed_played":"8417404512681759723","potions_obtained":[{"floor":2,"key":"SmokeBomb"},{"floor":6,"key":"LiquidBronze"},{"floor":16,"key":"Block Potion"},{"floor":18,"key":"Block Potion"}],"is_trial":false,"path_per_floor":["M","M","?","?","?","E","$","R","T","M","R","?","M","M","R","B",null,"M","M","$","M","?","R","?","M","T","E","R","E"],"character_chosen":"THE_SILENT","items_purchased":["Orrery"],"campfire_rested":1,"item_purchase_floors":[20],"current_hp_per_floor":[57,51,51,56,56,22,22,22,22,22,22,22,23,27,49,46,68,49,42,42,35,35,35,35,19,19,13,13,0,0],"gold":115,"neow_bonus":"RANDOM_COLORLESS_2","is_daily":false,"chose_seed":false,"campfire_upgraded":4,"win_rate":0.0,"timestamp":1609493307,"path_taken":["M","M","?","?","?","E","$","R","T","?","R","?","?","M","R","BOSS","M","M","$","M","?","R","?","M","T","E","R","E"],"items_purchased_type":["Relic"],"build_version":"2020-12-22","purchased_purges":1,"victory":false,"max_hp_per_floor":[70,70,70,75,75,75,75,75,75,75,75,75,75,75,75,75,75,75,75,75,75,75,75,75,75,75,75,75,75,75],"relic_stats":{"Centennial Puzzle":[6],"counters":[13,56],"Black Star":1,"Orichalcum":[6],"obtain_stats":[{"Centennial Puzzle":26,"Vajra":9,"Orrery":20,"Oddly Smooth Stone":27,"CultistMask":5,"Black Star":17,"Omamori":22,"Orichalcum":27,"Ring of the Snake":0,"Mercury Hourglass":6,"Meat on the Bone":12},{"Centennial Puzzle":11,"Vajra":3,"Orrery":9,"Oddly Smooth Stone":12,"CultistMask":2,"Black Star":7,"Omamori":10,"Orichalcum":12,"Ring of the Snake":0,"Mercury Hourglass":3,"Meat on the Bone":4},{"Centennial Puzzle":48,"Vajra":12,"Orrery":40,"Oddly Smooth Stone":53,"CultistMask":8,"Black Star":31,"Omamori":43,"Orichalcum":53,"Ring of the Snake":0,"Mercury Hourglass":12,"Meat on the Bone":15}],"Ring of the Snake":[26],"Mercury Hourglass":[154],"Meat on the Bone":84},"card_choices":[{"not_picked":["Panache","Secret Weapon"],"picked":"The Bomb","floor":0},{"not_picked":["Bane","Dodge and Roll"],"picked":"Escape Plan","floor":1},{"not_picked":["Eviscerate","PiercingWail"],"picked":"Predator","floor":2},{"not_picked":["Finisher","Accuracy"],"picked":"PiercingWail","floor":6},{"not_picked":["Skewer","Blur"],"picked":"Caltrops","floor":10},{"not_picked":["Prepared","Dash"],"picked":"Backflip","floor":13},{"not_picked":["Concentrate","A Thousand Cuts"],"picked":"Deadly Poison","floor":14},{"not_picked":["Well Laid Plans+1","Deadly Poison"],"picked":"Acrobatics","floor":18},{"not_picked":["Underhanded Strike","PiercingWail","Bane+1"],"picked":"SKIP","floor":19},{"not_picked":["Masterful Stab","Flying Knee"],"picked":"Burst","floor":20},{"not_picked":["Expertise","Flechettes"],"picked":"Acrobatics+1","floor":20},{"not_picked":["Sucker Punch+1","Noxious Fumes"],"picked":"Quick Slash+1","floor":20},{"not_picked":["Deadly Poison+1","Dagger Spray+1","Terror"],"picked":"SKIP","floor":21},{"not_picked":["Slice","Acrobatics"],"picked":"Footwork","floor":25},{"not_picked":["Unload","Endless Agony"],"picked":"Leg Sweep","floor":27}],"player_experience":575133,"relics_obtained":[{"floor":6,"key":"Mercury Hourglass"},{"floor":9,"key":"Vajra"},{"floor":26,"key":"Centennial Puzzle"},{"floor":27,"key":"Orichalcum"},{"floor":27,"key":"Oddly Smooth Stone"}],"event_choices":[{"cards_removed":["Regret"],"damage_healed":0,"gold_gain":0,"player_choice":"Card Removal","damage_taken":0,"max_hp_gain":0,"max_hp_loss":0,"event_name":"The Cleric","floor":3,"gold_loss":50},{"damage_healed":0,"gold_gain":0,"player_choice":"Donut","damage_taken":0,"max_hp_gain":5,"max_hp_loss":0,"event_name":"Big Fish","floor":4,"gold_loss":0},{"damage_healed":0,"gold_gain":0,"player_choice":"Trade","damage_taken":0,"relics_obtained":["CultistMask"],"max_hp_gain":0,"max_hp_loss":0,"event_name":"FaceTrader","floor":5,"gold_loss":0},{"damage_healed":0,"gold_gain":0,"player_choice":"Gave Potion","damage_taken":0,"relics_obtained":["Meat on the Bone"],"max_hp_gain":0,"max_hp_loss":0,"event_name":"WeMeetAgain","floor":12,"gold_loss":0},{"damage_healed":0,"gold_gain":0,"player_choice":"Opened","damage_taken":0,"relics_obtained":["Omamori"],"max_hp_gain":0,"max_hp_loss":0,"event_name":"The Mausoleum","floor":22,"gold_loss":0,"cards_obtained":["Writhe"]},{"cards_removed":["Strike_G"],"damage_healed":0,"gold_gain":0,"player_choice":"Gave Gold","damage_taken":0,"max_hp_gain":0,"max_hp_loss":0,"event_name":"Beggar","floor":24,"gold_loss":75}],"is_beta":false,"boss_relics":[{"not_picked":["Busted Crown","Runic Pyramid"],"picked":"Black Star"}],"items_purged_floors":[7],"is_endless":false,"potions_floor_spawned":[2,6,16,18],"killed_by":"Slavers","ascension_level":10}}