{"host":"ssbj2e5691x5ub3h","time":1609524665,"event":{"mods":["BaseMod","Duelist Mod","Minty Spire (QoL Compilation)","Quick Restart","StSLib","SuperFastMode"],"gold_per_floor":[144,156,156,169,180,214,64,75,101,115,146,146,156,168,168,242,242,256,273,286,320,339,339,374,374,401,421,188,188,138,163,175,261,273,300,331,343,380,412,424,486,529,591,614,646,293,310,324,324,324],"floor_reached":51,"playtime":3025,"items_purged":["theDuelist:Sparks","theDuelist:Sparks"],"score":1792,"play_id":"62fe4750-dcaf-47ed-ba31-5da91c3ce9c8","local_time":"20210101161105","is_ascension_mode":true,"campfire_choices":[{"floor":12,"key":"RECALL"},{"data":"theDuelist:Yami","floor":15,"key":"SMITH"},{"data":"theDuelist:TwinHeadedFire","floor":23,"key":"SMITH"},{"floor":25,"key":"REST"},{"data":"theDuelist:ShallowGrave","floor":32,"key":"SMITH"},{"data":"theDuelist:CallGrave","floor":40,"key":"SMITH"},{"floor":49,"key":"REST"}],"circlet_count":0,"master_deck":["theDuelist:ClearKuriboh","theDuelist:HappyLover","theDuelist:BeastTalwar","AscendersBane","theDuelist:SangaThunder+1","theDuelist:CastleWalls","theDuelist:DunamesDarkWitch","theDuelist:Hayate","theDuelist:RainbowKuribohBasic","theDuelist:RainbowMagician","theDuelist:SuperSolarNutrient","theDuelist:Illusionist","theDuelist:Metronome","theDuelist:RainbowFlower","theDuelist:ShallowGrave+1","theDuelist:TwinHeadedFire+1","theDuelist:Metronome","theDuelist:RainbowNeos","theDuelist:RainbowDragon","theDuelist:IceQueen","theDuelist:Eva","theDuelist:DunamesDarkWitch","theDuelist:GateGuardian","theDuelist:Yami+1","theDuelist:RainbowDragon+1","Parasite","theDuelist:RainbowDarkDragon","theDuelist:GateGuardian","theDuelist:SangaEarth","theDuelist:HappyLover","theDuelist:SangaThunder","theDuelist:MaskedDragon","theDuelist:Metronome","theDuelist:CallGrave+1","theDuelist:RainbowDragon","theDuelist:RainbowMagician","theDuelist:CastleWalls"],"relics":["theDuelist:MillenniumPuzzle","theDuelist:CardPoolRelic","theDuelist:CardPoolBasicRelic","theDuelist:BoosterPackPoolRelic","theDuelist:CardPoolAddRelic","theDuelist:CardPoolMinusRelic","theDuelist:CardPoolSaveRelic","theDuelist:CardPoolOptionsRelic","Ancient Tea Set","Dream Catcher","Potion Belt","Philosopher\u0027s Stone","Red Mask","theDuelist:DuelistTeaSet","Lantern","theDuelist:CursedHealer","MawBank","Busted Crown","theDuelist:SummonAnchorRare","Unceasing Top","StoneCalendar","theDuelist:ElectricToken","Bag of Preparation","theDuelist:ZoneToken","Letter Opener"],"acts_visited":["Exordium","TheCity","TheBeyond"],"potions_floor_usage":[11,21,36,36],"damage_taken":[{"damage":0.0,"enemies":"2 Louse","floor":1.0,"turns":2.0},{"damage":0,"enemies":"Cultist","floor":2,"turns":3},{"damage":0,"enemies":"Jaw Worm","floor":4,"turns":2},{"damage":0,"enemies":"3 Louse","floor":5,"turns":2},{"damage":0,"enemies":"3 Sentries","floor":6,"turns":3},{"damage":0,"enemies":"Looter","floor":8,"turns":4},{"damage":0,"enemies":"Exordium Thugs","floor":10,"turns":4},{"damage":23,"enemies":"Gremlin Nob","floor":11,"turns":5},{"damage":0,"enemies":"2 Fungi Beasts","floor":13,"turns":3},{"damage":0,"enemies":"Large Slime","floor":14,"turns":4},{"damage":0,"enemies":"Slime Boss","floor":16,"turns":6},{"damage":0,"enemies":"Shell Parasite","floor":18,"turns":2},{"damage":4,"enemies":"Chosen","floor":19,"turns":4},{"damage":10,"enemies":"Snake Plant","floor":20,"turns":3},{"damage":5,"enemies":"Masked Bandits","floor":21,"turns":4},{"damage":0,"enemies":"Shelled Parasite and Fungi","floor":22,"turns":3},{"damage":16,"enemies":"Gremlin Leader","floor":24,"turns":5},{"damage":0,"enemies":"Sentry and Sphere","floor":27,"turns":4},{"damage":10,"enemies":"Snake Plant","floor":31,"turns":3},{"damage":16,"enemies":"Collector","floor":33,"turns":5},{"damage":3,"enemies":"Orb Walker","floor":35,"turns":2},{"damage":39,"enemies":"3 Darklings","floor":36,"turns":4},{"damage":3,"enemies":"Mind Bloom Boss Battle","floor":38,"turns":3},{"damage":0,"enemies":"Writhing Mass","floor":39,"turns":4},{"damage":0,"enemies":"Writhing Mass","floor":41,"turns":5},{"damage":0,"enemies":"Giant Head","floor":42,"turns":4},{"damage":0,"enemies":"Transient","floor":44,"turns":6},{"damage":0,"enemies":"3 Darklings","floor":45,"turns":2},{"damage":0,"enemies":"Writhing Mass","floor":47,"turns":2},{"damage":0,"enemies":"Sphere and 2 Shapes","floor":48,"turns":3},{"damage":0,"enemies":"Awakened One","floor":50,"turns":7}],"seed_played":"-4900674095059805414","potions_obtained":[{"floor":4,"key":"theDuelist:FusionPotion"},{"floor":5,"key":"BloodPotion"},{"floor":13,"key":"LiquidMemories"},{"floor":16,"key":"theDuelist:SummonArmorPotion"},{"floor":18,"key":"SneckoOil"},{"floor":27,"key":"Fire Potion"},{"floor":42,"key":"theDuelist:TokenPotion"},{"floor":44,"key":"theDuelist:SealedPackC"}],"is_trial":false,"path_per_floor":["M","M","?","M","M","E","$","M","T","M","E","R","M","M","R","B",null,"M","M","M","?","M","R","E","R","T","M","$","?","?","M","R","B",null,"M","M","?","?","M","R","?","E","T","M","M","$","M","M","R","B",null],"character_chosen":"THE_DUELIST","items_purchased":["theDuelist:IceQueen","Lantern","Letter Opener"],"campfire_rested":2,"item_purchase_floors":[7,28,46],"current_hp_per_floor":[63,97,97,97,97,97,97,97,97,97,74,74,74,74,74,74,97,97,93,83,78,78,78,62,93,93,93,93,104,104,94,94,78,98,95,56,56,53,53,53,53,53,53,53,53,53,53,53,84,84],"gold":324,"neow_bonus":"RANDOM_COLORLESS","is_daily":false,"chose_seed":false,"campfire_upgraded":4,"win_rate":0.0,"timestamp":1609524665,"path_taken":["M","M","?","M","M","E","$","?","T","?","E","R","M","M","R","BOSS","M","M","M","?","M","R","E","R","T","M","$","?","?","M","R","BOSS","M","M","?","?","M","R","?","E","T","M","M","$","M","M","R","BOSS"],"items_purchased_type":["Card","Relic","Relic"],"build_version":"2020-12-22","purchased_purges":2,"victory":true,"max_hp_per_floor":[70,104,104,104,104,104,104,104,104,104,104,104,104,104,104,104,104,104,104,104,104,104,104,104,104,104,104,104,104,104,104,104,104,104,104,104,104,104,104,104,104,104,104,104,104,104,104,104,104,104],"card_choices":[{"not_picked":["theDuelist:ZombieWarrior","theDuelist:BetaMagnet","theDuelist:DesLacooda","theDuelist:TwinHeadedFire"],"picked":"theDuelist:BeastTalwar","floor":1.0},{"not_picked":["theDuelist:CurseDragon","theDuelist:OhFish","theDuelist:MaskedDragon","theDuelist:MysticalElf"],"picked":"theDuelist:HappyLover","floor":2},{"not_picked":["theDuelist:AmphibiousBugroth","theDuelist:CharcoalInpachi","theDuelist:VampireLord","theDuelist:RainbowRuins"],"picked":"theDuelist:ClearKuriboh","floor":4},{"not_picked":["theDuelist:WhiteHornDragon","theDuelist:Jinzo","theDuelist:CardSafeReturn","theDuelist:RainbowJar"],"picked":"theDuelist:Yami","floor":5},{"not_picked":["theDuelist:RainbowFlower","theDuelist:CatShark","theDuelist:BlizzardWarrior","theDuelist:IronCall"],"picked":"theDuelist:DunamesDarkWitch","floor":6},{"not_picked":["theDuelist:ClearKuriboh","theDuelist:FogKing","theDuelist:VampireGrace"],"picked":"SKIP","floor":8},{"not_picked":["theDuelist:NeoMagic","theDuelist:MysticalElf","theDuelist:GreenGadget","theDuelist:VanityFiend"],"picked":"theDuelist:SangaThunder","floor":10},{"not_picked":["theDuelist:BlizzardDefender","theDuelist:OhFish","theDuelist:FrillerRabca","theDuelist:CharcoalInpachi"],"picked":"theDuelist:HappyLover","floor":11},{"not_picked":["theDuelist:VampireGrace","theDuelist:OrbMetronome"],"picked":"theDuelist:GateGuardian","floor":13},{"not_picked":["theDuelist:PatricianDarkness","theDuelist:FlyingSaucer","theDuelist:ZombieWarrior","theDuelist:BigWaveSmallWave"],"picked":"theDuelist:Illusionist","floor":14},{"not_picked":["theDuelist:RainbowJar","theDuelist:StardustDragon","theDuelist:MonsterReborn","theDuelist:VampireGrace"],"picked":"theDuelist:Metronome","floor":16},{"not_picked":["theDuelist:GemKnightAmethyst+1","theDuelist:WanderingKing+1","theDuelist:GadgetSoldier+1"],"picked":"SKIP","floor":18},{"not_picked":["theDuelist:YamataDragon","theDuelist:IslandTurtle","theDuelist:BlizzardWarrior","theDuelist:Mountain"],"picked":"theDuelist:TwinHeadedFire","floor":19},{"not_picked":["theDuelist:RainbowJar","theDuelist:QueenDragunDjinn","theDuelist:GoldenBlastJuggler","theDuelist:BlasterDragonInfernos"],"picked":"theDuelist:Metronome","floor":20},{"not_picked":["theDuelist:HappyLover+1","theDuelist:DunamesDarkWitch+1","theDuelist:DarkMagician","theDuelist:MysticalElf"],"picked":"theDuelist:SangaEarth","floor":22},{"not_picked":["theDuelist:ClearKuriboh","theDuelist:Metronome","theDuelist:FrillerRabca","theDuelist:RainbowDarkDragon"],"picked":"theDuelist:GateGuardian","floor":24},{"not_picked":["theDuelist:WhiteNinja","theDuelist:WhiteMagicalHat"],"picked":"theDuelist:RainbowDragon","floor":25},{"not_picked":["theDuelist:Zombyra","theDuelist:ShadowVampire","theDuelist:RainbowFlower","theDuelist:Boneheimer"],"picked":"theDuelist:ShallowGrave","floor":27},{"not_picked":["theDuelist:RainbowLife","theDuelist:BookSecret","theDuelist:VampireFraulein","theDuelist:SpiritHarp"],"picked":"theDuelist:SuperSolarNutrient","floor":31},{"not_picked":["theDuelist:RainbowKuriboh","theDuelist:RainbowDarkDragon","theDuelist:Eva","theDuelist:HappyLover"],"picked":"theDuelist:RainbowMagician","floor":33},{"not_picked":["theDuelist:SevenColoredFish+1","theDuelist:AmphibiousBugroth","theDuelist:IronDraw"],"picked":"SKIP","floor":35},{"not_picked":["theDuelist:RainbowKuriboh","theDuelist:SuperancientDinobeast"],"picked":"theDuelist:RainbowMagician","floor":36},{"not_picked":["theDuelist:IronDraw","theDuelist:StatueAnguishPattern+1"],"picked":"theDuelist:CallGrave","floor":38},{"not_picked":["theDuelist:Zombyra","theDuelist:Kasha"],"picked":"theDuelist:SangaThunder+1","floor":39},{"not_picked":["theDuelist:DunamesDarkWitch","theDuelist:YamataDragon+1"],"picked":"theDuelist:MaskedDragon","floor":42},{"not_picked":["theDuelist:StardustDragon","theDuelist:QueenDragunDjinn"],"picked":"theDuelist:RainbowDarkDragon","floor":44},{"not_picked":["theDuelist:Eva","theDuelist:HappyLover+1"],"picked":"theDuelist:RainbowDragon+1","floor":45},{"not_picked":["theDuelist:PatricianDarkness+1","theDuelist:VampireLord","theDuelist:ShadowVampire"],"picked":"SKIP","floor":47},{"not_picked":["theDuelist:SpiralSpearStrike","theDuelist:MonsterReborn+1"],"picked":"theDuelist:Metronome","floor":48},{"not_picked":[],"picked":"theDuelist:RainbowDragon","floor":49}],"player_experience":305897,"relics_obtained":[{"floor":6,"key":"Ancient Tea Set"},{"floor":9,"key":"Dream Catcher"},{"floor":11,"key":"Potion Belt"},{"floor":21,"key":"Red Mask"},{"floor":24,"key":"theDuelist:DuelistTeaSet"},{"floor":38,"key":"theDuelist:SummonAnchorRare"},{"floor":41,"key":"Unceasing Top"},{"floor":41,"key":"StoneCalendar"},{"floor":41,"key":"theDuelist:ElectricToken"},{"floor":42,"key":"Bag of Preparation"},{"floor":43,"key":"theDuelist:ZoneToken"}],"event_choices":[{"damage_healed":0,"gold_gain":0,"player_choice":"Leave","duelist":true,"damage_taken":0,"max_hp_gain":0,"max_hp_loss":0,"event_name":"Card Trader","floor":3,"gold_loss":0},{"damage_healed":0,"gold_gain":0,"player_choice":"Fought Bandits","damage_taken":0,"max_hp_gain":0,"max_hp_loss":0,"event_name":"Masked Bandits","floor":21,"gold_loss":0},{"damage_healed":0,"gold_gain":0,"player_choice":"Succumb - +25HP/Cursed Relic","duelist":true,"damage_taken":0,"max_hp_gain":0,"max_hp_loss":0,"event_name":"Tomb of the Nameless","floor":29,"gold_loss":0},{"damage_healed":0,"gold_gain":0,"player_choice":"Paid Gold","damage_taken":0,"relics_obtained":["MawBank"],"max_hp_gain":0,"max_hp_loss":0,"event_name":"WeMeetAgain","floor":30,"gold_loss":50},{"total_magic_score":66,"gold_gain":0,"duelist":true,"damage_taken":0,"relics_obtained":[],"points":4,"max_hp_gain":0,"max_hp_loss":0,"spent_points":{"magic":3,"greed":0,"war":0,"power":1,"hunger":0},"event_name":"Nameless Tomb","floor":37,"gold_loss":0,"cards_obtained":[]},{"damage_healed":0,"gold_gain":0,"player_choice":"Fight","damage_taken":0,"max_hp_gain":0,"max_hp_loss":0,"event_name":"MindBloom","floor":38,"gold_loss":0},{"damage_healed":0,"gold_gain":0,"player_choice":"Fight","duelist":true,"damage_taken":0,"max_hp_gain":0,"max_hp_loss":0,"event_name":"Battle City","floor":41,"gold_loss":0}],"is_beta":false,"boss_relics":[{"not_picked":["theDuelist:MillenniumKey","Coffee Dripper"],"picked":"Philosopher\u0027s Stone"},{"not_picked":["Velvet Choker","Sozu"],"picked":"Busted Crown"}],"items_purged_floors":[28,46],"is_endless":false,"potions_floor_spawned":[4,5,6,10,13,16,18,19,27,33,42,44,45,47,48],"ascension_level":19}}