{"host":"ixqzyafodex1tsi5","time":1609469890,"event":{"mods":["ATMod(°¢èªMod)","AchievementEnabler","Act Like it!","BaseMod","Gensokyo","GifTheSpireLib","Lobotomy","LobotomyExtend","Minty Spire (QoL Compilation)","Relic Stats","Replay The Spire","RumiaBox-Â¶Ã×æ«µÄÉñÃØºÐ×Ó","Spicy Shops","StSLib","The Cursed","[IsaacMod]ÒÔÈö¼âËþ","¡¾¹¦ÄÜMod¡¿»ìãçÖ®»·ÐÞ¸´²¹¶¡","¡¾ÒÅÎï¿¨ÅÆ¡¿REMEMod"],"gold_per_floor":[133,219,219,246,260,302,315,315,315,328,354,376,376,376,376,376,376],"floor_reached":16,"playtime":837,"items_purged":[],"score":115,"play_id":"84583348-7f1f-40dc-b7c6-cdef86f3bd1d","local_time":"20210101105810","is_ascension_mode":true,"campfire_choices":[{"data":"BettingIsNotGood","floor":8,"key":"SMITH"},{"floor":13,"key":"REST"},{"floor":15,"key":"REST"}],"circlet_count":0,"master_deck":["Strike_P","Strike_P","Strike_P","Strike_P","Defend_P","Defend_P","Defend_P","Defend_P+1","Eruption+1","Vigilance","AT_TearsDenial","BettingIsNotGood+1","Gensokyo:UnhurriedMind","Replay:ManipulateFuture","CrushJoints","RedShoes","FlurryOfBlows","Tantrum","FlurryOfBlows","CutThroughFate","Replay:Vibes","ReplayTheSpireMod:Splinters","Clumsy"],"relics":["PureWater","REME_ComplimentaryCards","HushsDoor","AT_ATBox","BFFS","CogitoBucket","RabbitCall","LetterFromLob","ReplayTheSpireMod:Ring of Exchange","Ring of Peace","Centennial Puzzle","Gremlin Food","SkinProphecy","Anchor","Gensokyo:NagashiBinaDoll"],"acts_visited":["Gensokyo:Gensokyo"],"potions_floor_usage":[6,16],"damage_taken":[{"damage":0,"enemies":"Gensokyo:3_Fairies","floor":1,"turns":5},{"damage":0,"enemies":"Gensokyo:Gryphon","floor":4,"turns":5},{"damage":0,"enemies":"Gensokyo:2_Kodama","floor":5,"turns":2},{"damage":28,"enemies":"Gensokyo:Aya","floor":6,"turns":6},{"damage":0,"enemies":"Gensokyo:VengefulSpirit","floor":7,"turns":3},{"damage":22,"enemies":"Gensokyo:LivingMonolith","floor":10,"turns":4},{"damage":5,"enemies":"Gensokyo:Cirno","floor":11,"turns":5},{"damage":57,"enemies":"Gensokyo:Yukari","floor":16,"turns":3}],"seed_played":"-4056708561297968163","potions_obtained":[{"floor":5,"key":"LiquidMemories"},{"floor":10,"key":"SteroidPotion"},{"floor":12,"key":"SteroidPotion"},{"floor":12,"key":"SkillPotion"}],"is_trial":false,"path_per_floor":["M","?","?","M","M","E","M","R","T","M","E","?","R","?","R","B"],"character_chosen":"WATCHER","items_purchased":[],"campfire_rested":2,"item_purchase_floors":[],"current_hp_per_floor":[72,57,57,57,57,29,29,29,29,7,8,8,30,30,52,0,0],"gold":376,"neow_bonus":"","is_daily":false,"chose_seed":false,"campfire_upgraded":1,"win_rate":0.0,"timestamp":1609469890,"path_taken":["M","?","?","?","M","E","M","R","T","M","E","?","R","?","R","BOSS"],"items_purchased_type":[],"build_version":"2020-12-22","purchased_purges":0,"victory":false,"max_hp_per_floor":[72,72,72,72,72,72,72,72,72,72,74,74,74,74,74,76,76],"relic_stats":{"Centennial Puzzle":[9],"counters":[9,34],"obtain_stats":[{"KeepersGift":0,"Gremlin Food":9,"RabbitCall":0,"ReplayTheSpireMod:Ring of Exchange":3,"AT_ATBox":0,"Gensokyo:NagashiBinaDoll":14,"SkinProphecy":10,"BFFS":0,"CogitoBucket":0,"Centennial Puzzle":6,"Anchor":11,"Ring of Peace":3,"LetterFromLob":1,"PureWater":0,"HushsDoor":0,"REME_ComplimentaryCards":0},{"KeepersGift":0,"Gremlin Food":5,"RabbitCall":0,"ReplayTheSpireMod:Ring of Exchange":1,"AT_ATBox":0,"Gensokyo:NagashiBinaDoll":8,"SkinProphecy":7,"BFFS":0,"CogitoBucket":0,"Centennial Puzzle":4,"Anchor":8,"Ring of Peace":1,"LetterFromLob":1,"PureWater":0,"HushsDoor":0,"REME_ComplimentaryCards":0},{"KeepersGift":0,"Gremlin Food":21,"RabbitCall":0,"ReplayTheSpireMod:Ring of Exchange":5,"AT_ATBox":0,"Gensokyo:NagashiBinaDoll":31,"SkinProphecy":26,"BFFS":0,"CogitoBucket":0,"Centennial Puzzle":18,"Anchor":31,"Ring of Peace":5,"LetterFromLob":5,"PureWater":0,"HushsDoor":0,"REME_ComplimentaryCards":0}]},"card_choices":[{"not_picked":[],"picked":"BettingIsNotGood","floor":0},{"not_picked":["BowlingBash","Study"],"picked":"Replay:ManipulateFuture","floor":1},{"not_picked":["Bloodbath","FairyFestival","UniverseFragment"],"picked":"Singing Bowl","floor":1},{"not_picked":["Murderer","CrumblingArmor","WallGazer"],"picked":"Singing Bowl","floor":4},{"not_picked":["JustLucky","Prostrate"],"picked":"CrushJoints","floor":4},{"not_picked":["OldLady","WallGazer","SpiderBud"],"picked":"Singing Bowl","floor":5},{"not_picked":["WhitesApple","Bloodbath"],"picked":"RedShoes","floor":5},{"not_picked":["CutThroughFate","Consecrate"],"picked":"FlurryOfBlows","floor":5},{"not_picked":["VoidDream","DreamingCurrent","WallGazer"],"picked":"Singing Bowl","floor":6},{"not_picked":["Protect","ThirdEye"],"picked":"Tantrum","floor":6},{"not_picked":["MeatLantern","WhitesApple","PunishingBird"],"picked":"Singing Bowl","floor":7},{"not_picked":["BowlingBash","Replay:AtTheReady"],"picked":"FlurryOfBlows","floor":7},{"not_picked":["UniverseFragment","CrumblingArmor","LittlePrince"],"picked":"Singing Bowl","floor":10},{"not_picked":["Study","Adaptation"],"picked":"CutThroughFate","floor":10},{"not_picked":["BeautyBeast","Variant","VoidDream"],"picked":"Singing Bowl","floor":11},{"not_picked":["Prostrate","Meditate"],"picked":"Replay:Vibes","floor":11}],"player_experience":173898,"relics_obtained":[{"floor":1,"key":"LetterFromLob"},{"floor":3,"key":"ReplayTheSpireMod:Ring of Exchange"},{"floor":3,"key":"Ring of Peace"},{"floor":6,"key":"Centennial Puzzle"},{"floor":9,"key":"Gremlin Food"},{"floor":11,"key":"Anchor"}],"event_choices":[],"is_beta":false,"boss_relics":[],"items_purged_floors":[],"is_endless":false,"potions_floor_spawned":[5,10],"killed_by":"Gensokyo:Yukari","ascension_level":1}}