{"host":"k9ktbd3ums043v5c","time":1609515132,"event":{"mods":["BaseMod","GifTheSpireLib","Googly Eyes","KinomotoSakuraMod(木之本樱)","Lobotomy","LobotomyExtend","Luminous","Marisa（F雨　魔理沙）","Minty Spire (QoL Compilation)","SIMod","StSLib","SuperFastMode","The Gatherer","Yuyuko","【功能Mod】聪明的最终Boss"],"gold_per_floor":[213,213,143,155,212,212,212,223,223,223,223,235,88,107,107,212,212,223,148,160,176,187,187,137,137,137,149,149,167,178,191,191,191,191],"floor_reached":33,"playtime":1945,"items_purged":[],"score":316,"play_id":"cc168c8b-68f5-45c9-b95c-eb56fe292d33","local_time":"20210101233212","is_ascension_mode":false,"campfire_choices":[{"floor":23,"key":"REST"}],"circlet_count":0,"master_deck":["SpecialBullet","SpecialBullet","SpecialBullet","SpecialBullet","SpecialBullet","SpecialBullet","SpecialBullet","SpecialBullet","InformationCode","WelfareCode","CentralCode","OldLady","Ecstasy","Lamp+18","Wingbeat","LongBird","CUTE","Twilight","Mercenary","Tough","TrainingCode","Adoration","Ecstasy","BlackSwan_ego+1","GalaxyChild","SecurityCode","SwordSharpenedByTears+1","Reverberation","Moonlight","DisciplinaryCode","RedShoes","NakedNest","RedEyes"],"relics":["CogitoBucket","LetterFromLob","CaptainsWheel","Lantern","SacredBark","Potion Belt","HellTrain"],"acts_visited":["Exordium","TheCity"],"potions_floor_usage":[],"damage_taken":[{"damage":0,"enemies":"Cultist","floor":1,"turns":3},{"damage":7,"enemies":"Small Slimes","floor":4,"turns":3},{"damage":4,"enemies":"Jaw Worm","floor":8,"turns":2},{"damage":11,"enemies":"Large Slime","floor":12,"turns":7},{"damage":0,"enemies":"3 Louse","floor":14,"turns":5},{"damage":3,"enemies":"The Guardian","floor":16,"turns":11},{"damage":31,"enemies":"Spheric Guardian","floor":18,"turns":7},{"damage":27,"enemies":"3 Byrds","floor":20,"turns":10},{"damage":0,"enemies":"Snecko","floor":21,"turns":1},{"damage":24,"enemies":"3 Cultists","floor":22,"turns":10},{"damage":2,"enemies":"Snake Plant","floor":27,"turns":3},{"damage":13,"enemies":"Centurion and Healer","floor":29,"turns":5},{"damage":8,"enemies":"Snecko","floor":30,"turns":3},{"damage":0,"enemies":"Snake Plant","floor":31,"turns":1},{"damage":78,"enemies":"Automaton","floor":33,"turns":5}],"seed_played":"3868179012272741989","potions_obtained":[{"floor":1,"key":"LiquidBronze"},{"floor":12,"key":"ColorlessPotion"},{"floor":14,"key":"Explosive Potion"},{"floor":21,"key":"Strength Potion"},{"floor":31,"key":"Explosive Potion"}],"is_trial":false,"path_per_floor":["M","?","$","M","?","R","?","M","T","R","M","M","$","M","R","B",null,"M","?","M","M","M","R","?","R","T","M","R","M","M","M","R","B"],"character_chosen":"Angela","items_purchased":["Lamp","Lantern"],"campfire_rested":1,"item_purchase_floors":[3,13],"current_hp_per_floor":[70,70,70,63,63,63,68,64,64,64,64,53,53,53,53,50,75,44,44,17,25,9,31,31,31,31,41,41,40,44,56,56,0,0],"gold":191,"neow_bonus":"HUNDRED_GOLD","is_daily":false,"chose_seed":false,"campfire_upgraded":0,"win_rate":0.0,"timestamp":1609515132,"path_taken":["M","?","?","M","?","R","?","M","T","R","M","M","$","?","R","BOSS","M","?","M","M","M","R","?","R","T","M","R","M","M","M","R","BOSS"],"items_purchased_type":["Card","Card"],"build_version":"2020-12-22","purchased_purges":0,"victory":false,"max_hp_per_floor":[70,70,70,70,70,70,75,75,75,75,75,75,75,75,75,75,75,75,75,75,75,75,75,75,75,75,75,75,75,75,75,75,75,75],"card_choices":[{"not_picked":["Porccubus","MHz"],"picked":"OldLady","floor":1},{"not_picked":["RapturousDream"],"picked":"Ecstasy","floor":1},{"not_picked":["Horn"],"picked":"Wingbeat","floor":4},{"not_picked":["Rudolta","UniverseFragment"],"picked":"LongBird","floor":4},{"not_picked":["Galaxy"],"picked":"CUTE","floor":8},{"not_picked":["CherryBlossom"],"picked":"Twilight","floor":12},{"not_picked":["SpiderBud","Bloodbath"],"picked":"Mercenary","floor":12},{"not_picked":["CherryBlossom"],"picked":"Tough","floor":14},{"not_picked":["ParadiseLost"],"picked":"Adoration","floor":16},{"not_picked":["TodaysExpression"],"picked":"Ecstasy","floor":18},{"not_picked":["UniverseFragment","FairyFestival"],"picked":"CENSORED","floor":18},{"not_picked":["Soda"],"picked":"BlackSwan_ego+1","floor":20},{"not_picked":["MeatLantern","BeautyBeast"],"picked":"GalaxyChild","floor":20},{"not_picked":["Galaxy"],"picked":"SwordSharpenedByTears+1","floor":21},{"not_picked":["Harmony"],"picked":"Reverberation","floor":22},{"not_picked":["Lantern+1"],"picked":"Moonlight","floor":27},{"not_picked":["OSAHOGD","CENSORED"],"picked":"RedShoes","floor":29},{"not_picked":["Ecstasy","Gaze"],"picked":"SKIP","floor":29},{"not_picked":["FourthMatchFlame","Noise"],"picked":"SKIP","floor":30},{"not_picked":["HappyTeddy","Yin"],"picked":"NakedNest","floor":31},{"not_picked":["BloodyDesire"],"picked":"RedEyes","floor":31}],"player_experience":56598,"relics_obtained":[{"floor":1,"key":"LetterFromLob"},{"floor":9,"key":"CaptainsWheel"},{"floor":26,"key":"Potion Belt"}],"event_choices":[{"damage_healed":0,"gold_gain":0,"player_choice":"Ignored","damage_taken":0,"max_hp_gain":0,"max_hp_loss":0,"event_name":"Purifier","floor":2,"gold_loss":0},{"damage_healed":0,"gold_gain":57,"player_choice":"Gained Gold","damage_taken":0,"max_hp_gain":0,"max_hp_loss":0,"event_name":"Golden Wing","floor":5,"gold_loss":0},{"damage_healed":0,"gold_gain":0,"player_choice":"Donut","damage_taken":0,"max_hp_gain":5,"max_hp_loss":0,"event_name":"Big Fish","floor":7,"gold_loss":0},{"cards_removed":["CENSORED"],"damage_healed":0,"gold_gain":0,"player_choice":"Gave Gold","damage_taken":0,"max_hp_gain":0,"max_hp_loss":0,"event_name":"Beggar","floor":19,"gold_loss":75}],"is_beta":false,"boss_relics":[{"not_picked":["Fusion Hammer","Ectoplasm"],"picked":"SacredBark"}],"items_purged_floors":[],"is_endless":false,"potions_floor_spawned":[1,12,14,21,22,31],"killed_by":"Automaton","ascension_level":0}}