{"host":"stk82ot58bnorhun","time":1609463337,"event":{"mods":["BaseMod","Colored Powertips","Downfall","Minty Spire (QoL Compilation)","StSLib","SuperFastMode"],"gold_per_floor":[99,112,131,131,145,179,179,29,29,49,65,65,85,117,134,134,134,134],"floor_reached":16,"playtime":553,"items_purged":[],"score":125,"play_id":"7f7ac190-6f75-4dd9-83ed-e5c5aaac4b2b","local_time":"20210101090857","is_ascension_mode":true,"campfire_choices":[{"floor":1,"key":"RECALL"},{"data":"Guardian:CurlUp","floor":8,"key":"SMITH"},{"data":"Guardian:Recover","floor":12,"key":"SMITH"}],"circlet_count":0,"master_deck":["Guardian:Strike_Guardian","Guardian:Strike_Guardian","Guardian:Strike_Guardian","Guardian:Strike_Guardian","Guardian:Defend_Guardian","Guardian:Defend_Guardian","Guardian:Defend_Guardian","Guardian:Defend_Guardian","Guardian:CurlUp+1","Guardian:TwinSlam","Guardian:PiercingHide","Guardian:Recover+1","Guardian:FuturePlans","Guardian:Suspension"],"relics":["Sozu","downfall:BrokenWingStatue","Bottled Lightning","downfall:HeartBlessingRed","downfall:HeartBlessingBlue","Blood Vial"],"acts_visited":["Exordium"],"potions_floor_usage":[],"damage_taken":[{"damage":0,"enemies":"2 Louse","floor":2,"turns":3},{"damage":3,"enemies":"Small Slimes","floor":3,"turns":3},{"damage":2,"enemies":"Jaw Worm","floor":5,"turns":3},{"damage":11,"enemies":"3 Sentries","floor":6,"turns":11},{"damage":7,"enemies":"Exordium Wildlife","floor":10,"turns":4},{"damage":2,"enemies":"2 Fungi Beasts","floor":11,"turns":3},{"damage":3,"enemies":"Blue Slaver","floor":13,"turns":3},{"damage":22,"enemies":"Gremlin Nob","floor":14,"turns":5},{"damage":12,"enemies":"Exordium Wildlife","floor":15,"turns":4},{"damage":34,"enemies":"downfall:Defect","floor":16,"turns":5}],"seed_played":"-4033038625376295572","potions_obtained":[],"is_trial":false,"path_per_floor":["R","M","M","?","M","E","T","R","?","M","M","R","M","E","M","B"],"character_chosen":"GUARDIAN","items_purchased":[],"campfire_rested":0,"item_purchase_floors":[],"current_hp_per_floor":[80,80,77,77,75,64,64,74,74,67,65,65,62,40,30,0,0,0],"gold":134,"neow_bonus":"BOSS_RELIC","is_daily":false,"chose_seed":false,"campfire_upgraded":2,"win_rate":0.0,"timestamp":1609463337,"path_taken":["R","M","M","?","M","E","T","R","?","M","?","R","M","E","M","BOSS"],"items_purchased_type":[],"build_version":"2020-12-22","purchased_purges":0,"victory":false,"max_hp_per_floor":[80,80,80,80,80,80,80,90,90,90,90,90,90,90,90,90,90,90],"card_choices":[{"not_picked":["Guardian:ShieldCharger","Guardian:WalkerClaw","Guardian:Gem_Lightblue"],"picked":"SKIP","floor":2},{"not_picked":["Guardian:WalkerClaw","Guardian:PrimingBeam"],"picked":"Guardian:PiercingHide","floor":3},{"not_picked":["Guardian:RefractedBeam","Guardian:Gem_Red"],"picked":"Guardian:Recover","floor":5},{"not_picked":["Guardian:PrimingBeam","Guardian:Recover"],"picked":"Guardian:Gem_Green","floor":6},{"not_picked":["Guardian:Recover","Guardian:MultiBeam","Guardian:BronzeArmor"],"picked":"SKIP","floor":10},{"not_picked":["Guardian:Harden","Guardian:Reroute"],"picked":"Guardian:Gem_Crimson","floor":11},{"not_picked":["Guardian:HyperBeam_Guardian","Guardian:Gem_Green","Guardian:Gem_Purple"],"picked":"SKIP","floor":13},{"not_picked":["Guardian:Reroute","Guardian:WalkerClaw"],"picked":"Guardian:FuturePlans","floor":14},{"not_picked":["Guardian:ShieldCharger","Guardian:PrimingBeam"],"picked":"Guardian:Suspension","floor":15}],"player_experience":72949,"relics_obtained":[{"floor":6,"key":"Bottled Lightning"},{"floor":14,"key":"Blood Vial"}],"event_choices":[],"is_beta":false,"boss_relics":[],"items_purged_floors":[],"is_endless":false,"potions_floor_spawned":[6,10,11],"killed_by":"downfall:Defect","ascension_level":2}}