{"host":"9rplp4stncpaeegj","time":1609498164,"event":{"mods":["AchievementEnabler","BaseMod","Best Route Mod","Colored Map","Highlight Path","Keyboard Shortcuts","Minty Spire (QoL Compilation)","Shop Mod","StSLib"],"gold_per_floor":[115,40,115,115,126,159,124,124,148,174,188,188,216,233,233,337,337,350,250,349,349,289,314,314,229,229,229,229],"floor_reached":27,"playtime":1237,"items_purged":["Strike_R","Strike_R"],"score":245,"play_id":"e03f0d45-6b37-42b2-8f03-a0b559d425c2","local_time":"20210101114924","is_ascension_mode":false,"campfire_choices":[{"data":"Bash","floor":12,"key":"SMITH"},{"data":"Armaments","floor":15,"key":"SMITH"}],"circlet_count":0,"master_deck":["Strike_R","Strike_R","Strike_R","Defend_R","Defend_R","Defend_R","Defend_R","Bash+1","Disarm","Rampage+1","Reaper","Flex","Armaments+1","Demon Form","Intimidate"],"relics":["Burning Blood","Question Card","Dream Catcher","Lizard Tail","Eternal Feather","SlaversCollar","Enchiridion","Juzu Bracelet","Ice Cream","Peace Pipe","Shuriken"],"acts_visited":["Exordium","TheCity"],"potions_floor_usage":[6,13,23],"damage_taken":[{"damage":10,"enemies":"Cultist","floor":1,"turns":4},{"damage":7,"enemies":"Jaw Worm","floor":5,"turns":5},{"damage":37,"enemies":"3 Sentries","floor":6,"turns":11},{"damage":32,"enemies":"Lagavulin","floor":10,"turns":5},{"damage":0,"enemies":"Small Slimes","floor":11,"turns":3},{"damage":48,"enemies":"3 Sentries","floor":13,"turns":10},{"damage":7,"enemies":"2 Fungi Beasts","floor":14,"turns":4},{"damage":34,"enemies":"The Guardian","floor":16,"turns":13},{"damage":16,"enemies":"Shell Parasite","floor":18,"turns":10},{"damage":1,"enemies":"2 Thieves","floor":22,"turns":4},{"damage":78,"enemies":"Slavers","floor":23,"turns":10},{"damage":71,"enemies":"Chosen and Byrds","floor":27,"turns":10}],"seed_played":"-4618577012961741701","potions_obtained":[{"floor":1,"key":"Strength Potion"},{"floor":11,"key":"Swift Potion"},{"floor":18,"key":"Regen Potion"}],"is_trial":false,"path_per_floor":["M","$","?","?","M","E","?","?","T","E","M","R","E","M","R","B",null,"M","$","?","?","M","E","?","?","T","M"],"character_chosen":"IRONCLAD","items_purchased":[],"campfire_rested":0,"item_purchase_floors":[],"current_hp_per_floor":[76,76,65,65,64,33,53,53,53,27,41,41,17,24,30,8,80,70,70,70,54,66,14,14,14,14,0,0],"gold":229,"neow_bonus":"","is_daily":false,"chose_seed":false,"campfire_upgraded":2,"win_rate":0.0,"timestamp":1609498164,"path_taken":["M","?","?","?","M","E","?","?","T","E","M","R","E","M","R","BOSS","M","$","?","?","M","E","?","?","T","M"],"items_purchased_type":[],"build_version":"2020-12-22","purchased_purges":2,"victory":false,"max_hp_per_floor":[80,80,80,80,80,80,80,80,80,80,80,80,80,80,80,80,80,80,80,80,80,80,80,80,80,80,80,80],"card_choices":[{"not_picked":["Battle Trance","Ghostly Armor"],"picked":"Disarm","floor":1},{"not_picked":["Flex","Carnage"],"picked":"Rampage","floor":5},{"not_picked":["Perfected Strike","Uppercut","Blood for Blood"],"picked":"SKIP","floor":6},{"not_picked":["Sever Soul","Power Through","Flex"],"picked":"Reaper","floor":10},{"not_picked":["Perfected Strike","Clash","Armaments"],"picked":"Flex","floor":11},{"not_picked":["Headbutt","Impervious","Twin Strike","Combust"],"picked":"SKIP","floor":13},{"not_picked":["Disarm","Anger","Clothesline"],"picked":"Armaments","floor":14},{"not_picked":["Impervious","Feed","Berserk"],"picked":"Demon Form","floor":16},{"not_picked":["Flex","Warcry","Thunderclap"],"picked":"Intimidate","floor":18},{"not_picked":["Body Slam","Armaments","Cleave","Headbutt"],"picked":"SKIP","floor":22},{"not_picked":["Shrug It Off","Juggernaut","Rampage","Flame Barrier"],"picked":"SKIP","floor":23}],"player_experience":0,"relics_obtained":[{"floor":6,"key":"Question Card"},{"floor":9,"key":"Dream Catcher"},{"floor":10,"key":"Lizard Tail"},{"floor":13,"key":"Eternal Feather"},{"floor":21,"key":"Enchiridion"},{"floor":23,"key":"Juzu Bracelet"},{"floor":26,"key":"Shuriken"}],"event_choices":[{"damage_healed":0,"gold_gain":75,"player_choice":"Gather Gold","damage_taken":11,"max_hp_gain":0,"max_hp_loss":0,"event_name":"World of Goop","floor":3,"gold_loss":0},{"damage_healed":0,"gold_gain":0,"player_choice":"Ignored","damage_taken":0,"max_hp_gain":0,"max_hp_loss":0,"event_name":"Liars Game","floor":4,"gold_loss":0},{"damage_healed":20,"gold_gain":0,"player_choice":"Healed","damage_taken":0,"max_hp_gain":0,"max_hp_loss":0,"event_name":"The Cleric","floor":7,"gold_loss":35},{"damage_healed":0,"gold_gain":0,"player_choice":"Grow","damage_taken":0,"max_hp_gain":0,"max_hp_loss":0,"event_name":"Living Wall","floor":8,"gold_loss":0,"cards_upgraded":["Rampage"]},{"damage_healed":0,"gold_gain":99,"player_choice":"Stole From Cult","damage_taken":0,"max_hp_gain":0,"max_hp_loss":0,"event_name":"Nest","floor":20,"gold_loss":0},{"damage_healed":0,"gold_gain":0,"player_choice":"Obtained Book","damage_taken":16,"max_hp_gain":0,"max_hp_loss":0,"event_name":"Cursed Tome","floor":21,"gold_loss":0},{"damage_healed":0,"gold_gain":0,"player_choice":"Opened","damage_taken":0,"relics_obtained":["Ice Cream"],"max_hp_gain":0,"max_hp_loss":0,"event_name":"The Mausoleum","floor":24,"gold_loss":0},{"damage_healed":0,"gold_gain":0,"player_choice":"Obtained Relic","damage_taken":0,"relics_obtained":["Peace Pipe"],"max_hp_gain":0,"max_hp_loss":0,"event_name":"Addict","floor":25,"gold_loss":85}],"is_beta":false,"boss_relics":[{"not_picked":["Fusion Hammer","Coffee Dripper"],"picked":"SlaversCollar"}],"items_purged_floors":[2,19],"is_endless":false,"potions_floor_spawned":[1,11,18],"killed_by":"Chosen and Byrds","ascension_level":0}}