{"host":"bm1qfstn98p1odmu","time":1609496490,"event":{"mods":["AchievementEnabler","BaseMod","Bestiary","Block Reminder","Colored Map","Colored Powertips","DeckTracker","Downfall","Highlight Path","Minty Spire (QoL Compilation)","Relic Stats","StSLib"],"gold_per_floor":[99,99,99,99,99,9,9,23,23,23,50,63,63,88,106,205,205,205,224,324,344,13,13,13,31,31,45,65,83,83,83,83],"floor_reached":30,"playtime":1775,"items_purged":["Slimebound:Strike_Slimebound"],"score":238,"play_id":"257ecd56-6c25-4588-9739-54626cce4ae6","local_time":"20210101122130","is_ascension_mode":false,"campfire_choices":[{"data":"Slimebound:CorrosiveSpit","floor":1,"key":"SMITH"},{"data":"Slimebound:FirmFortitude","floor":9,"key":"SMITH"},{"floor":13,"key":"REST"},{"data":"Slimebound:Overexert","floor":18,"key":"SMITH"}],"circlet_count":0,"master_deck":["Slimebound:Tackle","Slimebound:Defend_Slimebound","Slimebound:Defend_Slimebound","Slimebound:Defend_Slimebound","Slimebound:Split","Slimebound:CorrosiveSpit+1","Slimebound:SplitMire+1","Slimebound:ItLooksTasty","Slimebound:FirmFortitude+1","Slimebound:PressTheAttack","Slimebound:Gluttony","Slimebound:RollThrough","Slimebound:LeechEnergy","Slimebound:SplitBruiser","Slimebound:Overexert+1","Slimebound:GoopTackle","Slimebound:Replication","J.A.X.","Slimebound:SplitAcid+1","Slimebound:RollThrough+1","Slimebound:Prepare","Slimebound:SpikyOuterGoop","Slimebound:RejuvenatingLick+1","Slimebound:LevelUp","Slimebound:SplitLeeching"],"relics":["Slimebound:AbsorbEndCombat","downfall:HeartsMalice","Letter Opener","Omamori","Centennial Puzzle","Cursed Key","MutagenicStrength","Mummified Hand","Sundial"],"acts_visited":["Exordium","TheCity"],"potions_floor_usage":[16,30,30,30],"damage_taken":[{"damage":0,"enemies":"2 Louse","floor":2,"turns":1},{"damage":0,"enemies":"Cultist","floor":4,"turns":1},{"damage":0,"enemies":"Small Slimes","floor":5,"turns":1},{"damage":8,"enemies":"downfall:FleeingMerchant","floor":6,"turns":4},{"damage":15,"enemies":"Exordium Wildlife","floor":8,"turns":3},{"damage":22,"enemies":"Gremlin Nob","floor":11,"turns":4},{"damage":13,"enemies":"Red Slaver","floor":12,"turns":2},{"damage":17,"enemies":"3 Sentries","floor":14,"turns":6},{"damage":2,"enemies":"Blue Slaver","floor":15,"turns":3},{"damage":24,"enemies":"downfall:Watcher","floor":16,"turns":7},{"damage":21,"enemies":"3 Byrds","floor":19,"turns":3},{"damage":41,"enemies":"downfall:Augmenter","floor":20,"turns":5},{"damage":14,"enemies":"Chosen","floor":21,"turns":3},{"damage":29,"enemies":"downfall:FleeingMerchant","floor":22,"turns":4},{"damage":4,"enemies":"Sentry and Sphere","floor":25,"turns":3},{"damage":19,"enemies":"Snecko","floor":27,"turns":3},{"damage":0,"enemies":"Centurion and Healer","floor":28,"turns":4},{"damage":31,"enemies":"Sentry and Sphere","floor":29,"turns":4},{"damage":32,"enemies":"Slavers","floor":30,"turns":1}],"seed_played":"-6071135645134477141","potions_obtained":[{"floor":8,"key":"Weak Potion"},{"floor":11,"key":"DuplicationPotion"},{"floor":12,"key":"BlessingOfTheForge"},{"floor":21,"key":"Slimebound:SlimedPotion"},{"floor":25,"key":"Regen Potion"}],"is_trial":false,"path_per_floor":["R","M","?","M","M","$","T","M","R","?","E","M","R","E","M","B",null,"R","M","?","M","$","?","T","M","?","M","M","M","E"],"character_chosen":"SLIMEBOUND","items_purchased":["Mummified Hand","Slimebound:SpikyOuterGoop"],"campfire_rested":1,"item_purchase_floors":[22,22],"current_hp_per_floor":[60,60,60,60,60,60,60,59,59,59,42,37,55,54,60,60,60,60,51,34,32,25,25,25,33,33,28,46,25,0,0,0],"gold":83,"neow_bonus":"THREE_ENEMY_KILL","is_daily":false,"chose_seed":false,"campfire_upgraded":3,"win_rate":0.0,"timestamp":1609496490,"path_taken":["R","M","?","?","M","$","T","M","R","?","E","M","R","E","M","BOSS","R","M","?","M","$","?","T","M","?","M","M","M","E"],"items_purchased_type":["Relic","Card"],"build_version":"2020-12-22","purchased_purges":1,"victory":false,"max_hp_per_floor":[60,60,60,60,60,60,60,60,60,60,60,60,60,60,60,60,60,60,60,60,60,60,60,60,60,60,60,60,60,60,60,60],"relic_stats":{"Centennial Puzzle":[30],"counters":[19,55],"Mummified Hand":[20],"Sundial":[0],"Letter Opener":[132],"Cursed Key":1,"obtain_stats":[{"Centennial Puzzle":14,"Mummified Hand":22,"Sundial":24,"MutagenicStrength":20,"downfall:HeartsMalice":0,"Slimebound:AbsorbEndCombat":0,"Omamori":11,"Letter Opener":7,"Cursed Key":17},{"Centennial Puzzle":8,"Mummified Hand":14,"Sundial":14,"MutagenicStrength":12,"downfall:HeartsMalice":0,"Slimebound:AbsorbEndCombat":0,"Omamori":6,"Letter Opener":4,"Cursed Key":10},{"Centennial Puzzle":17,"Mummified Hand":41,"Sundial":41,"MutagenicStrength":35,"downfall:HeartsMalice":0,"Slimebound:AbsorbEndCombat":0,"Omamori":10,"Letter Opener":4,"Cursed Key":27}]},"card_choices":[{"not_picked":["Slimebound:GoopTackle","Slimebound:PressTheAttack"],"picked":"Slimebound:SplitMire","floor":2},{"not_picked":["Slimebound:SamplingLick","Slimebound:ComboTackle"],"picked":"Slimebound:ItLooksTasty","floor":4},{"not_picked":["Slimebound:SlimeSpikes","Slimebound:Grow"],"picked":"Slimebound:FirmFortitude","floor":5},{"not_picked":["Slimebound:Teamwork","Slimebound:ViciousTackle"],"picked":"Slimebound:PressTheAttack","floor":6},{"not_picked":["Slimebound:PressTheAttack","Slimebound:SplitMire"],"picked":"Slimebound:Gluttony","floor":8},{"not_picked":["Slimebound:ComboTackle","Slimebound:SlimeBarrage"],"picked":"Slimebound:RollThrough","floor":11},{"not_picked":["Slimebound:SplitBruiser","Slimebound:SplitMire"],"picked":"Slimebound:LeechEnergy","floor":12},{"not_picked":["Slimebound:PrepareCrush","Slimebound:ProtectTheBoss"],"picked":"Slimebound:SplitBruiser","floor":14},{"not_picked":["Slimebound:SplitMire","Slimebound:SlimeSpikes","Slimebound:SplitBruiser"],"picked":"SKIP","floor":15},{"not_picked":["Slimebound:WasteNot","Slimebound:LeechLife"],"picked":"Slimebound:Overexert","floor":16},{"not_picked":["Slimebound:PressTheAttack","Slimebound:SlimeSpikes"],"picked":"Slimebound:GoopTackle","floor":19},{"not_picked":[],"picked":"J.A.X.","floor":20},{"not_picked":["Slimebound:SlimeSpikes","Slimebound:TongueLash"],"picked":"Slimebound:SplitAcid+1","floor":20},{"not_picked":["Slimebound:GoopSpray","Slimebound:FinishingTackle"],"picked":"Slimebound:RollThrough+1","floor":21},{"not_picked":["Slimebound:ViciousTackle","Slimebound:FirmFortitude"],"picked":"Slimebound:Prepare","floor":22},{"not_picked":["Slimebound:Overexert","Slimebound:FormOfPuddle+1","Slimebound:SplitMire"],"picked":"SKIP","floor":25},{"not_picked":["Slimebound:Nibble","Slimebound:Grow+1"],"picked":"Slimebound:RejuvenatingLick+1","floor":27},{"not_picked":["Slimebound:SplitLeeching","Slimebound:SlimeSpikes"],"picked":"Slimebound:LevelUp","floor":28},{"not_picked":["Slimebound:GoopTackle+1","Slimebound:RainOfGoop"],"picked":"Slimebound:SplitLeeching","floor":29}],"player_experience":33973,"relics_obtained":[{"floor":7,"key":"Letter Opener"},{"floor":11,"key":"Omamori"},{"floor":14,"key":"Centennial Puzzle"},{"floor":20,"key":"MutagenicStrength"},{"floor":24,"key":"Sundial"}],"event_choices":[{"damage_healed":0,"gold_gain":0,"player_choice":"Upgraded","damage_taken":0,"max_hp_gain":0,"max_hp_loss":0,"event_name":"Upgrade Shrine","floor":3,"gold_loss":0,"cards_upgraded":["Slimebound:SplitMire"]},{"damage_healed":0,"gold_gain":0,"player_choice":"Ignored","damage_taken":0,"max_hp_gain":0,"max_hp_loss":0,"event_name":"Vampires","floor":23,"gold_loss":0},{"cards_removed":["Slimebound:Defend_Slimebound"],"damage_healed":0,"gold_gain":0,"player_choice":"Elegance","damage_taken":0,"max_hp_gain":0,"max_hp_loss":0,"event_name":"Back to Basics","floor":26,"gold_loss":0}],"is_beta":false,"boss_relics":[{"not_picked":["Slimebound:TarBlob","Philosopher\u0027s Stone"],"picked":"Cursed Key"}],"items_purged_floors":[6],"is_endless":false,"potions_floor_spawned":[8,11,12,21,25,29],"killed_by":"Slavers","ascension_level":0}}