{"host":"lqtll83nun4jn4k7","time":1609523060,"event":{"mods":["BaseMod","Challenge The Spire","Colored Map","Colored Powertips","Downfall","Highlight Path","KinomotoSakuraMod(Ä¾Ö®±¾Ó£)","Minty Spire (QoL Compilation)","Prisma Mod","Quick Restart","StSLib","SuperFastMode","The Bug Knight","Waifu the Spire","Yakumo Yukari mod"],"gold_per_floor":[120,133,152,152,152,152,221,237,262,187,92,40,40,71,81,182,182,32,50,62,80,65,90,90,90,124,138,169,169,183,212,230,331,331,331,348,138,138,148,158,182,182,192,217,217,234,234,250,266,266,266,301,12,12,12],"floor_reached":56,"playtime":18760,"items_purged":[],"score":1614,"play_id":"7f05b9b4-f6dc-4063-829d-a4b64535ab8e","local_time":"20210102014419","is_ascension_mode":true,"campfire_choices":[{"data":"Observe_purple_2","floor":1.0,"key":"SMITH"},{"floor":10.0,"key":"RECALL"},{"data":"Bait_HighSpeedFlying_purple","floor":13.0,"key":"SMITH"},{"data":"Umbrella_purple","floor":18.0,"key":"SMITH"},{"data":"EighthInstrument_OneDividesIntoTwo_purple","floor":25.0,"key":"SMITH"},{"data":"WangLiang_LineAndCurveDreams_purple","floor":29.0,"key":"SMITH"},{"data":"Mirror_FourBoundary_purple","floor":35.0,"key":"SMITH"},{"data":"Mayhem","floor":45.0,"key":"SMITH"},{"data":"Monsters_DoubleDeathButterfly_purple","floor":47.0,"key":"SMITH"},{"data":"Boundary_DreamRealityDamnation_purple","floor":54.0,"key":"SMITH"}],"circlet_count":0,"master_deck":["AT_purpleEX","AT_purpleEX","AT_purpleEX","AT_purpleEX","Defend_purpleEX","Defend_purpleEX","Defend_purpleEX","Defend_purpleEX","Observe_purple_1","Observe_purple_2+1","expansioncontent:Collect","EighthInstrument_OneDividesIntoTwo_purple+1","Umbrella_purple+1","RuptureOfTimeAndSpace_purple+1","Fancifulhole_purple","WangLiang_LineAndCurveDreams_purple+1","Erosivefilter_purple+1","Extrememeaning_purpleEX+1","Bait_HighSpeedFlying_purple+1","MNeedle_purple","StretchesForeverDream_purple+1","Monsters_DoubleDeathButterfly_purple+1","Bait_Toxicbait_purple+1","Mirror_WaveAndshot_purple+1","Computing_the_future_purpleEX","OpenedBox_purple+1","RuptureOfTimeAndSpace_purple+1","CommonSense_AntiCommonSense_purple+1","Mirror_FormAndEmptin_purple+1","Mirror_TwoAndThreeElementRealm_purple+1","Mirror_FourBoundary_purple+1","Theboundaryofcreation_purpleEX+1","EighthInstrument_OneDividesIntoTwo_purple+1","Erosivefilter_purple+1","Mayhem+1","Mirror_FourBoundary_purple+1","Price_of_realm_purpleEX+1","Boundary_LightAndDark_purple+1","Boundary_DreamRealityDamnation_purple+1","DarkRealmRedLine_purple+1","Fantasy_PerpetualMotionMachine_purple+1","Fantasy_PerpetualMotionMachine_purple"],"relics":["Boundary_crack","Memoryfragments_purpleEX","Happy Flower","Toxic Egg 2","Kunai","downfall:HeartBlessingBlue","Bird Faced Urn","SlaversCollar","downfall:HeartBlessingRed","downfall:HeartBlessingGreen","Mummified Hand","Shuriken","Red Mask","InkBottle","Bottled Flame","Seventeenyearold_girl_Forever","HollowMod:LifeEnderRelic","DollysMirror","Juzu Bracelet","Bag of Preparation","CaptainsWheel","ThegodofHakurei_purpleEX"],"acts_visited":["Exordium","TheCity","TheBeyond","TheEnding"],"potions_floor_usage":[],"damage_taken":[{"damage":6.0,"enemies":"2 Louse","floor":2.0,"turns":4.0},{"damage":2.0,"enemies":"Small Slimes","floor":3.0,"turns":5.0},{"damage":0.0,"enemies":"Jaw Worm","floor":8.0,"turns":3.0},{"damage":36.0,"enemies":"HollowMod:MossKnight","floor":9.0,"turns":8.0},{"damage":0.0,"enemies":"downfall:FleeingMerchant","floor":11.0,"turns":4.0},{"damage":10.0,"enemies":"downfall:FleeingMerchant","floor":12.0,"turns":4.0},{"damage":10.0,"enemies":"Lagavulin","floor":14.0,"turns":5.0},{"damage":0.0,"enemies":"Blue Slaver","floor":15.0,"turns":3.0},{"damage":6.0,"enemies":"downfall:Watcher","floor":16.0,"turns":5.0},{"damage":3.0,"enemies":"3 Byrds","floor":19.0,"turns":6.0},{"damage":33.0,"enemies":"Sentry and Sphere","floor":20.0,"turns":7.0},{"damage":19.0,"enemies":"Centurion and Healer","floor":21.0,"turns":6.0},{"damage":0.0,"enemies":"downfall:FleeingMerchant","floor":22.0,"turns":4.0},{"damage":17.0,"enemies":"Slavers","floor":23.0,"turns":11.0},{"damage":2.0,"enemies":"Masked Bandits","floor":26.0,"turns":3.0},{"damage":6.0,"enemies":"Snecko","floor":27.0,"turns":5.0},{"damage":15.0,"enemies":"HollowMod:Nosk","floor":28.0,"turns":5.0},{"damage":0.0,"enemies":"Cultist and Chosen","floor":30.0,"turns":3.0},{"damage":0.0,"enemies":"Book of Stabbing","floor":31.0,"turns":4.0},{"damage":9.0,"enemies":"Snake Plant","floor":32.0,"turns":5.0},{"damage":0.0,"enemies":"downfall:Defect","floor":33.0,"turns":7.0},{"damage":25.0,"enemies":"3 Shapes","floor":36.0,"turns":3.0},{"damage":0.0,"enemies":"downfall:FleeingMerchant","floor":37.0,"turns":2.0},{"damage":0.0,"enemies":"3 Darklings","floor":39.0,"turns":6.0},{"damage":4.0,"enemies":"4 Shapes","floor":40.0,"turns":1.0},{"damage":0.0,"enemies":"Jaw Worm Horde","floor":43.0,"turns":3.0},{"damage":0.0,"enemies":"HollowMod:StalkingDevout","floor":44.0,"turns":5.0},{"damage":0.0,"enemies":"Transient","floor":46.0,"turns":5.0},{"damage":0.0,"enemies":"3 Darklings","floor":48.0,"turns":2.0},{"damage":0.0,"enemies":"Writhing Mass","floor":49.0,"turns":4.0},{"damage":10.0,"enemies":"downfall:Ironclad","floor":50.0,"turns":3.0},{"damage":6.0,"enemies":"downfall:CharBossMerchant","floor":52.0,"turns":5.0},{"damage":4,"enemies":"downfall:NeowBoss","floor":55,"turns":9}],"seed_played":"-4158401439126153403","potions_obtained":[{"floor":3.0,"key":"BlessingOfTheForge"},{"floor":9.0,"key":"Explosive Potion"},{"floor":14.0,"key":"GamblersBrew"},{"floor":20.0,"key":"hexamod:EctoCoolerPotion"},{"floor":21.0,"key":"LiquidMemories"},{"floor":30.0,"key":"PowerPotion"},{"floor":31.0,"key":"Block Potion"},{"floor":32.0,"key":"EssenceOfSteel"},{"floor":33.0,"key":"Dexterity Potion"},{"floor":40.0,"key":"AttackPotion"},{"floor":49.0,"key":"EssenceOfSteel"}],"is_trial":false,"path_per_floor":["R","M","M","?","?","T","T","M","E","R","$","$","R","E","M","B",null,"R","M","M","M","$","E","T","R","?","M","E","R","M","E","M","B",null,"R","M","$","?","M","M","T","?","M","E","R","M","R","M","M","B",null,"E","$","R","B",null],"character_chosen":"Youkari","items_purchased":["Erosivefilter_purple+1","Bait_HighSpeedFlying_purple","HollowMod:LifeEnderRelic","Mayhem","DollysMirror","ThegodofHakurei_purpleEX","Fantasy_PerpetualMotionMachine_purple"],"campfire_rested":0,"item_purchase_floors":[11,12,37,37,37,53,53],"current_hp_per_floor":[70,68,70,52,57,57,57,59,28,38,42,34,34,24,29,29,85,85,85,56,43,45,40,40,40,46,45,41,41,49,67,76,85,85,85,85,87,87,89,89,89,89,91,93,93,95,95,97,99,101,101,101,101,101,103],"gold":12,"neow_bonus":"RANDOM_COLORLESS","is_daily":false,"chose_seed":false,"campfire_upgraded":9,"win_rate":0.0,"timestamp":1609523059,"path_taken":["R","M","M","?","?","?","T","M","E","R","?","$","R","E","M","BOSS","BOSS","R","M","M","M","$","E","T","R","?","M","E","R","M","E","M","BOSS","R","M","$","?","?","M","T","?","M","E","R","M","R","M","M","BOSS","E","$","R","BOSS"],"items_purchased_type":["Card","Card","Relic","Card","Relic","Relic","Card"],"build_version":"2020-12-22","purchased_purges":0,"victory":true,"max_hp_per_floor":[70,70,70,70,75,75,75,75,75,85,85,85,85,85,85,85,85,85,85,85,85,85,85,85,85,85,85,85,85,85,85,85,85,85,85,85,87,87,89,89,89,89,91,93,93,95,95,97,99,101,101,101,101,101,103],"card_choices":[{"not_picked":["expansioncontent:DefensiveStance","expansioncontent:Hexaburn"],"picked":"expansioncontent:Collect","floor":0.0},{"not_picked":["RuleDissolution_purple","Shallow_ocean_purpleEX"],"picked":"EighthInstrument_OneDividesIntoTwo_purple","floor":2.0},{"not_picked":["SharpContractionReality_purple","Photoelasticity_Doppler_Effect_purple"],"picked":"Umbrella_purple","floor":3.0},{"not_picked":["OmniscientAndOmnipotent_Monster_purple","SharpContractionReality_purple"],"picked":"RuptureOfTimeAndSpace_purple+1","floor":8.0},{"not_picked":["Mirror_FormAndEmptin_purple+1","Boundary_ObjectiveBoundary_purple+1"],"picked":"Fancifulhole_purple","floor":9.0},{"not_picked":["Umbrella_purple","Anti_communist_purple+1"],"picked":"WangLiang_LineAndCurveDreams_purple","floor":11.0},{"not_picked":["Shallow_ocean_purpleEX","SharpContractionReality_purple"],"picked":"Extrememeaning_purpleEX+1","floor":12.0},{"not_picked":["Realm_recovery_purpleEX+1","SharpContractionReality_purple"],"picked":"MNeedle_purple","floor":14.0},{"not_picked":["DimensionStaggered_purple+1","Realm_recovery_purpleEX+1"],"picked":"StretchesForeverDream_purple+1","floor":15.0},{"not_picked":["LoveAcrossDimensions_purple","BarrageBoundary_PipeDream_purple"],"picked":"Monsters_DoubleDeathButterfly_purple","floor":16.0},{"not_picked":["MeetDecomposer_purple+1","AdvanceAttack_purple"],"picked":"Bait_Toxicbait_purple+1","floor":19.0},{"not_picked":["EighthInstrument_OneDividesIntoTwo_purple","ExistenceContinue_purple","Realm_recovery_purpleEX+1"],"picked":"SKIP","floor":20.0},{"not_picked":["Umbrella_purple","SharpContractionReality_purple"],"picked":"Mirror_WaveAndshot_purple+1","floor":21.0},{"not_picked":["MetroBOOM_purple+1","OmniscientAndOmnipotent_Monster_purple"],"picked":"Computing_the_future_purpleEX","floor":22.0},{"not_picked":["Realm_recovery_purpleEX+1","SharpContractionReality_purple","Umbrella_purple+1"],"picked":"SKIP","floor":23.0},{"not_picked":["Shallow_ocean_purpleEX","Charmbait_purple"],"picked":"OpenedBox_purple+1","floor":26.0},{"not_picked":["AdvanceAttack_purple","Nest_LightFlightworm_purple"],"picked":"RuptureOfTimeAndSpace_purple+1","floor":27.0},{"not_picked":["StateErode_purple","OmniscientAndOmnipotent_Monster_purple"],"picked":"CommonSense_AntiCommonSense_purple+1","floor":28.0},{"not_picked":["StretchesForeverDream_purple+1","PurpleNeedle_purple"],"picked":"Mirror_FormAndEmptin_purple+1","floor":30.0},{"not_picked":["EighthInstrument_OneDividesIntoTwo_purple","Boundary_DreamRealityDamnation_purple"],"picked":"Mirror_TwoAndThreeElementRealm_purple+1","floor":31.0},{"not_picked":["MetroBOOM_purple+1","Realm_recovery_purpleEX+1"],"picked":"Mirror_FourBoundary_purple","floor":32.0},{"not_picked":["Fancifulhole_purple","D_absorption_purple+1"],"picked":"Theboundaryofcreation_purpleEX+1","floor":33.0},{"not_picked":["Line_surface_state_purple+1","Shallow_ocean_purpleEX+1"],"picked":"EighthInstrument_OneDividesIntoTwo_purple+1","floor":36.0},{"not_picked":["Realm_recovery_purpleEX+1","Yakumo_Ran_purple+1"],"picked":"Erosivefilter_purple+1","floor":37.0},{"not_picked":["OpenedBox_purple+1","Umbrella_purple+1"],"picked":"Boundary_LightAndDark_purple+1","floor":39.0},{"not_picked":["Worldmountain_purple+1","Umbrella_purple+1","Line_surface_state_purple+1"],"picked":"SKIP","floor":40.0},{"not_picked":["StateErode_purple+1","Extrememeaning_purpleEX+1"],"picked":"Boundary_DreamRealityDamnation_purple","floor":43.0},{"not_picked":["RuleDissolution_purple+1","MonsterNeedle_purple+1"],"picked":"DarkRealmRedLine_purple+1","floor":44.0},{"not_picked":["Umbrella_purple+1","Line_surface_state_purple+1","Erosivefilter_purple+1"],"picked":"SKIP","floor":46.0},{"not_picked":["WatchEChange_purple+1","Realm_recovery_purpleEX+1","StateDuplicate_purple+1"],"picked":"SKIP","floor":48.0},{"not_picked":["StateErode_purple+1","Mirror_FormAndEmptin_purple+1","Computing_the_future_purpleEX"],"picked":"SKIP","floor":49.0},{"not_picked":["WingOfChimera_purple+1","SharpContractionReality_purple+1"],"picked":"Fantasy_PerpetualMotionMachine_purple+1","floor":52.0}],"player_experience":673678,"relics_obtained":[{"floor":6.0,"key":"Toxic Egg 2"},{"floor":9.0,"key":"Kunai"},{"floor":14.0,"key":"Bird Faced Urn"},{"floor":23.0,"key":"Mummified Hand"},{"floor":24.0,"key":"Shuriken"},{"floor":26.0,"key":"Red Mask"},{"floor":28.0,"key":"InkBottle"},{"floor":31.0,"key":"Bottled Flame"},{"floor":41.0,"key":"Juzu Bracelet"},{"floor":44.0,"key":"Bag of Preparation"},{"floor":52.0,"key":"CaptainsWheel"}],"event_choices":[{"damage_healed":0.0,"max_hp_gain":0.0,"max_hp_loss":0.0,"gold_gain":0.0,"event_name":"Scrap Ooze","player_choice":"Success","floor":4.0,"gold_loss":0.0,"damage_taken":18.0,"relics_obtained":["Happy Flower"]},{"damage_healed":0.0,"max_hp_gain":0.0,"max_hp_loss":0.0,"gold_gain":0.0,"event_name":"Masked Bandits","player_choice":"Fought Bandits","floor":26.0,"gold_loss":0.0,"damage_taken":0.0}],"is_beta":false,"boss_relics":[{"not_picked":["Empty Cage","Busted Crown"],"picked":"SlaversCollar"},{"not_picked":["Sozu","Runic Pyramid"],"picked":"Seventeenyearold_girl_Forever"}],"items_purged_floors":[],"is_endless":false,"potions_floor_spawned":[3,9,14,15,16,20,21,30,31,32,33,40,43,46,49,52],"ascension_level":2}}