{"host":"cijhj3091wf4aho3","time":1609469877,"event":{"mods":["BaseMod","Colored Map","Colored Powertips","Downfall","Friendly Minions","GifTheSpireLib","Highlight Path","Minty Spire (QoL Compilation)","Permanent Neow","Random Character Button","Relic Sorter","Relic Stats","StSLib","everything is the same but u backflip on backflip","slay the spire mod where everything is the same but ironclad has a cowboy hat"],"gold_per_floor":[99,119,137,2,2,18,72,83,0,32,32,32,32,66,81,183,183,108,128,168,268,284,96,96,125,136,167,201,201,201,201],"floor_reached":29,"playtime":1118,"items_purged":["champ:Taunt"],"score":414,"play_id":"373cbdaa-8496-4de9-9812-c9472d8fbe30","local_time":"20201231185757","is_ascension_mode":true,"campfire_choices":[{"floor":1,"key":"RECALL"},{"floor":11,"key":"REST"},{"floor":18,"key":"REST"}],"circlet_count":0,"master_deck":["champ:Strike","champ:Strike","champ:Strike","champ:Strike","champ:Defend","champ:Defend","champ:Defend","champ:Execute","champ:RapidStrikes","champ:BladeFlurry","champ:PerfectedStrike+1","champ:Haymaker","champ:Aggression+1","champ:PerfectedStrike","champ:StanceDance+1","champ:GladiatorStyle","champ:SwordSigil","champ:FocusedGladiator","champ:PreciseThrust+1","champ:ShieldSigil","J.A.X.","champ:FocusedGladiator","Apotheosis","champ:DeathBlow","champ:BladeFlurry","champ:CrookedStrike+1"],"relics":["Fusion Hammer","Happy Flower","War Paint","Du-Vu Doll","Snecko Eye","downfall:HeartBlessingRed","Torii","MutagenicStrength","Smiling Mask","Guardian:PocketSentry","Red Mask"],"acts_visited":["Exordium","TheCity"],"potions_floor_usage":[21,25,26,26,27,28],"damage_taken":[{"damage":6,"enemies":"Cultist","floor":2,"turns":4},{"damage":9,"enemies":"Small Slimes","floor":3,"turns":2},{"damage":10,"enemies":"downfall:FleeingMerchant","floor":4,"turns":4},{"damage":0,"enemies":"2 Louse","floor":6,"turns":2},{"damage":8,"enemies":"Blue Slaver","floor":8,"turns":2},{"damage":15,"enemies":"downfall:FleeingMerchant","floor":9,"turns":4},{"damage":5,"enemies":"Gremlin Nob","floor":10,"turns":2},{"damage":15,"enemies":"Lagavulin","floor":14,"turns":3},{"damage":0,"enemies":"2 Fungi Beasts","floor":15,"turns":2},{"damage":12,"enemies":"downfall:Watcher","floor":16,"turns":5},{"damage":0,"enemies":"Chosen","floor":19,"turns":3},{"damage":20,"enemies":"downfall:FleeingMerchant","floor":20,"turns":4},{"damage":36,"enemies":"downfall:Augmenter","floor":21,"turns":3},{"damage":5,"enemies":"Spheric Guardian","floor":22,"turns":1},{"damage":4,"enemies":"Gremlin Leader","floor":25,"turns":4},{"damage":47,"enemies":"Centurion and Healer","floor":26,"turns":4},{"damage":31,"enemies":"Slavers","floor":27,"turns":3},{"damage":16,"enemies":"Masked Bandits","floor":28,"turns":3},{"damage":12,"enemies":"Gremlin Leader","floor":29,"turns":4}],"seed_played":"9193723963174134461","potions_obtained":[{"floor":2,"key":"AttackPotion"},{"floor":8,"key":"SpeedPotion"},{"floor":14,"key":"Guardian:BlockOnCardUsePotion"},{"floor":22,"key":"DistilledChaos"},{"floor":25,"key":"Regen Potion"},{"floor":26,"key":"Block Potion"},{"floor":27,"key":"Swift Potion"}],"is_trial":false,"path_per_floor":["R","M","M","$","?","M","T","M","$","E","R","?","?","E","M","B",null,"R","M","$","?","M","$","T","E","M","E","?","E"],"character_chosen":"THE_CHAMP","items_purchased":["champ:Haymaker","champ:GladiatorStyle","Torii","Apotheosis"],"campfire_rested":2,"item_purchase_floors":[4,9,20,23],"current_hp_per_floor":[81,80,76,76,76,76,76,73,63,63,90,90,95,85,85,78,91,95,95,80,59,59,59,59,55,32,17,6,0,0,0],"gold":201,"neow_bonus":"BOSS_RELIC","is_daily":false,"chose_seed":false,"campfire_upgraded":0,"win_rate":0.0,"timestamp":1609469877,"path_taken":["R","M","M","?","?","M","T","?","$","E","R","?","?","E","M","BOSS","R","M","$","?","M","$","T","E","M","E","?","E"],"items_purchased_type":["Card","Card","Relic","Card"],"build_version":"2020-12-22","purchased_purges":1,"victory":false,"max_hp_per_floor":[90,90,90,90,90,90,90,90,90,90,90,90,95,95,95,95,95,95,95,95,95,95,95,95,95,95,95,95,95,95,95],"relic_stats":{"Happy Flower":[15],"Torii":4,"counters":[19,59],"Snecko Eye":[57,59,59,66],"War Paint":["champ:Aggression","champ:StanceDance"],"Smiling Mask":0,"obtain_stats":[{"Du-Vu Doll":14,"Happy Flower":7,"downfall:HeartBlessingRed":18,"Torii":20,"MutagenicStrength":21,"Snecko Eye":17,"champ:ChampionCrown":0,"Fusion Hammer":0,"Guardian:PocketSentry":27,"Red Mask":28,"War Paint":10,"Smiling Mask":25},{"Du-Vu Doll":8,"Happy Flower":4,"downfall:HeartBlessingRed":10,"Torii":12,"MutagenicStrength":13,"Snecko Eye":10,"champ:ChampionCrown":0,"Fusion Hammer":0,"Guardian:PocketSentry":17,"Red Mask":18,"War Paint":7,"Smiling Mask":15},{"Du-Vu Doll":23,"Happy Flower":12,"downfall:HeartBlessingRed":30,"Torii":37,"MutagenicStrength":40,"Snecko Eye":30,"champ:ChampionCrown":0,"Fusion Hammer":0,"Guardian:PocketSentry":52,"Red Mask":55,"War Paint":20,"Smiling Mask":45}]},"card_choices":[{"not_picked":["champ:ShieldSigil","champ:Aggression"],"picked":"champ:RapidStrikes","floor":2},{"not_picked":["champ:Riposte","champ:Backstep"],"picked":"champ:BladeFlurry","floor":3},{"not_picked":["champ:SkillfulDodge","champ:RisingSlash"],"picked":"champ:PerfectedStrike","floor":4},{"not_picked":["champ:GutPunch","champ:Circumvent"],"picked":"champ:Aggression","floor":6},{"not_picked":["champ:Shatter","champ:BerserkerStyle"],"picked":"champ:PerfectedStrike","floor":8},{"not_picked":["champ:FanOfKnives","champ:Circumvent"],"picked":"champ:StanceDance","floor":9},{"not_picked":["champ:IronFortress","champ:FalseCounter","champ:TornadoPunch"],"picked":"SKIP","floor":10},{"not_picked":["champ:Aggression","champ:DefensiveShout"],"picked":"champ:SwordSigil","floor":14},{"not_picked":["champ:Encircle","champ:FightOn","champ:BerserkersShout"],"picked":"SKIP","floor":15},{"not_picked":["champ:PerfectedStrike","champ:Circumvent+1","champ:BerserkerStyle+1"],"picked":"SKIP","floor":19},{"not_picked":["champ:DeathBlow","champ:TornadoPunch"],"picked":"champ:FocusedGladiator","floor":20},{"not_picked":["champ:ShieldSigil","champ:ViciousMockery+1"],"picked":"champ:PreciseThrust+1","floor":21},{"not_picked":[],"picked":"J.A.X.","floor":21},{"not_picked":["champ:Circumvent","champ:BerserkersShout"],"picked":"champ:FocusedGladiator","floor":22},{"not_picked":["champ:GladiatorsShout","champ:RageSigil"],"picked":"champ:DeathBlow","floor":25},{"not_picked":["champ:Aggression","champ:EndlessRage+1"],"picked":"champ:BladeFlurry","floor":26},{"not_picked":["champ:FocusedDefense","champ:GladiatorsShout","champ:SkillfulDodge"],"picked":"SKIP","floor":27},{"not_picked":["champ:EnragedBash","champ:GutPunch"],"picked":"champ:CrookedStrike+1","floor":28}],"player_experience":463647,"relics_obtained":[{"floor":7,"key":"Happy Flower"},{"floor":10,"key":"War Paint"},{"floor":14,"key":"Du-Vu Doll"},{"floor":21,"key":"MutagenicStrength"},{"floor":25,"key":"Smiling Mask"},{"floor":27,"key":"Guardian:PocketSentry"},{"floor":28,"key":"Red Mask"}],"event_choices":[{"damage_healed":0,"gold_gain":0,"player_choice":"Upgraded","damage_taken":0,"max_hp_gain":0,"max_hp_loss":0,"event_name":"Upgrade Shrine","floor":5,"gold_loss":0,"cards_upgraded":["champ:PerfectedStrike"]},{"damage_healed":0,"gold_gain":0,"player_choice":"Donut","damage_taken":0,"max_hp_gain":5,"max_hp_loss":0,"event_name":"Big Fish","floor":13,"gold_loss":0},{"damage_healed":0,"gold_gain":0,"player_choice":"Fought Bandits","damage_taken":0,"max_hp_gain":0,"max_hp_loss":0,"event_name":"Masked Bandits","floor":28,"gold_loss":0}],"is_beta":false,"boss_relics":[{"not_picked":["Cursed Key","SlaversCollar"],"picked":"Snecko Eye"}],"items_purged_floors":[4],"is_endless":false,"potions_floor_spawned":[2,8,14,22,25,26,27],"killed_by":"Gremlin Leader","ascension_level":8}}