{"host":"yiit85oc4oi3nqs8","time":1609515024,"event":{"mods":["AchievementEnabler","BaseMod","Better Third Choice","Block Reminder","DeckTracker","Highlight Path","Keyboard Shortcuts","Minty Spire (QoL Compilation)","MonsterHotkey","Quick Restart","Random Character Button","Relic Stats","StSLib"],"gold_per_floor":[18,37,37,37,37,52,65,84,84,84,84,101,26,26,26,50,124,124,124,124,24,24,24,39,67,67,96,96,96,96,170,170,180,180,180,191,211,86,86,97,97,131,131,131,150,199,199,229,279,290,215,65,76,76,76,101,101,101,178,178,194,194,194,212,212,212,260,85,85,85,85,85,111,111,111,111,111,130,150,150,150,150,175,175,175,175,175,175,175,175,175,90,115,115],"floor_reached":95,"playtime":2190,"items_purged":["Strike_R","Strike_R","Defend_R","Defend_R","Burning Pact"],"score":2702,"play_id":"9443db2f-3fa8-4c96-b1d5-b217b1fc3927","local_time":"20210102003024","is_ascension_mode":true,"campfire_choices":[{"floor":9.0,"key":"REST"},{"data":"Rampage","floor":10.0,"key":"SMITH"},{"data":"Searing Blow","floor":19.0,"key":"SMITH"},{"data":"Searing Blow+1","floor":20.0,"key":"SMITH"},{"data":"Searing Blow+2","floor":22.0,"key":"SMITH"},{"data":"Searing Blow+3","floor":23.0,"key":"SMITH"},{"data":"Searing Blow+4","floor":28.0,"key":"SMITH"},{"data":"Searing Blow+5","floor":29.0,"key":"SMITH"},{"data":"Searing Blow+6","floor":30.0,"key":"SMITH"},{"data":"Searing Blow+7","floor":41.0,"key":"SMITH"},{"data":"Searing Blow+8","floor":43.0,"key":"SMITH"},{"data":"Searing Blow+9","floor":44.0,"key":"SMITH"},{"data":"Searing Blow+10","floor":57.0,"key":"SMITH"},{"floor":58.0,"key":"RECALL"},{"data":"Searing Blow+11","floor":71,"key":"SMITH"},{"data":"Searing Blow+12","floor":72,"key":"SMITH"},{"data":"Madness","floor":80,"key":"SMITH"},{"data":"Double Tap","floor":82,"key":"SMITH"},{"data":"Madness","floor":86,"key":"SMITH"},{"data":"Searing Blow+14","floor":87,"key":"SMITH"},{"data":"Fire Breathing","floor":90,"key":"SMITH"}],"circlet_count":0,"master_deck":["AscendersBane","Headbutt+1","Rampage+1","Searing Blow+15","Fire Breathing+1","Double Tap+1","Warcry","Madness+1","Madness+1"],"relics":["Burning Blood","Oddly Smooth Stone","Thread and Needle","PreservedInsect","Magic Flower","Charon\u0027s Ashes","Unceasing Top","Empty Cage","MealTicket","Dream Catcher","Regal Pillow","Nunchaku","Akabeko","Cursed Key","Bird Faced Urn","Lizard Tail","Whetstone","Bronze Scales"],"acts_visited":["Exordium","TheCity","TheBeyond","TheEnding"],"potions_floor_usage":[94,94],"damage_taken":[{"damage":16.0,"enemies":"Jaw Worm","floor":1.0,"turns":4.0},{"damage":0.0,"enemies":"2 Louse","floor":2.0,"turns":1.0},{"damage":0.0,"enemies":"Small Slimes","floor":6.0,"turns":2.0},{"damage":8.0,"enemies":"Exordium Thugs","floor":7.0,"turns":3.0},{"damage":11.0,"enemies":"Red Slaver","floor":8.0,"turns":3.0},{"damage":0.0,"enemies":"2 Fungi Beasts","floor":12.0,"turns":3.0},{"damage":0.0,"enemies":"Blue Slaver","floor":24.0,"turns":4.0},{"damage":0.0,"enemies":"3 Sentries","floor":25.0,"turns":2.0},{"damage":0.0,"enemies":"Gremlin Nob","floor":27.0,"turns":2.0},{"damage":46.0,"enemies":"Hexaghost","floor":31.0,"turns":7.0},{"damage":0.0,"enemies":"Spheric Guardian","floor":33.0,"turns":2.0},{"damage":14.0,"enemies":"3 Byrds","floor":36.0,"turns":3.0},{"damage":14.0,"enemies":"Snecko","floor":37.0,"turns":3.0},{"damage":10.0,"enemies":"Centurion and Healer","floor":40.0,"turns":5.0},{"damage":18.0,"enemies":"Gremlin Leader","floor":42.0,"turns":2.0},{"damage":8.0,"enemies":"Chosen and Byrds","floor":45.0,"turns":4.0},{"damage":0.0,"enemies":"Book of Stabbing","floor":48.0,"turns":1.0},{"damage":0.0,"enemies":"Shelled Parasite and Fungi","floor":50.0,"turns":2.0},{"damage":0.0,"enemies":"Centurion and Healer","floor":53.0,"turns":3.0},{"damage":17.0,"enemies":"Slavers","floor":56.0,"turns":3.0},{"damage":25.0,"enemies":"Champ","floor":59.0,"turns":3.0},{"damage":39.0,"enemies":"3 Shapes","floor":61.0,"turns":3.0},{"damage":10,"enemies":"3 Darklings","floor":64,"turns":3},{"damage":7,"enemies":"2 Orb Walkers","floor":67,"turns":2},{"damage":43,"enemies":"Nemesis","floor":73,"turns":3},{"damage":5,"enemies":"Transient","floor":78,"turns":3},{"damage":16,"enemies":"4 Shapes","floor":79,"turns":3},{"damage":9,"enemies":"Giant Head","floor":83,"turns":3},{"damage":48,"enemies":"Donu and Deca","floor":88,"turns":3},{"damage":24,"enemies":"Shield and Spear","floor":93,"turns":3},{"damage":123,"enemies":"The Heart","floor":94,"turns":4}],"seed_played":"5972934762170689646","potions_obtained":[{"floor":5.0,"key":"SteroidPotion"},{"floor":5.0,"key":"Block Potion"},{"floor":33.0,"key":"DistilledChaos"},{"floor":37.0,"key":"Fire Potion"},{"floor":40.0,"key":"BloodPotion"}],"is_trial":false,"path_per_floor":["M","M","?","?","?","M","M","M","R","R","$","M","?","?","T","T","T","T","R","R","$","R","R","M","E","?","E","R","R","R","B",null,"M","?","?","M","M","$","?","M","R","E","R","R","M","T","T","E","?","M","?","$","M","?","?","E","R","R","B",null,"M","?","?","M","?","$","?","$","?","T","R","R","E","$","$","T","T","M","M","R","?","R","E","$","?","R","R","B",null,"R","$","$","E","B",null],"character_chosen":"IRONCLAD","items_purchased":["GamblersBrew"],"campfire_rested":1,"item_purchase_floors":[92],"current_hp_per_floor":[58,64,19,12,12,18,16,11,33,33,33,39,39,64,64,64,64,64,64,64,64,64,64,73,75,75,75,75,75,75,38,66,75,54,54,49,44,44,44,43,43,34,34,34,35,35,35,44,36,45,45,60,69,69,69,61,61,61,45,71,41,41,41,40,40,55,57,72,58,58,58,58,27,42,57,57,57,64,60,60,60,60,63,78,80,80,80,44,71,71,80,80,65,67],"gold":115,"neow_bonus":"THREE_RARE_CARDS","is_daily":false,"chose_seed":false,"campfire_upgraded":19,"win_rate":0.0,"timestamp":1609515024,"path_taken":["M","M","?","?","?","M","?","M","R","R","?","M","?","?","?","T","T","T","R","R","$","R","R","?","E","?","E","R","R","R","BOSS","M","?","?","M","?","$","?","M","R","E","R","R","M","T","T","E","?","?","?","?","?","?","?","E","R","R","BOSS","M","?","?","?","?","$","?","$","?","?","R","R","E","$","$","T","T","M","M","R","?","R","E","?","?","R","R","BOSS","R","$","$","E","BOSS"],"items_purchased_type":["Potion"],"build_version":"2020-12-22","purchased_purges":5,"victory":true,"max_hp_per_floor":[75,75,75,75,75,75,75,75,75,75,75,75,75,75,75,75,75,75,75,75,75,75,75,75,75,75,75,75,75,75,75,75,75,80,80,80,80,80,80,80,80,80,80,80,80,80,80,80,80,80,80,80,80,80,80,80,80,80,80,80,80,80,80,80,80,80,80,80,80,80,80,80,80,80,80,80,80,80,80,80,80,80,80,80,80,80,80,80,80,80,80,80,80,80],"relic_stats":{"Regal Pillow":0,"counters":[31,92],"Magic Flower":[102],"PreservedInsect":447,"Charon\u0027s Ashes":[227],"Whetstone":["Headbutt","Searing Blow"],"Cursed Key":0,"Burning Blood":245,"Dream Catcher":0,"Nunchaku":[9],"Lizard Tail":60,"Bird Faced Urn":[15],"Bronze Scales":[48],"MealTicket":101,"obtain_stats":[{"Regal Pillow":47,"Oddly Smooth Stone":3,"Magic Flower":18,"Thread and Needle":15,"PreservedInsect":16,"Charon\u0027s Ashes":25,"Whetstone":83,"Empty Cage":32,"Cursed Key":60,"Burning Blood":0,"Akabeko":56,"Dream Catcher":46,"Nunchaku":48,"Lizard Tail":73,"Bird Faced Urn":67,"Bronze Scales":93,"MealTicket":42,"Unceasing Top":27},{"Regal Pillow":16,"Oddly Smooth Stone":2,"Magic Flower":6,"Thread and Needle":6,"PreservedInsect":6,"Charon\u0027s Ashes":8,"Whetstone":28,"Empty Cage":10,"Cursed Key":21,"Burning Blood":0,"Akabeko":20,"Dream Catcher":16,"Nunchaku":17,"Lizard Tail":25,"Bird Faced Urn":24,"Bronze Scales":30,"MealTicket":15,"Unceasing Top":9},{"Regal Pillow":50,"Oddly Smooth Stone":5,"Magic Flower":16,"Thread and Needle":16,"PreservedInsect":16,"Charon\u0027s Ashes":22,"Whetstone":82,"Empty Cage":31,"Cursed Key":62,"Burning Blood":0,"Akabeko":59,"Dream Catcher":50,"Nunchaku":51,"Lizard Tail":73,"Bird Faced Urn":70,"Bronze Scales":88,"MealTicket":46,"Unceasing Top":24}],"Unceasing Top":[17]},"card_choices":[{"not_picked":["Berserk","Offering"],"picked":"Immolate","floor":0.0},{"not_picked":["Body Slam","Flex","Hemokinesis"],"picked":"SKIP","floor":1.0},{"not_picked":["Reckless Charge","Anger","Perfected Strike"],"picked":"SKIP","floor":2.0},{"not_picked":["Iron Wave","Infernal Blade"],"picked":"Headbutt","floor":6.0},{"not_picked":["Shrug It Off","Warcry","Dark Embrace"],"picked":"SKIP","floor":7.0},{"not_picked":["Intimidate","Sword Boomerang"],"picked":"Rampage","floor":8.0},{"not_picked":["Clothesline","Offering"],"picked":"Searing Blow","floor":12.0},{"not_picked":["Spot Weakness","Flex","Body Slam"],"picked":"SKIP","floor":24.0},{"not_picked":["Pommel Strike","Perfected Strike"],"picked":"Fire Breathing","floor":25.0},{"not_picked":["Clash","Seeing Red","Battle Trance"],"picked":"SKIP","floor":27.0},{"not_picked":["Reaper","Offering"],"picked":"Double Tap","floor":31.0},{"not_picked":["Intimidate+1","Power Through","Warcry"],"picked":"SKIP","floor":33.0},{"not_picked":["Intimidate","True Grit","Thunderclap"],"picked":"SKIP","floor":36.0},{"not_picked":["Dark Embrace","Warcry","Pommel Strike"],"picked":"SKIP","floor":37.0},{"not_picked":["Flex","Iron Wave","Sword Boomerang"],"picked":"SKIP","floor":40.0},{"not_picked":["Fiend Fire","Battle Trance","Clothesline"],"picked":"SKIP","floor":42.0},{"not_picked":["Sword Boomerang","Pommel Strike+1","Body Slam"],"picked":"SKIP","floor":45.0},{"not_picked":["Seeing Red","Ghostly Armor","Anger"],"picked":"SKIP","floor":48.0},{"not_picked":["Perfected Strike+1","Armaments","Twin Strike"],"picked":"SKIP","floor":50.0},{"not_picked":["Iron Wave","Cleave","Headbutt"],"picked":"SKIP","floor":53.0},{"not_picked":["Inflame","Armaments","Double Tap"],"picked":"SKIP","floor":56.0},{"not_picked":["Thunderclap+1","Heavy Blade+1","Fire Breathing"],"picked":"SKIP","floor":61.0},{"not_picked":["Power Through","Wild Strike","Searing Blow+1"],"picked":"SKIP","floor":64},{"not_picked":["Iron Wave","Immolate","Thunderclap"],"picked":"SKIP","floor":73},{"not_picked":["Armaments","Wild Strike","Clothesline"],"picked":"SKIP","floor":78},{"not_picked":["Iron Wave","Pommel Strike","Dropkick"],"picked":"SKIP","floor":79},{"not_picked":["Shrug It Off","Feel No Pain","Heavy Blade+1"],"picked":"SKIP","floor":83},{"not_picked":["Blood for Blood+1","Power Through+1","Burning Pact+1"],"picked":"SKIP","floor":93}],"player_experience":424704,"relics_obtained":[{"floor":15.0,"key":"Thread and Needle"},{"floor":16.0,"key":"PreservedInsect"},{"floor":18.0,"key":"Magic Flower"},{"floor":25.0,"key":"Charon\u0027s Ashes"},{"floor":27.0,"key":"Unceasing Top"},{"floor":42.0,"key":"MealTicket"},{"floor":46.0,"key":"Dream Catcher"},{"floor":47.0,"key":"Regal Pillow"},{"floor":48.0,"key":"Nunchaku"},{"floor":56.0,"key":"Akabeko"},{"floor":67,"key":"Bird Faced Urn"},{"floor":73,"key":"Lizard Tail"},{"floor":83,"key":"Whetstone"},{"floor":93,"key":"Bronze Scales"}],"event_choices":[{"damage_healed":0.0,"max_hp_gain":0.0,"max_hp_loss":0.0,"gold_gain":0.0,"event_name":"betterThird:BetterScrap","player_choice":"Relic ","floor":3.0,"gold_loss":0.0,"damage_taken":45.0,"cards_obtained":["Hello World"]},{"cards_removed":["Strike_R"],"damage_healed":0.0,"max_hp_gain":0.0,"max_hp_loss":0.0,"gold_gain":0.0,"event_name":"Golden Wing","player_choice":"Card Removal","floor":4.0,"gold_loss":0.0,"damage_taken":7.0},{"damage_healed":0.0,"max_hp_gain":0.0,"max_hp_loss":0.0,"gold_gain":0.0,"event_name":"Lab","player_choice":"Got Potions","floor":5.0,"gold_loss":0.0,"damage_taken":0.0},{"damage_healed":25.0,"max_hp_gain":0.0,"max_hp_loss":0.0,"gold_gain":0.0,"event_name":"Big Fish","player_choice":"Banana","floor":14.0,"gold_loss":0.0,"damage_taken":0.0},{"damage_healed":0.0,"max_hp_gain":5.0,"max_hp_loss":0.0,"gold_gain":0.0,"event_name":"Forgotten Altar","player_choice":"Shed Blood","floor":34.0,"gold_loss":0.0,"damage_taken":26.0},{"damage_healed":0.0,"max_hp_gain":0.0,"max_hp_loss":0.0,"gold_gain":0.0,"cards_transformed":["Immolate"],"event_name":"Transmorgrifier","player_choice":"Transformed","floor":35.0,"gold_loss":0.0,"damage_taken":0.0,"cards_obtained":["Whirlwind"]},{"damage_healed":0.0,"max_hp_gain":0.0,"max_hp_loss":0.0,"gold_gain":50.0,"event_name":"FaceTrader","player_choice":"Touch","floor":49.0,"gold_loss":0.0,"damage_taken":8.0},{"cards_removed":["Bash"],"damage_healed":0.0,"max_hp_gain":0.0,"max_hp_loss":0.0,"gold_gain":0.0,"event_name":"Beggar","player_choice":"Gave Gold","floor":51.0,"gold_loss":75.0,"damage_taken":0.0},{"damage_healed":0.0,"max_hp_gain":0.0,"max_hp_loss":0.0,"gold_gain":0.0,"cards_transformed":["Defend_R","Defend_R"],"event_name":"Drug Dealer","player_choice":"Became Test Subject","floor":55.0,"gold_loss":0.0,"damage_taken":0.0,"cards_obtained":["Warcry","Burning Pact"]},{"cards_removed":["Whirlwind"],"damage_healed":0.0,"max_hp_gain":0.0,"max_hp_loss":0.0,"gold_gain":0.0,"event_name":"Falling","player_choice":"Removed Attack","floor":62.0,"gold_loss":0.0,"damage_taken":0.0},{"damage_healed":0,"gold_gain":0,"player_choice":"Ignored","damage_taken":0,"max_hp_gain":0,"max_hp_loss":0,"event_name":"betterThird:BetterPortal","floor":63,"gold_loss":0},{"damage_healed":0,"gold_gain":0,"player_choice":"Fight","damage_taken":0,"max_hp_gain":0,"max_hp_loss":0,"event_name":"Mysterious Sphere","floor":67,"gold_loss":0},{"damage_healed":0,"gold_gain":0,"player_choice":"Embrace Madness","damage_taken":14,"max_hp_gain":0,"max_hp_loss":0,"event_name":"Winding Halls","floor":69,"gold_loss":0,"cards_obtained":["Madness","Madness"]},{"damage_healed":0,"gold_gain":0,"player_choice":"Memory 1","damage_taken":0,"max_hp_gain":0,"max_hp_loss":0,"event_name":"SensoryStone","floor":81,"gold_loss":0}],"is_beta":false,"boss_relics":[{"not_picked":["Ectoplasm","Calling Bell"],"picked":"Empty Cage"},{"not_picked":["Black Blood","Black Star"],"picked":"Cursed Key"}],"items_purged_floors":[13,21,38,52,68],"is_endless":false,"potions_floor_spawned":[6,8,33,37,40,56,61,64,79],"ascension_level":18}}