{"host":"g7trc0x2teqyd8ye","time":1609507766,"event":{"mods":["BaseMod","Key Reminder","Minty Spire (QoL Compilation)","Relic Stats"],"gold_per_floor":[361,21,34,184,204,221,104,104,104,104,120,148,148,178,178,253,253,271,230,183,195,195,195,14,14,14,26,26,26,76,96,96,96,96],"floor_reached":33,"playtime":1836,"items_purged":["Doubt"],"score":497,"play_id":"e2d83ec8-bfbc-48ab-ae41-e714cef61934","local_time":"20210101142926","is_ascension_mode":true,"campfire_choices":[{"data":"Strike_R","floor":8,"key":"PURGE"},{"data":"Strike_R","floor":10,"key":"PURGE"},{"data":"Strike_R","floor":15,"key":"PURGE"},{"data":"Strike_R","floor":23,"key":"PURGE"},{"data":"Strike_R","floor":25,"key":"PURGE"},{"data":"Defend_R","floor":28,"key":"PURGE"},{"data":"Defend_R","floor":32,"key":"PURGE"}],"circlet_count":0,"master_deck":["AscendersBane","Defend_R","Defend_R","Bash","Clothesline","Iron Wave","Dropkick","Battle Trance","Metallicize","Shockwave","Pommel Strike","Sentinel","Impervious","Dark Embrace+1","Feel No Pain","Burning Pact","Ghostly","Ghostly","Ghostly","Madness","Second Wind","Thunderclap+1","Necronomicurse"],"relics":["Black Blood","Peace Pipe","Pear","StrikeDummy","HornCleat","Shovel","InkBottle","Necronomicon"],"acts_visited":["Exordium","TheCity"],"potions_floor_usage":[12,12,20,31,33],"damage_taken":[{"damage":9,"enemies":"Small Slimes","floor":1,"turns":4},{"damage":11,"enemies":"Jaw Worm","floor":3,"turns":4},{"damage":5,"enemies":"2 Louse","floor":5,"turns":4},{"damage":18,"enemies":"Large Slime","floor":6,"turns":7},{"damage":1,"enemies":"Blue Slaver","floor":11,"turns":5},{"damage":9,"enemies":"Lagavulin","floor":12,"turns":6},{"damage":9,"enemies":"3 Sentries","floor":14,"turns":9},{"damage":15,"enemies":"The Guardian","floor":16,"turns":14},{"damage":17,"enemies":"Shell Parasite","floor":18,"turns":12},{"damage":17,"enemies":"2 Thieves","floor":20,"turns":5},{"damage":27,"enemies":"Snake Plant","floor":21,"turns":7},{"damage":17,"enemies":"Shelled Parasite and Fungi","floor":27,"turns":10},{"damage":6,"enemies":"Snecko","floor":31,"turns":8},{"damage":46,"enemies":"Collector","floor":33,"turns":5}],"seed_played":"5080292916658526761","potions_obtained":[{"floor":1,"key":"DistilledChaos"},{"floor":3,"key":"DuplicationPotion"},{"floor":12,"key":"LiquidMemories"},{"floor":16,"key":"Regen Potion"},{"floor":20,"key":"SmokeBomb"},{"floor":21,"key":"DuplicationPotion"}],"is_trial":false,"path_per_floor":["M","$","M","?","M","M","$","R","T","R","M","E","T","E","R","B",null,"M","$","M","M","?","R","$","R","T","M","R","?","?","M","R","B"],"character_chosen":"IRONCLAD","items_purchased":["Peace Pipe","Metallicize","Feel No Pain","Madness","Second Wind"],"campfire_rested":0,"item_purchase_floors":[2,7,19,24,24],"current_hp_per_floor":[65,65,60,60,61,49,49,49,59,59,64,61,61,58,58,49,71,66,66,61,46,39,39,39,39,39,34,34,13,13,34,34,0,0],"gold":96,"neow_bonus":"TWO_FIFTY_GOLD","is_daily":false,"chose_seed":false,"campfire_upgraded":0,"win_rate":0.0,"timestamp":1609507766,"path_taken":["M","$","M","?","M","M","$","R","T","R","M","E","?","E","R","BOSS","M","$","M","M","?","R","$","R","T","M","R","?","?","M","R","BOSS"],"items_purchased_type":["Relic","Card","Card","Card","Card"],"build_version":"2020-12-22","purchased_purges":1,"victory":false,"max_hp_per_floor":[68,68,68,68,68,68,68,68,78,78,78,78,78,78,78,78,78,78,78,78,78,39,39,39,39,39,39,39,39,39,39,39,39,39],"relic_stats":{"Peace Pipe":7,"Shovel":0,"counters":[14,100],"Black Blood":108,"Necronomicon":[2],"obtain_stats":[{"Peace Pipe":2,"Pear":9,"HornCleat":13,"Shovel":14,"Black Blood":17,"Necronomicon":29,"StrikeDummy":12,"Burning Blood":0,"InkBottle":26},{"Peace Pipe":1,"Pear":4,"HornCleat":6,"Shovel":7,"Black Blood":8,"Necronomicon":12,"StrikeDummy":6,"Burning Blood":0,"InkBottle":11},{"Peace Pipe":4,"Pear":19,"HornCleat":30,"Shovel":39,"Black Blood":53,"Necronomicon":87,"StrikeDummy":30,"Burning Blood":0,"InkBottle":77}],"InkBottle":[5]},"card_choices":[{"not_picked":["Battle Trance","Twin Strike"],"picked":"Clothesline","floor":1},{"not_picked":["Sword Boomerang","Twin Strike"],"picked":"Iron Wave","floor":3},{"not_picked":["Clash","Intimidate"],"picked":"Dropkick","floor":5},{"not_picked":["Havoc","Cleave"],"picked":"Battle Trance","floor":6},{"not_picked":["Havoc","Wild Strike"],"picked":"Shockwave","floor":11},{"not_picked":["Clash","Whirlwind"],"picked":"Pommel Strike","floor":12},{"not_picked":["Pommel Strike","Combust"],"picked":"Sentinel","floor":14},{"not_picked":["Juggernaut","Reaper"],"picked":"Impervious","floor":16},{"not_picked":["Shrug It Off","Havoc"],"picked":"Dark Embrace+1","floor":18},{"not_picked":["Searing Blow","Iron Wave"],"picked":"Burning Pact","floor":20},{"not_picked":["Cleave","Body Slam","Evolve"],"picked":"SKIP","floor":21},{"not_picked":["Flex","Clash"],"picked":"Thunderclap+1","floor":27},{"not_picked":["Uppercut","Bloodletting","Searing Blow"],"picked":"SKIP","floor":31}],"player_experience":855892,"relics_obtained":[{"floor":9,"key":"Pear"},{"floor":12,"key":"StrikeDummy"},{"floor":13,"key":"HornCleat"},{"floor":14,"key":"Shovel"},{"floor":26,"key":"InkBottle"},{"floor":29,"key":"Necronomicon"}],"event_choices":[{"damage_healed":0,"gold_gain":150,"player_choice":"AGREE","damage_taken":0,"max_hp_gain":0,"max_hp_loss":0,"event_name":"Liars Game","floor":4,"gold_loss":0,"cards_obtained":["Doubt"]},{"damage_healed":0,"gold_gain":0,"player_choice":"Became a Ghost","damage_taken":0,"max_hp_gain":0,"max_hp_loss":39,"event_name":"Ghosts","floor":22,"gold_loss":0,"cards_obtained":["Ghostly","Ghostly","Ghostly"]},{"damage_healed":0,"gold_gain":0,"player_choice":"Obtained Book","damage_taken":21,"max_hp_gain":0,"max_hp_loss":0,"event_name":"Cursed Tome","floor":29,"gold_loss":0},{"damage_healed":0,"gold_gain":50,"player_choice":"Stole From Cult","damage_taken":0,"max_hp_gain":0,"max_hp_loss":0,"event_name":"Nest","floor":30,"gold_loss":0}],"is_beta":false,"boss_relics":[{"not_picked":["Runic Dome","SlaversCollar"],"picked":"Black Blood"}],"items_purged_floors":[7],"is_endless":false,"potions_floor_spawned":[1,3,12,16,20,21,27],"killed_by":"Collector","ascension_level":19}}