{"host":"6pfj0wha12yu6wq3","time":1609476328,"event":{"mods":["BaseMod","Colored Map","Colored Powertips","Curses Come First","DeckTracker","Minty Spire (QoL Compilation)","RNG Fix","Relic Sorter","Relic Stats","StSLib","ojb\u0027s Better Paths Mod","ojb\u0027s Info Mod"],"gold_per_floor":[115,115,125,26,46,74,94,119,144,175,175,195,195,209,209,286,286,300,315,326,326,326,352,352,386,423,455,476,500,539,578,590,685,697,738,812,839,860,899,548,588,392,418,442,476,485,509,181,181,181,181,181,190,29,59,59],"floor_reached":57,"playtime":5363,"items_purged":["Strike_G","Pain","Strike_G","Poisoned Stab"],"score":3105,"play_id":"4e895ac6-090c-4e2d-aa50-80f02b4ca204","local_time":"20201231234528","is_ascension_mode":true,"campfire_choices":[{"floor":11,"key":"REST"},{"data":"Noxious Fumes","floor":13,"key":"SMITH"},{"data":"Corpse Explosion","floor":15,"key":"SMITH"},{"floor":28,"key":"REST"},{"data":"Ghostly","floor":32,"key":"SMITH"},{"floor":46,"key":"REST"},{"floor":49,"key":"RECALL"},{"floor":53,"key":"REST"}],"circlet_count":0,"master_deck":["AscendersBane","Defend_G","Defend_G","Defend_G","Defend_G","Survivor","Neutralize","Leg Sweep","Slice","Dagger Throw","Endless Agony","Dagger Throw","Blur","Corpse Explosion+1","Backflip","Noxious Fumes+1","Adrenaline","Malaise","Crippling Poison+1","Leg Sweep","Heel Hook","Grand Finale","Corpse Explosion","Escape Plan","PiercingWail","Ghostly+1","Ghostly","Ghostly","Bullet Time","Distraction+1","PiercingWail","Apotheosis","Panacea","Panacea","Master of Strategy","Well Laid Plans","Acrobatics+1","Well Laid Plans","Prepared","Outmaneuver","Footwork","Footwork+1","Acrobatics","Calculated Gamble","Concentrate+1","Master of Strategy","Ghostly+1"],"relics":["Ring of the Snake","Mango","Torii","Oddly Smooth Stone","Dream Catcher","Snake Skull","SlaversCollar","Thread and Needle","CeramicFish","MawBank","Bag of Marbles","Bronze Scales","Empty Cage","Tough Bandages","WarpedTongs","Membership Card","Molten Egg 2","Chemical X","Omamori","FossilizedHelix","ClockworkSouvenir","DollysMirror","White Beast Statue"],"acts_visited":["Exordium","TheCity","TheBeyond","TheEnding"],"potions_floor_usage":[6,10,25,36,55,56],"damage_taken":[{"damage":5,"enemies":"Small Slimes","floor":1,"turns":4},{"damage":8,"enemies":"2 Louse","floor":3,"turns":3},{"damage":2,"enemies":"Jaw Worm","floor":5,"turns":3},{"damage":30,"enemies":"Gremlin Nob","floor":6,"turns":4},{"damage":4,"enemies":"Gremlin Gang","floor":7,"turns":5},{"damage":11,"enemies":"Lagavulin","floor":8,"turns":8},{"damage":0,"enemies":"Gremlin Nob","floor":10,"turns":3},{"damage":0,"enemies":"2 Fungi Beasts","floor":12,"turns":3},{"damage":0,"enemies":"Blue Slaver","floor":14,"turns":4},{"damage":11,"enemies":"The Guardian","floor":16,"turns":9},{"damage":5,"enemies":"Shell Parasite","floor":18,"turns":5},{"damage":6,"enemies":"Chosen","floor":19,"turns":4},{"damage":5,"enemies":"Snake Plant","floor":20,"turns":5},{"damage":13,"enemies":"Gremlin Leader","floor":23,"turns":5},{"damage":1,"enemies":"Slavers","floor":25,"turns":4},{"damage":0,"enemies":"3 Cultists","floor":27,"turns":2},{"damage":0,"enemies":"Centurion and Healer","floor":29,"turns":5},{"damage":0,"enemies":"Gremlin Leader","floor":31,"turns":7},{"damage":30,"enemies":"Champ","floor":33,"turns":16},{"damage":0,"enemies":"3 Shapes","floor":35,"turns":5},{"damage":0,"enemies":"2 Orb Walkers","floor":36,"turns":4},{"damage":0,"enemies":"Orb Walker","floor":37,"turns":4},{"damage":9,"enemies":"Reptomancer","floor":41,"turns":6},{"damage":0,"enemies":"Writhing Mass","floor":44,"turns":9},{"damage":0,"enemies":"Giant Head","floor":45,"turns":9},{"damage":0,"enemies":"Maw","floor":47,"turns":10},{"damage":0,"enemies":"Donu and Deca","floor":50,"turns":9},{"damage":2,"enemies":"Time Eater","floor":51,"turns":16},{"damage":0,"enemies":"Shield and Spear","floor":55,"turns":7},{"damage":5,"enemies":"The Heart","floor":56,"turns":11}],"seed_played":"8007798665260768300","potions_obtained":[{"floor":1,"key":"Fire Potion"},{"floor":3,"key":"Explosive Potion"},{"floor":10,"key":"FairyPotion"},{"floor":12,"key":"SteroidPotion"},{"floor":33,"key":"Energy Potion"},{"floor":55,"key":"SpeedPotion"}],"is_trial":false,"path_per_floor":["M","?","M","$","M","E","M","E","T","E","R","M","R","M","R","B",null,"M","M","M","?","?","E","?","E","T","M","R","M","?","E","R","B",null,"M","?","M","?","?","$","E","$","T","M","E","R","M","$","R","B","B",null,"R","$","E","B",null],"character_chosen":"THE_SILENT","items_purchased":["Dagger Throw","Membership Card","Master of Strategy","Well Laid Plans","Swift Potion","Well Laid Plans","Chemical X","Prepared","Calculated Gamble","FossilizedHelix","ClockworkSouvenir","Master of Strategy","DollysMirror"],"campfire_rested":4,"item_purchase_floors":[4,40,40,40,40,42,42,42,48,48,48,54,54],"current_hp_per_floor":[68,68,60,60,58,28,24,13,13,13,35,35,35,35,35,24,62,57,51,46,46,46,33,33,32,32,32,54,54,37,37,37,7,30,30,30,30,30,20,20,11,11,11,11,11,22,22,22,22,22,20,33,37,37,37,32],"gold":59,"neow_bonus":"ONE_RARE_RELIC","is_daily":false,"chose_seed":false,"campfire_upgraded":3,"win_rate":0.0,"timestamp":1609476328,"path_taken":["M","?","M","$","M","E","?","E","T","E","R","M","R","M","R","BOSS","M","M","M","?","?","E","?","E","T","?","R","M","?","E","R","BOSS","M","?","M","?","?","?","E","$","T","M","E","R","?","$","R","BOSS","BOSS","R","$","E","BOSS"],"items_purchased_type":["Card","Relic","Card","Card","Potion","Card","Relic","Card","Card","Relic","Relic","Card","Relic"],"build_version":"2020-12-22","purchased_purges":4,"victory":true,"max_hp_per_floor":[74,74,74,74,74,74,74,74,74,74,74,74,74,74,74,74,74,74,74,74,74,74,74,74,74,74,74,74,74,37,37,37,37,37,37,37,37,37,37,37,37,37,37,37,37,37,37,37,37,37,37,37,37,37,37,37],"relic_stats":{"Dream Catcher":4,"Tough Bandages":[270],"Torii":87,"counters":[30,189],"CeramicFish":234,"Bronze Scales":[494],"Snake Skull":[219],"Chemical X":[8],"MawBank":180,"obtain_stats":[{"Torii":6,"CeramicFish":23,"Oddly Smooth Stone":8,"Mango":0,"Thread and Needle":22,"Snake Skull":10,"Omamori":45,"MawBank":25,"Empty Cage":34,"White Beast Statue":55,"WarpedTongs":38,"ClockworkSouvenir":48,"SlaversCollar":17,"Dream Catcher":9,"Tough Bandages":36,"DollysMirror":54,"Bronze Scales":31,"Molten Egg 2":41,"Bag of Marbles":26,"Membership Card":40,"Chemical X":42,"FossilizedHelix":48,"Ring of the Snake":0},{"Torii":4,"CeramicFish":14,"Oddly Smooth Stone":6,"Mango":0,"Thread and Needle":13,"Snake Skull":7,"Omamori":25,"MawBank":15,"Empty Cage":19,"White Beast Statue":29,"WarpedTongs":22,"ClockworkSouvenir":26,"SlaversCollar":10,"Dream Catcher":6,"Tough Bandages":21,"DollysMirror":28,"Bronze Scales":18,"Molten Egg 2":23,"Bag of Marbles":15,"Membership Card":22,"Chemical X":23,"FossilizedHelix":26,"Ring of the Snake":0},{"Torii":14,"CeramicFish":65,"Oddly Smooth Stone":27,"Mango":0,"Thread and Needle":60,"Snake Skull":30,"Omamori":136,"MawBank":69,"Empty Cage":99,"White Beast Statue":178,"WarpedTongs":112,"ClockworkSouvenir":146,"SlaversCollar":46,"Dream Catcher":27,"Tough Bandages":108,"DollysMirror":171,"Bronze Scales":83,"Molten Egg 2":118,"Bag of Marbles":69,"Membership Card":112,"Chemical X":118,"FossilizedHelix":146,"Ring of the Snake":0}],"Ring of the Snake":[63],"WarpedTongs":[28]},"card_choices":[{"not_picked":["Infinite Blades","Sucker Punch"],"picked":"Leg Sweep","floor":1},{"not_picked":["Escape Plan","Cloak And Dagger"],"picked":"Slice","floor":3},{"not_picked":["Deadly Poison","Quick Slash"],"picked":"Endless Agony","floor":5},{"not_picked":["Storm of Steel","Accuracy"],"picked":"Dagger Throw","floor":6},{"not_picked":["Quick Slash","Flying Knee"],"picked":"Blur","floor":7},{"not_picked":["Dagger Spray","Doppelganger"],"picked":"Corpse Explosion","floor":8},{"not_picked":["Dagger Spray","Accuracy","Prepared"],"picked":"SKIP","floor":10},{"not_picked":["Quick Slash","Bane"],"picked":"Backflip","floor":11},{"not_picked":["Cloak And Dagger","Deflect"],"picked":"Noxious Fumes","floor":12},{"not_picked":["Quick Slash","Sucker Punch"],"picked":"Adrenaline","floor":14},{"not_picked":["Corpse Explosion","A Thousand Cuts"],"picked":"Malaise","floor":16},{"not_picked":["Poisoned Stab","Deflect","Caltrops"],"picked":"SKIP","floor":18},{"not_picked":["Sucker Punch+1","Tactician"],"picked":"Crippling Poison+1","floor":19},{"not_picked":["Prepared","Deflect"],"picked":"Leg Sweep","floor":20},{"not_picked":["Backstab","Eviscerate","Dagger Throw"],"picked":"SKIP","floor":23},{"not_picked":["Quick Slash","Bane"],"picked":"Corpse Explosion","floor":25},{"not_picked":["Flying Knee","Sucker Punch"],"picked":"Escape Plan","floor":27},{"not_picked":["Dagger Spray","Caltrops"],"picked":"PiercingWail","floor":28},{"not_picked":["Flechettes+1","Backstab+1","Bane"],"picked":"SKIP","floor":29},{"not_picked":["Cloak And Dagger","Deflect","Die Die Die"],"picked":"SKIP","floor":31},{"not_picked":["Phantasmal Killer","Grand Finale"],"picked":"Bullet Time","floor":33},{"not_picked":["Sucker Punch","Deflect"],"picked":"Distraction+1","floor":35},{"not_picked":["Cloak And Dagger","Outmaneuver"],"picked":"PiercingWail","floor":36},{"not_picked":["Dash","Terror","Deflect"],"picked":"SKIP","floor":37},{"not_picked":["Finesse","Thinking Ahead"],"picked":"Apotheosis","floor":39},{"not_picked":["Blind","Dramatic Entrance"],"picked":"Panacea","floor":39},{"not_picked":["Forethought","Jack Of All Trades"],"picked":"Panacea","floor":39},{"not_picked":["Heel Hook+1","Quick Slash+1"],"picked":"Acrobatics+1","floor":41},{"not_picked":["Expertise","Slice+1"],"picked":"Outmaneuver","floor":44},{"not_picked":["Backstab+1","Poisoned Stab+1"],"picked":"Footwork","floor":45},{"not_picked":["Dodge and Roll+1","Tactician"],"picked":"Footwork+1","floor":46},{"not_picked":["Bane+1","Quick Slash+1"],"picked":"Acrobatics","floor":47},{"not_picked":["Quick Slash+1","Outmaneuver"],"picked":"Concentrate+1","floor":53},{"not_picked":["Finisher+1","All Out Attack+1","Predator+1"],"picked":"SKIP","floor":55}],"player_experience":41910,"relics_obtained":[{"floor":6,"key":"Torii"},{"floor":8,"key":"Oddly Smooth Stone"},{"floor":9,"key":"Dream Catcher"},{"floor":10,"key":"Snake Skull"},{"floor":23,"key":"CeramicFish"},{"floor":25,"key":"MawBank"},{"floor":26,"key":"Bag of Marbles"},{"floor":31,"key":"Bronze Scales"},{"floor":36,"key":"Tough Bandages"},{"floor":41,"key":"Molten Egg 2"},{"floor":45,"key":"Omamori"},{"floor":55,"key":"White Beast Statue"}],"event_choices":[{"damage_healed":0,"gold_gain":0,"cards_transformed":["Defend_G"],"player_choice":"Transformed","damage_taken":0,"max_hp_gain":0,"max_hp_loss":0,"event_name":"Transmorgrifier","floor":2,"gold_loss":0,"cards_obtained":["Poisoned Stab"]},{"damage_healed":0,"gold_gain":0,"cards_transformed":["Strike_G","Strike_G"],"player_choice":"Became Test Subject","damage_taken":0,"max_hp_gain":0,"max_hp_loss":0,"event_name":"Drug Dealer","floor":21,"gold_loss":0,"cards_obtained":["Heel Hook","Grand Finale"]},{"damage_healed":0,"gold_gain":0,"player_choice":"Opened","damage_taken":0,"relics_obtained":["Thread and Needle"],"max_hp_gain":0,"max_hp_loss":0,"event_name":"The Mausoleum","floor":22,"gold_loss":0,"cards_obtained":["Writhe"]},{"damage_healed":0,"gold_gain":0,"player_choice":"Ignored","damage_taken":0,"max_hp_gain":0,"max_hp_loss":0,"event_name":"Vampires","floor":24,"gold_loss":0},{"damage_healed":0,"gold_gain":0,"player_choice":"Became a Ghost","damage_taken":0,"max_hp_gain":0,"max_hp_loss":37,"event_name":"Ghosts","floor":30,"gold_loss":0,"cards_obtained":["Ghostly","Ghostly","Ghostly"]},{"damage_healed":0,"gold_gain":0,"player_choice":"Fight","damage_taken":0,"max_hp_gain":0,"max_hp_loss":0,"event_name":"Mysterious Sphere","floor":36,"gold_loss":0},{"damage_healed":0,"gold_gain":0,"player_choice":"Rummage","damage_taken":0,"relics_obtained":["WarpedTongs"],"max_hp_gain":0,"max_hp_loss":0,"event_name":"Accursed Blacksmith","floor":38,"gold_loss":0,"cards_obtained":["Pain"]},{"damage_healed":0,"gold_gain":0,"player_choice":"Memory 3","damage_taken":10,"max_hp_gain":0,"max_hp_loss":0,"event_name":"SensoryStone","floor":39,"gold_loss":0}],"is_beta":false,"boss_relics":[{"not_picked":["Calling Bell","Ectoplasm"],"picked":"SlaversCollar"},{"not_picked":["Ring of the Serpent","WristBlade"],"picked":"Empty Cage"}],"items_purged_floors":[4,40,42,48],"is_endless":false,"potions_floor_spawned":[1,3,10,12,14,18,23,33,35,45,55],"ascension_level":20}}