{"host":"klzxa3457b6fcx00","time":1609481826,"event":{"mods":["AchievementEnabler","BaseMod","Downfall","Minty Spire (QoL Compilation)","Replay The Spire","StSLib"],"gold_per_floor":[109,126,144,162,174,174,200,217,241,241,276,287,300,300,300,401,701,716,736,754,10,23,23,36,36,36,36,63,63,78,90,90,185,185,199,218,218,187,199,199,230,250,250,268,268,268,285,285,285,285],"floor_reached":51,"playtime":2742,"items_purged":["Writhe"],"score":742,"play_id":"b5b5d467-b51d-433b-9cf8-4dcc16656157","local_time":"20210101131706","is_ascension_mode":false,"campfire_choices":[{"data":"Perfected Strike","floor":6.0,"key":"SMITH"},{"data":"Whirlwind","floor":10.0,"key":"SMITH"},{"floor":15.0,"key":"REST"},{"floor":23.0,"key":"REST"},{"floor":25.0,"key":"REST"},{"data":"Spot Weakness","floor":27.0,"key":"SMITH"},{"floor":32.0,"key":"REST"},{"floor":40,"key":"REST"},{"floor":45,"key":"REST"},{"floor":49,"key":"REST"}],"circlet_count":0,"master_deck":["Strike_R","Strike_R","Strike_R","Strike_R","Strike_R","Defend_R","Defend_R","Defend_R","Defend_R","Run Through","Perfected Strike+1","Cleave","Intimidate","Whirlwind+1","Wild Strike","ReplayTheSpireMod:Faulty Equipment","ReplayTheSpireMod:Faulty Equipment","Anger+1","Iron Wave+1","Thunderclap+1","Rampage+1","Spot Weakness+1","Heavy Blade+1","Limit Break","Heavy Blade+1","Replay:Undeath\u0027s Touch+1","Wild Strike+1","Shrug It Off+1","Inflame","Thunderclap+1","Cleave+1","Combust+1","Wild Strike+1","Pot Of Greed","Pot Of Greed","Pot Of Greed","Intimidate+1"],"relics":["Burning Blood","NeowsBlessing","Quantum Egg","Bronze Scales","The Courier","Pet Ghost","Replay:Ancient Bell","Nunchaku","Molten Egg 2","Old Coin","Charon\u0027s Ashes","Replay:Bottled Snecko","Snack Pack","Replay:WaspNest","Centennial Puzzle","Honey Jar","Lizard Tail","Grinning Jar"],"acts_visited":["Exordium","TheCity","TheBeyond"],"potions_floor_usage":[41,42,50,50],"damage_taken":[{"damage":0.0,"enemies":"2 Louse","floor":1.0,"turns":1.0},{"damage":0.0,"enemies":"Cultist","floor":2.0,"turns":1.0},{"damage":0.0,"enemies":"Small Slimes","floor":3.0,"turns":1.0},{"damage":1.0,"enemies":"2 Fungi Beasts","floor":4.0,"turns":3.0},{"damage":11.0,"enemies":"Lots of Slimes","floor":5.0,"turns":4.0},{"damage":31.0,"enemies":"Gremlin Nob","floor":7.0,"turns":4.0},{"damage":7.0,"enemies":"3 Louse","floor":8.0,"turns":2.0},{"damage":30.0,"enemies":"Lagavulin","floor":11.0,"turns":6.0},{"damage":0.0,"enemies":"Gremlin Gang","floor":12.0,"turns":3.0},{"damage":17.0,"enemies":"Exordium Thugs","floor":13.0,"turns":4.0},{"damage":28.0,"enemies":"Hexaghost","floor":16.0,"turns":9.0},{"damage":23.0,"enemies":"Shell Parasite","floor":18.0,"turns":7.0},{"damage":25.0,"enemies":"2 Thieves","floor":19.0,"turns":3.0},{"damage":38.0,"enemies":"Sentry and Sphere","floor":20.0,"turns":6.0},{"damage":0.0,"enemies":"3 Cultists","floor":22.0,"turns":3.0},{"damage":10.0,"enemies":"Centurion and Healer","floor":24.0,"turns":4.0},{"damage":31.0,"enemies":"Slavers","floor":28.0,"turns":3.0},{"damage":7.0,"enemies":"Cultist and Chosen","floor":30.0,"turns":4.0},{"damage":16.0,"enemies":"Sentry and Sphere","floor":31.0,"turns":4.0},{"damage":59.0,"enemies":"Champ","floor":33.0,"turns":7.0},{"damage":16,"enemies":"3 Darklings","floor":35,"turns":2},{"damage":5,"enemies":"Orb Walker","floor":36,"turns":3},{"damage":40,"enemies":"Spire Growth","floor":39,"turns":4},{"damage":57,"enemies":"Giant Head","floor":41,"turns":7},{"damage":1,"enemies":"Transient","floor":42,"turns":5},{"damage":3,"enemies":"3 Darklings","floor":44,"turns":3},{"damage":38,"enemies":"Jaw Worm Horde","floor":47,"turns":3},{"damage":113,"enemies":"Donu and Deca","floor":50,"turns":7}],"seed_played":"6823819718728814758","potions_obtained":[{"floor":1.0,"key":"DuplicationPotion"},{"floor":7.0,"key":"BloodPotion"},{"floor":12.0,"key":"Dexterity Potion"},{"floor":13.0,"key":"Weak Potion"},{"floor":20.0,"key":"Explosive Potion"},{"floor":22.0,"key":"Energy Potion"},{"floor":24.0,"key":"EntropicBrew"},{"floor":33.0,"key":"Energy Potion"},{"floor":41,"key":"Regen Potion"},{"floor":42,"key":"Guardian:BlockOnCardUsePotion"},{"floor":44,"key":"DuplicationPotion"}],"is_trial":false,"path_per_floor":["M","M","M","M","M","R","E","M","T","R","E","M","M","?","R","B",null,"M","M","M","$","M","R","M","R","T","R","E","?","M","M","R","B",null,"M","M","?","$","M","R","E","M","T","M","R","?","M","?","R","B",null],"character_chosen":"IRONCLAD","items_purchased":["Rampage+1","Charon\u0027s Ashes","Replay:Bottled Snecko","Snack Pack","Inflame"],"campfire_rested":7,"item_purchase_floors":[21,21,21,21,38],"current_hp_per_floor":[80,80,80,80,75,75,50,49,49,49,41,47,36,18,42,20,80,63,44,12,12,18,42,42,66,66,66,41,41,40,32,56,11,80,70,73,73,73,41,65,20,45,45,50,74,74,42,42,66,10],"gold":285,"neow_bonus":"THREE_ENEMY_KILL","is_daily":false,"chose_seed":false,"campfire_upgraded":3,"win_rate":0.0,"timestamp":1609481826,"path_taken":["M","M","M","M","M","R","E","M","T","R","E","M","M","?","R","BOSS","M","M","M","$","M","R","M","R","T","R","E","?","M","?","R","BOSS","M","M","?","$","M","R","E","M","T","M","R","?","?","?","R","BOSS"],"items_purchased_type":["Card","Relic","Relic","Relic","Card"],"build_version":"2020-12-22","purchased_purges":1,"victory":true,"max_hp_per_floor":[80,80,80,80,80,80,80,80,80,80,80,80,80,80,80,80,80,80,80,80,80,80,80,80,80,80,80,80,80,80,80,80,80,80,80,80,80,80,80,80,80,80,80,80,80,80,80,80,80,80],"card_choices":[{"not_picked":["Rupture","ReplayTheSpireMod:Strike From Hell"],"picked":"Run Through","floor":1.0},{"not_picked":["Anger","Replay:Undeath\u0027s Touch"],"picked":"Perfected Strike","floor":2.0},{"not_picked":["Hemokinesis","Run Through"],"picked":"Cleave","floor":3.0},{"not_picked":["Pummel","Clothesline","Entrench"],"picked":"SKIP","floor":4.0},{"not_picked":["Eclipse","Second Wind","Defy Death"],"picked":"SKIP","floor":5.0},{"not_picked":["Cleave","Rage"],"picked":"Intimidate","floor":7.0},{"not_picked":["Thunderclap","Iron Wave"],"picked":"Whirlwind","floor":8.0},{"not_picked":["Clothesline","Clash"],"picked":"Wild Strike","floor":11.0},{"not_picked":["Metallicize","Whirlwind","Pummel"],"picked":"SKIP","floor":12.0},{"not_picked":["True Grit","Clothesline","Disarm"],"picked":"SKIP","floor":13.0},{"not_picked":["Hallucinations","ReplayTheSpireMod:Restless Dread"],"picked":"Writhe","floor":17.0},{"not_picked":["Pain","Guardian:Aged"],"picked":"ReplayTheSpireMod:Faulty Equipment","floor":17.0},{"not_picked":["Hallucinations","Pain"],"picked":"ReplayTheSpireMod:Faulty Equipment","floor":17.0},{"not_picked":["Flame Barrier","Replay:Undeath\u0027s Touch+1"],"picked":"Anger+1","floor":18.0},{"not_picked":["Intimidate","Fiend Fire+1"],"picked":"Iron Wave+1","floor":19.0},{"not_picked":["Intimidate+1","Searing Blow+1"],"picked":"Thunderclap+1","floor":20.0},{"not_picked":["ReplayTheSpireMod:Strike From Hell+1","ReplayReversal"],"picked":"Spot Weakness","floor":22.0},{"not_picked":["True Grit","Thunderclap+1"],"picked":"Heavy Blade+1","floor":24.0},{"not_picked":["ReplayReversal","Sever Soul+1"],"picked":"Limit Break","floor":28.0},{"not_picked":["Intimidate","Reckless Charge+1"],"picked":"Heavy Blade+1","floor":30.0},{"not_picked":["Thunderclap+1","Evolve"],"picked":"Replay:Undeath\u0027s Touch+1","floor":31.0},{"not_picked":["Uppercut+1","ReplayTheSpireMod:Strike From Hell+1","True Grit"],"picked":"Wild Strike+1","floor":35},{"not_picked":["Sentinel","Bloodletting+1","Second Wind+1"],"picked":"Shrug It Off+1","floor":36},{"not_picked":["Evolve+1","Heavy Blade+1","Burning Pact"],"picked":"Thunderclap+1","floor":39},{"not_picked":["Rupture","Demonic Infusion","Havoc"],"picked":"Cleave+1","floor":41},{"not_picked":["Clothesline+1","Rage+1","Sentinel"],"picked":"Combust+1","floor":42},{"not_picked":["Pummel+1","ReplayTheSpireMod:Limb From Limb+1","Body Slam+1"],"picked":"Wild Strike+1","floor":44},{"not_picked":["ReplayTheSpireMod:Strike From Hell+1","Run Through+1","Sword Boomerang+1"],"picked":"Intimidate+1","floor":47}],"player_experience":228953,"relics_obtained":[{"floor":7.0,"key":"Quantum Egg"},{"floor":9.0,"key":"Bronze Scales"},{"floor":11.0,"key":"The Courier"},{"floor":26.0,"key":"Replay:WaspNest"},{"floor":28.0,"key":"Centennial Puzzle"},{"floor":41,"key":"Lizard Tail"},{"floor":46,"key":"Grinning Jar"}],"event_choices":[{"damage_healed":0.0,"max_hp_gain":0.0,"max_hp_loss":0.0,"gold_gain":0.0,"event_name":"Scrap Ooze","player_choice":"Success","floor":14.0,"gold_loss":0.0,"damage_taken":18.0,"relics_obtained":["Pet Ghost"]},{"cards_removed":["Bash"],"damage_healed":0.0,"max_hp_gain":0.0,"max_hp_loss":0.0,"gold_gain":0.0,"event_name":"Bonfire Elementals","player_choice":"Offered Basic","floor":29.0,"gold_loss":0.0,"damage_taken":0.0},{"damage_healed":0,"gold_gain":0,"player_choice":"Ignored","damage_taken":0,"max_hp_gain":0,"max_hp_loss":0,"event_name":"Tomb of Lord Red Mask","floor":37,"gold_loss":0},{"damage_healed":0,"gold_gain":0,"player_choice":"Relic","damage_taken":0,"max_hp_gain":0,"max_hp_loss":0,"event_name":"Wheel of Change","floor":46,"gold_loss":0},{"damage_healed":0,"gold_gain":0,"player_choice":"Ignored","damage_taken":0,"max_hp_gain":0,"max_hp_loss":0,"event_name":"Purifier","floor":48,"gold_loss":0}],"is_beta":false,"boss_relics":[{"not_picked":["Runic Pyramid","Astrolabe"],"picked":"Replay:Ancient Bell"},{"not_picked":["ReplayTheSpireMod:Lightbulb","Replay:Wax Seal"],"picked":"Nunchaku"},{"not_picked":["Chameleon Ring","Sundial"],"picked":"Molten Egg 2"},{"not_picked":["WingedGreaves","Shovel"],"picked":"Old Coin"},{"not_picked":["ChewingGum","Empty Cage"],"picked":"Honey Jar"}],"items_purged_floors":[21],"is_endless":false,"potions_floor_spawned":[1,7,12,13,20,22,24,33,41,42,44],"ascension_level":0}}