{"host":"3jjxuhjpio8e4zkv","time":1609469726,"event":{"mods":["BaseMod","Colored Map","Highlight Path","Minty Spire (QoL Compilation)","Permanent Neow","Relic Stats","StSLib"],"gold_per_floor":[115,15,15,25,39,39,39,39,64,64,95,107,138,149,149,149,149],"floor_reached":16,"playtime":313,"items_purged":["Strike_G"],"score":220,"play_id":"ede8910e-c4f7-4cb3-8600-33a1b9d16567","local_time":"20201231215526","is_ascension_mode":true,"campfire_choices":[{"data":"Backstab","floor":6,"key":"SMITH"},{"data":"Flying Knee","floor":8,"key":"SMITH"},{"data":"Survivor","floor":10,"key":"SMITH"},{"data":"Neutralize","floor":15,"key":"SMITH"}],"circlet_count":0,"master_deck":["AscendersBane","Strike_G","Strike_G","Strike_G","Strike_G+1","Defend_G","Defend_G","Defend_G","Defend_G","Defend_G","Survivor+1","Neutralize+1","Masterful Stab+1","Flying Knee+1","Backstab+1","Footwork+1","Deadly Poison","Infinite Blades"],"relics":["Ring of the Snake","Art of War","Regal Pillow","Paper Crane"],"acts_visited":["Exordium"],"potions_floor_usage":[13],"damage_taken":[{"damage":1,"enemies":"Small Slimes","floor":1,"turns":3},{"damage":0,"enemies":"Cultist","floor":4,"turns":2},{"damage":1,"enemies":"Jaw Worm","floor":5,"turns":2},{"damage":7,"enemies":"Lagavulin","floor":11,"turns":5},{"damage":0,"enemies":"Looter","floor":12,"turns":3},{"damage":20,"enemies":"Gremlin Nob","floor":13,"turns":4},{"damage":0,"enemies":"3 Louse","floor":14,"turns":2},{"damage":33,"enemies":"Hexaghost","floor":16,"turns":9}],"seed_played":"2409549065650450613","potions_obtained":[{"floor":4,"key":"SpeedPotion"},{"floor":11,"key":"Dexterity Potion"},{"floor":13,"key":"Ancient Potion"}],"is_trial":false,"path_per_floor":["M","$","?","M","M","R","?","R","T","R","E","M","E","M","R","B"],"character_chosen":"THE_SILENT","items_purchased":["Flying Knee"],"campfire_rested":0,"item_purchase_floors":[2],"current_hp_per_floor":[58,58,58,58,57,57,57,57,57,57,50,50,30,30,30,0,0],"gold":149,"neow_bonus":"UPGRADE_CARD","is_daily":false,"chose_seed":false,"campfire_upgraded":4,"win_rate":0.0,"timestamp":1609469726,"path_taken":["M","$","?","?","M","R","?","R","T","R","E","M","E","M","R","BOSS"],"items_purchased_type":["Card"],"build_version":"2020-12-22","purchased_purges":1,"victory":false,"max_hp_per_floor":[66,66,66,66,66,66,66,66,66,66,66,66,66,66,66,66,66],"relic_stats":{"Regal Pillow":0,"counters":[8,30],"Art of War":[0],"obtain_stats":[{"Regal Pillow":11,"Art of War":9,"Paper Crane":13,"Ring of the Snake":0},{"Regal Pillow":4,"Art of War":3,"Paper Crane":6,"Ring of the Snake":0},{"Regal Pillow":12,"Art of War":7,"Paper Crane":19,"Ring of the Snake":0}],"Ring of the Snake":[16]},"card_choices":[{"not_picked":["PiercingWail","Flechettes"],"picked":"Masterful Stab","floor":1},{"not_picked":["Prepared","Sucker Punch"],"picked":"Backstab","floor":4},{"not_picked":["Reflex","Accuracy"],"picked":"Footwork","floor":5},{"not_picked":["Crippling Poison","Choke","Quick Slash"],"picked":"SKIP","floor":11},{"not_picked":["Catalyst","Reflex"],"picked":"Deadly Poison","floor":12},{"not_picked":["Dagger Spray","Dodge and Roll","Choke"],"picked":"SKIP","floor":13},{"not_picked":["Blade Dance","Acrobatics"],"picked":"Infinite Blades","floor":14}],"player_experience":1155862,"relics_obtained":[{"floor":9,"key":"Art of War"},{"floor":11,"key":"Regal Pillow"},{"floor":13,"key":"Paper Crane"}],"event_choices":[{"damage_healed":0,"gold_gain":0,"player_choice":"Upgraded","damage_taken":0,"max_hp_gain":0,"max_hp_loss":0,"event_name":"Upgrade Shrine","floor":3,"gold_loss":0,"cards_upgraded":["Masterful Stab"]},{"damage_healed":0,"gold_gain":0,"player_choice":"Grow","damage_taken":0,"max_hp_gain":0,"max_hp_loss":0,"event_name":"Living Wall","floor":7,"gold_loss":0,"cards_upgraded":["Footwork"]}],"is_beta":false,"boss_relics":[],"items_purged_floors":[2],"is_endless":false,"potions_floor_spawned":[4,11,13],"killed_by":"Hexaghost","ascension_level":20}}