{"host":"6koe3tp991t999dm","time":1609459434,"event":{"mods":["Act Like it!","Arknights The Spire","Astrologer","BaseMod","Bestiary","CapriCore","Colored Powertips","DeckTracker","Downfall","Gensokyo","Halation","Highlight Path","Hubris","Infinite Spire","Koishi","Lobotomy","LobotomyExtend","Marisa（霧雨　魔理沙）","Minty Spire (QoL Compilation)","Prisma Mod","Rare Cards Sparkle","Relic Stats","Remilia（蕾米莉?）","Replay The Spire","RumiaBox-露米?的神秘盒子","StSLib","The Alterego","The Immortal","The Jungle","The Mystic","WarShipGirlsR/??少女R mod","Yakumo Yukari mod","vexMod"],"gold_per_floor":[117,133,133,133,133,167,167,183,229,75,119,119,119,119,119,239,239,254,278,278,278,181,181,203,203,203,203,228,255,271,306,306,431,431,452,526,526,526,75,75,106,106,106,129,129,36,36,36,36,42],"floor_reached":51,"playtime":2530,"items_purged":["Injury","Koishi:RollingInRichesHeart+1","Koishi:BasicStrike"],"score":919,"play_id":"863496ee-e78e-4ee7-90a6-8e94203be835","local_time":"20210101010354","is_ascension_mode":false,"campfire_choices":[{"data":"Koishi:MindStellarRelief","floor":12,"key":"SMITH"},{"floor":15,"key":"REST"},{"floor":23,"key":"REST"},{"floor":32,"key":"DIG"},{"data":"Koishi:Catatonia","floor":40,"key":"SMITH"},{"data":"Koishi:StingingMind","floor":40,"key":"SMITH"},{"data":"Koishi:RacingHeart","floor":42,"key":"SMITH"},{"data":"Koishi:StingingMind","floor":42,"key":"SMITH"},{"data":"Koishi:StingingMind","floor":45,"key":"SMITH"},{"data":"Koishi:RacingHeart","floor":45,"key":"SMITH"},{"floor":49,"key":"REST"}],"circlet_count":0,"master_deck":["Koishi:BasicStrike","Koishi:BasicStrike","Koishi:BasicDefend","Koishi:BasicDefend","Koishi:BasicDefend","Koishi:Provoke","Koishi:HauntingSlash","Koishi:StingingMind+1","Koishi:StingingMind+1","Koishi:RacingHeart+1","Koishi:MindStellarRelief+1","Koishi:BloodcurdlingScream","Koishi:RacingHeart+1","Koishi:ParalyzingFear","Necronomicurse","Koishi:StingingMind+1","Koishi:DreadfulBlow+1","Koishi:Jaunt+1","Koishi:TerrifyingSpectre+1","Koishi:DreadfulBlow","Koishi:DanmakuParanoia+1","Koishi:Catatonia+1","Koishi:PerfectMindControl+1","Koishi:BloodcurdlingScream+1","Koishi:StingingMind+1","Koishi:MindStellarRelief+1","Koishi:TraumaticStroke+1","Koishi:StingingMind+1"],"relics":["Koishi:ImaginaryFriend","NeowsBlessing","LetterFromLob","Golden Idol","halation:PromiseList","ats:Originium","WingedGreaves","Ancient Tea Set","infinitespire:Beetle Shell","Golden Egg","Toy Ornithopter","hubris:CuriousFeather","hubris:GrandSneckoEye","Sozu","halation:IllGainedPizza","Necronomicon","Replay:Arrowhead","vexMod:TimeEaterHat","Gambling Chip","hubris:GlazedTorus","Oddly Smooth Stone","ChewingGum","Ginger","infinitespire:ShieldingShard","hubris:Backtick","infinitespire:Bottled Soul","halation:Sosunser","Replay:Rubber Ducky","vexMod:ScavengeHelm","halation:NonexistentMirror"],"acts_visited":["Exordium","TheCity","TheBeyond"],"potions_floor_usage":[16,16,16],"damage_taken":[{"damage":0,"enemies":"Small Slimes","floor":1,"turns":1},{"damage":0,"enemies":"2 Louse","floor":2,"turns":1},{"damage":0,"enemies":"3 Sentries","floor":6,"turns":1},{"damage":8,"enemies":"Jaw Worm","floor":8,"turns":5},{"damage":0,"enemies":"Replay:BlueRogue","floor":11,"turns":5},{"damage":13,"enemies":"Hexaghost","floor":16,"turns":7},{"damage":22,"enemies":"2 Thieves","floor":18,"turns":3},{"damage":35,"enemies":"3 Byrds","floor":19,"turns":5},{"damage":18,"enemies":"Shelled Parasite and Fungi","floor":24,"turns":2},{"damage":0,"enemies":"3 Cultists","floor":28,"turns":2},{"damage":10,"enemies":"Chosen and Byrds","floor":29,"turns":3},{"damage":0,"enemies":"Snake Plant","floor":30,"turns":2},{"damage":12,"enemies":"Book of Stabbing","floor":31,"turns":2},{"damage":0,"enemies":"hubris:MusketHawk","floor":33,"turns":3},{"damage":0,"enemies":"3 Darklings","floor":35,"turns":2},{"damage":19,"enemies":"2 Orb Walkers","floor":36,"turns":4},{"damage":18,"enemies":"3 Shapes","floor":41,"turns":2},{"damage":0,"enemies":"3 Darklings","floor":44,"turns":2},{"damage":14,"enemies":"Time Eater","floor":50,"turns":4}],"seed_played":"180654673758581545","potions_obtained":[{"floor":6,"key":"Swift Potion"},{"floor":14,"key":"champ:CounterPotion"},{"floor":14,"key":"PowerPotion"},{"floor":14,"key":"SpeedPotion"},{"floor":16,"key":"FearPotion"},{"floor":19,"key":"Guardian:BlockOnCardUsePotion"}],"is_trial":false,"path_per_floor":["M","M","?","?","?","E","?","M","T","$","E","R","$","?","R","B",null,"M","M","AVR","?","$","R","M","?","T","?","M","M","M","E","R","B",null,"M","?","AVR","?","$","R","M","R","T","M","R","$","?","$","R","B",null],"character_chosen":"KOISHI","items_purchased":["Koishi:MindStellarRelief","Golden Egg","Toy Ornithopter","hubris:CuriousFeather","Koishi:StingingMind","Koishi:DreadfulBlow","Replay:Arrowhead","vexMod:TimeEaterHat","Koishi:MindStellarRelief","halation:Sosunser","Replay:Rubber Ducky","Koishi:StingingMind","halation:NonexistentMirror"],"campfire_rested":3,"item_purchase_floors":[10,13,13,13,22,22,22,22,39,39,39,46,46],"current_hp_per_floor":[60,60,60,48,48,48,48,44,44,44,51,51,6,6,24,40,60,46,19,19,3,3,21,9,9,9,60,60,58,60,60,60,60,60,60,41,41,41,41,41,34,34,34,43,43,43,43,43,60,60],"gold":42,"neow_bonus":"THREE_ENEMY_KILL","is_daily":false,"chose_seed":false,"campfire_upgraded":7,"win_rate":0.0,"timestamp":1609459434,"path_taken":["M","M","?","?","?","E","?","?","T","$","E","R","?","?","R","BOSS","M","M","AVR","?","$","R","M","?","T","?","M","M","?","E","R","BOSS","M","?","AVR","?","$","R","M","R","T","?","R","$","?","?","R","BOSS"],"items_purchased_type":["Card","Relic","Relic","Relic","Card","Card","Relic","Relic","Card","Relic","Relic","Card","Relic"],"build_version":"2020-12-22","purchased_purges":3,"victory":true,"max_hp_per_floor":[60,60,60,60,60,60,60,60,60,60,60,60,60,60,60,60,60,60,60,60,60,60,60,60,60,60,60,60,60,60,60,60,60,60,60,60,60,60,60,60,60,60,60,60,60,60,60,60,60,60],"relic_stats":{"Sozu":2,"counters":[19,56],"Golden Idol":152,"Gambling Chip":[13],"Necronomicon":[20],"Ginger":[1],"obtain_stats":[{"Golden Egg":13,"halation:Sosunser":39,"Ginger":36,"Ancient Tea Set":9,"Replay:Rubber Ducky":39,"Sozu":20,"infinitespire:ShieldingShard":37,"hubris:Backtick":37,"infinitespire:Bottled Soul":37,"Gambling Chip":26,"WingedGreaves":6,"hubris:CuriousFeather":13,"halation:PromiseList":4,"Necronomicon":21,"hubris:GlazedTorus":31,"NeowsBlessing":0,"Golden Idol":3,"vexMod:ScavengeHelm":43,"halation:IllGainedPizza":20,"Oddly Smooth Stone":32,"vexMod:TimeEaterHat":22,"infinitespire:Beetle Shell":11,"Replay:Arrowhead":22,"halation:NonexistentMirror":46,"ats:Originium":6,"ChewingGum":34,"LetterFromLob":1,"hubris:GrandSneckoEye":17,"Toy Ornithopter":13,"Koishi:ImaginaryFriend":0},{"Golden Egg":5,"halation:Sosunser":16,"Ginger":16,"Ancient Tea Set":4,"Replay:Rubber Ducky":16,"Sozu":8,"infinitespire:ShieldingShard":16,"hubris:Backtick":16,"infinitespire:Bottled Soul":16,"Gambling Chip":9,"WingedGreaves":3,"hubris:CuriousFeather":5,"halation:PromiseList":2,"Necronomicon":8,"hubris:GlazedTorus":13,"NeowsBlessing":0,"Golden Idol":2,"vexMod:ScavengeHelm":17,"halation:IllGainedPizza":8,"Oddly Smooth Stone":13,"vexMod:TimeEaterHat":8,"infinitespire:Beetle Shell":5,"Replay:Arrowhead":8,"halation:NonexistentMirror":18,"ats:Originium":3,"ChewingGum":14,"LetterFromLob":1,"hubris:GrandSneckoEye":6,"Toy Ornithopter":5,"Koishi:ImaginaryFriend":0},{"Golden Egg":13,"halation:Sosunser":48,"Ginger":48,"Ancient Tea Set":8,"Replay:Rubber Ducky":48,"Sozu":28,"infinitespire:ShieldingShard":48,"hubris:Backtick":48,"infinitespire:Bottled Soul":48,"Gambling Chip":30,"WingedGreaves":3,"hubris:CuriousFeather":13,"halation:PromiseList":2,"Necronomicon":28,"hubris:GlazedTorus":39,"NeowsBlessing":0,"Golden Idol":2,"vexMod:ScavengeHelm":50,"halation:IllGainedPizza":28,"Oddly Smooth Stone":39,"vexMod:TimeEaterHat":28,"infinitespire:Beetle Shell":13,"Replay:Arrowhead":28,"halation:NonexistentMirror":52,"ats:Originium":3,"ChewingGum":42,"LetterFromLob":1,"hubris:GrandSneckoEye":20,"Toy Ornithopter":13,"Koishi:ImaginaryFriend":0}],"Toy Ornithopter":15},"card_choices":[{"not_picked":["Koishi:BloodcurdlingScream","Koishi:DanmakuParanoia"],"picked":"Koishi:StingingMind","floor":1},{"not_picked":["Koishi:TremblingHands","Koishi:EmbryosDream"],"picked":"Koishi:StingingMind","floor":2},{"not_picked":["Koishi:EmbryosDream","Koishi:GhostParty"],"picked":"Koishi:ReleaseOfTheId","floor":6},{"not_picked":["Koishi:ReleaseOfTheId","Koishi:EmbryosDream"],"picked":"Koishi:RacingHeart","floor":8},{"not_picked":["Koishi:MentalBreakdown","Koishi:Vanish"],"picked":"Koishi:BloodcurdlingScream","floor":11},{"not_picked":["Koishi:Ego","Koishi:ConditionedTeleport"],"picked":"Koishi:RollingInRichesHeart","floor":16},{"not_picked":["Koishi:ParalyzingFear","Koishi:PhantomBarrier"],"picked":"Koishi:RacingHeart","floor":18},{"not_picked":["Koishi:UnansweredLove","Koishi:VengefulSpirit"],"picked":"Koishi:ParalyzingFear","floor":19},{"not_picked":["Koishi:PhantomStrike","Koishi:HeartfeltFancy"],"picked":"Koishi:Jaunt+1","floor":24},{"not_picked":["Koishi:Ego","Koishi:Prune"],"picked":"Koishi:DreadfulBlow","floor":28},{"not_picked":["Koishi:GhostParty","Koishi:FleetingPhantom+1","Koishi:UnansweredLove"],"picked":"SKIP","floor":29},{"not_picked":["Koishi:SubterraneanRose","Koishi:Prune+1"],"picked":"Koishi:DanmakuParanoia+1","floor":30},{"not_picked":["Koishi:ApparitionsStalkTheNight","Koishi:YoukaiPolygraph"],"picked":"Koishi:Catatonia","floor":31},{"not_picked":["Koishi:ConditionedTeleport","Koishi:FormlessExistence"],"picked":"Koishi:PerfectMindControl","floor":33},{"not_picked":["Koishi:CatchAndRose+1","Koishi:FidgetySnatcher"],"picked":"Koishi:BloodcurdlingScream+1","floor":35},{"not_picked":["Koishi:ReflexRadar","Koishi:UnconsciousUprising+1"],"picked":"Koishi:StingingMind","floor":36},{"not_picked":["Koishi:PhantomBarrier+1","Koishi:GeneticsOfTheUnconscious+1","Koishi:GhostParty"],"picked":"SKIP","floor":41},{"not_picked":["Koishi:ReflexRadar","Koishi:Ego"],"picked":"Koishi:TraumaticStroke+1","floor":44}],"player_experience":33329,"relics_obtained":[{"floor":1,"key":"LetterFromLob"},{"floor":6,"key":"ats:Originium"},{"floor":6,"key":"WingedGreaves"},{"floor":9,"key":"Ancient Tea Set"},{"floor":11,"key":"ats:Originium"},{"floor":11,"key":"infinitespire:Beetle Shell"},{"floor":21,"key":"Necronomicon"},{"floor":26,"key":"Gambling Chip"},{"floor":31,"key":"ats:Originium"},{"floor":31,"key":"hubris:GlazedTorus"},{"floor":32,"key":"Oddly Smooth Stone"},{"floor":36,"key":"Ginger"},{"floor":43,"key":"vexMod:ScavengeHelm"}],"event_choices":[{"damage_healed":0,"gold_gain":0,"player_choice":"Take Wound","damage_taken":0,"relics_obtained":["Golden Idol"],"max_hp_gain":0,"max_hp_loss":0,"event_name":"Golden Idol","floor":3,"gold_loss":0,"cards_obtained":["Injury"]},{"damage_healed":0,"gold_gain":0,"player_choice":"Success","damage_taken":12,"relics_obtained":["halation:PromiseList"],"max_hp_gain":0,"max_hp_loss":0,"event_name":"Scrap Ooze","floor":4,"gold_loss":0},{"damage_healed":0,"gold_gain":0,"player_choice":"Got Potions","damage_taken":0,"max_hp_gain":0,"max_hp_loss":0,"event_name":"Lab","floor":14,"gold_loss":0},{"damage_healed":0,"gold_gain":0,"player_choice":"Obtained Book","damage_taken":16,"max_hp_gain":0,"max_hp_loss":0,"event_name":"Cursed Tome","floor":21,"gold_loss":0},{"cards_removed":["Koishi:ReleaseOfTheId"],"damage_healed":51,"gold_gain":0,"player_choice":"Offered Uncommon","damage_taken":0,"max_hp_gain":0,"max_hp_loss":0,"event_name":"Bonfire Elementals","floor":27,"gold_loss":0},{"damage_healed":0,"gold_gain":0,"player_choice":"Fight","damage_taken":0,"max_hp_gain":0,"max_hp_loss":0,"event_name":"Mysterious Sphere","floor":36,"gold_loss":0},{"cards_removed":["Koishi:BasicStrike"],"damage_healed":0,"gold_gain":0,"player_choice":"Purged","damage_taken":0,"max_hp_gain":0,"max_hp_loss":0,"event_name":"Purifier","floor":38,"gold_loss":0},{"damage_healed":0,"gold_gain":0,"player_choice":"Memory 1","damage_taken":0,"max_hp_gain":0,"max_hp_loss":0,"event_name":"SensoryStone","floor":47,"gold_loss":0}],"is_beta":false,"boss_relics":[{"not_picked":["hubris:Stopwatch","halation:Yufonium"],"picked":"hubris:GrandSneckoEye"},{"not_picked":["vexMod:RockOfEvil","AddBug"],"picked":"ChewingGum"}],"items_purged_floors":[20,22,37],"is_endless":false,"potions_floor_spawned":[6,16,19,28,41],"ascension_level":0}}