{"host":"o42wl4m5pnzrnqrg","time":1609477748,"event":{"mods":["2.2 Compatiblity","Act Like it!","Arknights The Spire","BaseMod","Best Route Mod","Better Match","Better Note","Better Skull","Better Third Choice","Better Vampires","CapriCore","Colored Map","Curses Come First","Dota2Spire","Ekko","Evolution","Friendly Minions","GifTheSpireLib","Gold Saver","Hallownest","Hubris","Jess\u0027s Bottle","Kratos Character Expansion","Luminous","Mari Mod (Legacy)","Mari\u0027s V1 Patch","Marisa????????","Minty Spire (QoL Compilation)","Permanent Neow","Rare Cards Sparkle","Relic Stats","Replay The Spire","Robot Space Explorer","SOS???????","Shade Mod","Shop Mod","Small Relic Pack","Spicy Shops","StSLib","The Bladedancer","The Blue Laboratory","The Bug Knight","The Dragon Tamer","The Marked","TheSwordswoman","TheWitcher","Transform Curses","???mod?????","??????REMEMod"],"gold_per_floor":[111,125,55,55,55,55,21,21,21,48,60,86,102,22,22,126,126,139,139,60,77,2,2,21,21,21,21,21],"floor_reached":27,"playtime":25751,"items_purged":[],"score":269,"play_id":"308854be-336e-4daf-bf43-2cec815fb789","local_time":"20210101010908","is_ascension_mode":false,"campfire_choices":[{"data":"Metamorphosis","floor":6,"key":"SMITH"},{"data":"HollowMod:HowlingWraiths","floor":8,"key":"SMITH"},{"data":"HollowMod:Grubsong","floor":15,"key":"SMITH"},{"data":"HollowMod:Weaversong","floor":23,"key":"SMITH"},{"data":"HollowMod:AwokenDreamNail","floor":25,"key":"SMITH"}],"circlet_count":0,"master_deck":["HollowMod:NailStrikeStart","HollowMod:NailStrikeStart","HollowMod:NailStrikeStart","HollowMod:NailStrikeStart","HollowMod:QuickDashStart","HollowMod:QuickDashStart","HollowMod:QuickDashStart","HollowMod:QuickDashStart","HollowMod:FocusHealStart","HollowMod:PogoStrike","Metamorphosis+1","ReplayTheSpireMod:Brewmster","HollowMod:HowlingWraiths+1","HollowMod:CornifersMapStart","HollowMod:SoulStrike+1","HollowMod:SiblingsSouls","HollowMod:Grubsong+1","HollowMod:AwokenDreamNail+1","HollowMod:PerfectDash","HollowMod:DesolateDive","HollowMod:Weaversong+1","HollowMod:GoodIntentions","HollowMod:MothsMistake+1","HollowMod:NewGlowingWomb","HollowMod:TaintedHusks","HollowMod:SoulVessel"],"relics":["HollowMod:VesselMask","EVO:Axolotl","REME_ComplimentaryCards","Hallownest:StagBellRelic1","Hallownest:SheosBrushRelic","SnafuTest:BearRelic","ats:Originium","hubris:CuriousFeather","Nunchaku","hubris:CrackedHourglass","Ginger"],"acts_visited":["Exordium","Hallownest:Greenpath"],"potions_floor_usage":[2,10,11,11,12,12,12,13,16,16,16,16,16,16,18,18,21,21,21,21,21,21,24,27,27,27],"damage_taken":[{"damage":0,"enemies":"2_ Uuma","floor":1,"turns":4},{"damage":9,"enemies":"Hallownest:monsterHuskGuard","floor":2,"turns":4},{"damage":0,"enemies":"Hallownest:eliteVengeflyKing","floor":10,"turns":5},{"damage":13,"enemies":"Hallownest:2_Baldur","floor":11,"turns":4},{"damage":0,"enemies":"Hallownest:eliteMossKnight","floor":12,"turns":4},{"damage":0,"enemies":"Hallownest:Wandering_and_Horned","floor":13,"turns":2},{"damage":49,"enemies":"Hallownest:BossHornet","floor":16,"turns":7},{"damage":15,"enemies":"Hallownest:Flukemon_and_Top","floor":18,"turns":5},{"damage":0,"enemies":"Hallownest:Guard_and_Sentry","floor":21,"turns":3},{"damage":16,"enemies":"Hallownest:Master_and_Novice","floor":24,"turns":3},{"damage":1,"enemies":"Hallownest:Nosk","floor":27,"turns":5}],"seed_played":"-4208650271625042518","potions_obtained":[{"floor":13,"key":"PowerPotion"},{"floor":16,"key":"blueLaboratory:PolymorphPotion"},{"floor":18,"key":"Dexterity Potion"}],"is_trial":false,"path_per_floor":["M","M","?","?","?","R","$","R","T","E","M","E","M","$","R","B",null,"M","?","$","M","?","R","M","R","T","E"],"character_chosen":"THE_BUGKNIGHT","items_purchased":["HollowMod:SoulStrike+1","HollowMod:DesolateDive","HollowMod:GoodIntentions"],"campfire_rested":0,"item_purchase_floors":[7,14,20],"current_hp_per_floor":[68,59,59,59,59,59,59,59,59,59,64,64,64,64,64,15,68,56,56,56,58,58,58,42,42,42,0,0],"gold":21,"neow_bonus":"RANDOM_COLORLESS_2","is_daily":false,"chose_seed":false,"campfire_upgraded":5,"win_rate":0.0,"timestamp":1609477748,"path_taken":["M","M","?","?","?","R","?","R","T","E","M","E","?","$","R","BOSS","M","?","$","M","?","R","M","R","T","E"],"items_purchased_type":["Card","Card","Card"],"build_version":"2020-12-22","purchased_purges":0,"victory":false,"max_hp_per_floor":[68,68,68,68,68,68,68,68,68,68,68,68,68,68,68,68,68,68,68,68,70,70,70,70,70,70,70,70],"relic_stats":{"Nunchaku":[3],"counters":[11,46],"Ginger":[0],"obtain_stats":[{"SnafuTest:BearRelic":9,"Hallownest:StagBellRelic1":3,"Nunchaku":12,"ats:Originium":10,"HollowMod:VesselMask":0,"hubris:CuriousFeather":10,"EVO:Axolotl":0,"Ginger":26,"hubris:CrackedHourglass":17,"REME_ComplimentaryCards":0,"Hallownest:SheosBrushRelic":4},{"SnafuTest:BearRelic":2,"Hallownest:StagBellRelic1":2,"Nunchaku":5,"ats:Originium":3,"HollowMod:VesselMask":0,"hubris:CuriousFeather":3,"EVO:Axolotl":0,"Ginger":10,"hubris:CrackedHourglass":7,"REME_ComplimentaryCards":0,"Hallownest:SheosBrushRelic":2},{"SnafuTest:BearRelic":8,"Hallownest:StagBellRelic1":8,"Nunchaku":21,"ats:Originium":13,"HollowMod:VesselMask":0,"hubris:CuriousFeather":13,"EVO:Axolotl":0,"Ginger":41,"hubris:CrackedHourglass":30,"REME_ComplimentaryCards":0,"Hallownest:SheosBrushRelic":8}]},"card_choices":[{"not_picked":["Thinking Ahead","Sadistic Nature"],"picked":"Metamorphosis","floor":0},{"not_picked":["HollowMod:RecoilStrike","HollowMod:SharpenedNail"],"picked":"HollowMod:HowlingWraiths","floor":1},{"not_picked":["HollowMod:DescendingDark","HollowMod:NewLittleFool"],"picked":"HollowMod:CornifersMapStart","floor":2},{"not_picked":["HollowMod:RecoilStrike","HollowMod:LifebloodCocoon"],"picked":"HollowMod:SiblingsSouls","floor":10},{"not_picked":["HollowMod:ShapeofUnn","HollowMod:SharpenedNail"],"picked":"HollowMod:Grubsong","floor":11},{"not_picked":["HollowMod:BlackTendrils","HollowMod:AbyssShriek"],"picked":"HollowMod:AwokenDreamNail","floor":12},{"not_picked":["HollowMod:LifebloodCocoon","HollowMod:RecoilStrike"],"picked":"HollowMod:PerfectDash","floor":13},{"not_picked":["HollowMod:Hiveblood","HollowMod:LordofShades"],"picked":"HollowMod:Weaversong","floor":16},{"not_picked":["HollowMod:LifebloodCocoon","HollowMod:WraithStrike","HollowMod:ShadowDash"],"picked":"SKIP","floor":18},{"not_picked":["HollowMod:PerfectDash+1","HollowMod:SoulStrike"],"picked":"HollowMod:MothsMistake+1","floor":21},{"not_picked":["HollowMod:VengefulSpirit","HollowMod:DreamGate"],"picked":"HollowMod:NewGlowingWomb","floor":22},{"not_picked":["HollowMod:NewLittleFool","HollowMod:LifebloodCocoon"],"picked":"HollowMod:TaintedHusks","floor":22},{"not_picked":["HollowMod:SoulStrike","HollowMod:DoubleDash+1"],"picked":"HollowMod:SoulVessel","floor":24}],"player_experience":471539,"relics_obtained":[{"floor":9,"key":"SnafuTest:BearRelic"},{"floor":10,"key":"ats:Originium"},{"floor":10,"key":"hubris:CuriousFeather"},{"floor":12,"key":"ats:Originium"},{"floor":12,"key":"Nunchaku"},{"floor":26,"key":"Ginger"}],"event_choices":[{"damage_healed":0,"gold_gain":0,"player_choice":"1","damage_taken":0,"max_hp_gain":0,"max_hp_loss":0,"event_name":"betterMatch:BetterMatch","floor":22,"gold_loss":0,"cards_obtained":["betterMatch:CommonCard","betterMatch:UncommonCard"]}],"is_beta":false,"boss_relics":[{"not_picked":["hubris:BlackHole","Coffee Dripper"],"picked":"hubris:CrackedHourglass"}],"items_purged_floors":[],"is_endless":false,"potions_floor_spawned":[13,16,18],"killed_by":"Hallownest:Nosk","ascension_level":0}}