{"host":"jqa9y4qkalbx8qgz","time":1609536810,"event":{"mods":["BaseMod","Bestiary","BetterRewards","CCEM","Downfall","Minty Spire (QoL Compilation)","Permanent Neow","Relic Stats","Replay The Spire","StSLib","The Alterego","Wandering Minibosses"],"gold_per_floor":[120,45,220,236,236,270,270,297,324,324,336,350,375,375,375,473,473,490,49,49,62,2,29,29,59,59,69,88,121,121,152,152,255,255,293,338,338,338,354,379,393,393,393,393,422,422,422,433,433,438,438,438,318,354,359],"floor_reached":56,"playtime":4925,"items_purged":["alterego_mod:Strike","Doubt"],"score":1269,"play_id":"d553f3a3-6222-4395-b976-215ca34e8d61","local_time":"20210102003330","is_ascension_mode":true,"campfire_choices":[{"data":"alterego_mod:BigMeatyClaws","floor":7.0,"key":"SMITH"},{"data":"alterego_mod:BrynhildrsRune","floor":10.0,"key":"SMITH"},{"data":"alterego_mod:Impale","floor":15.0,"key":"SMITH"},{"data":"alterego_mod:DiscoLights","floor":30.0,"key":"SMITH"},{"data":"alterego_mod:BreastValley","floor":32.0,"key":"SMITH"},{"floor":42.0,"key":"RECALL"},{"data":"alterego_mod:TrashNCrash","floor":44.0,"key":"SMITH"},{"data":"alterego_mod:Crossover","floor":46.0,"key":"SMITH"},{"data":"alterego_mod:Valentines","floor":49.0,"key":"SMITH"},{"data":"expansioncontent:StudyTheSpire","floor":52.0,"key":"SMITH"}],"circlet_count":0,"master_deck":["alterego_mod:Strike+1","alterego_mod:Defend","alterego_mod:Defend","alterego_mod:Defend","alterego_mod:Defend","alterego_mod:Impale+1","alterego_mod:BigMeatyClaws+1","alterego_mod:BrynhildrsRune+1","expansioncontent:DashGenerateEvil","alterego_mod:Smother","alterego_mod:Undulate","alterego_mod:BustOut","alterego_mod:DiscoLights+1","alterego_mod:SakuraLabyrinth","alterego_mod:DeftHands","alterego_mod:BoobPocket","alterego_mod:BreastValley+1","alterego_mod:Vow","alterego_mod:DiscoLights+1","Magnetism","alterego_mod:Nekomimi","alterego_mod:Undulate+1","alterego_mod:TrashNCrash+1","alterego_mod:Venus+1","alterego_mod:BiFurious","alterego_mod:Pet+1","alterego_mod:Complex+1","alterego_mod:Birthday","alterego_mod:ChallengeComplete","alterego_mod:Lingerie","alterego_mod:DeftHands","alterego_mod:Crossover+1","expansioncontent:StudyTheSpire+1","expansioncontent:DecasProtection","expansioncontent:DecasProtection","Parasite","alterego_mod:Valentines+1","alterego_mod:Skirt","alterego_mod:Belts","alterego_mod:DiscoLights+1","alterego_mod:Birthday+1"],"relics":["alterego_mod:MasochisticConstitution","Counterbalance","Replay:Wax Seal","CCEMRelics:DissonantTune","Oddly Smooth Stone","Nunchaku","Strawberry","Meat on the Bone","Coffee Dripper","Orichalcum","MealTicket","Pantograph","Replay:Bottled Flurry","Mercury Hourglass","Boot","Juzu Bracelet","Honey Jar","Replay:PocketPolymizer","Whetstone","CCEMRelics:FryingPan","Pet Ghost"],"acts_visited":["Exordium","TheCity","TheBeyond","TheEnding"],"potions_floor_usage":[55,55,55,55,55],"damage_taken":[{"damage":2.0,"enemies":"2 Louse","floor":1.0,"turns":5.0},{"damage":0.0,"enemies":"Jaw Worm","floor":4.0,"turns":6.0},{"damage":37.0,"enemies":"3 Sentries","floor":6.0,"turns":15.0},{"damage":20.0,"enemies":"Lagavulin","floor":8.0,"turns":10.0},{"damage":3.0,"enemies":"Cultist","floor":11.0,"turns":6.0},{"damage":2.0,"enemies":"Blue Slaver","floor":12.0,"turns":6.0},{"damage":16.0,"enemies":"Gremlin Nob","floor":13.0,"turns":5.0},{"damage":20.0,"enemies":"Fading Forest","floor":16.0,"turns":11.0},{"damage":17.0,"enemies":"2 Thieves","floor":18.0,"turns":3.0},{"damage":14.0,"enemies":"Chosen","floor":21.0,"turns":8.0},{"damage":0.0,"enemies":"Gremlin Leader","floor":23.0,"turns":2.0},{"damage":10.0,"enemies":"Replay:Snechameleon","floor":25.0,"turns":11.0},{"damage":3.0,"enemies":"Centurion and Healer","floor":27.0,"turns":6.0},{"damage":15.0,"enemies":"Snecko","floor":28.0,"turns":8.0},{"damage":23.0,"enemies":"Slavers","floor":29.0,"turns":9.0},{"damage":0.0,"enemies":"Replay:Snechameleon","floor":31.0,"turns":10.0},{"damage":10.0,"enemies":"Collector","floor":33.0,"turns":5.0},{"damage":2.0,"enemies":"3 Shapes","floor":35.0,"turns":3.0},{"damage":35.0,"enemies":"2 Orb Walkers","floor":36.0,"turns":5.0},{"damage":0.0,"enemies":"3 Darklings","floor":39.0,"turns":6.0},{"damage":4.0,"enemies":"Reptomancer","floor":40.0,"turns":5.0},{"damage":1.0,"enemies":"Jaw Worm Horde","floor":41.0,"turns":4.0},{"damage":0.0,"enemies":"R_Hoarder","floor":45.0,"turns":5.0},{"damage":18.0,"enemies":"Writhing Mass","floor":48.0,"turns":6.0},{"damage":8.0,"enemies":"Replay:Hell Engine","floor":50.0,"turns":5.0},{"damage":21,"enemies":"Shield and Spear","floor":54,"turns":4},{"damage":59,"enemies":"The Heart","floor":55,"turns":7}],"seed_played":"-5607439503816215701","potions_obtained":[{"floor":6.0,"key":"sneckomod:MuddlingPotion"},{"floor":11.0,"key":"Adrenaline Potion"},{"floor":12.0,"key":"champ:CounterPotion"},{"floor":16.0,"key":"ColorlessPotion"},{"floor":21.0,"key":"Dexterity Potion"},{"floor":23.0,"key":"SkillPotion"},{"floor":29.0,"key":"GamblersBrew"},{"floor":33.0,"key":"Block Potion"},{"floor":39.0,"key":"Block Potion"},{"floor":40.0,"key":"PowerPotion"},{"floor":41.0,"key":"DuplicationPotion"},{"floor":45.0,"key":"LiquidBronze"}],"is_trial":false,"path_per_floor":["M","$","?","M","?","E","R","E","T","R","M","M","E","?","R","B",null,"M","$","?","M","?","E","?","E","T","M","M","E","R","E","R","B",null,"M","?","?","?","M","E","M","R","T","R","E","R","?","M","R","B",null,"R","$","E","B",null],"character_chosen":"The_Alterego","items_purchased":["Replay:Wax Seal","CCEMRelics:DissonantTune","expansioncontent:DashGenerateEvil","alterego_mod:Cooking","Orichalcum","Magnetism","alterego_mod:Belts","alterego_mod:DiscoLights+1"],"campfire_rested":0,"item_purchase_floors":[0,0,0,0,19,19,53,53],"current_hp_per_floor":[46,46,46,56,56,44,44,28,35,35,43,61,49,49,49,53,84,68,68,68,65,65,83,83,87,87,88,89,84,84,87,87,81,91,92,79,79,84,93,93,95,95,95,95,95,95,85,80,80,97,97,97,97,77,59],"gold":359,"neow_bonus":"","is_daily":false,"chose_seed":false,"campfire_upgraded":9,"win_rate":0.0,"timestamp":1609536810,"path_taken":["M","$","?","M","?","E","R","E","T","R","?","M","E","?","R","BOSS","M","$","?","M","?","E","?","E","T","M","M","E","R","E","R","BOSS","M","?","?","?","M","E","M","R","T","R","E","R","?","M","R","BOSS","R","$","E","BOSS"],"items_purchased_type":["Relic","Relic","Card","Card","Relic","Card","Card","Card"],"build_version":"2020-12-22","purchased_purges":2,"victory":true,"max_hp_per_floor":[71,71,71,71,71,72,72,73,80,80,81,82,83,83,83,84,84,85,85,85,86,86,86,86,87,87,88,89,90,90,90,90,91,91,92,93,93,93,93,94,95,95,95,95,95,95,95,96,96,97,97,97,97,98,99],"relic_stats":{"Nunchaku":[38],"counters":[62,624],"Pantograph":40,"MealTicket":0,"Juzu Bracelet":1,"Whetstone":["alterego_mod:Strike","alterego_mod:Venus"],"Orichalcum":[120],"Boot":[320],"obtain_stats":[{"Replay:PocketPolymizer":36,"downfall:HeartBlessingGreen":30,"StoneCalendar":38,"Juzu Bracelet":31,"Ginger":0,"Whetstone":40,"Sling":0,"Boot":29,"Pet Ghost":54,"Centennial Puzzle":24,"Nunchaku":8,"downfall:HeartBlessingBlue":12,"Strawberry":9,"Pantograph":24,"CCEMRelics:DissonantTune":47,"Honey Jar":34,"Prayer Wheel":55,"MealTicket":23,"Replay:Bottled Flurry":25,"Replay:Bottled Snecko":46,"Replay:Wax Seal":29,"InkBottle":41,"Potion Belt":45,"alterego_mod:MasochisticConstitution":0,"ReplayTheSpireMod:Ninjato":25,"downfall:HeartBlessingRed":40,"Golden Idol":4,"Blue Candle":52,"Dead Branch":0,"Counterbalance":0,"Oddly Smooth Stone":6,"Omamori":0,"Orichalcum":19,"Medical Kit":43,"White Beast Statue":9,"Mercury Hourglass":26,"SlaversCollar":17,"CCEMRelics:FryingPan":45,"Ring of Fury":8,"Simple Rune":5,"Coffee Dripper":34,"CCEMRelics:WarHorn":6,"Meat on the Bone":13},{"Replay:PocketPolymizer":54,"downfall:HeartBlessingGreen":18,"StoneCalendar":24,"Juzu Bracelet":51,"Ginger":33,"Whetstone":56,"Sling":33,"Boot":50,"Pet Ghost":61,"Centennial Puzzle":15,"Nunchaku":39,"downfall:HeartBlessingBlue":6,"Strawberry":39,"Pantograph":46,"CCEMRelics:DissonantTune":29,"Honey Jar":52,"Prayer Wheel":33,"MealTicket":46,"Replay:Bottled Flurry":47,"Replay:Bottled Snecko":28,"Replay:Wax Seal":18,"InkBottle":25,"Potion Belt":28,"alterego_mod:MasochisticConstitution":0,"ReplayTheSpireMod:Ninjato":16,"downfall:HeartBlessingRed":25,"Golden Idol":34,"Blue Candle":32,"Dead Branch":33,"Counterbalance":35,"Oddly Smooth Stone":38,"Omamori":33,"Orichalcum":44,"Medical Kit":27,"White Beast Statue":6,"Mercury Hourglass":47,"SlaversCollar":10,"CCEMRelics:FryingPan":58,"Ring of Fury":5,"Simple Rune":34,"Coffee Dripper":21,"CCEMRelics:WarHorn":5,"Meat on the Bone":42},{"Replay:PocketPolymizer":582,"downfall:HeartBlessingGreen":181,"StoneCalendar":360,"Juzu Bracelet":569,"Ginger":440,"Whetstone":593,"Sling":440,"Boot":560,"Pet Ghost":617,"Centennial Puzzle":151,"Nunchaku":487,"downfall:HeartBlessingBlue":39,"Strawberry":487,"Pantograph":527,"CCEMRelics:DissonantTune":400,"Honey Jar":574,"Prayer Wheel":438,"MealTicket":527,"Replay:Bottled Flurry":538,"Replay:Bottled Snecko":382,"Replay:Wax Seal":181,"InkBottle":365,"Potion Belt":382,"alterego_mod:MasochisticConstitution":0,"ReplayTheSpireMod:Ninjato":168,"downfall:HeartBlessingRed":365,"Golden Idol":445,"Blue Candle":425,"Dead Branch":440,"Counterbalance":451,"Oddly Smooth Stone":477,"Omamori":440,"Orichalcum":517,"Medical Kit":377,"White Beast Statue":39,"Mercury Hourglass":538,"SlaversCollar":81,"CCEMRelics:FryingPan":602,"Ring of Fury":35,"Simple Rune":445,"Coffee Dripper":340,"CCEMRelics:WarHorn":35,"Meat on the Bone":503}],"Meat on the Bone":12,"Mercury Hourglass":[362]},"card_choices":[{"not_picked":["alterego_mod:DestructionOfProperty","alterego_mod:Skirt"],"picked":"alterego_mod:Smother","floor":1.0},{"not_picked":["alterego_mod:Collar","alterego_mod:Rip"],"picked":"alterego_mod:Undulate","floor":4.0},{"not_picked":["alterego_mod:PerceptionDisorder","alterego_mod:GoddessCore"],"picked":"alterego_mod:BustOut","floor":6.0},{"not_picked":["alterego_mod:DustData","alterego_mod:Birthday"],"picked":"alterego_mod:DiscoLights","floor":8.0},{"not_picked":["alterego_mod:MagicResistance","alterego_mod:SakuraLabyrinth","alterego_mod:GoddessCore"],"picked":"SKIP","floor":11.0},{"not_picked":["alterego_mod:MagicResistance","alterego_mod:GoddessCore"],"picked":"alterego_mod:SakuraLabyrinth","floor":11.0},{"not_picked":["alterego_mod:PainIsPleasure","alterego_mod:Jiggle","alterego_mod:Bounce"],"picked":"SKIP","floor":12.0},{"not_picked":["alterego_mod:Punishment","alterego_mod:Bounce","alterego_mod:DustData"],"picked":"SKIP","floor":13.0},{"not_picked":["alterego_mod:Tantrum","alterego_mod:Antipathy"],"picked":"alterego_mod:Vow","floor":16.0},{"not_picked":["alterego_mod:SakuraPetals","alterego_mod:Smother"],"picked":"alterego_mod:DiscoLights+1","floor":18.0},{"not_picked":["alterego_mod:BreastValley+1","alterego_mod:SakuraPetals+1"],"picked":"alterego_mod:Undulate+1","floor":21.0},{"not_picked":["alterego_mod:Maid+1","alterego_mod:HighServant","alterego_mod:Santa"],"picked":"SKIP","floor":23.0},{"not_picked":["alterego_mod:1TonWallop","alterego_mod:RidiculouslyBig","alterego_mod:VirginLaserPalladion"],"picked":"SKIP","floor":25.0},{"not_picked":["alterego_mod:Pet","alterego_mod:Maid"],"picked":"alterego_mod:TrashNCrash","floor":27.0},{"not_picked":["alterego_mod:Mirror","alterego_mod:DeftHands+1","alterego_mod:HighServant"],"picked":"SKIP","floor":28.0},{"not_picked":["alterego_mod:GIGAMILK","alterego_mod:Smother+1","alterego_mod:Skirt"],"picked":"SKIP","floor":29.0},{"not_picked":["alterego_mod:PerceptionDisorder","alterego_mod:BusterCard","alterego_mod:Valentines"],"picked":"SKIP","floor":31.0},{"not_picked":["alterego_mod:Palingenesis","alterego_mod:PainIsPleasure"],"picked":"alterego_mod:Venus","floor":33.0},{"not_picked":["alterego_mod:Cycle","alterego_mod:DestructionOfProperty","alterego_mod:BustOut"],"picked":"alterego_mod:BiFurious","floor":35.0},{"not_picked":["alterego_mod:RocketPunch","alterego_mod:Mirror+1","alterego_mod:GoddessCore"],"picked":"alterego_mod:Pet+1","floor":36.0},{"not_picked":["alterego_mod:BoobPocket+1","alterego_mod:SakuraLabyrinth","alterego_mod:Mirror"],"picked":"alterego_mod:Complex+1","floor":39.0},{"not_picked":["alterego_mod:Lift","alterego_mod:Clap","alterego_mod:Punishment+1"],"picked":"alterego_mod:Birthday","floor":40.0},{"not_picked":["alterego_mod:DiscoLights","alterego_mod:Cooking+1","alterego_mod:Birthday+1"],"picked":"alterego_mod:ChallengeComplete","floor":41.0},{"not_picked":["alterego_mod:Alter","alterego_mod:BiFurious+1","alterego_mod:BusterCard"],"picked":"alterego_mod:DeftHands","floor":45.0},{"not_picked":["Metamorphosis","expansioncontent:AwakenDeath","Replay:SS_fish_1"],"picked":"expansioncontent:StudyTheSpire","floor":47.0},{"not_picked":["Replay:SS_forest_6","Panache","Violence"],"picked":"expansioncontent:DecasProtection","floor":47.0},{"not_picked":["expansioncontent:StudyTheSpire","Deep Breath","expansioncontent:PrepareCrush"],"picked":"expansioncontent:DecasProtection","floor":47.0},{"not_picked":["alterego_mod:RidiculouslyBig","alterego_mod:Birthday+1","alterego_mod:BustOut+1"],"picked":"alterego_mod:Belle+1","floor":48.0},{"not_picked":["alterego_mod:Jiggle","alterego_mod:RocketPunch","alterego_mod:BeGentle+1"],"picked":"alterego_mod:Birthday+1","floor":54}],"player_experience":241491,"relics_obtained":[{"floor":6.0,"key":"Oddly Smooth Stone"},{"floor":8.0,"key":"Nunchaku"},{"floor":9.0,"key":"Strawberry"},{"floor":13.0,"key":"Meat on the Bone"},{"floor":23.0,"key":"MealTicket"},{"floor":25.0,"key":"Replay:Bottled Flurry"},{"floor":26.0,"key":"Mercury Hourglass"},{"floor":29.0,"key":"Boot"},{"floor":31.0,"key":"Juzu Bracelet"},{"floor":36.0,"key":"Replay:PocketPolymizer"},{"floor":40.0,"key":"Whetstone"},{"floor":45.0,"key":"CCEMRelics:FryingPan"},{"floor":54,"key":"Pet Ghost"}],"event_choices":[{"damage_healed":0.0,"max_hp_gain":0.0,"max_hp_loss":0.0,"gold_gain":175.0,"event_name":"Liars Game","player_choice":"AGREE","floor":3.0,"gold_loss":0.0,"damage_taken":0.0,"cards_obtained":["Doubt"]},{"damage_healed":0.0,"max_hp_gain":0.0,"max_hp_loss":0.0,"gold_gain":0.0,"event_name":"NoteForYourself","player_choice":"Ignored","floor":5.0,"gold_loss":0.0,"damage_taken":0.0},{"damage_healed":0.0,"max_hp_gain":0.0,"max_hp_loss":0.0,"gold_gain":0.0,"event_name":"The Library","player_choice":"Read","floor":20.0,"gold_loss":0.0,"damage_taken":0.0,"cards_obtained":["alterego_mod:Nekomimi"]},{"damage_healed":0.0,"max_hp_gain":0.0,"max_hp_loss":0.0,"gold_gain":0.0,"event_name":"Mysterious Sphere","player_choice":"Fight","floor":36.0,"gold_loss":0.0,"damage_taken":0.0},{"damage_healed":0.0,"max_hp_gain":0.0,"max_hp_loss":0.0,"gold_gain":0.0,"event_name":"Tomb of Lord Red Mask","player_choice":"Ignored","floor":37.0,"gold_loss":0.0,"damage_taken":0.0},{"cards_removed":["alterego_mod:HighServant"],"damage_healed":5.0,"max_hp_gain":0.0,"max_hp_loss":0.0,"gold_gain":0.0,"event_name":"Bonfire Elementals","player_choice":"Offered Common","floor":38.0,"gold_loss":0.0,"damage_taken":0.0},{"cards_removed":["alterego_mod:HighServant"],"damage_healed":5.0,"max_hp_gain":0.0,"max_hp_loss":0.0,"gold_gain":0.0,"event_name":"Bonfire Elementals","player_choice":"Offered Special","floor":38.0,"gold_loss":0.0,"damage_taken":0.0},{"damage_healed":0.0,"max_hp_gain":0.0,"max_hp_loss":0.0,"gold_gain":0.0,"event_name":"SensoryStone","player_choice":"Memory 3","floor":47.0,"gold_loss":0.0,"damage_taken":10.0}],"is_beta":false,"boss_relics":[{"not_picked":["ChewingGum","Replay:Bronze Core"],"picked":"Coffee Dripper"},{"not_picked":["ReplayTheSpireMod:DimensionalGlitch","Tiny House"],"picked":"Honey Jar"}],"items_purged_floors":[2,19],"is_endless":false,"potions_floor_spawned":[6,11,12,16,21,23,28,29,33,39,40,41,45],"ascension_level":1}}