{"host":"k6u7q08ihsmpx7o5","time":1609541568,"event":{"mods":["BaseMod","Bestiary","Minty Spire (QoL Compilation)","StSLib"],"gold_per_floor":[119,119,119,130,130,164,2,35,35,35,35,68,81,92,92,170,170,182,182,193,207,207,241,257,257,257,269,269,294,294,306,306,383,383,396,411,87,100,100,125,125,45,45,45,70,87,87,119,119,119,119,119,119,5,31,31,31],"floor_reached":56,"playtime":3294,"items_purged":["Strike_R+1","Bash"],"score":2211,"play_id":"5240e120-b682-4093-9579-e85822636ec2","local_time":"20210101235248","is_ascension_mode":true,"campfire_choices":[{"data":"Iron Wave","floor":10.0,"key":"SMITH"},{"data":"Shockwave","floor":15.0,"key":"SMITH"},{"data":"Demon Form","floor":25,"key":"SMITH"},{"data":"Fiend Fire","floor":28,"key":"SMITH"},{"data":"Immolate","floor":30,"key":"SMITH"},{"data":"Heavy Blade","floor":32,"key":"SMITH"},{"data":"Disarm","floor":41,"key":"SMITH"},{"data":"Feed","floor":47,"key":"SMITH"},{"floor":49,"key":"RECALL"},{"data":"Berserk","floor":53,"key":"SMITH"}],"circlet_count":0,"master_deck":["AscendersBane","Strike_R+1","Strike_R+1","Strike_R+1","Strike_R+1","Defend_R+1","Defend_R+1","Defend_R+1","Defend_R+1","Bash+1","Heavy Blade+1","Shockwave+1","Offering","Iron Wave+1","Fiend Fire+1","Shrug It Off","Shrug It Off","Demon Form+1","Pummel","Pommel Strike","Immolate+1","Havoc+1","Berserk+1","Shrug It Off+1","Disarm+1","Feed+1","Impervious","Shrug It Off+1","Disarm"],"relics":["Burning Blood","NeowsBlessing","Singing Bowl","Anchor","Shuriken","The Courier","FaceOfCleric","Red Skull","Coffee Dripper","Nilry\u0027s Codex","Mercury Hourglass","Bottled Flame","Cursed Key","Bag of Preparation","Brimstone","Nunchaku","Oddly Smooth Stone","PreservedInsect","Happy Flower"],"acts_visited":["Exordium","TheCity","TheBeyond","TheEnding"],"potions_floor_usage":[51,55,56,56],"damage_taken":[{"damage":0.0,"enemies":"Small Slimes","floor":1.0,"turns":2.0},{"damage":0.0,"enemies":"2 Louse","floor":4.0,"turns":1.0},{"damage":0.0,"enemies":"Gremlin Nob","floor":6.0,"turns":1.0},{"damage":36.0,"enemies":"3 Sentries","floor":8.0,"turns":9.0},{"damage":14.0,"enemies":"Gremlin Nob","floor":12.0,"turns":3.0},{"damage":0.0,"enemies":"Jaw Worm","floor":13.0,"turns":3.0},{"damage":2.0,"enemies":"Blue Slaver","floor":14.0,"turns":3.0},{"damage":39.0,"enemies":"The Guardian","floor":16.0,"turns":8.0},{"damage":9.0,"enemies":"Shell Parasite","floor":18.0,"turns":5.0},{"damage":17.0,"enemies":"2 Thieves","floor":20.0,"turns":4.0},{"damage":0,"enemies":"Centurion and Healer","floor":21,"turns":5},{"damage":0,"enemies":"Gremlin Leader","floor":23,"turns":6},{"damage":0,"enemies":"Snecko","floor":24,"turns":5},{"damage":6,"enemies":"Snake Plant","floor":27,"turns":3},{"damage":31,"enemies":"Slavers","floor":29,"turns":6},{"damage":0,"enemies":"3 Cultists","floor":31,"turns":2},{"damage":29,"enemies":"Champ","floor":33,"turns":8},{"damage":0,"enemies":"3 Shapes","floor":35,"turns":2},{"damage":0,"enemies":"3 Darklings","floor":36,"turns":3},{"damage":6,"enemies":"Sphere and 2 Shapes","floor":38,"turns":2},{"damage":15,"enemies":"Reptomancer","floor":40,"turns":4},{"damage":24,"enemies":"Nemesis","floor":45,"turns":3},{"damage":18,"enemies":"Writhing Mass","floor":46,"turns":4},{"damage":6,"enemies":"Reptomancer","floor":48,"turns":5},{"damage":10,"enemies":"Time Eater","floor":50,"turns":4},{"damage":81,"enemies":"Awakened One","floor":51,"turns":7},{"damage":46,"enemies":"Shield and Spear","floor":55,"turns":6},{"damage":81,"enemies":"The Heart","floor":56,"turns":3}],"seed_played":"-3398187158553774320","potions_obtained":[{"floor":1.0,"key":"Ancient Potion"},{"floor":6.0,"key":"ElixirPotion"},{"floor":13.0,"key":"GamblersBrew"},{"floor":18.0,"key":"BlessingOfTheForge"},{"floor":20.0,"key":"FearPotion"},{"floor":29,"key":"SpeedPotion"},{"floor":45,"key":"PowerPotion"},{"floor":48,"key":"FairyPotion"},{"floor":55,"key":"Strength Potion"}],"is_trial":false,"path_per_floor":["M","?","?","M","?","E","$","E","T","R","?","E","M","M","R","B",null,"M","?","M","M","?","E","M","R","T","M","R","E","R","M","R","B",null,"M","M","$","M","?","E","R","$","T","?","E","M","R","E","R","B","B",null,"R","$","E","B"],"character_chosen":"IRONCLAD","items_purchased":["Offering","Bag of Preparation","Brimstone","ColorlessPotion","GamblersBrew"],"campfire_rested":0,"item_purchase_floors":[7,37,37,54,54],"current_hp_per_floor":[74,56,33,41,66,72,72,42,42,42,42,35,42,47,47,15,65,65,65,55,62,41,50,59,59,59,62,62,38,38,45,45,23,79,86,95,95,98,98,92,92,92,92,92,75,67,67,70,70,67,42,99,99,99,60,0,0],"gold":31,"neow_bonus":"THREE_ENEMY_KILL","is_daily":false,"chose_seed":false,"campfire_upgraded":9,"win_rate":0.0,"timestamp":1609541568,"path_taken":["M","?","?","M","?","E","?","E","T","R","?","E","?","M","R","BOSS","M","?","M","M","?","E","M","R","T","M","R","E","R","M","R","BOSS","M","M","$","M","?","E","R","?","T","?","E","?","R","E","R","BOSS","BOSS","R","$","E","BOSS"],"items_purchased_type":["Card","Relic","Relic","Potion","Potion"],"build_version":"2020-12-22","purchased_purges":2,"victory":false,"max_hp_per_floor":[75,75,75,77,77,77,77,77,77,77,77,78,79,80,80,81,81,84,84,85,86,86,89,92,92,92,95,95,96,96,97,97,98,98,99,102,102,105,105,108,108,108,108,108,109,113,113,116,116,117,118,118,118,118,119,119,119],"card_choices":[{"not_picked":["Intimidate","Flex"],"picked":"Heavy Blade","floor":1.0},{"not_picked":["Havoc","Metallicize","Seeing Red"],"picked":"Singing Bowl","floor":4.0},{"not_picked":["Cleave","Headbutt"],"picked":"Shockwave","floor":6.0},{"not_picked":["Armaments","Clash"],"picked":"Iron Wave","floor":8.0},{"not_picked":["Havoc","Uppercut"],"picked":"Fiend Fire","floor":12.0},{"not_picked":["Clash","Headbutt"],"picked":"Shrug It Off","floor":13.0},{"not_picked":["Warcry","Headbutt"],"picked":"Shrug It Off","floor":14.0},{"not_picked":["Offering","Bludgeon"],"picked":"Demon Form","floor":16.0},{"not_picked":["Uppercut","Searing Blow","Spot Weakness"],"picked":"Singing Bowl","floor":18.0},{"not_picked":["Entrench","Heavy Blade"],"picked":"Pummel","floor":20.0},{"not_picked":["Ghostly Armor","Searing Blow"],"picked":"Pommel Strike","floor":21},{"not_picked":["Body Slam","Clothesline","Twin Strike"],"picked":"Singing Bowl","floor":23},{"not_picked":["Clash+1","Thunderclap","Evolve"],"picked":"Singing Bowl","floor":24},{"not_picked":["Flex","Cleave","Twin Strike"],"picked":"Singing Bowl","floor":27},{"not_picked":["Pommel Strike","Rage"],"picked":"Immolate","floor":29},{"not_picked":["Rage","Blood for Blood"],"picked":"Havoc+1","floor":31},{"not_picked":["Offering","Double Tap"],"picked":"Berserk","floor":33},{"not_picked":["Reckless Charge+1","Body Slam"],"picked":"Shrug It Off+1","floor":35},{"not_picked":["Perfected Strike","Clash+1","Anger+1"],"picked":"Singing Bowl","floor":36},{"not_picked":["Headbutt","Clothesline+1","Iron Wave"],"picked":"Singing Bowl","floor":38},{"not_picked":["Armaments","Pommel Strike","Body Slam+1"],"picked":"Singing Bowl","floor":40},{"not_picked":["Spot Weakness","Perfected Strike"],"picked":"Impervious","floor":45},{"not_picked":["Headbutt","Pommel Strike"],"picked":"Shrug It Off+1","floor":46},{"not_picked":["Evolve","Flame Barrier","Rage"],"picked":"Singing Bowl","floor":48},{"not_picked":["Wild Strike","Shrug It Off"],"picked":"Disarm","floor":55}],"player_experience":1901894,"relics_obtained":[{"floor":6.0,"key":"Anchor"},{"floor":8.0,"key":"Shuriken"},{"floor":9.0,"key":"The Courier"},{"floor":12.0,"key":"Red Skull"},{"floor":22,"key":"Nilry\u0027s Codex"},{"floor":23,"key":"Mercury Hourglass"},{"floor":29,"key":"Bottled Flame"},{"floor":40,"key":"Nunchaku"},{"floor":45,"key":"Oddly Smooth Stone"},{"floor":48,"key":"PreservedInsect"},{"floor":55,"key":"Happy Flower"}],"event_choices":[{"damage_healed":0.0,"max_hp_gain":0.0,"max_hp_loss":0.0,"gold_gain":0.0,"event_name":"Scrap Ooze","player_choice":"Success","floor":2.0,"gold_loss":0.0,"damage_taken":18.0,"relics_obtained":["Singing Bowl"]},{"damage_healed":0.0,"max_hp_gain":0.0,"max_hp_loss":0.0,"gold_gain":0.0,"event_name":"Shining Light","player_choice":"Entered Light","floor":3.0,"gold_loss":0.0,"damage_taken":23.0,"cards_upgraded":["Strike_R","Bash"]},{"damage_healed":25.0,"max_hp_gain":0.0,"max_hp_loss":0.0,"gold_gain":0.0,"event_name":"Big Fish","player_choice":"Banana","floor":5.0,"gold_loss":0.0,"damage_taken":0.0},{"damage_healed":0.0,"max_hp_gain":0.0,"max_hp_loss":0.0,"gold_gain":0.0,"event_name":"FaceTrader","player_choice":"Trade","floor":11.0,"gold_loss":0.0,"damage_taken":0.0,"relics_obtained":["FaceOfCleric"]},{"damage_healed":0.0,"max_hp_gain":0.0,"max_hp_loss":0.0,"gold_gain":0.0,"event_name":"Back to Basics","player_choice":"Simplicity","floor":19.0,"gold_loss":0.0,"damage_taken":0.0,"cards_upgraded":["Strike_R","Strike_R","Strike_R","Strike_R","Defend_R","Defend_R","Defend_R","Defend_R"]},{"damage_healed":0,"gold_gain":0,"player_choice":"Obtained Book","damage_taken":21,"max_hp_gain":0,"max_hp_loss":0,"event_name":"Cursed Tome","floor":22,"gold_loss":0},{"damage_healed":0,"gold_gain":0,"player_choice":"3 cards matched","damage_taken":0,"max_hp_gain":0,"max_hp_loss":0,"event_name":"Match and Keep!","floor":39,"gold_loss":0,"cards_obtained":["Bash","Disarm","Feed"]},{"damage_healed":0,"gold_gain":0,"player_choice":"Ignored","damage_taken":0,"max_hp_gain":0,"max_hp_loss":0,"event_name":"SecretPortal","floor":44,"gold_loss":0}],"is_beta":false,"boss_relics":[{"not_picked":["Fusion Hammer","Runic Cube"],"picked":"Coffee Dripper"},{"not_picked":["SlaversCollar","Astrolabe"],"picked":"Cursed Key"}],"items_purged_floors":[37,42],"is_endless":false,"potions_floor_spawned":[1,6,13,14,18,20,29,40,45,46,48,55],"killed_by":"The Heart","ascension_level":20}}