{"host":"bbrtpn53yniy7wad","time":1609481622,"event":{"mods":["AchievementEnabler","BaseMod","Colored Map","Highlight Path","Minty Spire (QoL Compilation)","StSLib","SuperFastMode","everything is the same but u backflip on backflip"],"gold_per_floor":[111,124,32,50,50,91,105,105,131,167,191,116,266,61,61,160,160,179,200,75,25,25,25,25,25,25,25,38,62,82,82,82,82,82],"floor_reached":33,"playtime":651,"items_purged":["Defend_G","Doubt","Strike_G"],"score":560,"play_id":"7bcf0384-521c-4f47-82f4-8fa49d69c0e8","local_time":"20210101151342","is_ascension_mode":true,"campfire_choices":[{"data":"Skewer","floor":8,"key":"SMITH"},{"data":"Noxious Fumes","floor":15,"key":"SMITH"},{"floor":23,"key":"REST"},{"floor":25,"key":"REST"},{"data":"Footwork","floor":27,"key":"SMITH"},{"floor":32,"key":"REST"}],"circlet_count":0,"master_deck":["AscendersBane","Strike_G","Strike_G","Strike_G","Strike_G","Defend_G","Defend_G","Defend_G","Defend_G","Survivor","Neutralize","Cloak And Dagger","Poisoned Stab","Footwork+1","Skewer+1","Malaise","Deadly Poison","Noxious Fumes+1","Dagger Throw","Venomology","Bouncing Flask","Footwork"],"relics":["Ring of the Snake","NeowsBlessing","PreservedInsect","Golden Idol","Strawberry","Tiny Chest","Question Card","Black Star","Gremlin Horn","CaptainsWheel"],"acts_visited":["Exordium","TheCity"],"potions_floor_usage":[6,10,18,19,28,28,29,29,30,33,33],"damage_taken":[{"damage":0,"enemies":"Jaw Worm","floor":1,"turns":1},{"damage":0,"enemies":"Cultist","floor":2,"turns":1},{"damage":0,"enemies":"Small Slimes","floor":4,"turns":1},{"damage":0,"enemies":"3 Sentries","floor":6,"turns":14},{"damage":1,"enemies":"Looter","floor":7,"turns":4},{"damage":11,"enemies":"Lagavulin","floor":10,"turns":9},{"damage":8,"enemies":"3 Louse","floor":11,"turns":4},{"damage":23,"enemies":"Hexaghost","floor":16,"turns":9},{"damage":32,"enemies":"Chosen","floor":18,"turns":6},{"damage":35,"enemies":"3 Byrds","floor":19,"turns":6},{"damage":9,"enemies":"3 Cultists","floor":28,"turns":5},{"damage":5,"enemies":"Centurion and Healer","floor":29,"turns":9},{"damage":51,"enemies":"Chosen and Byrds","floor":30,"turns":9},{"damage":30,"enemies":"Champ","floor":33,"turns":9}],"seed_played":"-3071807157161629973","potions_obtained":[{"floor":4,"key":"EssenceOfSteel"},{"floor":6,"key":"SkillPotion"},{"floor":16,"key":"Regen Potion"},{"floor":19,"key":"Block Potion"},{"floor":28,"key":"SteroidPotion"},{"floor":30,"key":"Poison Potion"}],"is_trial":false,"path_per_floor":["M","M","?","M","?","E","M","R","T","E","M","$","?","$","R","B",null,"M","M","$","?","$","R","T","R","T","R","M","M","M","$","R","B"],"character_chosen":"THE_SILENT","items_purchased":["Noxious Fumes","Dagger Throw"],"campfire_rested":3,"item_purchase_floors":[14,14],"current_hp_per_floor":[59,59,59,59,59,66,65,65,65,54,46,46,46,46,46,23,56,39,4,4,4,4,24,24,44,44,44,35,30,17,17,37,7,7],"gold":82,"neow_bonus":"THREE_ENEMY_KILL","is_daily":false,"chose_seed":false,"campfire_upgraded":3,"win_rate":0.0,"timestamp":1609481622,"path_taken":["M","M","?","?","?","E","M","R","T","E","M","?","?","$","R","BOSS","M","M","$","?","$","R","?","R","T","R","M","M","M","$","R","BOSS"],"items_purchased_type":["Card","Card"],"build_version":"2020-12-22","purchased_purges":3,"victory":false,"max_hp_per_floor":[66,66,66,66,60,67,67,67,67,67,67,67,67,67,67,67,67,67,67,67,67,67,67,67,67,67,67,67,67,67,67,67,67,67],"card_choices":[{"not_picked":["Infinite Blades","Deflect"],"picked":"Cloak And Dagger","floor":1},{"not_picked":["PiercingWail","Underhanded Strike"],"picked":"Poisoned Stab","floor":2},{"not_picked":["Backflip","Underhanded Strike"],"picked":"Footwork","floor":4},{"not_picked":["Flying Knee","Cloak And Dagger","Quick Slash"],"picked":"SKIP","floor":6},{"not_picked":["Slice","Poisoned Stab"],"picked":"Skewer","floor":7},{"not_picked":["Calculated Gamble","Distraction"],"picked":"Malaise","floor":10},{"not_picked":["Reflex","Well Laid Plans","Cloak And Dagger"],"picked":"Deadly Poison","floor":11},{"not_picked":["Phantasmal Killer","Envenom","Tools of the Trade"],"picked":"Venomology","floor":16},{"not_picked":["Blur","Slice","Sucker Punch","PiercingWail"],"picked":"SKIP","floor":18},{"not_picked":["Flying Knee+1","Flechettes","Riddle With Holes+1","Slice"],"picked":"SKIP","floor":19},{"not_picked":["Bane","Finisher","Glass Knife"],"picked":"Bouncing Flask","floor":28},{"not_picked":["Dagger Spray","Bane","Deflect"],"picked":"Footwork","floor":29},{"not_picked":["Slice+1","Footwork","Concentrate+1","Outmaneuver"],"picked":"SKIP","floor":30}],"player_experience":1029166,"relics_obtained":[{"floor":6,"key":"Strawberry"},{"floor":9,"key":"Tiny Chest"},{"floor":10,"key":"Question Card"},{"floor":24,"key":"Gremlin Horn"},{"floor":26,"key":"CaptainsWheel"}],"event_choices":[{"damage_healed":0,"gold_gain":0,"player_choice":"Paid Gold","damage_taken":0,"relics_obtained":["PreservedInsect"],"max_hp_gain":0,"max_hp_loss":0,"event_name":"WeMeetAgain","floor":3,"gold_loss":92},{"damage_healed":0,"gold_gain":0,"player_choice":"Lose Max HP","damage_taken":0,"relics_obtained":["Golden Idol"],"max_hp_gain":0,"max_hp_loss":6,"event_name":"Golden Idol","floor":5,"gold_loss":0},{"damage_healed":0,"gold_gain":150,"player_choice":"AGREE","damage_taken":0,"max_hp_gain":0,"max_hp_loss":0,"event_name":"Liars Game","floor":13,"gold_loss":0,"cards_obtained":["Doubt"]},{"damage_healed":0,"gold_gain":0,"player_choice":"Bet on Murderer","damage_taken":0,"max_hp_gain":0,"max_hp_loss":0,"event_name":"The Joust","floor":21,"gold_loss":50}],"is_beta":false,"boss_relics":[{"not_picked":["Busted Crown","Sozu"],"picked":"Black Star"}],"items_purged_floors":[12,14,20],"is_endless":false,"potions_floor_spawned":[4,6,16,19,28,30],"killed_by":"Champ","ascension_level":20}}