{"host":"lg1piimdyocafd6j","time":1609512634,"event":{"mods":["AchievementEnabler","BaseMod","Better Third Choice","BetterRewards","Colored Map","Colored Powertips","Downfall","Minty Spire (QoL Compilation)","Quick Restart","Rare Cards Sparkle","StSLib","SuperFastMode"],"gold_per_floor":[117,117,117,137,137,137,163,163,188,245,245,274,289,303,303,303,303],"floor_reached":16,"playtime":689,"items_purged":["Strike_B","Strike_B","Strike_B","Defend_B","Defend_B"],"score":133,"play_id":"e9e2b93a-dea1-45c1-9efc-b1aafbabe477","local_time":"20210101155034","is_ascension_mode":false,"campfire_choices":[{"floor":6,"key":"RECALL"},{"floor":8,"key":"REST"},{"floor":15,"key":"REST"}],"circlet_count":0,"master_deck":["Strike_B","Defend_B","Defend_B","Zap","Dualcast","Loop","Conserve Battery","Conserve Battery","Loop","Redo","Conserve Battery"],"relics":["Cracked Core","Membership Card","Lantern","Smiling Mask","MealTicket","PreservedInsect","Pantograph"],"acts_visited":["Exordium"],"potions_floor_usage":[3,10,12,12],"damage_taken":[{"damage":0,"enemies":"Jaw Worm","floor":1,"turns":4},{"damage":0,"enemies":"Cultist","floor":4,"turns":4},{"damage":23,"enemies":"3 Sentries","floor":7,"turns":8},{"damage":17,"enemies":"3 Sentries","floor":10,"turns":6},{"damage":12,"enemies":"Gremlin Nob","floor":12,"turns":2},{"damage":0,"enemies":"2 Louse","floor":13,"turns":3},{"damage":0,"enemies":"Looter","floor":14,"turns":3},{"damage":38,"enemies":"Hexaghost","floor":16,"turns":9}],"seed_played":"-294532267461511353","potions_obtained":[{"floor":1,"key":"sneckomod:MuddlingPotion"},{"floor":3,"key":"Fruit Juice"},{"floor":3,"key":"FocusPotion"},{"floor":3,"key":"Guardian:BlockOnCardUsePotion"},{"floor":4,"key":"champ:CounterPotion"},{"floor":10,"key":"Fruit Juice"}],"is_trial":false,"path_per_floor":["M","?","?","M","?","R","E","R","T","?","T","E","M","M","R","B"],"character_chosen":"DEFECT","items_purchased":["Membership Card","Loop","Conserve Battery","Lantern","Conserve Battery"],"campfire_rested":2,"item_purchase_floors":[0,0,0,0,0],"current_hp_per_floor":[75,75,80,80,85,85,62,85,85,73,73,61,61,61,88,52,52],"gold":303,"neow_bonus":"","is_daily":false,"chose_seed":false,"campfire_upgraded":0,"win_rate":0.0,"timestamp":1609512634,"path_taken":["M","?","?","?","?","R","E","R","T","?","?","E","M","M","R","BOSS"],"items_purchased_type":["Relic","Card","Card","Relic","Card"],"build_version":"2020-12-22","purchased_purges":5,"victory":false,"max_hp_per_floor":[75,75,80,80,85,85,85,85,85,90,90,90,90,90,90,90,90],"card_choices":[{"not_picked":["Skim","Double Energy","Fusion"],"picked":"SKIP","floor":1},{"not_picked":["Glacier","Aggregate"],"picked":"Loop","floor":4},{"not_picked":["Cold Snap","Go for the Eyes"],"picked":"Redo","floor":7},{"not_picked":["Steam Power","Coolheaded","Compile Driver"],"picked":"SKIP","floor":12},{"not_picked":["Chill","Beam Cell","Rainbow"],"picked":"SKIP","floor":13},{"not_picked":["Tempest","Doom and Gloom"],"picked":"Conserve Battery","floor":14}],"player_experience":176058,"relics_obtained":[{"floor":7,"key":"Smiling Mask"},{"floor":10,"key":"MealTicket"},{"floor":11,"key":"PreservedInsect"},{"floor":12,"key":"Pantograph"}],"event_choices":[{"damage_healed":0,"gold_gain":0,"player_choice":"Ignored","damage_taken":117,"max_hp_gain":0,"max_hp_loss":0,"event_name":"betterThird:BetterSerpent","floor":2,"gold_loss":0},{"damage_healed":0,"gold_gain":0,"player_choice":"Got Potions","damage_taken":0,"max_hp_gain":0,"max_hp_loss":0,"event_name":"Lab","floor":3,"gold_loss":0},{"damage_healed":0,"gold_gain":0,"player_choice":"Donut","damage_taken":0,"max_hp_gain":5,"max_hp_loss":0,"event_name":"Big Fish","floor":5,"gold_loss":0},{"damage_healed":0,"gold_gain":0,"player_choice":"Searched \u00271\u0027 times","damage_taken":0,"max_hp_gain":0,"max_hp_loss":0,"event_name":"Dead Adventurer","floor":10,"gold_loss":0}],"is_beta":false,"boss_relics":[],"items_purged_floors":[0,0,0,0,0],"is_endless":false,"potions_floor_spawned":[1,4,7,10],"killed_by":"Hexaghost","ascension_level":0}}