{"host":"tmf10eeko6je6wes","time":1609518836,"event":{"mods":["AchievementEnabler","BaseMod","Better Altar","Better Match","Better Note","Better Sensory Stone","Better Skull","Better Third Choice","Colored Map","Colored Powertips","Curses Come First","DeckTracker","Highlight Path","Minty Spire (QoL Compilation)","Permanent Neow","Quick Restart","Relic Sorter","Relic Stats","Shop Mod","StSLib","SuperFastMode","Synergy Search"],"gold_per_floor":[111,123,133,208,221,221,24,24,24,38,38,38,53,69,69,174,174,192,192,210,210,210,210],"floor_reached":22,"playtime":769,"items_purged":[],"score":203,"play_id":"81a01765-0b55-444d-8a7e-0ce83b66c739","local_time":"20210101113356","is_ascension_mode":false,"campfire_choices":[{"data":"Anger","floor":6,"key":"SMITH"},{"data":"Secret Technique","floor":8,"key":"SMITH"},{"data":"Barricade","floor":15,"key":"SMITH"}],"circlet_count":0,"master_deck":["Strike_R","Strike_R","Strike_R+1","Strike_R","Defend_R","Defend_R","Defend_R","Defend_R","Bash","Anger+1","Heavy Blade+1","Thunderclap","Twin Strike+1","Secret Technique+1","Dual Wield","True Grit","Barricade+1","Flame Barrier","Offering","Clothesline","Cleave+1"],"relics":["Black Blood","Nloth\u0027s Gift"],"acts_visited":["Exordium","TheCity"],"potions_floor_usage":[16,16],"damage_taken":[{"damage":0,"enemies":"Cultist","floor":1,"turns":4},{"damage":5,"enemies":"Jaw Worm","floor":2,"turns":4},{"damage":0,"enemies":"Small Slimes","floor":3,"turns":3},{"damage":1,"enemies":"3 Louse","floor":5,"turns":3},{"damage":3,"enemies":"Exordium Thugs","floor":10,"turns":5},{"damage":8,"enemies":"Exordium Wildlife","floor":13,"turns":3},{"damage":15,"enemies":"2 Fungi Beasts","floor":14,"turns":5},{"damage":67,"enemies":"The Guardian","floor":16,"turns":15},{"damage":47,"enemies":"Spheric Guardian","floor":18,"turns":7},{"damage":5,"enemies":"3 Byrds","floor":20,"turns":4},{"damage":73,"enemies":"Sentry and Sphere","floor":22,"turns":7}],"seed_played":"2946288702503934994","potions_obtained":[{"floor":3,"key":"BloodPotion"},{"floor":10,"key":"Fire Potion"},{"floor":20,"key":"BlessingOfTheForge"}],"is_trial":false,"path_per_floor":["M","M","M","?","M","R","$","R","T","M","?","?","M","M","R","B",null,"M","?","M","?","M"],"character_chosen":"IRONCLAD","items_purchased":["Secret Technique"],"campfire_rested":0,"item_purchase_floors":[7],"current_hp_per_floor":[78,79,85,74,79,79,79,79,79,82,82,82,80,71,71,29,96,61,61,68,68,0,0],"gold":210,"neow_bonus":"TWENTY_PERCENT_HP_BONUS","is_daily":false,"chose_seed":false,"campfire_upgraded":3,"win_rate":0.0,"timestamp":1609518836,"path_taken":["M","?","M","?","M","R","$","R","T","M","?","?","?","M","R","BOSS","M","?","M","?","M"],"items_purchased_type":["Card"],"build_version":"2020-12-22","purchased_purges":0,"victory":false,"max_hp_per_floor":[96,96,96,96,96,96,96,96,96,96,96,96,96,96,96,96,96,96,96,96,96,96,96],"relic_stats":{"counters":[11,60],"Black Blood":72,"Nloth\u0027s Gift":1,"obtain_stats":[{"Black Blood":17,"Nloth\u0027s Gift":19,"Whetstone":9,"Burning Blood":0},{"Black Blood":8,"Nloth\u0027s Gift":9,"Whetstone":4,"Burning Blood":0},{"Black Blood":42,"Nloth\u0027s Gift":49,"Whetstone":14,"Burning Blood":0}]},"card_choices":[{"not_picked":["Evolve","Second Wind"],"picked":"Anger","floor":1},{"not_picked":["Warcry","Headbutt"],"picked":"Heavy Blade","floor":2},{"not_picked":["Reckless Charge","Dual Wield"],"picked":"Thunderclap","floor":3},{"not_picked":["Body Slam","Reckless Charge"],"picked":"Twin Strike","floor":5},{"not_picked":["Clothesline","Sword Boomerang"],"picked":"Dual Wield","floor":10},{"not_picked":["Battle Trance","Pommel Strike"],"picked":"Barricade","floor":13},{"not_picked":["Armaments","Shockwave"],"picked":"Flame Barrier","floor":14},{"not_picked":["Corruption","Immolate"],"picked":"Offering","floor":16},{"not_picked":["Reckless Charge","Wild Strike"],"picked":"Clothesline","floor":18},{"not_picked":["Wild Strike","Reaper"],"picked":"Cleave+1","floor":20}],"player_experience":45078,"relics_obtained":[{"floor":9,"key":"Whetstone"}],"event_choices":[{"damage_healed":0,"gold_gain":75,"player_choice":"Gold","damage_taken":11,"max_hp_gain":0,"max_hp_loss":0,"event_name":"betterThird:BetterGoop","floor":4,"gold_loss":0},{"damage_healed":0,"gold_gain":0,"cards_transformed":["Strike_R"],"player_choice":"Change","damage_taken":0,"max_hp_gain":0,"max_hp_loss":0,"event_name":"Living Wall","floor":11,"gold_loss":0,"cards_obtained":["True Grit"]},{"damage_healed":0,"gold_gain":0,"player_choice":"Upgraded","damage_taken":0,"max_hp_gain":0,"max_hp_loss":0,"event_name":"Upgrade Shrine","floor":12,"gold_loss":0,"cards_upgraded":["Heavy Blade"]},{"damage_healed":0,"gold_gain":0,"player_choice":"Traded Relic","damage_taken":0,"relics_obtained":["Nloth\u0027s Gift"],"max_hp_gain":0,"max_hp_loss":0,"event_name":"N\u0027loth","floor":19,"relics_lost":["Whetstone"],"gold_loss":0},{"damage_healed":0,"gold_gain":0,"player_choice":"Ignored","damage_taken":0,"max_hp_gain":0,"max_hp_loss":0,"event_name":"betterNote:BetterNote","floor":21,"gold_loss":0,"cards_obtained":["Entrench"]}],"is_beta":false,"boss_relics":[{"not_picked":["SacredBark","Cursed Key"],"picked":"Black Blood"}],"items_purged_floors":[],"is_endless":false,"potions_floor_spawned":[3,10,20],"killed_by":"Sentry and Sphere","ascension_level":0}}