{"host":"dth8fvkfiulu86fi","time":1609504417,"event":{"mods":["2.2 Compatiblity","AchievementEnabler","BaseMod","Better Third Choice","Colored Map","Colored Powertips","Minty Spire (QoL Compilation)","Rare Cards Sparkle","StSLib","SuperFastMode","Synergy Search"],"gold_per_floor":[114,129,144,144,219,249,5,35,35,50,80,80,110,21,21,121,121,136,116,131,131,131,131,161,161,161,161,176,191,16,31,31,131,131,146,146,161,176,26,26,56,56,56,86,34,64,79,79,79,79],"floor_reached":51,"playtime":2723,"items_purged":[],"score":881,"play_id":"f4743f2d-a3e6-4f1d-932d-b6e471c35fa9","local_time":"20210101133337","daily_mods":["Shiny","ControlledChaos","Elite Swarm"],"is_ascension_mode":false,"campfire_choices":[{"data":"After Image","floor":12,"key":"SMITH"},{"floor":15,"key":"REST"},{"data":"After Image","floor":23,"key":"SMITH"},{"floor":27,"key":"REST"},{"floor":32,"key":"REST"},{"floor":40,"key":"REST"},{"data":"Envenom","floor":42,"key":"SMITH"},{"floor":49,"key":"REST"}],"circlet_count":0,"master_deck":["Venomology","Corpse Explosion","Malaise","Phantasmal Killer+1","Die Die Die","Adrenaline+1","Envenom","Doppelganger","Burst+1","Wraith Form v2","Tools of the Trade","Night Terror","Unload","After Image+1","Bullet Time","Storm of Steel","Glass Knife","A Thousand Cuts","Grand Finale","After Image+1","Good Instincts","Envenom+1","Finesse","Slice","Deflect+1","Slice","PiercingWail+1","Poisoned Stab","Backstab+1","Slice","After Image+1","Burst","Backflip","Bullet Time","PiercingWail+1"],"relics":["Ring of the Snake","Frozen Eye","Prayer Wheel","War Paint","PreservedInsect","Orichalcum","Snake Skull","Strawberry","Pen Nib","Singing Bowl","Bronze Scales","Sozu","DollysMirror","White Beast Statue","Lizard Tail","Happy Flower","Question Card"],"acts_visited":["Exordium","TheCity","TheBeyond"],"potions_floor_usage":[2,2,2,6,8,8,11,11,11,13,13,18,20,20,29,31,33,50],"damage_taken":[{"damage":0,"enemies":"Cultist","floor":1,"turns":3},{"damage":0,"enemies":"Small Slimes","floor":2,"turns":1},{"damage":0,"enemies":"2 Louse","floor":3,"turns":1},{"damage":20,"enemies":"3 Sentries","floor":6,"turns":7},{"damage":17,"enemies":"Lagavulin","floor":8,"turns":4},{"damage":10,"enemies":"Blue Slaver","floor":10,"turns":3},{"damage":0,"enemies":"Gremlin Nob","floor":11,"turns":3},{"damage":6,"enemies":"3 Sentries","floor":13,"turns":3},{"damage":18,"enemies":"Hexaghost","floor":16,"turns":6},{"damage":8,"enemies":"Chosen","floor":18,"turns":5},{"damage":10,"enemies":"3 Byrds","floor":20,"turns":4},{"damage":12,"enemies":"Gremlin Leader","floor":24,"turns":5},{"damage":3,"enemies":"Centurion and Healer","floor":28,"turns":3},{"damage":8,"enemies":"3 Cultists","floor":29,"turns":3},{"damage":10,"enemies":"Snake Plant","floor":31,"turns":4},{"damage":49,"enemies":"Automaton","floor":33,"turns":11},{"damage":6,"enemies":"3 Darklings","floor":35,"turns":4},{"damage":14,"enemies":"3 Shapes","floor":37,"turns":3},{"damage":11,"enemies":"Spire Growth","floor":38,"turns":4},{"damage":27,"enemies":"Nemesis","floor":41,"turns":7},{"damage":0,"enemies":"Reptomancer","floor":44,"turns":5},{"damage":7,"enemies":"Giant Head","floor":46,"turns":7},{"damage":18,"enemies":"Maw","floor":47,"turns":8},{"damage":125,"enemies":"Awakened One","floor":50,"turns":13}],"seed_played":"-2495295926900846280","potions_obtained":[{"floor":1,"key":"GamblersBrew"},{"floor":6,"key":"AttackPotion"},{"floor":8,"key":"Fire Potion"},{"floor":11,"key":"SpeedPotion"},{"floor":16,"key":"FairyPotion"},{"floor":19,"key":"PowerPotion"},{"floor":24,"key":"Weak Potion"}],"is_trial":false,"path_per_floor":["M","M","M","?","?","E","$","E","T","M","E","R","E","$","R","B",null,"M","?","M","?","?","R","E","?","T","R","M","M","$","M","R","B",null,"M","?","M","M","$","R","E","R","T","E","$","E","M","?","R","B",null],"character_chosen":"THE_SILENT","items_purchased":["War Paint","Good Instincts","Finesse","Bronze Scales","Poisoned Stab","DollysMirror","Backflip"],"campfire_rested":5,"item_purchase_floors":[7,7,14,30,30,39,45],"current_hp_per_floor":[70,70,70,75,64,44,44,27,27,17,17,17,18,18,42,24,82,74,74,64,64,64,64,52,52,52,76,77,69,69,61,87,40,90,86,86,76,69,69,99,72,72,72,72,72,65,47,47,77,50],"gold":79,"neow_bonus":"","is_daily":true,"chose_seed":false,"campfire_upgraded":3,"win_rate":0.0,"timestamp":1609504417,"path_taken":["M","M","?","?","?","E","?","E","T","?","E","R","E","$","R","BOSS","M","?","?","?","?","R","E","?","T","R","M","M","$","M","R","BOSS","M","?","?","M","$","R","E","R","T","E","$","E","M","?","R","BOSS"],"items_purchased_type":["Relic","Card","Card","Relic","Card","Relic","Card"],"build_version":"2020-12-22","purchased_purges":0,"victory":true,"max_hp_per_floor":[70,70,70,75,75,75,75,75,75,75,75,75,82,82,82,82,82,82,82,82,82,82,82,82,82,82,82,86,86,86,88,88,90,90,92,92,96,100,100,100,100,100,100,100,100,100,100,100,100,100],"card_choices":[{"not_picked":["Setup","Dagger Spray","Underhanded Strike"],"picked":"SKIP","floor":1},{"not_picked":["Bouncing Flask","Accuracy","Dodge and Roll"],"picked":"SKIP","floor":2},{"not_picked":["Footwork","Flechettes","Bane"],"picked":"SKIP","floor":3},{"not_picked":["Die Die Die","Envenom"],"picked":"After Image","floor":6},{"not_picked":["Venomology","Burst","Unload"],"picked":"SKIP","floor":8},{"not_picked":["Footwork","Dagger Spray","Quick Slash"],"picked":"SKIP","floor":10},{"not_picked":["Dagger Throw","Poisoned Stab","Outmaneuver"],"picked":"SKIP","floor":10},{"not_picked":["Phantasmal Killer","Storm of Steel"],"picked":"Envenom","floor":11},{"not_picked":["Venomology","Storm of Steel","Unload"],"picked":"SKIP","floor":13},{"not_picked":["Crippling Poison","Bane"],"picked":"Slice","floor":18},{"not_picked":["Blade Dance","Expertise","Reflex"],"picked":"SKIP","floor":18},{"not_picked":["Acrobatics","All Out Attack"],"picked":"Deflect+1","floor":20},{"not_picked":["Quick Slash","Blade Dance","Bane+1"],"picked":"SKIP","floor":20},{"not_picked":["Wraith Form v2","A Thousand Cuts","Malaise"],"picked":"SKIP","floor":24},{"not_picked":["Quick Slash","Acrobatics+1","Leg Sweep"],"picked":"Singing Bowl","floor":28},{"not_picked":["Quick Slash","Dagger Throw","Sucker Punch"],"picked":"Singing Bowl","floor":28},{"not_picked":["Footwork","Dodge and Roll+1"],"picked":"Slice","floor":29},{"not_picked":["Heel Hook+1","Terror"],"picked":"PiercingWail+1","floor":29},{"not_picked":["Skewer+1","PiercingWail+1"],"picked":"Backstab+1","floor":31},{"not_picked":["Dagger Spray","All Out Attack+1","Flying Knee"],"picked":"Singing Bowl","floor":31},{"not_picked":["Die Die Die","Glass Knife","A Thousand Cuts"],"picked":"Singing Bowl","floor":33},{"not_picked":["Dodge and Roll+1","Accuracy+1"],"picked":"Slice","floor":35},{"not_picked":["Sucker Punch+1","Underhanded Strike+1","Quick Slash"],"picked":"Singing Bowl","floor":35},{"not_picked":["Prepared+1","Sucker Punch","Underhanded Strike"],"picked":"Singing Bowl","floor":37},{"not_picked":["Dagger Spray","Poisoned Stab","Well Laid Plans+1"],"picked":"Singing Bowl","floor":37},{"not_picked":["Underhanded Strike","Bouncing Flask+1","Acrobatics+1"],"picked":"Singing Bowl","floor":38},{"not_picked":["Blade Dance+1","Bane","Blur+1"],"picked":"Singing Bowl","floor":38},{"not_picked":["Grand Finale","Tools of the Trade"],"picked":"Burst","floor":41},{"not_picked":["A Thousand Cuts","Bullet Time","Venomology"],"picked":"SKIP","floor":44},{"not_picked":["Venomology","Wraith Form v2"],"picked":"Bullet Time","floor":46},{"not_picked":["Calculated Gamble+1","Bane+1","Flying Knee+1"],"picked":"PiercingWail+1","floor":47},{"not_picked":["Deadly Poison","Flying Knee","Quick Slash+1","Bane"],"picked":"SKIP","floor":47}],"player_experience":1122764,"relics_obtained":[{"floor":6,"key":"Prayer Wheel"},{"floor":8,"key":"PreservedInsect"},{"floor":9,"key":"Orichalcum"},{"floor":11,"key":"Snake Skull"},{"floor":13,"key":"Strawberry"},{"floor":24,"key":"Pen Nib"},{"floor":26,"key":"Singing Bowl"},{"floor":41,"key":"White Beast Statue"},{"floor":43,"key":"Lizard Tail"},{"floor":44,"key":"Happy Flower"},{"floor":46,"key":"Question Card"}],"event_choices":[{"damage_healed":0,"gold_gain":0,"player_choice":"Donut","damage_taken":0,"max_hp_gain":5,"max_hp_loss":0,"event_name":"Big Fish","floor":4,"gold_loss":0},{"damage_healed":0,"gold_gain":75,"player_choice":"Gold","damage_taken":11,"max_hp_gain":0,"max_hp_loss":0,"event_name":"betterThird:BetterGoop","floor":5,"gold_loss":0},{"damage_healed":0,"gold_gain":0,"player_choice":"Bought 1 Potion","damage_taken":0,"max_hp_gain":0,"max_hp_loss":0,"event_name":"The Woman in Blue","floor":19,"gold_loss":0},{"damage_healed":0,"gold_gain":0,"player_choice":"Ignored","damage_taken":0,"max_hp_gain":0,"max_hp_loss":0,"event_name":"Ghosts","floor":21,"gold_loss":0},{"damage_healed":0,"gold_gain":0,"player_choice":"Ignored","damage_taken":0,"max_hp_gain":0,"max_hp_loss":0,"event_name":"Beggar","floor":22,"gold_loss":0},{"damage_healed":0,"gold_gain":0,"player_choice":"Ignored","damage_taken":0,"max_hp_gain":0,"max_hp_loss":0,"event_name":"Cursed Tome","floor":25,"gold_loss":0},{"damage_healed":0,"gold_gain":0,"player_choice":"Upgraded","damage_taken":0,"max_hp_gain":0,"max_hp_loss":0,"event_name":"Upgrade Shrine","floor":36,"gold_loss":0,"cards_upgraded":["Burst"]},{"damage_healed":0,"gold_gain":0,"player_choice":"Got Potions","damage_taken":0,"max_hp_gain":0,"max_hp_loss":0,"event_name":"Lab","floor":48,"gold_loss":0}],"is_beta":false,"boss_relics":[{"not_picked":["Snecko Eye","Velvet Choker","Coffee Dripper"]},{"not_picked":["SacredBark","Empty Cage"],"picked":"Sozu"}],"items_purged_floors":[],"is_endless":false,"potions_floor_spawned":[1,6,8,11,16,24,28,29,35,38,44,46,47],"ascension_level":0}}