{"host":"aw5aop3hbkunav4s","time":1609486062,"event":{"mods":["2.2 Compatiblity","AchievementEnabler","BaseMod","Colored Map","Curses Come First","Minty Spire (QoL Compilation)","Relic Stats","StSLib","Synergy Search"],"gold_per_floor":[113,113,37,55,71,71,98,110,147,159,185,228,240,265,277,412,424,452,480,504,516,516],"floor_reached":21,"playtime":1305,"items_purged":[],"score":248,"play_id":"b5c4502c-fe00-42b0-9db8-34c7513e83fc","local_time":"20210101022742","is_ascension_mode":true,"campfire_choices":[{"data":"Flame Barrier","floor":6.0,"key":"SMITH"},{"data":"Perfected Strike","floor":8.0,"key":"SMITH"},{"floor":15,"key":"REST"}],"circlet_count":0,"master_deck":["Strike_R","Strike_R","Strike_R","Defend_R","Defend_R","Bash","Pommel Strike+1","Perfected Strike+1","Perfected Strike+1","Burning Pact","Hemokinesis","Flame Barrier+1","Whirlwind","Power Through","Immolate","Metallicize","Inflame+1","Rage+1"],"relics":["Astrolabe","MawBank","The Courier","SlaversCollar"],"acts_visited":["Exordium","TheCity"],"potions_floor_usage":[14,16,16,16,16,20,20],"damage_taken":[{"damage":7.0,"enemies":"Jaw Worm","floor":1.0,"turns":2.0},{"damage":6.0,"enemies":"Small Slimes","floor":4.0,"turns":2.0},{"damage":0.0,"enemies":"2 Louse","floor":5.0,"turns":2.0},{"damage":10.0,"enemies":"Gremlin Nob","floor":7.0,"turns":3.0},{"damage":14,"enemies":"Gremlin Gang","floor":11,"turns":4},{"damage":20,"enemies":"3 Sentries","floor":12,"turns":6},{"damage":0,"enemies":"3 Louse","floor":14,"turns":5},{"damage":23,"enemies":"Hexaghost","floor":16,"turns":9},{"damage":37,"enemies":"Shell Parasite","floor":18,"turns":5},{"damage":30,"enemies":"2 Thieves","floor":19,"turns":4},{"damage":0,"enemies":"Cultist and Chosen","floor":20,"turns":6},{"damage":11,"enemies":"Centurion and Healer","floor":21,"turns":3}],"seed_played":"3452595511121533977","potions_obtained":[{"floor":11,"key":"ColorlessPotion"},{"floor":12,"key":"Regen Potion"},{"floor":13,"key":"ElixirPotion"},{"floor":13,"key":"EntropicBrew"},{"floor":14,"key":"Regen Potion"},{"floor":18,"key":"PowerPotion"},{"floor":19,"key":"FearPotion"}],"is_trial":false,"path_per_floor":["M","?","$","M","M","R","E","R","T","?","M","E","?","M","R","B",null,"M","M","M","M"],"character_chosen":"IRONCLAD","items_purchased":["Burning Pact"],"campfire_rested":1,"item_purchase_floors":[3],"current_hp_per_floor":[65,65,65,59,59,59,49,49,49,42,28,8,8,23,47,39,70,33,3,3,0,0],"gold":516,"neow_bonus":"BOSS_RELIC","is_daily":false,"chose_seed":false,"campfire_upgraded":2,"win_rate":0.0,"timestamp":1609486062,"path_taken":["M","?","$","M","M","R","E","R","T","?","M","E","?","M","R","BOSS","M","?","M","M"],"items_purchased_type":["Card"],"build_version":"2020-12-22","purchased_purges":0,"victory":false,"max_hp_per_floor":[80,80,80,80,80,80,80,80,80,80,80,80,80,80,80,80,80,80,80,80,80,80],"relic_stats":{"counters":[12,51],"Astrolabe":["Pommel Strike","Limit Break","Perfected Strike"],"MawBank":168,"obtain_stats":[{"SlaversCollar":17,"Astrolabe":0,"The Courier":12,"MawBank":7,"Burning Blood":0},{"SlaversCollar":8,"Astrolabe":0,"The Courier":6,"MawBank":4,"Burning Blood":0},{"SlaversCollar":33,"Astrolabe":0,"The Courier":19,"MawBank":9,"Burning Blood":0}]},"card_choices":[{"not_picked":["Havoc","Warcry"],"picked":"Perfected Strike","floor":1.0},{"not_picked":["Uppercut","Twin Strike"],"picked":"Hemokinesis","floor":4.0},{"not_picked":["Dark Embrace","Hemokinesis"],"picked":"Flame Barrier","floor":5.0},{"not_picked":["Body Slam","Clash","Fire Breathing"],"picked":"SKIP","floor":7.0},{"not_picked":["Rupture","Searing Blow"],"picked":"Whirlwind","floor":11},{"not_picked":["Armaments","Inflame"],"picked":"Power Through","floor":12},{"not_picked":["Body Slam","Entrench","Wild Strike"],"picked":"SKIP","floor":14},{"not_picked":["Fiend Fire","Limit Break"],"picked":"Immolate","floor":16},{"not_picked":["Uppercut","Blood for Blood"],"picked":"Metallicize","floor":18},{"not_picked":["Shrug It Off","Havoc"],"picked":"Inflame+1","floor":19},{"not_picked":["Uppercut","Sever Soul"],"picked":"Rage+1","floor":20}],"player_experience":282486,"relics_obtained":[{"floor":7.0,"key":"MawBank"},{"floor":12,"key":"The Courier"}],"event_choices":[{"cards_removed":["Limit Break"],"damage_healed":0.0,"max_hp_gain":0.0,"max_hp_loss":0.0,"gold_gain":0.0,"event_name":"Living Wall","player_choice":"Forget","floor":2.0,"gold_loss":0.0,"damage_taken":0.0},{"cards_removed":["Defend_R"],"damage_healed":0.0,"max_hp_gain":0.0,"max_hp_loss":0.0,"gold_gain":0.0,"event_name":"Golden Wing","player_choice":"Card Removal","floor":10.0,"gold_loss":0.0,"damage_taken":7.0},{"damage_healed":0,"gold_gain":0,"player_choice":"Got Potions","damage_taken":0,"max_hp_gain":0,"max_hp_loss":0,"event_name":"Lab","floor":13,"gold_loss":0}],"is_beta":false,"boss_relics":[{"not_picked":["Runic Cube","SacredBark"],"picked":"SlaversCollar"}],"items_purged_floors":[],"is_endless":false,"potions_floor_spawned":[11,12,14,18,19],"killed_by":"Centurion and Healer","ascension_level":6}}