{"host":"zhec3g4cvsmevugl","time":1609522926,"event":{"mods":["BaseMod","BetterRewards","Curses Come First","Minty Spire (QoL Compilation)","Relic Stats","Slay-I","StSLib"],"gold_per_floor":[112,42,217,292,306,306,306],"floor_reached":6,"playtime":256,"items_purged":[],"score":37,"play_id":"3ad16db2-0688-4a11-99c9-ace396fd8a26","local_time":"20210102014206","is_ascension_mode":true,"campfire_choices":[],"circlet_count":0,"master_deck":["Strike_G","Strike_G","Strike_G","Strike_G","Strike_G","Defend_G","Defend_G","Defend_G","Defend_G","Defend_G","Survivor","Neutralize","Terror","Sucker Punch","Backflip","Doubt","Bane"],"relics":["Snecko Eye"],"acts_visited":["Exordium"],"potions_floor_usage":[],"damage_taken":[{"damage":4,"enemies":"Jaw Worm","floor":1,"turns":6},{"damage":2,"enemies":"2 Louse","floor":5,"turns":4},{"damage":0,"enemies":"Gremlin Nob","floor":6,"turns":2}],"seed_played":"-4469164316572058657","potions_obtained":[{"floor":1,"key":"LiquidMemories"}],"is_trial":false,"path_per_floor":["M","$","?","?","M","E"],"character_chosen":"THE_SILENT","items_purchased":["Sucker Punch","Backflip"],"campfire_rested":0,"item_purchase_floors":[2,2],"current_hp_per_floor":[66,66,66,55,53,53,53],"gold":306,"neow_bonus":"BOSS_RELIC","is_daily":false,"chose_seed":false,"campfire_upgraded":0,"win_rate":0.0,"timestamp":1609522926,"path_taken":["M","$","?","?","M","E"],"items_purchased_type":["Card","Card"],"build_version":"2020-12-22","purchased_purges":0,"victory":false,"max_hp_per_floor":[70,70,70,70,70,70,70],"relic_stats":{"counters":[10,47],"Snecko Eye":[15,21,27,21],"obtain_stats":[{"Strange Spoon":0,"The Specimen":7,"Ornamental Fan":0,"Golden Idol":2,"Bronze Scales":0,"Oddly Smooth Stone":0,"Snecko Eye":0,"Prayer Wheel":0,"Pen Nib":12,"Membership Card":0,"Smiling Mask":9,"Ring of the Snake":0},{"Strange Spoon":0,"The Specimen":3,"Ornamental Fan":0,"Golden Idol":1,"Bronze Scales":0,"Oddly Smooth Stone":0,"Snecko Eye":7,"Prayer Wheel":0,"Pen Nib":5,"Membership Card":0,"Smiling Mask":3,"Ring of the Snake":0},{"Strange Spoon":0,"The Specimen":13,"Ornamental Fan":0,"Golden Idol":5,"Bronze Scales":0,"Oddly Smooth Stone":0,"Snecko Eye":35,"Prayer Wheel":0,"Pen Nib":21,"Membership Card":0,"Smiling Mask":13,"Ring of the Snake":0}]},"card_choices":[{"not_picked":["Flechettes","Choke"],"picked":"Terror","floor":1},{"not_picked":["Accuracy","Escape Plan"],"picked":"Bane","floor":5}],"player_experience":205952,"relics_obtained":[],"event_choices":[{"damage_healed":0,"gold_gain":175,"player_choice":"AGREE","damage_taken":0,"max_hp_gain":0,"max_hp_loss":0,"event_name":"Liars Game","floor":3,"gold_loss":0,"cards_obtained":["Doubt"]},{"damage_healed":0,"gold_gain":75,"player_choice":"Gather Gold","damage_taken":11,"max_hp_gain":0,"max_hp_loss":0,"event_name":"World of Goop","floor":4,"gold_loss":0}],"is_beta":false,"boss_relics":[],"items_purged_floors":[],"is_endless":false,"potions_floor_spawned":[1],"killed_by":"Gremlin Nob","ascension_level":2}}