{"host":"309cd6jyiw3t7f6r","time":1609471543,"event":{"mods":["ATMod(阿瑾Mod)","Act Like it!","Arknights The Spire","BaseMod","CapriCore","Downfall","Gensokyo","HololiveMod","KinomotoSakuraMod(木之本?)","Koishi","KomeijiMod","Lobotomy","Marisa（霧雨　魔理沙）","Minty Spire (QoL Compilation)","MostiFishMod","Prisma Mod","READ ME - Guardian Mod","Remilia（蕾米莉?）","RumiaBox-露米?的神秘盒子","StSLib","The Administrix","The Cursed","The Immortal","WarShipGirlsR/??少女R mod","Yakumo Yukari mod","Youmu（魂魄妖?）","【角色mod】十八桐人"],"gold_per_floor":[118,118,129,129,146,146,172,172,172,207,220,220,72,87,87,182,182,197,214,214,25,43,78,78,0,26,26,38,52,52,52,52],"floor_reached":31,"playtime":1821,"items_purged":[],"score":315,"play_id":"d1462c1e-5421-4a7a-8b61-ac057fbf79ef","local_time":"20210101112543","is_ascension_mode":false,"campfire_choices":[{"data":"PrismaMod:IllyaUberChannel","floor":8,"key":"SMITH"},{"data":"PrismaMod:IllyaFriendMaker","floor":15,"key":"SMITH"}],"circlet_count":0,"master_deck":["PrismaMod:IllyaCommonAttack+1","PrismaMod:IllyaCommonDefend","PrismaMod:IllyaCommonAttack","PrismaMod:IllyaCommonDefend","PrismaMod:IllyaCommonAttack","PrismaMod:IllyaCommonDefend","PrismaMod:IllyaCommonAttack","PrismaMod:IllyaCommonDefend","PrismaMod:IllyaCommonAttack","PrismaMod:IllyaCommonDefend","PrismaMod:IllyaUncommonDefend","AT_FamilyPortrait","PrismaMod:IllyaCheapAttack","PrismaMod:IllyaFriendMaker+1","PrismaMod:IllyaHassanGift","PrismaMod:IllyaPoisonTippedWeapons","PrismaMod:IllyaUberChannel+1","PrismaMod:IllyaPoisonBlock","PrismaMod:IllyaBlindPoisonToss","PrismaMod:IllyaCommonEvoke","PrismaMod:IllyaBlindPoisonToss","PrismaMod:IllyaZwei","PrismaMod:IllyaDualEvoke+1","PrismaMod:IllyaPartialInstallAssassin","MostiFishMod:JungleRules","PrismaMod:IllyaStunPoison+1","PrismaMod:IllyaAlice"],"relics":["PrismaMod:PrismaRuby","DaveBox","AT_ATBox","Blood Vial","BirthdayGift-Icosahedron","SynthV:TestCard","Happy Flower","Gensokyo:NagashiBinaDoll","ats:Originium","Bottled Lightning","Pen Nib","GodSword6","SynthV","Black Star","DaCapo","AT_SpeedBoots","PreservedInsect","HoshigumaDish","InkBottle"],"acts_visited":["Gensokyo:Gensokyo","Gensokyo:Gensokyoer"],"potions_floor_usage":[1,5,16],"damage_taken":[{"damage":8,"enemies":"Gensokyo:2_Kodama","floor":1,"turns":3},{"damage":0,"enemies":"Gensokyo:Python","floor":3,"turns":3},{"damage":0,"enemies":"Gensokyo:3_Fairies","floor":5,"turns":2},{"damage":9,"enemies":"Gensokyo:Aya","floor":7,"turns":3},{"damage":0,"enemies":"Gensokyo:Mamizou","floor":10,"turns":3},{"damage":0,"enemies":"Gensokyo:LivingMonolith","floor":11,"turns":2},{"damage":6,"enemies":"Gensokyo:Gryphon_and_Rabbit","floor":14,"turns":3},{"damage":2,"enemies":"Gensokyo:Yukari","floor":16,"turns":5},{"damage":0,"enemies":"Gensokyo:Chomper","floor":18,"turns":3},{"damage":0,"enemies":"Gensokyo:2_Gloops","floor":19,"turns":2},{"damage":6,"enemies":"Gensokyo:Monolith_and_Dog","floor":22,"turns":2},{"damage":0,"enemies":"Gensokyo:Koishi","floor":23,"turns":3},{"damage":0,"enemies":"Gensokyo:Wraith","floor":28,"turns":2},{"damage":0,"enemies":"Gensokyo:Mirror_and_Dog","floor":29,"turns":3}],"seed_played":"-217436496768433933","potions_obtained":[{"floor":3,"key":"Block Potion"},{"floor":5,"key":"champ:CounterPotion"},{"floor":14,"key":"Energy Potion"},{"floor":28,"key":"Regen Potion"},{"floor":29,"key":"Block Potion"}],"is_trial":false,"path_per_floor":["M","?","M","?","M","?","E","R","T","?","M","?","$","M","R","B",null,"M","M","?","$","M","E","?","?","T","T","M","M","?","M"],"character_chosen":"ILLYA","items_purchased":["SynthV","MostiFishMod:JungleRules"],"campfire_rested":0,"item_purchase_floors":[13,21],"current_hp_per_floor":[68,68,74,74,75,75,67,67,67,75,75,82,82,77,77,81,82,82,82,76,76,71,74,74,74,74,74,76,76,76,0,0],"gold":52,"neow_bonus":"RANDOM_COMMON_RELIC","is_daily":false,"chose_seed":false,"campfire_upgraded":2,"win_rate":0.0,"timestamp":1609471543,"path_taken":["M","?","M","?","M","?","E","R","T","?","M","?","?","M","R","BOSS","M","M","?","?","M","E","?","?","T","?","M","?","?","M"],"items_purchased_type":["Relic","Card"],"build_version":"2020-12-22","purchased_purges":0,"victory":false,"max_hp_per_floor":[75,75,75,75,75,75,75,75,75,75,75,82,82,82,82,82,82,82,82,76,76,76,76,76,76,76,76,76,76,76,76,76],"card_choices":[{"not_picked":["PrismaMod:IllyaCheapDefend","PrismaMod:IllyaReinForce"],"picked":"PrismaMod:IllyaCheapAttack","floor":1},{"not_picked":["PrismaMod:IllyaHassanGift","PrismaMod:IllyaGun","PrismaMod:IllyaAOECommonAttack","PrismaMod:IllyaPoisonTippedWeapons"],"picked":"PrismaMod:IllyaFriendMaker","floor":3},{"not_picked":["PrismaMod:IllyaUberPoisonBlock","PrismaMod:IllyaRubysPotion","PrismaMod:IllyaBride","PrismaMod:IllyaCheapChannelPoison"],"picked":"PrismaMod:IllyaHassanGift","floor":4},{"not_picked":["PrismaMod:IllyaFriendMaker","PrismaMod:IllyaRapidFire","PrismaMod:IllyaUncommonDefend","PrismaMod:IllyaStunPoison"],"picked":"PrismaMod:IllyaPoisonTippedWeapons","floor":4},{"not_picked":["PrismaMod:IllyaUncommonDefend","PrismaMod:IllyaCommonEvoke","PrismaMod:IllyaCarnivalOrbs","PrismaMod:IllyaCheapChannelAttack"],"picked":"PrismaMod:IllyaUberChannel","floor":5},{"not_picked":["PrismaMod:IllyaCheapChannelAttack","PrismaMod:IllyaGrail","PrismaMod:IllyaUberDefendChannel","PrismaMod:IllyaGrailKun"],"picked":"PrismaMod:IllyaPoisonBlock","floor":7},{"not_picked":["PrismaMod:IllyaPoisonTippedWeapons","PrismaMod:IllyaBoysLove","PrismaMod:IllyaAOECommonAttack","PrismaMod:IllyaPoisoningPhantasm"],"picked":"PrismaMod:IllyaBlindPoisonToss","floor":10},{"not_picked":["PrismaMod:IllyaCommandSeal","PrismaMod:IllyaGrailKun","PrismaMod:IllyaBerserCAR","PrismaMod:IllyaUncommonEvoke"],"picked":"PrismaMod:IllyaCommonEvoke","floor":11},{"not_picked":["PrismaMod:IllyaHassanGift","PrismaMod:IllyaTestament","PrismaMod:IllyaFeed","PrismaMod:IllyaUncommonAttack"],"picked":"PrismaMod:IllyaBlindPoisonToss","floor":14},{"not_picked":["PrismaMod:IllyaUberDefendChannel","PrismaMod:IllyaInstallArcher","PrismaMod:IllyaCarnivalPrismaAstolfo","PrismaMod:IllyaInstallAlterEgo"],"picked":"PrismaMod:IllyaZwei","floor":16},{"not_picked":["PrismaMod:IllyaCommonEvoke","PrismaMod:IllyaUncommonEvoke","PrismaMod:IllyaHassanGift","PrismaMod:IllyaBerserCAR"],"picked":"PrismaMod:IllyaDualEvoke+1","floor":18},{"not_picked":["PrismaMod:IllyaUncommonDefend","PrismaMod:IllyaRubysPotion","PrismaMod:IllyaUncommonAttack","PrismaMod:IllyaFeed"],"picked":"PrismaMod:IllyaPartialInstallAssassin","floor":19},{"not_picked":["PrismaMod:IllyaRubysPotion","PrismaMod:IllyaInstallBerserker","PrismaMod:IllyaCheapAttack","PrismaMod:IllyaMinorReinForce+1","PrismaMod:IllyaHassanGift"],"picked":"SKIP","floor":22},{"not_picked":["PrismaMod:IllyaBride","PrismaMod:IllyaGrailKun","PrismaMod:IllyaGrail","PrismaMod:IllyaPartialInstallAssassin"],"picked":"PrismaMod:IllyaStunPoison+1","floor":23},{"not_picked":["PrismaMod:IllyaBerserCAR","PrismaMod:IllyaCommonEvoke","PrismaMod:IllyaPoisonTippedWeapons","PrismaMod:IllyaBoysLove","PrismaMod:IllyaGrailKun"],"picked":"SKIP","floor":28},{"not_picked":["PrismaMod:IllyaFriendMaker","PrismaMod:IllyaStunPoison","PrismaMod:IllyaAOECommonAttack","PrismaMod:IllyaCheapChannelAttack","PrismaMod:IllyaMinorZwei"],"picked":"SKIP","floor":29}],"player_experience":318448,"relics_obtained":[{"floor":1,"key":"SynthV:TestCard"},{"floor":7,"key":"ats:Originium"},{"floor":7,"key":"Bottled Lightning"},{"floor":9,"key":"Pen Nib"},{"floor":10,"key":"ats:Originium"},{"floor":10,"key":"GodSword6"},{"floor":23,"key":"ats:Originium"},{"floor":23,"key":"AT_SpeedBoots"},{"floor":23,"key":"PreservedInsect"},{"floor":26,"key":"HoshigumaDish"},{"floor":27,"key":"InkBottle"}],"event_choices":[],"is_beta":false,"boss_relics":[{"not_picked":["GreenFoldingFan","SacredBark"],"picked":"Black Star"}],"items_purged_floors":[],"is_endless":false,"potions_floor_spawned":[3,5,14,28,29],"killed_by":"Gensokyo:Monolith_and_Dog","ascension_level":0}}