{"host":"68ryiucqar8jyfi2","time":1609540603,"event":{"mods":["2.2 Compatiblity","Act Like it!","Aspiration","BaseMod","Better Match","Better Note","Better Skull","Better Third Choice","CCEM","CapriCore","Curses Come First","Defuse TimeMaze Blight","Displayed Cursed Tome","Emptier Cage","Energized Spire","Friendly Minions","GifTheSpireLib","HexUI Lib","Hubris","Hyrulean Relics","Infinite Spire","Minty Spire (QoL Compilation)","Permanent Neow","RNG Fix","Replay The Spire","Robot Space Explorer","StSLib","Stuff the Spire","The Blue Laboratory","Trackpad","Transform Curses","Uncapped","Wandering Minibosses"],"gold_per_floor":[111,124,124,124,124,124,124,167,167,167,170,170,158,83,83,201,201,219,318,332,332,300,311,311,320,320,320,245,245,245,13,13,131,131,125,125,87,87,150,178,35,43,43,43,43,43,18,56,56,185,185,191,191,191,128,303,303,235,235,262,270,270,270],"floor_reached":62,"playtime":2778,"items_purged":["StuffTheSpire:EventHorizon+1","Dualcast+1","Defend_B","ReplayTheSpireMod:Splinters"],"score":929,"play_id":"ae1d7168-a9aa-41fe-9889-724db085a269","local_time":"20210101223643","daily_mods":["Vintage","Heirloom","Flight"],"is_ascension_mode":false,"campfire_choices":[{"data":"Zap","floor":6.0,"key":"SMITH"},{"data":"Dualcast","floor":7.0,"key":"SMITH"},{"data":"Cold Snap","floor":12.0,"key":"SMITH"},{"floor":15.0,"key":"DIG"},{"data":"ReplayTheSpireMod:Calculation Training","floor":30,"key":"SMITH"},{"data":"Reboot","floor":30,"key":"SMITH"},{"data":"StuffTheSpire:Recharge","floor":32,"key":"SMITH"},{"data":"Strike_B","floor":32,"key":"SMITH"},{"data":"ReplayTheSpireMod:Calculation Training","floor":44,"key":"SMITH"},{"data":"Vault","floor":44,"key":"SMITH"},{"data":"Buffer","floor":49,"key":"SMITH"},{"data":"Metallicize","floor":49,"key":"SMITH"},{"data":"Malaise","floor":57,"key":"SMITH"},{"data":"Defend_B","floor":57,"key":"SMITH"},{"data":"ReplayTheSpireMod:System Scan","floor":59,"key":"SMITH"},{"data":"Defend_B","floor":59,"key":"SMITH"}],"circlet_count":0,"master_deck":["Defend_B+1","Defend_B+1","Defend_B+1","Zap+1","Cold Snap+1","Reboot+1","FIFO Queue+1","ReplayTheSpireMod:Calculation Training+1","StuffTheSpire:Recharge+1","Vault+1","Amplify+1","Seek+1","Metallicize+1","Buffer+1","ReplayTheSpireMod:Calculation Training+1","Malaise+1","ReplayTheSpireMod:System Scan+1"],"relics":["Cracked Core","Torii","CCEMRelics:GrapeVine","trackpad:IceCube","Golden Idol","zeldaRelics:CourageTriforce","Eternal Feather","Pen Nib","Bronze Scales","Replay:Arrowhead","Red Mask","zeldaRelics:WisdomTriforce","DataDisk","Darkstone Periapt","SacredBark","Pantograph","PrismaticShard","Membership Card","Astrolabe","hubris:VirtuousBlindfold","hubris:BallOfYels","Replay:PocketPolymizer","zeldaRelics:PowerTriforce","Mummified Hand","hubris:Backtick","Matryoshka","Chameleon Ring","aspiration:FaultyCoupler","Carrot","StuffTheSpire:DarkSteelAnvil","ReplayTheSpireMod:CursedCoin","War Paint","Replay:Bandana","hubris:Metronome"],"acts_visited":["Exordium","TheCity","TheBeyond","Exordium"],"potions_floor_usage":[42,42,50,61],"damage_taken":[{"damage":1.0,"enemies":"Cultist","floor":1.0,"turns":3.0},{"damage":1.0,"enemies":"Jaw Worm","floor":2.0,"turns":3.0},{"damage":26.0,"enemies":"Lagavulin","floor":8.0,"turns":8.0},{"damage":0.0,"enemies":"Small Slimes","floor":11.0,"turns":6.0},{"damage":2.0,"enemies":"Gremlin Gang","floor":13.0,"turns":5.0},{"damage":11.0,"enemies":"Hexaghost","floor":16.0,"turns":10.0},{"damage":4.0,"enemies":"3 Byrds","floor":18.0,"turns":2.0},{"damage":11.0,"enemies":"Spheric Guardian","floor":20.0,"turns":3.0},{"damage":34.0,"enemies":"Masked Bandits","floor":22.0,"turns":6.0},{"damage":3,"enemies":"Nightmare","floor":23,"turns":8},{"damage":0,"enemies":"Cultist and Chosen","floor":24,"turns":6},{"damage":0,"enemies":"Chosen and Byrds","floor":25,"turns":4},{"damage":31,"enemies":"Collector","floor":33,"turns":12},{"damage":3,"enemies":"3 Shapes","floor":35,"turns":8},{"damage":0,"enemies":"Mind Bloom Boss Battle","floor":39,"turns":1},{"damage":17,"enemies":"R_Hoarder","floor":40,"turns":10},{"damage":2,"enemies":"Reptomancer","floor":42,"turns":9},{"damage":9,"enemies":"3 Darklings","floor":47,"turns":7},{"damage":0,"enemies":"Giant Head","floor":48,"turns":12},{"damage":0,"enemies":"Time Eater","floor":50,"turns":14},{"damage":0,"enemies":"Cultist","floor":52,"turns":4},{"damage":0,"enemies":"Jaw Worm","floor":61,"turns":3},{"damage":0,"enemies":"2 Louse","floor":62,"turns":1}],"seed_played":"4116274179937017459","potions_obtained":[{"floor":1.0,"key":"infinitespire:BlackPotion"},{"floor":13.0,"key":"Adrenaline Potion"},{"floor":25,"key":"Block Potion"},{"floor":40,"key":"blueLaboratory:CoolantVial"},{"floor":48,"key":"SkillPotion"},{"floor":50,"key":"blueLaboratory:FrostheartPotion"},{"floor":52,"key":"PowerPotion"},{"floor":61,"key":"Adrenaline Potion"}],"is_trial":true,"path_per_floor":["M","M","?","?","T","R","R","E","T","?","M","R","M","?","R","B",null,"M","?","M","?","?","NM","M","M","T","AVR","?","?","R","$","R","B",null,"M","?","$","AVR","?","E","$","E","T","R","?","$","M","E","R","B",null,"M","?","T","$","?","R","$","R","T","M","M"],"character_chosen":"DEFECT","items_purchased":["Membership Card","StuffTheSpire:Recharge","Buffer","ReplayTheSpireMod:Calculation Training","StuffTheSpire:DarkSteelAnvil","ReplayTheSpireMod:CursedCoin"],"campfire_rested":0,"item_purchase_floors":[31,31,41,41,58,58],"current_hp_per_floor":[74,73,66,48,48,48,48,22,22,22,22,28,26,26,32,21,75,71,71,60,60,26,23,23,23,23,23,23,15,21,21,27,21,75,72,72,72,72,75,58,58,56,56,65,73,73,64,64,73,75,75,75,75,75,75,81,81,87,87,87,87,87,87],"gold":270,"neow_bonus":"","is_daily":false,"chose_seed":false,"campfire_upgraded":15,"win_rate":0.0,"timestamp":1609540603,"path_taken":["M","M","?","?","?","R","R","E","T","?","?","R","?","?","R","BOSS","M","?","?","?","?","NM","M","M","T","AVR","?","?","R","$","R","BOSS","M","?","?","AVR","?","E","?","E","T","R","?","?","?","E","R","BOSS","M","?","?","?","?","R","$","R","T","?","?"],"items_purchased_type":["Relic","Card","Card","Card","Relic","Relic"],"build_version":"2020-12-22","purchased_purges":4,"victory":false,"max_hp_per_floor":[75,75,75,75,75,75,75,75,75,75,75,75,75,75,75,75,75,75,75,75,75,75,75,75,75,75,75,75,75,75,75,75,75,75,75,75,75,75,75,75,75,75,75,75,75,75,75,75,75,75,75,75,75,75,75,81,81,87,87,87,87,87,87],"card_choices":[{"not_picked":["Core Surge","Coolheaded"],"picked":"Cold Snap","floor":8.0},{"not_picked":["Seek","Amplify"],"picked":"Reboot","floor":16.0},{"not_picked":["ReplaySort+1","Reprogram","Core Surge"],"picked":"SKIP","floor":23},{"not_picked":["Storm+1","Consume+1"],"picked":"FIFO Queue+1","floor":28},{"not_picked":["Stack","Hologram"],"picked":"ReplayTheSpireMod:Calculation Training","floor":29},{"not_picked":["Feed","Secret Weapon"],"picked":"Vault","floor":33},{"not_picked":["Chaos+1","ReplayTheSpireMod:Tripwire+1"],"picked":"Metallicize","floor":39},{"not_picked":["Replay:Anticipation","ReplayTheSpireMod:Strike From Hell","Panic Button"],"picked":"SKIP","floor":40},{"not_picked":["Pray+1","RobotSpaceExplorer:SurgingStrike","Dual Wield"],"picked":"SKIP","floor":42},{"not_picked":["Wish","Finesse+1","Tempest+1"],"picked":"SKIP","floor":48},{"not_picked":["Vault","LessonLearned"],"picked":"Malaise","floor":50}],"player_experience":196886,"relics_obtained":[{"floor":1.0,"key":"CCEMRelics:GrapeVine"},{"floor":2.0,"key":"trackpad:IceCube"},{"floor":5.0,"key":"zeldaRelics:CouragePiece"},{"floor":8.0,"key":"zeldaRelics:CouragePiece"},{"floor":9.0,"key":"zeldaRelics:CouragePiece"},{"floor":11.0,"key":"Eternal Feather"},{"floor":13.0,"key":"Pen Nib"},{"floor":15.0,"key":"Bronze Scales"},{"floor":20.0,"key":"Replay:Arrowhead"},{"floor":22,"key":"Red Mask"},{"floor":23,"key":"zeldaRelics:WisdomPiece"},{"floor":24,"key":"DataDisk"},{"floor":25,"key":"Darkstone Periapt"},{"floor":26,"key":"zeldaRelics:WisdomPiece"},{"floor":29,"key":"PrismaticShard"},{"floor":39,"key":"Replay:PocketPolymizer"},{"floor":40,"key":"zeldaRelics:WisdomPiece"},{"floor":42,"key":"zeldaRelics:PowerPiece"},{"floor":43,"key":"zeldaRelics:PowerPiece"},{"floor":47,"key":"Mummified Hand"},{"floor":48,"key":"zeldaRelics:PowerPiece"},{"floor":52,"key":"Chameleon Ring"},{"floor":54,"key":"aspiration:FaultyCoupler"},{"floor":54,"key":"Carrot"},{"floor":60,"key":"War Paint"},{"floor":60,"key":"Replay:Bandana"},{"floor":61,"key":"hubris:Metronome"}],"event_choices":[{"cards_removed":["Strike_B"],"damage_healed":0.0,"max_hp_gain":0.0,"max_hp_loss":0.0,"gold_gain":0.0,"event_name":"Golden Wing","player_choice":"Card Removal","floor":3.0,"gold_loss":0.0,"damage_taken":7.0},{"damage_healed":0.0,"max_hp_gain":0.0,"max_hp_loss":0.0,"gold_gain":0.0,"event_name":"Golden Idol","player_choice":"Take Damage","floor":4.0,"gold_loss":0.0,"damage_taken":18.0,"relics_obtained":["Golden Idol"]},{"damage_healed":0.0,"max_hp_gain":0.0,"max_hp_loss":0.0,"gold_gain":0.0,"event_name":"betterNote:BetterNote","player_choice":"Ignored","floor":10.0,"gold_loss":0.0,"damage_taken":0.0,"cards_obtained":["RobotSpaceExplorer:Counterblock"]},{"damage_healed":0.0,"max_hp_gain":0.0,"max_hp_loss":0.0,"gold_gain":0.0,"event_name":"betterMatch:BetterMatch","player_choice":"2","floor":14.0,"gold_loss":0.0,"damage_taken":0.0,"cards_obtained":["betterMatch:CommonCard"]},{"damage_healed":0.0,"max_hp_gain":0.0,"max_hp_loss":0.0,"gold_gain":99.0,"event_name":"betterThird:BetterNest","player_choice":"Steal","floor":19.0,"gold_loss":0.0,"damage_taken":0.0},{"damage_healed":0.0,"max_hp_gain":0.0,"max_hp_loss":0.0,"gold_gain":0.0,"event_name":"Masked Bandits","player_choice":"Fought Bandits","floor":22.0,"gold_loss":0.0,"damage_taken":0.0},{"damage_healed":0,"gold_gain":0,"player_choice":"2","damage_taken":0,"max_hp_gain":0,"max_hp_loss":0,"event_name":"betterMatch:BetterMatch","floor":28,"gold_loss":0,"cards_obtained":["betterMatch:UncommonCard"]},{"damage_healed":0,"gold_gain":0,"player_choice":"Fight","damage_taken":0,"max_hp_gain":0,"max_hp_loss":0,"event_name":"MindBloom","floor":39,"gold_loss":0},{"damage_healed":0,"gold_gain":175,"player_choice":"AGREE","damage_taken":128,"max_hp_gain":0,"max_hp_loss":0,"event_name":"betterThird:BetterSerpent","floor":56,"gold_loss":0}],"is_beta":false,"boss_relics":[{"not_picked":["Cursed Key","Replay:Drink Me","energizedSpire:CursedPentagram"]},{"not_picked":["Coffee Dripper","ReplayTheSpireMod:DimensionalGlitch"],"picked":"Astrolabe"},{"not_picked":["Inserter","Honey Jar"],"picked":"hubris:Backtick"}],"items_purged_floors":[37,41,55,58],"is_endless":true,"potions_floor_spawned":[1,13,18,25,40,48,50,52,61],"killed_by":"2 Louse","ascension_level":0}}