{"host":"jksa5rawk3m4gilz","time":1609516805,"event":{"mods":["BaseMod","Colored Map","Highlight Path","Minty Spire (QoL Compilation)","Quick Restart"],"gold_per_floor":[114,114,114,124,74,99,99,129,129,129,139,153,153,124,124,124,124],"floor_reached":16,"playtime":428,"items_purged":[],"score":226,"play_id":"8f1f8354-3ee9-4537-a82a-92080b5a0a16","local_time":"20210101170005","is_ascension_mode":true,"campfire_choices":[{"data":"Zap","floor":7,"key":"SMITH"},{"floor":10,"key":"REST"},{"data":"Darkness","floor":13,"key":"SMITH"},{"data":"Reprogram","floor":15,"key":"SMITH"}],"circlet_count":0,"master_deck":["AscendersBane","Strike_B","Strike_B","Strike_B","Defend_B","Defend_B","Defend_B","Defend_B","Zap","Dualcast","Self Repair","Zap+1","Echo Form","Reprogram+1","Cold Snap","Streamline","Darkness+1","Glacier"],"relics":["Cracked Core","NeowsBlessing","StrikeDummy","PreservedInsect","CeramicFish"],"acts_visited":["Exordium"],"potions_floor_usage":[],"damage_taken":[{"damage":0,"enemies":"2 Louse","floor":1,"turns":1},{"damage":0,"enemies":"Cultist","floor":4,"turns":1},{"damage":0,"enemies":"Gremlin Nob","floor":6,"turns":1},{"damage":46,"enemies":"3 Sentries","floor":8,"turns":7},{"damage":12,"enemies":"Jaw Worm","floor":11,"turns":4},{"damage":12,"enemies":"Looter","floor":12,"turns":3},{"damage":36,"enemies":"Hexaghost","floor":16,"turns":9}],"seed_played":"-701511162974380282","potions_obtained":[{"floor":1,"key":"FocusPotion"},{"floor":11,"key":"Strength Potion"}],"is_trial":false,"path_per_floor":["M","?","?","M","$","E","R","E","T","R","M","M","R","$","R","B"],"character_chosen":"DEFECT","items_purchased":["Cold Snap","Glacier"],"campfire_rested":1,"item_purchase_floors":[5,14],"current_hp_per_floor":[64,57,57,64,64,64,64,25,25,46,48,36,36,36,36,0,0],"gold":124,"neow_bonus":"THREE_ENEMY_KILL","is_daily":false,"chose_seed":false,"campfire_upgraded":3,"win_rate":0.0,"timestamp":1609516805,"path_taken":["M","?","?","?","$","E","R","E","T","R","M","M","R","$","R","BOSS"],"items_purchased_type":["Card","Card"],"build_version":"2020-12-22","purchased_purges":0,"victory":false,"max_hp_per_floor":[71,71,71,71,71,71,71,71,71,71,71,71,71,71,71,71,71],"card_choices":[{"not_picked":["Fusion","Coolheaded"],"picked":"Self Repair","floor":1},{"not_picked":["Stack","Force Field"],"picked":"Reprogram","floor":4},{"not_picked":["Redo","Rainbow"],"picked":"Streamline","floor":6},{"not_picked":["Streamline","Cold Snap"],"picked":"Darkness","floor":8},{"not_picked":["Barrage","Melter","Coolheaded"],"picked":"SKIP","floor":11},{"not_picked":["Stack","Barrage","Sweeping Beam"],"picked":"SKIP","floor":12}],"player_experience":2106470,"relics_obtained":[{"floor":6,"key":"StrikeDummy"},{"floor":8,"key":"PreservedInsect"},{"floor":9,"key":"CeramicFish"}],"event_choices":[{"cards_removed":["Strike_B"],"damage_healed":0,"gold_gain":0,"player_choice":"Card Removal","damage_taken":7,"max_hp_gain":0,"max_hp_loss":0,"event_name":"Golden Wing","floor":2,"gold_loss":0},{"damage_healed":0,"gold_gain":0,"player_choice":"2 cards matched","damage_taken":0,"max_hp_gain":0,"max_hp_loss":0,"event_name":"Match and Keep!","floor":3,"gold_loss":0,"cards_obtained":["Zap","Echo Form"]}],"is_beta":false,"boss_relics":[],"items_purged_floors":[],"is_endless":false,"potions_floor_spawned":[1,11],"killed_by":"Hexaghost","ascension_level":14}}