{"host":"0luxfixkkfk9wck3","time":1609544053,"event":{"mods":["BaseMod","DeckTracker","Downfall","Highlight Path","Minty Spire (QoL Compilation)","StSLib"],"gold_per_floor":[0,17,27,44,57,57,57,57,57,42,42,62,94,110,126,227,227,152,169,269,269,269,269,319,319,334,345,345,78,89,119,138,234,234,159,169,180,180,195,195,219,230,242,55,88,101,126,136,147,147],"floor_reached":51,"playtime":6664,"items_purged":[],"score":808,"play_id":"9bb1ebb7-8a42-43db-be75-13818f157ba3","local_time":"20210101173413","is_ascension_mode":false,"campfire_choices":[{"data":"champ:SwordThrow","floor":1.0,"key":"SMITH"},{"data":"champ:Lariat","floor":6.0,"key":"SMITH"},{"data":"champ:Taunt","floor":9.0,"key":"SMITH"},{"data":"champ:VampiricStrike","floor":11.0,"key":"SMITH"},{"data":"champ:FocusedBerserking","floor":18.0,"key":"SMITH"},{"data":"RitualDagger","floor":23.0,"key":"SMITH"},{"floor":28.0,"key":"RECALL"},{"data":"champ:BerserkerStyle","floor":35,"key":"SMITH"},{"data":"champ:Duel","floor":40,"key":"SMITH"}],"circlet_count":0,"master_deck":["champ:Strike","champ:Defend","champ:Defend+1","champ:Defend","champ:Defend+1","champ:Execute","champ:Taunt+1","champ:SwordThrow+1","champ:BringItOn","champ:Lariat+1","champ:BerserkersShout","champ:VampiricStrike+1","champ:Balance","champ:FaceSlap","champ:FocusedBerserking+1","champ:Duel","champ:StrikeOfGenius","J.A.X.","champ:IronFortress+1","champ:DefensiveShout","champ:FocusedDefense","RitualDagger+1","champ:BerserkerStyle+1","champ:PerfectForm","champ:Duel+1","champ:IgnorePain","champ:RecklessLeap","champ:AdrenalArmor","champ:CrookedStrike"],"relics":["champ:ChampionCrown","Letter Opener","Blue Candle","Runic Pyramid","downfall:HeartBlessingGreen","MutagenicStrength","Ornamental Fan","Bag of Preparation","Shuriken","Bronze Scales","Busted Crown","downfall:HeartBlessingRed","Ancient Tea Set","Kunai","War Paint","Strawberry","Omamori"],"acts_visited":["Exordium","TheCity","TheBeyond"],"potions_floor_usage":[33,46],"damage_taken":[{"damage":1.0,"enemies":"Jaw Worm","floor":2.0,"turns":2.0},{"damage":0.0,"enemies":"Small Slimes","floor":3.0,"turns":2.0},{"damage":6.0,"enemies":"Cultist","floor":4.0,"turns":3.0},{"damage":21.0,"enemies":"Exordium Thugs","floor":5.0,"turns":6.0},{"damage":13.0,"enemies":"downfall:FleeingMerchant","floor":10.0,"turns":4.0},{"damage":40.0,"enemies":"Gremlin Gang","floor":12.0,"turns":5.0},{"damage":24.0,"enemies":"Lagavulin","floor":13.0,"turns":5.0},{"damage":27.0,"enemies":"3 Louse","floor":14.0,"turns":3.0},{"damage":0.0,"enemies":"Red Slaver","floor":15.0,"turns":2.0},{"damage":48.0,"enemies":"downfall:Defect","floor":16.0,"turns":9.0},{"damage":10.0,"enemies":"Chosen","floor":19.0,"turns":4.0},{"damage":39.0,"enemies":"downfall:Augmenter","floor":20.0,"turns":7.0},{"damage":3.0,"enemies":"Spheric Guardian","floor":26.0,"turns":4.0},{"damage":11.0,"enemies":"Centurion and Healer","floor":27.0,"turns":5.0},{"damage":11.0,"enemies":"downfall:FleeingMerchant","floor":29.0,"turns":4.0},{"damage":11.0,"enemies":"Sentry and Sphere","floor":30.0,"turns":5.0},{"damage":35.0,"enemies":"Slavers","floor":31.0,"turns":5.0},{"damage":17.0,"enemies":"Snecko","floor":32.0,"turns":4.0},{"damage":55.0,"enemies":"downfall:Ironclad","floor":33.0,"turns":8.0},{"damage":4,"enemies":"Orb Walker","floor":36,"turns":2},{"damage":7,"enemies":"3 Darklings","floor":37,"turns":4},{"damage":18,"enemies":"Sphere and 2 Shapes","floor":39,"turns":4},{"damage":42,"enemies":"downfall:FleeingMerchant","floor":42,"turns":3},{"damage":29,"enemies":"4 Shapes","floor":43,"turns":5},{"damage":57,"enemies":"Giant Head","floor":45,"turns":8},{"damage":43,"enemies":"Writhing Mass","floor":46,"turns":3},{"damage":59,"enemies":"Reptomancer","floor":47,"turns":5},{"damage":30,"enemies":"3 Darklings","floor":48,"turns":4},{"damage":28,"enemies":"Spire Growth","floor":49,"turns":4},{"damage":16,"enemies":"downfall:Watcher","floor":50,"turns":6}],"seed_played":"8551673425173310594","potions_obtained":[{"floor":5.0,"key":"GamblersBrew"},{"floor":12.0,"key":"AttackPotion"},{"floor":13.0,"key":"LiquidMemories"},{"floor":14.0,"key":"Weak Potion"},{"floor":16.0,"key":"FairyPotion"},{"floor":26.0,"key":"GamblersBrew"},{"floor":27.0,"key":"PowerPotion"},{"floor":30.0,"key":"Fruit Juice"},{"floor":33,"key":"BlessingOfTheForge"},{"floor":36,"key":"FearPotion"},{"floor":47,"key":"Energy Potion"},{"floor":48,"key":"Strength Potion"}],"is_trial":false,"path_per_floor":["R","M","M","M","M","R","T","?","R","$","R","M","E","M","M","B",null,"R","M","?","?","T","R","T","?","M","M","R","$","M","E","M","B",null,"R","M","M","?","M","R","T","$","M","$","E","M","E","M","M","B",null],"character_chosen":"THE_CHAMP","items_purchased":["Shuriken","champ:IgnorePain","Kunai","champ:RecklessLeap","War Paint"],"campfire_rested":0,"item_purchase_floors":[29,42,42,44,44],"current_hp_per_floor":[90,89,89,88,72,72,72,77,77,77,77,64,59,57,57,32,95,95,95,90,84,84,84,84,84,83,95,95,92,91,83,95,90,100,100,96,100,100,100,100,100,95,97,97,100,96,89,99,96,93],"gold":147,"neow_bonus":"THREE_RARE_CARDS","is_daily":false,"chose_seed":false,"campfire_upgraded":8,"win_rate":0.0,"timestamp":1609544053,"path_taken":["R","M","M","M","M","R","T","?","R","$","R","M","E","M","M","BOSS","R","M","?","?","?","R","T","?","?","M","R","?","M","E","M","BOSS","BOSS","R","M","?","?","?","R","T","?","?","$","E","M","E","M","M","BOSS"],"items_purchased_type":["Relic","Card","Relic","Card","Relic"],"build_version":"2020-12-22","purchased_purges":0,"victory":true,"max_hp_per_floor":[90,90,90,90,90,90,90,95,95,95,95,95,95,95,95,95,95,95,95,95,95,95,95,95,95,95,95,95,95,95,95,95,100,100,100,100,100,100,100,100,100,100,100,100,107,107,107,107,107,107],"card_choices":[{"not_picked":["champ:ShieldThrow","champ:StrikeOfGenius"],"picked":"champ:SwordThrow","floor":0.0},{"not_picked":["champ:PerfectedStrike","champ:Haymaker"],"picked":"champ:BringItOn","floor":2.0},{"not_picked":["champ:Circumvent","champ:BladeFlurry"],"picked":"champ:Lariat","floor":3.0},{"not_picked":["champ:Haymaker","champ:Backstep"],"picked":"champ:BerserkersShout","floor":4.0},{"not_picked":["champ:FanOfKnives","champ:Backstep"],"picked":"champ:VampiricStrike","floor":5.0},{"not_picked":["champ:FocusedDefense","champ:Riposte"],"picked":"champ:Balance","floor":10.0},{"not_picked":["champ:BerserkersShout","champ:GladiatorsShout"],"picked":"champ:FaceSlap","floor":12.0},{"not_picked":["champ:FaceSlap","champ:FanOfKnives"],"picked":"champ:FocusedBerserking","floor":13.0},{"not_picked":["champ:ShieldThrow","champ:PerfectedStrike"],"picked":"champ:Duel","floor":14.0},{"not_picked":["champ:GladiatorsShout","champ:GutPunch","champ:TornadoPunch"],"picked":"SKIP","floor":15.0},{"not_picked":["champ:DancingMaster","champ:VampiricStrike"],"picked":"champ:StrikeOfGenius","floor":16.0},{"not_picked":["champ:FanOfKnives","champ:SkillfulDodge","champ:PerfectedStrike"],"picked":"SKIP","floor":19.0},{"not_picked":[],"picked":"J.A.X.","floor":20.0},{"not_picked":["champ:BerserkersShout","champ:ShieldWall"],"picked":"champ:IronFortress+1","floor":20.0},{"not_picked":["champ:FocusedDefense","champ:FlashCut","champ:FalseCounter"],"picked":"SKIP","floor":26.0},{"not_picked":["champ:FocusedBerserking","champ:ArenaPreparation","champ:RisingSlash"],"picked":"SKIP","floor":27.0},{"not_picked":["champ:BerserkersShout","champ:EnGarde","champ:GladiatorsShout"],"picked":"SKIP","floor":29.0},{"not_picked":["champ:FocusedBerserking+1","champ:ArenaPreparation+1"],"picked":"champ:BerserkerStyle","floor":30.0},{"not_picked":["champ:StanceDance","champ:SkillfulDodge","champ:FanOfKnives"],"picked":"SKIP","floor":31.0},{"not_picked":["champ:RisingSlash","champ:BerserkersShout","champ:Shatter"],"picked":"SKIP","floor":32.0},{"not_picked":["champ:Improvising","champ:ShieldThrow"],"picked":"champ:PerfectForm","floor":33},{"not_picked":["champ:TornadoPunch"],"picked":"SKIP","floor":36},{"not_picked":["champ:TornadoPunch"],"picked":"SKIP","floor":37},{"not_picked":["champ:StanceDance+1"],"picked":"SKIP","floor":39},{"not_picked":["champ:Shatter"],"picked":"SKIP","floor":42},{"not_picked":["champ:PerfectedStrike+1"],"picked":"SKIP","floor":43},{"not_picked":[],"picked":"champ:AdrenalArmor","floor":45},{"not_picked":["champ:ArenaPreparation+1"],"picked":"SKIP","floor":46},{"not_picked":[],"picked":"champ:CrookedStrike","floor":47},{"not_picked":["champ:BladeFlurry"],"picked":"SKIP","floor":48},{"not_picked":["champ:Haymaker+1"],"picked":"SKIP","floor":49}],"player_experience":10798153,"relics_obtained":[{"floor":7.0,"key":"Letter Opener"},{"floor":13.0,"key":"Blue Candle"},{"floor":20.0,"key":"MutagenicStrength"},{"floor":22.0,"key":"Ornamental Fan"},{"floor":24.0,"key":"Bag of Preparation"},{"floor":31.0,"key":"Bronze Scales"},{"floor":41,"key":"Ancient Tea Set"},{"floor":45,"key":"Strawberry"},{"floor":47,"key":"Omamori"}],"event_choices":[{"damage_healed":0.0,"max_hp_gain":5.0,"max_hp_loss":0.0,"gold_gain":0.0,"event_name":"Big Fish","player_choice":"Donut","floor":8.0,"gold_loss":0.0,"damage_taken":0.0},{"damage_healed":0,"gold_gain":0,"cards_transformed":["champ:Strike"],"player_choice":"Transformed","damage_taken":0,"max_hp_gain":0,"max_hp_loss":0,"event_name":"Transmorgrifier","floor":38,"gold_loss":0,"cards_obtained":["champ:Duel"]}],"is_beta":false,"boss_relics":[{"not_picked":["Runic Dome","Sozu"],"picked":"Runic Pyramid"},{"not_picked":["Calling Bell","champ:ChampionCrownUpgraded"],"picked":"Busted Crown"}],"items_purged_floors":[],"is_endless":false,"potions_floor_spawned":[5,12,13,14,16,26,27,30,31,33,36,43,45,47,48],"ascension_level":0}}