{"host":"ljavmhyz2e552xgo","time":1609532200,"event":{"mods":["BaseMod","Better Third Choice","Downfall","Friendly Minions","GungeonMod","Minty Spire (QoL Compilation)","Permanent Neow","Spicy Shops","StSLib"],"gold_per_floor":[111,126,145,145,145,145,161,191,191,207,224,224,13,25,25,127,127,137,137,196,42,42,42,42,42,42,42,55,69,86,106,125,125,125,125,125],"floor_reached":35,"playtime":1862,"items_purged":["DemoMod:Strike_Huntress"],"score":263,"play_id":"1cf51534-5e27-4a58-a65c-bd5c93c39665","local_time":"20210101141640","is_ascension_mode":false,"campfire_choices":[{"data":"DemoMod:ConditionalReflex","floor":6,"key":"SMITH"},{"floor":15,"key":"REST"},{"data":"DemoMod:ChanceBullets","floor":23,"key":"SMITH"},{"data":"DemoMod:FeignSurrender","floor":25,"key":"SMITH"},{"data":"DemoMod:SniperShot","floor":27,"key":"SMITH"},{"floor":33,"key":"REST"}],"circlet_count":0,"master_deck":["DemoMod:Defend_Huntress","DemoMod:Defend_Huntress","DemoMod:Defend_Huntress","DemoMod:Defend_Huntress","DemoMod:Roll","DemoMod:ManualReload+1","DemoMod:RustySidearm","DemoMod:CrossBow","DemoMod:ConditionalReflex+1","DemoMod:Casey","DemoMod:AWP","DemoMod:SniperShot+1","DemoMod:Camera","DemoMod:MachoBrace","DemoMod:FeignSurrender+1","expansioncontent:Collect","DemoMod:AbyssalTentacle","DemoMod:BulletBore","DemoMod:ChanceBullets+1","DemoMod:HardPowerCard","DemoMod:DarkMarker","DemoMod:HardPowerCard","DemoMod:BalloonGun","DemoMod:ChanceBullets+1","DemoMod:FortunesFavor"],"relics":["DemoMod:Dog","MealTicket","Tiny Chest","DemoMod:SerJunkan","Matryoshka","DemoMod:Wolf","DemoMod:Junk","Letter Opener","Nloth\u0027s Gift"],"acts_visited":["Exordium","TheCity","TheCity"],"potions_floor_usage":[7,14,16,30,34],"damage_taken":[{"damage":0,"enemies":"Small Slimes","floor":1,"turns":2},{"damage":0,"enemies":"Jaw Worm","floor":2,"turns":6},{"damage":0,"enemies":"Cultist","floor":3,"turns":3},{"damage":0,"enemies":"2 Fungi Beasts","floor":7,"turns":1},{"damage":31,"enemies":"3 Sentries","floor":8,"turns":6},{"damage":6,"enemies":"Looter","floor":10,"turns":2},{"damage":7,"enemies":"Lots of Slimes","floor":11,"turns":3},{"damage":0,"enemies":"Exordium Wildlife","floor":14,"turns":4},{"damage":24,"enemies":"The Guardian","floor":16,"turns":10},{"damage":3,"enemies":"Shell Parasite","floor":18,"turns":5},{"damage":0,"enemies":"Spheric Guardian","floor":20,"turns":2},{"damage":0,"enemies":"DemoMod:4_Bullet_Kins_with_one_veteran","floor":28,"turns":1},{"damage":0,"enemies":"DemoMod:4_Bullet_Kins","floor":29,"turns":2},{"damage":6,"enemies":"DemoMod:Red_and_blue_shotgun_kin_with_gunsinger","floor":30,"turns":2},{"damage":10,"enemies":"DemoMod:Veteran_shot_gun_kin_and_blue_shotgun_kin_with_gunsinger","floor":31,"turns":3},{"damage":16,"enemies":"DemoMod:Veteran_shot_gun_kin_and_red_shotgun_kin_with_gunsinger","floor":32,"turns":3},{"damage":40,"enemies":"DemoMod:ResourcefulRat","floor":35,"turns":6}],"seed_played":"3533800495044584789","potions_obtained":[{"floor":1,"key":"Fire Potion"},{"floor":2,"key":"Block Potion"},{"floor":7,"key":"FearPotion"},{"floor":11,"key":"SpeedPotion"},{"floor":20,"key":"BlessingOfTheForge"},{"floor":28,"key":"Fire Potion"},{"floor":32,"key":"SkillPotion"}],"is_trial":false,"path_per_floor":["M","M","M","?","?","R","M","E","T","M","M","T","$","M","R","B",null,"M","?","M","$","T","R","?","R","T","R","M","M","M","M","M","R","B","B"],"character_chosen":"HUNTRESS","items_purchased":["DemoMod:GnawedKey","expansioncontent:Collect","Turnip"],"campfire_rested":2,"item_purchase_floors":[13,13,21],"current_hp_per_floor":[70,70,70,70,63,63,63,32,32,26,19,19,34,34,55,31,70,67,67,67,70,70,70,70,70,70,70,70,70,64,54,38,59,39,0,0],"gold":125,"neow_bonus":"RANDOM_COMMON_RELIC","is_daily":false,"chose_seed":false,"campfire_upgraded":4,"win_rate":0.0,"timestamp":1609532200,"path_taken":["M","M","M","?","?","R","M","E","T","M","M","?","$","M","R","BOSS","M","?","M","?","?","R","?","R","T","R","M","M","M","M","M","R","BOSS","BOSS"],"items_purchased_type":["Relic","Card","Relic"],"build_version":"2020-12-22","purchased_purges":1,"victory":false,"max_hp_per_floor":[70,70,70,70,70,70,70,70,70,70,70,70,70,70,70,70,70,70,70,70,70,70,70,70,70,70,70,70,70,70,70,70,70,70,70,70],"card_choices":[{"not_picked":["DemoMod:Camera","DemoMod:Ejector"],"picked":"DemoMod:ConditionalReflex","floor":1},{"not_picked":["DemoMod:StrategicReserve","DemoMod:ConditionalReflex"],"picked":"DemoMod:Casey","floor":2},{"not_picked":["DemoMod:Camera","DemoMod:DoubleSwitch"],"picked":"DemoMod:AWP","floor":3},{"not_picked":["DemoMod:BattleInHaste","DemoMod:MegaHand"],"picked":"DemoMod:SniperShot","floor":7},{"not_picked":["DemoMod:BoxingGlove","DemoMod:HuntsMan"],"picked":"DemoMod:Camera","floor":8},{"not_picked":["DemoMod:BoxingGlove","DemoMod:TeaPot"],"picked":"DemoMod:MachoBrace","floor":10},{"not_picked":["DemoMod:AC15","DemoMod:BoxingGlove"],"picked":"DemoMod:FeignSurrender","floor":11},{"not_picked":["DemoMod:PracticeMakesPerfect","DemoMod:Unmoved"],"picked":"DemoMod:AbyssalTentacle","floor":14},{"not_picked":["DemoMod:BSG","DemoMod:ThirdPartyController"],"picked":"DemoMod:BulletBore","floor":16},{"not_picked":["DemoMod:BoxingGlove+1","DemoMod:SpreadAmmo+1"],"picked":"DemoMod:ChanceBullets","floor":18},{"not_picked":["DemoMod:JK47","DemoMod:CombinedRifle"],"picked":"DemoMod:HardPowerCard","floor":20},{"not_picked":["DemoMod:DirectionalPad+1","DemoMod:ThirdPartyController"],"picked":"DemoMod:DarkMarker","floor":28},{"not_picked":["DemoMod:DoubleSwitch","DemoMod:Casey+1"],"picked":"DemoMod:HardPowerCard","floor":29},{"not_picked":["DemoMod:ConditionalReflex","DemoMod:Camera"],"picked":"DemoMod:BalloonGun","floor":30},{"not_picked":["DemoMod:SAA+1","DemoMod:FastSwitch"],"picked":"DemoMod:ChanceBullets+1","floor":31},{"not_picked":["DemoMod:Camera+1","DemoMod:EasyReloadBullets+1"],"picked":"DemoMod:FortunesFavor","floor":32}],"player_experience":1449274,"relics_obtained":[{"floor":8,"key":"Tiny Chest"},{"floor":9,"key":"DemoMod:SerJunkan"},{"floor":12,"key":"Matryoshka"},{"floor":22,"key":"DemoMod:Junk"},{"floor":22,"key":"Letter Opener"}],"event_choices":[{"damage_healed":0,"gold_gain":0,"player_choice":"Grow","damage_taken":0,"max_hp_gain":0,"max_hp_loss":0,"event_name":"Living Wall","floor":4,"gold_loss":0,"cards_upgraded":["DemoMod:ManualReload"]},{"cards_removed":["DemoMod:Strike_Huntress"],"damage_healed":0,"gold_gain":0,"player_choice":"Card Removal","damage_taken":7,"max_hp_gain":0,"max_hp_loss":0,"event_name":"Golden Wing","floor":5,"gold_loss":0},{"cards_removed":["DemoMod:Strike_Huntress"],"damage_healed":0,"gold_gain":0,"player_choice":"Purged","damage_taken":0,"max_hp_gain":0,"max_hp_loss":0,"event_name":"Purifier","floor":19,"gold_loss":0},{"damage_healed":0,"gold_gain":0,"player_choice":"Traded Relic","damage_taken":0,"relics_obtained":["Nloth\u0027s Gift"],"max_hp_gain":0,"max_hp_loss":0,"event_name":"N\u0027loth","floor":24,"relics_lost":["Turnip"],"gold_loss":0}],"is_beta":false,"boss_relics":[{"not_picked":["Empty Cage","Ectoplasm"],"picked":"DemoMod:Wolf"}],"items_purged_floors":[21],"is_endless":false,"potions_floor_spawned":[1,2,7,11,20,28,32],"killed_by":"DemoMod:ResourcefulRat","ascension_level":0}}