{"host":"ff0k6g9g9j8o52vm","time":1609467593,"event":{"mods":["AchievementEnabler","Aspiration","Astrologer","BaseMod","Beaked The Cultist","Better Altar","Better Note","Better Sensory Stone","Better Skull","Better Third Choice","Colored Map","Colored Powertips","Curses Come First","Downfall","Energized Spire","GifTheSpireLib","Gremlin Mod","Hermit","Highlight Path","Hubris","Infinite Spire","Jorbs\u0027s Wanderer Trilogy","Koishi","Marisa????????","Minty Spire (QoL Compilation)","Quick Restart","Random Character Button","Replay The Spire","Robot Space Explorer","Shade Mod","Somnambulant","StSLib","The Bug Knight","The Clintock","The Construct","The Cursed","The Disciple","The Dragon Tamer","The Forsaken","The Gatherer","The Hayseed","The Hierophant","The Jungle","The Marked","The Mystic","The Necromancer","The Poker Player","The Runesmith","The Sage","The Saiyan","The Senshi","The Servant 0.9.4","The Wild Card","TheArtist","Wandering Minibosses","Yuri Mod","vexMod"],"gold_per_floor":[118,128,103,115,115,115,148,148,148,148,148,179,179,190,190,285,285,299,317,17,117,137,137,182,182,182,130,130,140,140,153,153,254,254,271,271,271,271,27,39,53,53,53,68,80,80,90,90,90,90],"floor_reached":51,"playtime":3407,"items_purged":["Runesmith:Strike_RS","Runesmith:Strike_RS","Runesmith:Defend_RS"],"score":800,"play_id":"0c3c0f25-ffa0-4dc0-ae72-9da13383a26d","local_time":"20201231181953","is_ascension_mode":false,"campfire_choices":[{"data":"Runesmith:CraftFirestone","floor":6,"key":"SMITH"},{"floor":8,"key":"REST"},{"data":"aspiration:UnbridledHammer","floor":10,"key":"SMITH"},{"floor":13,"key":"REST"},{"data":"Runesmith:CraftIncendium","floor":15,"key":"SMITH"},{"floor":23,"key":"REST"},{"data":"Runesmith:CraftMagma","floor":25,"key":"SMITH"},{"floor":32,"key":"REST"},{"floor":42,"key":"DIG"},{"floor":49,"key":"REST"}],"circlet_count":0,"master_deck":["Runesmith:Defend_RS","Runesmith:Defend_RS","Runesmith:Defend_RS","Runesmith:CraftFirestone+1","Runesmith:Fortify","aspiration:UnbridledHammer+1","Runesmith:HeatedChisel","Runesmith:Reinforce+1","Runesmith:EarthShield","Runesmith:HammerThrow","Runesmith:ReplicatingBarrier","Runesmith:CraftIncendium+1","Runesmith:Supernova","Runesmith:CraftMagma+1","Runesmith:Firestorm","Runesmith:CraftVitae","Runesmith:Repurpose+1","Runesmith:Duplicate","Runesmith:FieryHammer","Runesmith:DuctTape","Runesmith:EnergizedChisel+1","infinitespire:Starlight","Runesmith:Augment","Runesmith:Attraction+1","Runesmith:Permafrost","Wraith"],"relics":["Runesmith:BrokenRuby","hubris:TinFlute","Gremlin Horn","Shuriken","hubris:ScarierMask","Runesmith:EmergencyProvisions","Replay:Wax Seal","theSenshi:FeatherClipsRelic","vexMod:HeadHunter","Letter Opener","SacredBark","Shovel","Strawberry","aspiration:Lifesprig","infinitespire:ShieldingShard"],"acts_visited":["Exordium","TheCity","TheBeyond"],"potions_floor_usage":[14,22,24,33,33,41,50,50],"damage_taken":[{"damage":5,"enemies":"Jaw Worm","floor":1,"turns":4},{"damage":0,"enemies":"Small Slimes","floor":2,"turns":3},{"damage":5,"enemies":"2 Louse","floor":4,"turns":3},{"damage":42,"enemies":"3 Sentries","floor":7,"turns":7},{"damage":18,"enemies":"Lagavulin","floor":12,"turns":5},{"damage":0,"enemies":"Red Slaver","floor":14,"turns":3},{"damage":30,"enemies":"The Guardian","floor":16,"turns":9},{"damage":9,"enemies":"Shell Parasite","floor":18,"turns":6},{"damage":5,"enemies":"2 Thieves","floor":19,"turns":3},{"damage":16,"enemies":"Cultist and Chosen","floor":22,"turns":6},{"damage":12,"enemies":"Slavers","floor":24,"turns":6},{"damage":24,"enemies":"Chosen and Byrds","floor":29,"turns":6},{"damage":11,"enemies":"Snake Plant","floor":31,"turns":3},{"damage":31,"enemies":"Champ","floor":33,"turns":9},{"damage":33,"enemies":"Orb Walker","floor":35,"turns":5},{"damage":0,"enemies":"3 Shapes","floor":40,"turns":4},{"damage":4,"enemies":"Jaw Worm Horde","floor":41,"turns":5},{"damage":58,"enemies":"4 Shapes","floor":44,"turns":6},{"damage":25,"enemies":"Writhing Mass","floor":45,"turns":7},{"damage":19,"enemies":"Jaw Worm Horde","floor":47,"turns":7},{"damage":27,"enemies":"infinitespire:MassOfShapes","floor":50,"turns":18}],"seed_played":"7877556572402192972","potions_obtained":[{"floor":12,"key":"Adrenaline Potion"},{"floor":16,"key":"champ:CounterPotion"},{"floor":22,"key":"ColorlessPotion"},{"floor":24,"key":"CultistPotion"},{"floor":29,"key":"Block Potion"},{"floor":33,"key":"SkillPotion"},{"floor":41,"key":"FearPotion"},{"floor":44,"key":"BlessingOfTheForge"},{"floor":47,"key":"Elixir"}],"is_trial":false,"path_per_floor":["M","M","?","M","?","R","E","R","T","R","?","E","R","M","R","B",null,"M","M","$","?","M","R","E","R","T","?","?","M","T","M","R","B",null,"M","?","AVR","?","$","M","M","R","T","M","M","?","M","?","R","B",null],"character_chosen":"RUNESMITH_CLASS","items_purchased":["Runesmith:EmergencyProvisions","Runesmith:CraftVitae","Strawberry"],"campfire_rested":5,"item_purchase_floors":[20,20,39],"current_hp_per_floor":[72,72,72,67,67,67,25,48,48,48,48,30,53,53,53,23,77,68,63,63,63,47,70,58,58,58,58,58,40,40,35,58,33,77,50,50,50,50,57,73,84,84,84,32,23,26,23,23,49,38],"gold":90,"neow_bonus":"TEN_PERCENT_HP_BONUS","is_daily":false,"chose_seed":false,"campfire_upgraded":4,"win_rate":0.0,"timestamp":1609467593,"path_taken":["M","M","?","M","?","R","E","R","T","R","?","E","R","?","R","BOSS","M","?","?","?","M","R","E","R","T","?","?","M","?","M","R","BOSS","M","?","AVR","?","?","M","M","R","T","M","?","?","M","?","R","BOSS"],"items_purchased_type":["Relic","Card","Relic"],"build_version":"2020-12-22","purchased_purges":3,"victory":true,"max_hp_per_floor":[77,77,77,77,77,77,77,77,77,77,77,77,77,77,77,77,77,77,77,77,77,77,77,77,77,77,77,77,77,77,77,77,77,77,77,77,77,77,84,84,84,84,84,84,84,87,87,87,87,87],"card_choices":[{"not_picked":["Runesmith:MakeshiftArmor","Runesmith:Attraction"],"picked":"aspiration:UnbridledHammer","floor":1},{"not_picked":["Runesmith:ChiselStab","Runesmith:ShiftingStrike"],"picked":"Runesmith:HeatedChisel","floor":2},{"not_picked":["Runesmith:HammerTime","Runesmith:WhiteBalance"],"picked":"Runesmith:Electrocute","floor":4},{"not_picked":["Runesmith:Grindstone","Runesmith:RuneHurl"],"picked":"Runesmith:EarthShield","floor":7},{"not_picked":["Runesmith:UnstableHammer","Runesmith:MakeshiftArmor"],"picked":"Runesmith:ReplicatingBarrier","floor":12},{"not_picked":["Runesmith:ShiftingStrike","Runesmith:HeatExchange"],"picked":"Runesmith:CraftIncendium","floor":14},{"not_picked":["Runesmith:CraftPrismatica","Runesmith:CraftIndustria"],"picked":"Runesmith:Supernova","floor":16},{"not_picked":["Runesmith:HammerThrow+1","Runesmith:HammerTime"],"picked":"Runesmith:CraftMagma","floor":18},{"not_picked":["Runesmith:RuneHurl+1","Runesmith:ElementalConversion"],"picked":"Runesmith:Firestorm","floor":19},{"not_picked":["Runesmith:StaticCage","Runesmith:ChaoticBlast"],"picked":"Runesmith:Repurpose+1","floor":22},{"not_picked":["Runesmith:Refine","Runesmith:ChiselStab"],"picked":"Runesmith:Duplicate","floor":24},{"not_picked":["Runesmith:ShiftingStrike","Runesmith:Grindstone","Runesmith:UnstableHammer"],"picked":"SKIP","floor":29},{"not_picked":["Runesmith:StaticCage","Runesmith:CraftProtectio"],"picked":"Runesmith:FieryHammer","floor":31},{"not_picked":["Runesmith:CraftIndustria","Runesmith:GenerateForcefield"],"picked":"Runesmith:DuctTape","floor":33},{"not_picked":["Runesmith:ChargedHammer+1","Runesmith:Superposition"],"picked":"Runesmith:EnergizedChisel+1","floor":35},{"not_picked":["Runesmith:HeatExchange","Runesmith:Malloc+1"],"picked":"Runesmith:Augment","floor":40},{"not_picked":["Runesmith:StaticCage+1","Runesmith:Overpower+1","Runesmith:Repurpose+1"],"picked":"SKIP","floor":41},{"not_picked":["Runesmith:NanitesCloud+1","Runesmith:Firestorm","Runesmith:ShiftingStrike+1"],"picked":"SKIP","floor":44},{"not_picked":["Runesmith:Firewall","Runesmith:GoWithTheFlow"],"picked":"Runesmith:Attraction+1","floor":45},{"not_picked":["Runesmith:EarthShield+1","Runesmith:NanitesCloud"],"picked":"Runesmith:Permafrost","floor":47}],"player_experience":939101,"relics_obtained":[{"floor":7,"key":"hubris:TinFlute"},{"floor":9,"key":"Gremlin Horn"},{"floor":12,"key":"Shuriken"},{"floor":24,"key":"Replay:Wax Seal"},{"floor":26,"key":"theSenshi:FeatherClipsRelic"},{"floor":30,"key":"Letter Opener"},{"floor":42,"key":"aspiration:Lifesprig"},{"floor":43,"key":"infinitespire:ShieldingShard"}],"event_choices":[{"damage_healed":0,"gold_gain":0,"cards_transformed":["Runesmith:Strike_RS"],"player_choice":"Transformed","damage_taken":0,"max_hp_gain":0,"max_hp_loss":0,"event_name":"Transmorgrifier","floor":11,"gold_loss":0,"cards_obtained":["Runesmith:HammerThrow"]},{"damage_healed":0,"gold_gain":100,"player_choice":"Pray","damage_taken":0,"max_hp_gain":0,"max_hp_loss":0,"event_name":"Golden Shrine","floor":21,"gold_loss":0},{"damage_healed":0,"gold_gain":0,"player_choice":"Paid Gold","damage_taken":0,"relics_obtained":["vexMod:HeadHunter"],"max_hp_gain":0,"max_hp_loss":0,"event_name":"WeMeetAgain","floor":27,"gold_loss":52},{"cards_removed":["Runesmith:Strike_RS"],"damage_healed":0,"gold_gain":0,"player_choice":"Purged","damage_taken":0,"max_hp_gain":0,"max_hp_loss":0,"event_name":"Purifier","floor":28,"gold_loss":0},{"damage_healed":0,"gold_gain":0,"player_choice":"Ignored","damage_taken":0,"max_hp_gain":0,"max_hp_loss":0,"event_name":"Tomb of Lord Red Mask","floor":36,"gold_loss":0},{"damage_healed":0,"gold_gain":0,"player_choice":"Ignored","damage_taken":0,"max_hp_gain":0,"max_hp_loss":0,"event_name":"OrinTheCat","floor":48,"gold_loss":0}],"is_beta":false,"boss_relics":[{"not_picked":["vexMod:MysteryBossChallenge","sagemod:Falmels_Amulet"],"picked":"hubris:ScarierMask"},{"not_picked":["theForsaken:PaleLantern","ReplayTheSpireMod:DimensionalGlitch"],"picked":"SacredBark"}],"items_purged_floors":[20,37,39],"is_endless":false,"potions_floor_spawned":[12,16,22,24,29,33,41,44,47],"ascension_level":0}}