{"host":"d8yzz13n1726iqz4","time":1609486736,"event":{"mods":["BaseMod","Challenge The Spire","Colored Powertips","Downfall","KinomotoSakuraMod(ƒæ÷Æ±æ”£)","LagranYue(¿≠∏Ò¿ °§‘¬)","Marisa£®ÏF”Í°°ƒß¿Ì…≥£©","Minty Spire (QoL Compilation)","Reimu£®≤©¿ˆ¡È√Œ£©","Remilia£®¿Ÿ√◊¿Ú—«£©","Replay The Spire","StSLib","The Bladedancer","The Construct","The Servant 0.9.4","Youmu£®ªÍ∆«—˝√Œ£©"],"gold_per_floor":[59,59,59,59,59,75,75,95,130,146,196,196,196,209,229,229,229,229],"floor_reached":16,"playtime":843,"items_purged":[],"score":100,"play_id":"7810985d-a5cf-40ff-9da6-5780d66edb1f","local_time":"20210101153856","is_ascension_mode":false,"campfire_choices":[{"floor":12,"key":"RECALL"}],"circlet_count":0,"master_deck":["Slimebound:Strike_Slimebound","Slimebound:Strike_Slimebound","Slimebound:Tackle","Slimebound:Defend_Slimebound","Slimebound:Defend_Slimebound","Slimebound:Defend_Slimebound","Slimebound:Defend_Slimebound","Slimebound:Split","Slimebound:CorrosiveSpit","Slimebound:SplitBruiser","Slimebound:FinishingTackle","Slimebound:SlimeSlap","Slimebound:SplitMire","Slimebound:LeadByExample","Slimebound:RollThrough","Slimebound:RainOfGoop","Slimebound:SlimeTap","Voices","Slimebound:GrowthPunch","Slimebound:SplitMire"],"relics":["Slimebound:AbsorbEndCombat","LagranYue:RandomDrawCardRelic","downfall:HeartsMalice","PaintedHorse:ReiMu","Sundial","Regal Pillow","Ring of Greed","Ring of Searing","Tiny Chest","Blue Doll","downfall:BrokenWingStatue"],"acts_visited":["Exordium"],"potions_floor_usage":[],"damage_taken":[{"damage":0,"enemies":"2 Louse","floor":2,"turns":1},{"damage":0,"enemies":"Jaw Worm","floor":3,"turns":1},{"damage":0,"enemies":"Cultist","floor":5,"turns":1},{"damage":18,"enemies":"Large Slime","floor":6,"turns":4},{"damage":25,"enemies":"3 Louse","floor":8,"turns":3},{"damage":28,"enemies":"Gremlin Nob","floor":9,"turns":3},{"damage":35,"enemies":"Exordium Wildlife","floor":10,"turns":3},{"damage":10,"enemies":"Blue Slaver","floor":14,"turns":2},{"damage":18,"enemies":"3 Louse","floor":15,"turns":2},{"damage":57,"enemies":"downfall:Defect","floor":16,"turns":4}],"seed_played":"-5241886730847550476","potions_obtained":[{"floor":6,"key":"SkillPotion"},{"floor":8,"key":"Fire Potion"},{"floor":10,"key":"SneckoOil"}],"is_trial":false,"path_per_floor":["R","M","M","?","M","M","T","M","E","M","?","R","?","M","M","B"],"character_chosen":"SLIMEBOUND","items_purchased":[],"campfire_rested":0,"item_purchase_floors":[],"current_hp_per_floor":[60,60,60,60,60,60,60,55,52,41,41,41,41,43,41,0,0,0],"gold":229,"neow_bonus":"THREE_ENEMY_KILL","is_daily":false,"chose_seed":false,"campfire_upgraded":0,"win_rate":0.0,"timestamp":1609486736,"path_taken":["R","M","M","?","M","?","T","M","E","M","?","R","?","M","M","BOSS"],"items_purchased_type":[],"build_version":"2020-12-22","purchased_purges":0,"victory":false,"max_hp_per_floor":[60,60,60,60,60,60,60,60,60,60,60,60,60,60,60,60,60,60],"card_choices":[{"not_picked":["Slimebound:ComboTackle","Slimebound:SlimeSpikes"],"picked":"Slimebound:SplitBruiser","floor":2},{"not_picked":["Slimebound:ComboTackle","Slimebound:PressTheAttack"],"picked":"Slimebound:FinishingTackle","floor":3},{"not_picked":["Slimebound:MegaLick","Slimebound:SlimeSpikes"],"picked":"Slimebound:SplitMire","floor":5},{"not_picked":["Slimebound:DisruptingSlam","Slimebound:SplitAcid"],"picked":"Slimebound:LeadByExample","floor":6},{"not_picked":["Slimebound:FinishingTackle","Slimebound:Teamwork"],"picked":"Slimebound:RollThrough","floor":8},{"not_picked":["Slimebound:LeadByExample","Slimebound:Schlurp"],"picked":"Slimebound:RainOfGoop","floor":9},{"not_picked":["Slimebound:SplitBruiser","Slimebound:Gluttony"],"picked":"Slimebound:SlimeTap","floor":10},{"not_picked":["Slimebound:ComboTackle","Slimebound:RainOfGoop"],"picked":"Slimebound:GrowthPunch","floor":14},{"not_picked":["Slimebound:PressTheAttack","Slimebound:FinishingTackle"],"picked":"Slimebound:SplitMire","floor":15}],"player_experience":162207,"relics_obtained":[{"floor":7,"key":"Sundial"},{"floor":9,"key":"Regal Pillow"},{"floor":11,"key":"Ring of Greed"},{"floor":11,"key":"Ring of Searing"},{"floor":11,"key":"Tiny Chest"},{"floor":11,"key":"Blue Doll"}],"event_choices":[{"damage_healed":0,"gold_gain":0,"player_choice":"»˚«Æ","damage_taken":0,"relics_obtained":["PaintedHorse:ReiMu"],"max_hp_gain":0,"max_hp_loss":0,"event_name":"yidonshenshe","floor":1,"gold_loss":40},{"damage_healed":0,"gold_gain":0,"cards_transformed":["Slimebound:Strike_Slimebound"],"player_choice":"Transformed","damage_taken":0,"max_hp_gain":0,"max_hp_loss":0,"event_name":"Transmorgrifier","floor":4,"gold_loss":0,"cards_obtained":["Slimebound:SlimeSlap"]}],"is_beta":false,"boss_relics":[],"items_purged_floors":[],"is_endless":false,"potions_floor_spawned":[6,8,10],"killed_by":"downfall:Defect","ascension_level":0}}