{"host":"ft2xazkv7v30fddt","time":1609525513,"event":{"mods":["AchievementEnabler","Act Like it!","Aspiration","Astrologer","Bard","BaseMod","Better Altar","Better Match","Better Note","Better Sensory Stone","Better Skull","CapriCore","Chen","Colored Powertips","Downfall","Elementarium","Energized Spire","Gensokyo","GifTheSpireLib","Gremlin Mod","Hallownest","Hermit","Hubris","Infinite Spire","KinomotoSakuraMod(????)","Koishi","Marisa????????","Minty Spire (QoL Compilation)","Pale of the Ancients","Permanent Neow","Potionbrewer","Prisma Mod","Replay The Spire","StSLib","Stuff the Spire","The Blackbeard","The Bladedancer","The Construct","The Cursed","The Forsaken","The Gatherer","The Hayseed","The Immortal","The Runesmith","The Servant 0.9.4","The Showman","The Vixen","TheArtist","TheSwordswoman","Wandering Minibosses","thorton","vexMod"],"gold_per_floor":[114,114,114,131,131,131,161,161,161,193,193,193,223,235,235,248,248,327,327,337,212,223,0,10,10,39,39,118,120,83,84,85,86,87,120,122,199,202,266,290,295,300,306,312,72,73,74,101,3,3,14,31,31,31],"floor_reached":55,"playtime":3084,"items_purged":["Clumsy","Chen:Strike"],"score":1531,"play_id":"c60cb4bf-e507-4548-997f-7f197981614d","local_time":"20210102022513","is_ascension_mode":true,"campfire_choices":[{"data":"Chen:Sidestep","floor":6,"key":"SMITH"},{"floor":15,"key":"REST"},{"floor":17,"key":"REST"},{"floor":25,"key":"REST"},{"floor":27,"key":"REST"},{"floor":33,"key":"REST"},{"data":"hubris:Fate","floor":36,"key":"SMITH"},{"data":"Chen:FollowUp","floor":44,"key":"SMITH"},{"data":"Chen:MeditateFrenzy","floor":50,"key":"SMITH"},{"floor":53,"key":"REST"}],"circlet_count":0,"master_deck":["AscendersBane","Chen:Strike","Chen:Strike","Chen:Strike","Chen:Defend+1","Chen:Defend+1","Chen:Defend","Chen:Defend","Chen:PounceTurnTail","Chen:GlitterPoke+1","Chen:Stability+1","Chen:Sidestep+1","Chen:UpperHand","Chen:MisdirectSwipe+1","Chen:Sneak","Chen:FollowUp+1","Chen:Adaptability","Chen:SurpriseAttack","Chen:Possession+1","CommonCold","Gatherer:Centralize","expansioncontent:ChargeUp","hubris:Fate+1","StuffTheSpire:BrainWave","Chen:Sweep","Chen:Afterimages","Chen:MeditateFrenzy+1"],"relics":["Chen:Catnip","Gensokyo:NagashiBinaDoll","potionbrewer:SlideRule","Turnip","ReplayTheSpireMod:SealedPack","StuffTheSpire:HeavyRock","thethorton:BankDeed","StuffTheSpire:Gunfinga","Sozu","wanderingMiniBosses:ThiefScarf","Blue Candle","Gensokyo:EmptyGrave","Gambling Chip","Boot","Gensokyo:DualWield","StuffTheSpire:RubySignet","Prayer Wheel"],"acts_visited":["Gensokyo:Gensokyo","Gensokyo:Gensokyoer","Gensokyo:Gensokyoest"],"potions_floor_usage":[10,18,18,24,26,26,26,26,26,30,30],"damage_taken":[{"damage":5,"enemies":"Gensokyo:Python","floor":1,"turns":4},{"damage":3,"enemies":"Gensokyo:2_Kodama","floor":4,"turns":5},{"damage":0,"enemies":"Gensokyo:Mamizou","floor":7,"turns":5},{"damage":32,"enemies":"Gensokyo:Cirno","floor":10,"turns":8},{"damage":16,"enemies":"Gensokyo:Aya","floor":13,"turns":6},{"damage":0,"enemies":"Gensokyo:3_Fairies","floor":14,"turns":5},{"damage":9,"enemies":"Gensokyo:3_Kodama","floor":16,"turns":4},{"damage":13,"enemies":"Gensokyo:Reimu","floor":18,"turns":10},{"damage":10,"enemies":"Gensokyo:AngelMirror","floor":20,"turns":2},{"damage":11,"enemies":"Gensokyo:Chomper","floor":22,"turns":4},{"damage":19,"enemies":"Gensokyo:Slime_Group","floor":24,"turns":8},{"damage":18,"enemies":"Gensokyo:Reisen","floor":26,"turns":8},{"damage":20,"enemies":"Gensokyo:Wraith","floor":30,"turns":7},{"damage":3,"enemies":"Gensokyo:Tenshi","floor":35,"turns":3},{"damage":0,"enemies":"Gensokyo:Eternal_Rivals","floor":37,"turns":1},{"damage":10,"enemies":"Gensokyo:3_Boulders","floor":39,"turns":5},{"damage":0,"enemies":"Gensokyo:3_Bats","floor":40,"turns":5},{"damage":7,"enemies":"Gensokyo:Marisa","floor":48,"turns":5},{"damage":0,"enemies":"Gensokyo:AtlasGolem","floor":51,"turns":4},{"damage":8,"enemies":"Gensokyo:Sharpion","floor":52,"turns":5},{"damage":9,"enemies":"Gensokyo:Scarlet_Devils","floor":54,"turns":10}],"seed_played":"-8981594164270376226","potions_obtained":[{"floor":4,"key":"Weak Potion"},{"floor":14,"key":"DistilledChaos"},{"floor":16,"key":"Fire Potion"},{"floor":20,"key":"LiquidMemories"},{"floor":24,"key":"ColorlessPotion"},{"floor":26,"key":"Weak Potion"}],"is_trial":false,"path_per_floor":["M","?","?","M","?","R","E","PTL","PTL","E","T","?","E","M","R","M","R","B",null,"M","?","M","?","M","R","E","R","T","?","M","PTL","PTL","R","?","E","R","B",null,"M","M","?","?","?","R","$","?","T","E","$","R","M","M","R","B",null],"character_chosen":"CHEN","items_purchased":["Boot"],"campfire_rested":6,"item_purchase_floors":[45],"current_hp_per_floor":[54,54,54,51,51,51,51,51,51,19,19,19,3,3,22,13,32,19,54,44,44,33,33,14,33,15,34,34,34,14,14,14,33,33,30,30,30,56,46,61,59,30,19,48,48,48,48,41,41,41,41,35,52,43],"gold":31,"neow_bonus":"ONE_RANDOM_RARE_CARD","is_daily":false,"chose_seed":false,"campfire_upgraded":4,"win_rate":0.0,"timestamp":1609525513,"path_taken":["M","?","?","M","?","R","E","PTL","PTL","E","T","?","E","?","R","?","R","BOSS","M","?","?","?","M","R","E","R","T","?","M","PTL","PTL","R","?","E","R","BOSS","M","M","?","?","?","R","$","?","T","E","?","R","?","M","R","BOSS"],"items_purchased_type":["Relic"],"build_version":"2020-12-22","purchased_purges":2,"victory":true,"max_hp_per_floor":[65,65,65,65,65,65,65,65,65,65,65,65,65,65,65,65,65,65,65,65,65,65,65,65,65,65,65,65,65,65,65,65,65,65,65,65,65,65,65,65,59,59,59,59,59,59,59,59,59,59,59,59,59,59],"card_choices":[{"not_picked":["Chen:Copycat","Chen:PentagramFlight"],"picked":"Chen:Sidestep","floor":1},{"not_picked":["Chen:Fadeout","Chen:Rush"],"picked":"Chen:UpperHand","floor":4},{"not_picked":["Chen:Scratch","Chen:SelfControl"],"picked":"Chen:Sneak","floor":7},{"not_picked":["Chen:Frivolous","Chen:Exploit"],"picked":"Chen:FollowUp","floor":10},{"not_picked":["Chen:Impale","Chen:Salvo","Chen:Exploit"],"picked":"SKIP","floor":13},{"not_picked":["Chen:Tear","Chen:Assault"],"picked":"Chen:Adaptability","floor":14},{"not_picked":["Chen:TauntHiss","Chen:ResistTemptation"],"picked":"Chen:SurpriseAttack","floor":16},{"not_picked":["Chen:CurlUp","Chen:PhoenixEgg"],"picked":"Chen:Possession","floor":18},{"not_picked":["Exchange","Slimebound:Split"],"picked":"Gatherer:Centralize","floor":19},{"not_picked":["expansioncontent:AwakenDeath","Survey Options"],"picked":"expansioncontent:ChargeUp","floor":19},{"not_picked":["infinitespire:FinalStrike","infinitespire:SevenWalls"],"picked":"hubris:Fate","floor":19},{"not_picked":["Chen:SelfControl","Chen:Flit+1","Chen:CatPunch"],"picked":"SKIP","floor":20},{"not_picked":["Chen:Spray","Chen:Rush","Chen:CatPunch"],"picked":"SKIP","floor":22},{"not_picked":["Chen:Spray+1","Chen:RecklessLeap","Chen:CatPunch"],"picked":"SKIP","floor":24},{"not_picked":["Chen:MisdirectSwipe","Chen:Recuperate","Chen:SelfConfidence"],"picked":"SKIP","floor":26},{"not_picked":["StuffTheSpire:Innocence","StuffTheSpire:Harmony"],"picked":"StuffTheSpire:BrainWave","floor":29},{"not_picked":["Chen:TauntHiss","Chen:Sidestep"],"picked":"Chen:Sweep","floor":30},{"not_picked":["Chen:RecklessLeap","Chen:Honk","Chen:UnstableBoundary"],"picked":"SKIP","floor":35},{"not_picked":["Chen:Gash","Chen:PhoenixWings"],"picked":"Chen:Afterimages","floor":37},{"not_picked":["Chen:Barrier","Chen:Impale","Chen:TauntHiss+1"],"picked":"SKIP","floor":39},{"not_picked":["Chen:EmergencyEscape","Chen:FollowUp+1","Chen:Rush"],"picked":"SKIP","floor":40},{"not_picked":["Chen:GuardCounter","Chen:ResistTemptation"],"picked":"Chen:MeditateFrenzy","floor":48},{"not_picked":["Chen:PentagramFlight","Chen:SelfControl","Chen:CatPunch"],"picked":"SKIP","floor":51},{"not_picked":["Chen:Flicker","Chen:Sweep","Chen:PentagramFlight"],"picked":"SKIP","floor":51},{"not_picked":["Chen:MeditateFrenzy","Chen:Fadeout","Chen:SelfControl"],"picked":"SKIP","floor":52},{"not_picked":["Chen:Tear","Chen:Sweep","Chen:MeditateFrenzy"],"picked":"SKIP","floor":52}],"player_experience":1664635,"relics_obtained":[{"floor":7,"key":"Blue Candle"},{"floor":10,"key":"Anchor"},{"floor":11,"key":"potionbrewer:SlideRule"},{"floor":13,"key":"Turnip"},{"floor":26,"key":"StuffTheSpire:HeavyRock"},{"floor":28,"key":"thethorton:BankDeed"},{"floor":35,"key":"StuffTheSpire:Gunfinga"},{"floor":39,"key":"wanderingMiniBosses:ThiefScarf"},{"floor":39,"key":"Blue Candle"},{"floor":47,"key":"StuffTheSpire:RubySignet"},{"floor":48,"key":"Prayer Wheel"}],"event_choices":[{"damage_healed":0,"gold_gain":0,"player_choice":"2","damage_taken":0,"max_hp_gain":0,"max_hp_loss":0,"event_name":"betterMatch:BetterMatch","floor":21,"gold_loss":0,"cards_obtained":[]}],"is_beta":false,"boss_relics":[{"not_picked":["energizedSpire:StickyHand","Black Star"],"picked":"ReplayTheSpireMod:SealedPack"},{"not_picked":["Kintsugi","infinitespire:Cupcake"],"picked":"Sozu"}],"items_purged_floors":[45,49],"is_endless":false,"potions_floor_spawned":[4,14,16,20,24,26,52],"ascension_level":18}}