{"host":"gzsdmyo07u314vug","time":1609478839,"event":{"mods":["2.2 Compatiblity","BaseMod","Downfall","GifTheSpireLib","Minty Spire (QoL Compilation)","Quick Restart","Rare Cards Sparkle","Relic Stats","Replay The Spire","Shop Mod","StSLib","The Bug Knight","The Construct","The Elementalist","The Servant 0.9.4","Unceasing Turn Reminder","everything is the same but u backflip on backflip","slay the spire mod where everything is the same but ironclad has a cowboy hat","vexMod"],"gold_per_floor":[99,99,99,99,111,111,111,111,111,111,146,146,159,169,181,286,286,286,299,313,331,344,370,370,387,487,76,91,16,28,25,37,139,139,139,150,163,83,83,100,100,100,0,29,51,265,190,219,248,248],"floor_reached":51,"playtime":5507,"items_purged":["champ:Strike","champ:Defend"],"score":726,"play_id":"5c0486a7-03ce-4cc7-bab7-12c279952634","local_time":"20210101022719","is_ascension_mode":false,"campfire_choices":[{"data":"champ:Execute","floor":1.0,"key":"SMITH"},{"data":"champ:PerfectedStrike","floor":6.0,"key":"SMITH"},{"data":"champ:StanceDance","floor":8.0,"key":"SMITH"},{"floor":18.0,"key":"RECALL"},{"floor":29,"key":"REST"},{"floor":35,"key":"REST"},{"floor":42,"key":"REST"},{"floor":47,"key":"REST"}],"circlet_count":0,"master_deck":["champ:Strike","champ:Strike","champ:Defend","champ:Defend","champ:Execute+1","champ:Taunt","champ:StanceDance+1","champ:FlashCut","champ:RisingSlash","champ:PerfectedStrike+1","champ:RecklessLeap+1","champ:BringItOn","champ:BringItOn","champ:FanOfKnives","champ:GutPunch","champ:SwordThrow","champ:ArenaPreparation","champ:DeathBlow","champ:CheapShot+1","champ:BerserkerStyle","champ:SwordThrow+1","champ:FocusedBerserking","Secret Weapon","champ:PerfectedStrike","champ:Shatter","champ:RapidStrikes","Finesse","champ:Improvising","champ:AdrenalArmor+1","champ:BladeFlurry+1","champ:AdrenalArmor+1","champ:EnragedBash+1","champ:FocusedBerserking+1","champ:VampiricStrike"],"relics":["champ:ChampionCrown","downfall:HeartsMalice","Replay:Baseball","Replay:Towering Pillar of Hats","Fusion Hammer","construct:FoamFinger","Thread and Needle","downfall:HeartBlessingRed","Guide Book","construct:WeddingRing","Toxic Egg 2","CeramicFish","downfall:HeartBlessingGreen"],"acts_visited":["Exordium","TheCity","TheBeyond"],"potions_floor_usage":[],"damage_taken":[{"damage":0.0,"enemies":"Cultist","floor":2.0,"turns":1.0},{"damage":0.0,"enemies":"Jaw Worm","floor":3.0,"turns":1.0},{"damage":0.0,"enemies":"2 Louse","floor":4.0,"turns":1.0},{"damage":14.0,"enemies":"3 Louse","floor":5.0,"turns":5.0},{"damage":33.0,"enemies":"Lagavulin","floor":11.0,"turns":4.0},{"damage":20.0,"enemies":"Red Slaver","floor":13.0,"turns":2.0},{"damage":0.0,"enemies":"2 Fungi Beasts","floor":14.0,"turns":2.0},{"damage":0.0,"enemies":"Lots of Slimes","floor":15.0,"turns":3.0},{"damage":78.0,"enemies":"downfall:Silent","floor":16.0,"turns":7.0},{"damage":45.0,"enemies":"Shelled Parasite and Fungi","floor":19.0,"turns":3.0},{"damage":0.0,"enemies":"Chosen and Byrds","floor":20.0,"turns":2.0},{"damage":38.0,"enemies":"Centurion and Healer","floor":21.0,"turns":5.0},{"damage":64,"enemies":"3 Cultists","floor":22,"turns":4},{"damage":52,"enemies":"Gremlin Leader","floor":23,"turns":4},{"damage":47,"enemies":"Shelled Parasite and Fungi","floor":25,"turns":2},{"damage":45,"enemies":"Shelled Parasite and Fungi","floor":26,"turns":3},{"damage":81,"enemies":"downfall:FleeingMerchant","floor":27,"turns":5},{"damage":23,"enemies":"Centurion and Healer","floor":28,"turns":3},{"damage":59,"enemies":"Snake Plant","floor":30,"turns":2},{"damage":57,"enemies":"downfall:FleeingMerchant","floor":31,"turns":4},{"damage":42,"enemies":"Cultist and Chosen","floor":32,"turns":4},{"damage":98,"enemies":"downfall:Defect","floor":33,"turns":6},{"damage":8,"enemies":"Orb Walker","floor":36,"turns":3},{"damage":39,"enemies":"3 Darklings","floor":37,"turns":4},{"damage":69,"enemies":"Writhing Mass","floor":40,"turns":4},{"damage":95,"enemies":"Giant Head","floor":44,"turns":6},{"damage":53,"enemies":"4 Shapes","floor":45,"turns":3},{"damage":66,"enemies":"Jaw Worm Horde","floor":48,"turns":4},{"damage":51,"enemies":"3 Darklings","floor":49,"turns":3},{"damage":152,"enemies":"downfall:Ironclad","floor":50,"turns":11}],"seed_played":"6025748512205245124","potions_obtained":[{"floor":5.0,"key":"Block Potion"},{"floor":11.0,"key":"FairyPotion"},{"floor":16.0,"key":"SteroidPotion"},{"floor":21.0,"key":"Dexterity Potion"},{"floor":45,"key":"FairyPotion"}],"is_trial":false,"path_per_floor":["R","M","M","M","M","R","T","R","?","?","E","?","M","M","M","B",null,"R","M","M","M","M","E","T","M","?","$","M","R","M","$","M","B",null,"R","M","M","$","?","M","T","R","$","E","M","?","R","M","M","B",null],"character_chosen":"THE_CHAMP","items_purchased":["champ:FocusedBerserking","champ:FightOn","Secret Weapon","champ:RapidStrikes","Guide Book","Finesse","champ:FightOn"],"campfire_rested":4,"item_purchase_floors":[27,27,27,31,31,31,38],"current_hp_per_floor":[90,90,90,90,84,84,84,84,84,84,76,76,76,76,76,37,90,90,71,71,69,44,47,47,46,39,38,30,60,60,59,58,50,100,100,97,94,94,104,84,84,110,110,101,83,56,89,68,68,50],"gold":248,"neow_bonus":"THREE_ENEMY_KILL","is_daily":false,"chose_seed":false,"campfire_upgraded":3,"win_rate":0.0,"timestamp":1609478839,"path_taken":["R","?","M","M","M","R","T","R","?","?","E","?","M","?","M","BOSS","R","M","M","M","M","E","T","?","?","$","M","R","M","$","M","BOSS","R","M","M","$","?","M","T","R","$","E","M","?","R","M","M","BOSS"],"items_purchased_type":["Card","Card","Card","Card","Relic","Card","Card"],"build_version":"2020-12-22","purchased_purges":2,"victory":true,"max_hp_per_floor":[90,90,90,90,90,90,90,90,90,90,90,90,90,90,90,90,90,90,90,90,90,95,95,95,95,95,100,100,100,100,100,100,100,100,100,100,105,105,105,110,110,110,110,110,110,110,110,110,110,110],"relic_stats":{"counters":[30,108],"CeramicFish":36,"obtain_stats":[{"construct:FoamFinger":23,"construct:WeddingRing":34,"Replay:Towering Pillar of Hats":11,"downfall:HeartBlessingRed":29,"Guide Book":31,"CeramicFish":44,"champ:ChampionCrown":0,"downfall:HeartsMalice":0,"Thread and Needle":24,"downfall:HeartBlessingGreen":47,"Replay:Baseball":7,"downfall:BrokenWingStatue":9,"Fusion Hammer":17,"Toxic Egg 2":41},{"construct:FoamFinger":14,"construct:WeddingRing":22,"Replay:Towering Pillar of Hats":5,"downfall:HeartBlessingRed":18,"Guide Book":20,"CeramicFish":26,"champ:ChampionCrown":0,"downfall:HeartsMalice":0,"Thread and Needle":14,"downfall:HeartBlessingGreen":27,"Replay:Baseball":4,"downfall:BrokenWingStatue":4,"Fusion Hammer":9,"Toxic Egg 2":25},{"construct:FoamFinger":41,"construct:WeddingRing":70,"Replay:Towering Pillar of Hats":9,"downfall:HeartBlessingRed":54,"Guide Book":60,"CeramicFish":87,"champ:ChampionCrown":0,"downfall:HeartsMalice":0,"Thread and Needle":41,"downfall:HeartBlessingGreen":90,"Replay:Baseball":5,"downfall:BrokenWingStatue":5,"Fusion Hammer":23,"Toxic Egg 2":81}]},"card_choices":[{"not_picked":["champ:FightOn","champ:FlashCut"],"picked":"champ:StanceDance","floor":2.0},{"not_picked":["champ:Circumvent","champ:Haymaker"],"picked":"champ:FlashCut","floor":3.0},{"not_picked":["champ:StanceDance","champ:GladiatorsShout"],"picked":"champ:RisingSlash","floor":4.0},{"not_picked":["champ:ViciousMockery","champ:RisingSlash"],"picked":"champ:PerfectedStrike","floor":5.0},{"not_picked":["champ:FaceSlap","champ:ViciousMockery"],"picked":"champ:BringItOn","floor":11.0},{"not_picked":["champ:CalledShot","champ:BringItOn","champ:Encircle"],"picked":"SKIP","floor":13.0},{"not_picked":["champ:StrikeOfGenius","champ:CrookedStrike"],"picked":"champ:FanOfKnives","floor":14.0},{"not_picked":["champ:TornadoPunch","champ:ShieldWall"],"picked":"champ:GutPunch","floor":15.0},{"not_picked":["champ:DancingMaster","champ:HoldFirm"],"picked":"champ:SwordThrow","floor":16.0},{"not_picked":["champ:EnGarde","champ:AdrenalArmor"],"picked":"champ:ArenaPreparation","floor":19.0},{"not_picked":["champ:GladiatorsShout","champ:FlashCut","champ:TornadoPunch"],"picked":"SKIP","floor":20.0},{"not_picked":["champ:Haymaker","champ:EnGarde"],"picked":"champ:FightOn","floor":21.0},{"not_picked":["champ:FocusedGladiator","champ:BerserkersShout"],"picked":"champ:DeathBlow","floor":22},{"not_picked":["champ:SwordThrow","champ:Haymaker"],"picked":"champ:CheapShot","floor":23},{"not_picked":["champ:Haymaker","champ:FlashCut+1"],"picked":"champ:FightOn","floor":25},{"not_picked":["champ:CrookedStrike","champ:Circumvent"],"picked":"champ:BerserkerStyle","floor":26},{"not_picked":["champ:Circumvent","champ:GladiatorsShout"],"picked":"champ:SwordThrow","floor":27},{"not_picked":["champ:CrookedStrike","champ:GladiatorsShout+1"],"picked":"champ:PerfectedStrike","floor":28},{"not_picked":["champ:ViciousMockery+1","champ:FocusedGladiator"],"picked":"champ:Shatter","floor":30},{"not_picked":["champ:BerserkersShout+1","champ:FanOfKnives","champ:GutPunch"],"picked":"SKIP","floor":31},{"not_picked":["champ:Haymaker","champ:GladiatorsShout+1","champ:Circumvent+1"],"picked":"SKIP","floor":32},{"not_picked":["champ:MurderStrike","champ:PerfectForm"],"picked":"champ:Improvising","floor":33},{"not_picked":["champ:IronFortress","champ:GutPunch"],"picked":"champ:AdrenalArmor+1","floor":36},{"not_picked":["champ:TornadoPunch","champ:FocusedDefense"],"picked":"champ:BladeFlurry+1","floor":37},{"not_picked":["champ:CrookedStrike+1","champ:DefensiveShout","champ:BerserkerStyle+1"],"picked":"SKIP","floor":40},{"not_picked":["champ:SwordThrow","champ:CrookedStrike+1","champ:TornadoPunch"],"picked":"SKIP","floor":44},{"not_picked":["champ:GutPunch+1","champ:Backstep+1"],"picked":"champ:AdrenalArmor+1","floor":45},{"not_picked":["champ:StanceDance+1","champ:IronFortress+1"],"picked":"champ:EnragedBash+1","floor":46},{"not_picked":["champ:FocusedGladiator+1","champ:Riposte+1"],"picked":"champ:FocusedBerserking+1","floor":48},{"not_picked":["champ:GladiatorsShout+1","champ:FanOfKnives"],"picked":"champ:VampiricStrike","floor":49}],"player_experience":619943,"relics_obtained":[{"floor":7.0,"key":"Replay:Baseball"},{"floor":11.0,"key":"Replay:Towering Pillar of Hats"},{"floor":23,"key":"construct:FoamFinger"},{"floor":24,"key":"Thread and Needle"},{"floor":41,"key":"Toxic Egg 2"},{"floor":44,"key":"CeramicFish"}],"event_choices":[{"damage_healed":0.0,"max_hp_gain":0.0,"max_hp_loss":0.0,"gold_gain":0.0,"cards_transformed":["champ:Defend"],"event_name":"Transmorgrifier","player_choice":"Transformed","floor":12.0,"gold_loss":0.0,"damage_taken":0.0,"cards_obtained":["champ:BringItOn"]}],"is_beta":false,"boss_relics":[{"not_picked":["Snecko Eye","ReplayTheSpireMod:DimensionalGlitch"],"picked":"Fusion Hammer"},{"not_picked":["vexMod:EndlessSickness","Empty Cage"],"picked":"construct:WeddingRing"}],"items_purged_floors":[27,43],"is_endless":false,"potions_floor_spawned":[5,11,16,21,25,26,32,33,45,49],"ascension_level":0}}