{"host":"9n6i2vl93jt4o42q","time":1609535830,"event":{"mods":["BaseMod","Minty Spire (QoL Compilation)","Relic Stats"],"gold_per_floor":[116,128,52,52,65,65,96,114,114,114,130,55,55,65,65,65,65],"floor_reached":16,"playtime":860,"items_purged":["Strike_R"],"score":199,"play_id":"32bd0674-bd5a-469f-b850-bf521e0633ff","local_time":"20210101221710","is_ascension_mode":true,"campfire_choices":[{"data":"True Grit","floor":6,"key":"SMITH"},{"data":"Rampage","floor":10,"key":"SMITH"},{"data":"Iron Wave","floor":13,"key":"SMITH"},{"data":"Body Slam","floor":15,"key":"SMITH"}],"circlet_count":0,"master_deck":["AscendersBane","Strike_R","Strike_R","Strike_R","Strike_R","Defend_R","Defend_R","Defend_R","Defend_R","Bash","Iron Wave+1","Rampage+1","Thunderclap","True Grit+1","Body Slam+1","Limit Break","Cleave","Headbutt","Dropkick","Pommel Strike"],"relics":["Burning Blood","Frozen Egg 2","Bottled Flame"],"acts_visited":["Exordium"],"potions_floor_usage":[8],"damage_taken":[{"damage":2.0,"enemies":"Cultist","floor":1.0,"turns":4.0},{"damage":4.0,"enemies":"Small Slimes","floor":2.0,"turns":3.0},{"damage":3,"enemies":"2 Louse","floor":5,"turns":4},{"damage":50,"enemies":"3 Sentries","floor":7,"turns":10},{"damage":21,"enemies":"Large Slime","floor":8,"turns":5},{"damage":9,"enemies":"Red Slaver","floor":11,"turns":3},{"damage":9,"enemies":"Lots of Slimes","floor":14,"turns":4},{"damage":36,"enemies":"The Guardian","floor":16,"turns":2}],"seed_played":"2565883677468942909","potions_obtained":[{"floor":1.0,"key":"Regen Potion"},{"floor":7,"key":"SpeedPotion"},{"floor":11,"key":"LiquidBronze"}],"is_trial":false,"path_per_floor":["M","M","$","?","M","R","E","M","T","R","M","$","R","M","R","B"],"character_chosen":"IRONCLAD","items_purchased":["Thunderclap","True Grit"],"campfire_rested":0,"item_purchase_floors":[3,3],"current_hp_per_floor":[79,81,81,81,82,82,38,37,37,37,34,34,34,31,31,0,0],"gold":65,"neow_bonus":"TEN_PERCENT_HP_BONUS","is_daily":false,"chose_seed":false,"campfire_upgraded":4,"win_rate":0.0,"timestamp":1609535830,"path_taken":["M","M","?","?","M","R","E","M","T","R","?","$","R","M","R","BOSS"],"items_purchased_type":["Card","Card"],"build_version":"2020-12-22","purchased_purges":1,"victory":false,"max_hp_per_floor":[82,82,82,82,82,82,82,82,82,82,82,82,82,82,82,82,82],"relic_stats":{"counters":[8,35],"obtain_stats":[{"Bottled Flame":9,"Frozen Egg 2":7,"Burning Blood":0},{"Bottled Flame":5,"Frozen Egg 2":4,"Burning Blood":0},{"Bottled Flame":26,"Frozen Egg 2":21,"Burning Blood":0}],"Burning Blood":40},"card_choices":[{"not_picked":["Evolve","Warcry"],"picked":"Iron Wave","floor":1.0},{"not_picked":["Heavy Blade","Sever Soul"],"picked":"Rampage","floor":2.0},{"not_picked":["True Grit","Rupture"],"picked":"Cleave","floor":5},{"not_picked":["Warcry","Whirlwind"],"picked":"Headbutt","floor":7},{"not_picked":["Rampage","Wild Strike","Iron Wave"],"picked":"SKIP","floor":8},{"not_picked":["Blood for Blood","True Grit"],"picked":"Dropkick","floor":11},{"not_picked":["Heavy Blade","Headbutt"],"picked":"Pommel Strike","floor":14}],"player_experience":2037275,"relics_obtained":[{"floor":7,"key":"Frozen Egg 2"},{"floor":9,"key":"Bottled Flame"}],"event_choices":[{"damage_healed":0,"gold_gain":0,"player_choice":"2 cards matched","damage_taken":0,"max_hp_gain":0,"max_hp_loss":0,"event_name":"Match and Keep!","floor":4,"gold_loss":0,"cards_obtained":["Body Slam","Limit Break"]}],"is_beta":false,"boss_relics":[],"items_purged_floors":[12],"is_endless":false,"potions_floor_spawned":[1,7,11],"killed_by":"The Guardian","ascension_level":19}}