{"host":"novohdx135h0xyrr","time":1609534523,"event":{"mods":["BaseMod","Colored Map","Colored Powertips","Highlight Path","Minty Spire (QoL Compilation)"],"gold_per_floor":[119,130,130,130,130,161,185,220,246,246,264,264,264,283,283,414,414,434,284,284,284,307,307,321,352,352,352,252,290,290,307,307,406,406,423,473,493,368,368,397,397,397,397,410,410,430,134,150,150,150,150,150,25,60,60,60],"floor_reached":55,"playtime":4146,"items_purged":["Strike_P","Strike_P","Strike_P","Defend_P"],"score":911,"play_id":"fb7fb647-53ce-4ed2-9a96-a3309db4e65c","local_time":"20210101125523","is_ascension_mode":true,"campfire_choices":[{"floor":10,"key":"REST"},{"data":"Vigilance","floor":13,"key":"SMITH"},{"data":"SignatureMove","floor":15,"key":"SMITH"},{"data":"Adaptation","floor":23,"key":"SMITH"},{"data":"InnerPeace","floor":27,"key":"SMITH"},{"data":"InnerPeace","floor":32,"key":"SMITH"},{"data":"Vault","floor":41,"key":"SMITH"},{"floor":49,"key":"RECALL"},{"data":"Defend_P","floor":52,"key":"SMITH"}],"circlet_count":0,"master_deck":["Defend_P+1","Defend_P+1","Eruption+1","Vigilance+1","FlurryOfBlows+1","EmptyBody+1","InnerPeace+1","SignatureMove+1","EmptyMind+1","InnerPeace+1","Adaptation+1","EmptyMind+1","Vault+1","Tantrum+1"],"relics":["PureWater","PreservedInsect","Bloody Idol","Ancient Tea Set","Art of War","Centennial Puzzle","Runic Dome","MutagenicStrength","Mercury Hourglass","Kunai","War Paint","VioletLotus","Thread and Needle","Toxic Egg 2","Potion Belt","Blue Candle"],"acts_visited":["Exordium","TheCity","TheBeyond","TheEnding"],"potions_floor_usage":[6,25,31,31,55,55,55,55],"damage_taken":[{"damage":0,"enemies":"2 Louse","floor":1,"turns":2},{"damage":1,"enemies":"Jaw Worm","floor":2,"turns":3},{"damage":0,"enemies":"Lagavulin","floor":6,"turns":5},{"damage":0,"enemies":"Cultist","floor":7,"turns":2},{"damage":6,"enemies":"3 Sentries","floor":8,"turns":8},{"damage":0,"enemies":"Blue Slaver","floor":11,"turns":3},{"damage":0,"enemies":"Exordium Wildlife","floor":14,"turns":3},{"damage":4,"enemies":"Hexaghost","floor":16,"turns":6},{"damage":0,"enemies":"3 Byrds","floor":18,"turns":3},{"damage":20,"enemies":"Chosen","floor":22,"turns":2},{"damage":8,"enemies":"Shelled Parasite and Fungi","floor":24,"turns":2},{"damage":12,"enemies":"Book of Stabbing","floor":25,"turns":2},{"damage":10,"enemies":"Gremlin Leader","floor":29,"turns":2},{"damage":0,"enemies":"Snecko","floor":31,"turns":5},{"damage":0,"enemies":"Automaton","floor":33,"turns":5},{"damage":9,"enemies":"3 Darklings","floor":35,"turns":4},{"damage":24,"enemies":"Mind Bloom Boss Battle","floor":36,"turns":4},{"damage":0,"enemies":"Orb Walker","floor":37,"turns":3},{"damage":0,"enemies":"Reptomancer","floor":40,"turns":3},{"damage":0,"enemies":"Transient","floor":44,"turns":6},{"damage":0,"enemies":"Jaw Worm Horde","floor":46,"turns":2},{"damage":1,"enemies":"Maw","floor":48,"turns":5},{"damage":0,"enemies":"Donu and Deca","floor":50,"turns":3},{"damage":0,"enemies":"Shield and Spear","floor":54,"turns":2},{"damage":85,"enemies":"The Heart","floor":55,"turns":4}],"seed_played":"1365767974632999937","potions_obtained":[{"floor":1,"key":"Swift Potion"},{"floor":6,"key":"Swift Potion"},{"floor":8,"key":"Regen Potion"},{"floor":16,"key":"LiquidBronze"},{"floor":22,"key":"FearPotion"},{"floor":29,"key":"LiquidMemories"},{"floor":40,"key":"PowerPotion"},{"floor":44,"key":"AttackPotion"}],"is_trial":false,"path_per_floor":["M","M","?","?","?","E","M","E","T","R","M","?","R","M","R","B",null,"M","$","?","?","M","R","M","E","T","R","$","E","?","M","R","B",null,"M","?","M","$","?","E","R","?","T","M","?","M","$","M","R","B",null,"R","$","E","B"],"character_chosen":"WATCHER","items_purchased":["InnerPeace","Potion Belt","DuplicationPotion","Dexterity Potion"],"campfire_rested":1,"item_purchase_floors":[19,47,53,53],"current_hp_per_floor":[72,71,64,46,32,32,32,26,26,47,47,47,47,47,47,43,72,72,72,72,72,52,52,44,32,32,32,32,22,22,41,41,46,72,68,49,54,54,54,59,59,59,59,64,64,68,68,68,68,68,68,68,68,68,0,0],"gold":60,"neow_bonus":"UPGRADE_CARD","is_daily":false,"chose_seed":false,"campfire_upgraded":7,"win_rate":0.0,"timestamp":1609534523,"path_taken":["M","M","?","?","?","E","M","E","T","R","M","?","R","?","R","BOSS","M","$","?","?","M","R","M","E","T","R","$","E","?","?","R","BOSS","M","?","M","$","?","E","R","?","T","M","?","?","$","M","R","BOSS","R","$","E","BOSS"],"items_purchased_type":["Card","Relic","Potion","Potion"],"build_version":"2020-12-22","purchased_purges":4,"victory":false,"max_hp_per_floor":[72,72,72,72,72,72,72,72,72,72,72,72,72,72,72,72,72,72,72,72,72,72,72,72,72,72,72,72,72,72,72,72,72,72,72,72,72,72,68,68,68,68,68,68,68,68,68,68,68,68,68,68,68,68,68,68],"card_choices":[{"not_picked":["Worship","BowlingBash"],"picked":"FlurryOfBlows","floor":1},{"not_picked":["MentalFortress","FlurryOfBlows"],"picked":"EmptyBody","floor":2},{"not_picked":["Alpha","Nirvana","Crescendo"],"picked":"SKIP","floor":6},{"not_picked":["BowlingBash","SashWhip","Consecrate"],"picked":"SKIP","floor":7},{"not_picked":["Brilliance","Wallop"],"picked":"InnerPeace","floor":8},{"not_picked":["ForeignInfluence","Wallop","CarveReality"],"picked":"SKIP","floor":11},{"not_picked":["Perseverance","BowlingBash"],"picked":"SignatureMove","floor":14},{"not_picked":["FlyingSleeves","Sanctity"],"picked":"EmptyMind+1","floor":18},{"not_picked":["Fasting2","SandsOfTime"],"picked":"Adaptation","floor":22},{"not_picked":["Collect","SashWhip","Consecrate"],"picked":"SKIP","floor":24},{"not_picked":["ThirdEye","WheelKick"],"picked":"EmptyMind","floor":25},{"not_picked":["JustLucky","Evaluate+1","WaveOfTheHand+1"],"picked":"SKIP","floor":29},{"not_picked":["ClearTheMind","CutThroughFate","FlyingSleeves"],"picked":"SKIP","floor":31},{"not_picked":["Judgement","Omniscience"],"picked":"Vault","floor":33},{"not_picked":["ThirdEye+1","Prostrate+1","CrushJoints"],"picked":"SKIP","floor":35},{"not_picked":["ForeignInfluence+1","WindmillStrike","FlyingSleeves+1"],"picked":"SKIP","floor":37},{"not_picked":["CrushJoints","Blasphemy+1","JustLucky"],"picked":"SKIP","floor":40},{"not_picked":["EmptyBody+1","CrushJoints+1"],"picked":"Tantrum+1","floor":44},{"not_picked":["Wireheading","Prostrate+1","Adaptation"],"picked":"SKIP","floor":46},{"not_picked":["FollowUp+1","WindmillStrike","Adaptation+1"],"picked":"SKIP","floor":48},{"not_picked":["JustLucky+1","Collect+1","Evaluate+1"],"picked":"SKIP","floor":54}],"player_experience":170790,"relics_obtained":[{"floor":6,"key":"Ancient Tea Set"},{"floor":8,"key":"Art of War"},{"floor":9,"key":"Centennial Puzzle"},{"floor":25,"key":"Mercury Hourglass"},{"floor":26,"key":"Kunai"},{"floor":29,"key":"War Paint"},{"floor":36,"key":"Thread and Needle"},{"floor":40,"key":"Toxic Egg 2"},{"floor":54,"key":"Blue Candle"}],"event_choices":[{"damage_healed":0,"gold_gain":0,"player_choice":"Success","damage_taken":7,"relics_obtained":["PreservedInsect"],"max_hp_gain":0,"max_hp_loss":0,"event_name":"Scrap Ooze","floor":3,"gold_loss":0},{"damage_healed":0,"gold_gain":0,"player_choice":"Take Damage","damage_taken":18,"relics_obtained":["Golden Idol"],"max_hp_gain":0,"max_hp_loss":0,"event_name":"Golden Idol","floor":4,"gold_loss":0},{"damage_healed":0,"gold_gain":0,"player_choice":"Entered Light","damage_taken":14,"max_hp_gain":0,"max_hp_loss":0,"event_name":"Shining Light","floor":5,"gold_loss":0,"cards_upgraded":["FlurryOfBlows","Defend_P"]},{"cards_removed":["Defend_P"],"damage_healed":0,"gold_gain":0,"player_choice":"Offered Basic","damage_taken":0,"max_hp_gain":0,"max_hp_loss":0,"event_name":"Bonfire Elementals","floor":12,"gold_loss":0},{"damage_healed":0,"gold_gain":0,"player_choice":"Ignored","damage_taken":0,"max_hp_gain":0,"max_hp_loss":0,"event_name":"Ghosts","floor":20,"gold_loss":0},{"damage_healed":0,"gold_gain":0,"player_choice":"Inject Mutagens","damage_taken":0,"relics_obtained":["MutagenicStrength"],"max_hp_gain":0,"max_hp_loss":0,"event_name":"Drug Dealer","floor":21,"gold_loss":0},{"damage_healed":0,"gold_gain":0,"player_choice":"Gave Idol","damage_taken":0,"relics_obtained":["Bloody Idol"],"max_hp_gain":0,"max_hp_loss":0,"event_name":"Forgotten Altar","floor":30,"relics_lost":["Golden Idol"],"gold_loss":0},{"damage_healed":0,"gold_gain":0,"player_choice":"Fight","damage_taken":0,"max_hp_gain":0,"max_hp_loss":0,"event_name":"MindBloom","floor":36,"gold_loss":0},{"damage_healed":0,"gold_gain":0,"player_choice":"Max HP","damage_taken":0,"max_hp_gain":0,"max_hp_loss":4,"event_name":"Winding Halls","floor":39,"gold_loss":0},{"damage_healed":0,"gold_gain":0,"player_choice":"Ignored","damage_taken":0,"max_hp_gain":0,"max_hp_loss":0,"event_name":"Tomb of Lord Red Mask","floor":42,"gold_loss":0},{"cards_removed":["Strike_P"],"damage_healed":0,"gold_gain":0,"player_choice":"Removed Attack","damage_taken":0,"max_hp_gain":0,"max_hp_loss":0,"event_name":"Falling","floor":45,"gold_loss":0}],"is_beta":false,"boss_relics":[{"not_picked":["Cursed Key","Snecko Eye"],"picked":"Runic Dome"},{"not_picked":["Calling Bell","Tiny House"],"picked":"VioletLotus"}],"items_purged_floors":[19,28,38,47],"is_endless":false,"potions_floor_spawned":[1,6,8,16,18,22,29,40,44,46],"killed_by":"The Heart","ascension_level":1}}