{"host":"3jjxuhjpio8e4zkv","time":1609544869,"event":{"mods":["BaseMod","Colored Map","Highlight Path","Minty Spire (QoL Compilation)","Permanent Neow","Relic Stats","StSLib"],"gold_per_floor":[209,223,243,17,34,59,59,59,127,127,140,140,171,187,187,260,260,277,290,310,310,5,33,33,51,78,3,3,3,3,14,14,14,14],"floor_reached":33,"playtime":1309,"items_purged":[],"score":629,"play_id":"c6b1c4bf-ab3c-4ac8-85d0-58f42e23e3dd","local_time":"20210101184749","is_ascension_mode":true,"campfire_choices":[{"floor":8.0,"key":"REST"},{"data":"Glass Knife","floor":10.0,"key":"SMITH"},{"data":"Deadly Poison","floor":12.0,"key":"SMITH"},{"data":"Finisher","floor":15.0,"key":"SMITH"},{"data":"Footwork","floor":24,"key":"SMITH"},{"data":"Noxious Fumes","floor":29,"key":"SMITH"},{"floor":32,"key":"REST"}],"circlet_count":0,"master_deck":["AscendersBane","Defend_G","Defend_G","Defend_G","Defend_G+1","Survivor","Neutralize","Sucker Punch","Bane","Dagger Spray","Glass Knife+1","Deadly Poison+1","Footwork+1","Blade Dance","Finisher+1","Corpse Explosion","Prepared+1","Slice","Bite","Bite","Bite","Bite","Bite","All Out Attack","Noxious Fumes+1","Crippling Poison"],"relics":["Ring of the Snake","Sling","Torii","Ornamental Fan","Pen Nib","Runic Pyramid","Shuriken","Art of War","Dream Catcher","MutagenicStrength"],"acts_visited":["Exordium","TheCity"],"potions_floor_usage":[23,23],"damage_taken":[{"damage":0.0,"enemies":"2 Louse","floor":1.0,"turns":3.0},{"damage":1.0,"enemies":"Small Slimes","floor":2.0,"turns":5.0},{"damage":1.0,"enemies":"Jaw Worm","floor":3.0,"turns":3.0},{"damage":0.0,"enemies":"3 Louse","floor":5.0,"turns":1.0},{"damage":29.0,"enemies":"Lagavulin","floor":6.0,"turns":8.0},{"damage":1.0,"enemies":"Lots of Slimes","floor":11.0,"turns":3.0},{"damage":0.0,"enemies":"Gremlin Nob","floor":13.0,"turns":2.0},{"damage":0.0,"enemies":"Blue Slaver","floor":14.0,"turns":2.0},{"damage":2.0,"enemies":"Hexaghost","floor":16.0,"turns":6.0},{"damage":9.0,"enemies":"3 Byrds","floor":18.0,"turns":3.0},{"damage":21.0,"enemies":"2 Thieves","floor":19.0,"turns":3.0},{"damage":15.0,"enemies":"Snake Plant","floor":20.0,"turns":5.0},{"damage":9,"enemies":"Slavers","floor":23,"turns":4},{"damage":0,"enemies":"Centurion and Healer","floor":25,"turns":3},{"damage":1,"enemies":"Chosen and Byrds","floor":31,"turns":4},{"damage":46,"enemies":"Automaton","floor":33,"turns":8}],"seed_played":"6458725209985385747","potions_obtained":[{"floor":2.0,"key":"SneckoOil"},{"floor":5.0,"key":"CultistPotion"},{"floor":6.0,"key":"LiquidMemories"},{"floor":16.0,"key":"FearPotion"},{"floor":19.0,"key":"Dexterity Potion"},{"floor":20.0,"key":"LiquidBronze"}],"is_trial":false,"path_per_floor":["M","M","M","$","M","E","?","R","T","R","M","R","E","M","R","B",null,"M","M","M","?","$","E","R","M","T","?","?","R","?","M","R","B"],"character_chosen":"THE_SILENT","items_purchased":["Sling","Explosive Potion","Shuriken","All Out Attack"],"campfire_rested":2,"item_purchase_floors":[4,4,22,22],"current_hp_per_floor":[59,58,57,57,57,28,8,27,27,27,26,26,26,26,26,24,56,47,26,11,11,11,12,12,20,20,20,20,20,9,14,29,0,0],"gold":14,"neow_bonus":"HUNDRED_GOLD","is_daily":false,"chose_seed":false,"campfire_upgraded":5,"win_rate":0.0,"timestamp":1609544869,"path_taken":["M","M","M","$","M","E","?","R","T","R","M","R","E","M","R","BOSS","M","M","M","?","$","E","R","M","T","?","?","R","?","M","R","BOSS"],"items_purchased_type":["Relic","Potion","Relic","Card"],"build_version":"2020-12-22","purchased_purges":0,"victory":false,"max_hp_per_floor":[66,66,66,66,66,66,66,66,66,66,66,66,66,66,66,66,66,66,66,66,46,46,46,46,46,46,46,46,46,51,51,51,51,51],"relic_stats":{"Dream Catcher":1,"Torii":26,"counters":[16,63],"Ornamental Fan":[96],"Shuriken":[13],"Pen Nib":[8],"Art of War":[3],"obtain_stats":[{"Dream Catcher":26,"Torii":6,"Ornamental Fan":9,"Shuriken":22,"MutagenicStrength":28,"Pen Nib":13,"Art of War":23,"Sling":4,"Ring of the Snake":0,"Runic Pyramid":17},{"Dream Catcher":14,"Torii":5,"Ornamental Fan":5,"Shuriken":12,"MutagenicStrength":14,"Pen Nib":7,"Art of War":13,"Sling":3,"Ring of the Snake":0,"Runic Pyramid":9},{"Dream Catcher":51,"Torii":20,"Ornamental Fan":20,"Shuriken":44,"MutagenicStrength":51,"Pen Nib":25,"Art of War":48,"Sling":11,"Ring of the Snake":0,"Runic Pyramid":33}],"Ring of the Snake":[32]},"card_choices":[{"not_picked":["PiercingWail","Prepared"],"picked":"Sucker Punch","floor":1.0},{"not_picked":["PiercingWail","Prepared"],"picked":"Bane","floor":2.0},{"not_picked":["Backflip","Underhanded Strike"],"picked":"Dagger Spray","floor":3.0},{"not_picked":["Catalyst","Footwork"],"picked":"Glass Knife","floor":5.0},{"not_picked":["Eviscerate","Die Die Die"],"picked":"Deadly Poison","floor":6.0},{"not_picked":["Calculated Gamble","Choke"],"picked":"Footwork","floor":11.0},{"not_picked":["Slice","Quick Slash"],"picked":"Blade Dance","floor":13.0},{"not_picked":["Flying Knee","Backstab"],"picked":"Finisher","floor":14.0},{"not_picked":["Wraith Form v2","Adrenaline"],"picked":"Corpse Explosion","floor":16.0},{"not_picked":["Concentrate","Slice"],"picked":"Prepared+1","floor":18.0},{"not_picked":["Riddle With Holes","Dagger Throw"],"picked":"Slice","floor":19.0},{"not_picked":["Outmaneuver","Slice","Deadly Poison"],"picked":"SKIP","floor":20.0},{"not_picked":["Dash","Prepared","Slice"],"picked":"SKIP","floor":23},{"not_picked":["Leg Sweep","Dodge and Roll"],"picked":"Noxious Fumes","floor":25},{"not_picked":["Tactician","Bane"],"picked":"Crippling Poison","floor":31}],"player_experience":1160797,"relics_obtained":[{"floor":6.0,"key":"Torii"},{"floor":9.0,"key":"Ornamental Fan"},{"floor":13.0,"key":"Pen Nib"},{"floor":23,"key":"Art of War"},{"floor":26,"key":"Dream Catcher"}],"event_choices":[{"damage_healed":0.0,"max_hp_gain":0.0,"max_hp_loss":0.0,"gold_gain":0.0,"event_name":"Shining Light","player_choice":"Entered Light","floor":7.0,"gold_loss":0.0,"damage_taken":20.0,"cards_upgraded":["Defend_G","Strike_G"]},{"damage_healed":0.0,"max_hp_gain":0.0,"max_hp_loss":20.0,"gold_gain":0.0,"event_name":"Vampires","player_choice":"Became a vampire","floor":21.0,"gold_loss":0.0,"damage_taken":0.0,"cards_obtained":["Bite","Bite","Bite","Bite","Bite"]},{"cards_removed":["Defend_G"],"damage_healed":0,"gold_gain":0,"player_choice":"Gave Gold","damage_taken":0,"max_hp_gain":0,"max_hp_loss":0,"event_name":"Beggar","floor":27,"gold_loss":75},{"damage_healed":0,"gold_gain":0,"player_choice":"Inject Mutagens","damage_taken":0,"relics_obtained":["MutagenicStrength"],"max_hp_gain":0,"max_hp_loss":0,"event_name":"Drug Dealer","floor":28,"gold_loss":0},{"damage_healed":0,"gold_gain":0,"player_choice":"Shed Blood","damage_taken":16,"max_hp_gain":5,"max_hp_loss":0,"event_name":"Forgotten Altar","floor":30,"gold_loss":0}],"is_beta":false,"boss_relics":[{"not_picked":["Sozu","Black Star"],"picked":"Runic Pyramid"}],"items_purged_floors":[],"is_endless":false,"potions_floor_spawned":[2,5,6,16,19,20],"killed_by":"Automaton","ascension_level":20}}