{"host":"xu0zbcebhy6w9mdv","time":1609474089,"event":{"mods":["AchievementEnabler","Act Like it!","Aspiration","BaseMod","Better Match","Better Third Choice","BetterRewards","Colored Powertips","Downfall","Duelist Mod","Friendly Minions","Gensokyo","Hallownest","Hubris","Infinite Spire","Marisa????????","Minty Spire (QoL Compilation)","Potionbrewer","Quick Restart","READ ME - Guardian Mod","READ ME - Snecko Mod","Rare Cards Sparkle","Replay The Spire","Shop Mod","StSLib","The Animator","The Blackbeard","The Bug Knight","The Cursed","The Hierophant","The Necromancer","The Runesmith","The Servant 0.9.4"],"gold_per_floor":[138,153,153,164,8,33,0,30,84,84,84,84,109,109,34,49,49,154,154,173,173,184,184,202,236,236,236,284,297,297,327,341,388,288,406,406,418,530,136,136,170,217,217,228,600,600,614,648,648,658,658,658],"floor_reached":53,"playtime":5349,"items_purged":["theDuelist:WhiteHowling"],"score":1395,"play_id":"ba6e5df0-6483-4ddd-a791-e204120b3da7","local_time":"20201231230809","is_ascension_mode":true,"campfire_choices":[{"data":"theDuelist:Yami","floor":12,"key":"SMITH"},{"floor":14,"key":"REST"},{"data":"Delirium","floor":17,"key":"PURGE"},{"data":"theDuelist:SuperSolarNutrient","floor":26,"key":"SMITH"},{"data":"theDuelist:MillenniumGolem","floor":43,"key":"SMITH"},{"data":"theDuelist:ClearKuriboh","floor":46,"key":"SMITH"},{"data":"theDuelist:ClearKuriboh+1","floor":51,"key":"SMITH"}],"circlet_count":0,"master_deck":["theDuelist:Sparks","theDuelist:CastleWalls","theDuelist:Eva","theDuelist:Yami+1","theDuelist:RainbowKuribohBasic","theDuelist:IrisEarthMother","theDuelist:RainbowDragon","theDuelist:CastleWalls","blackbeard:VampiricScepter","theDuelist:RainbowNeos","AscendersBane","theDuelist:Hayate","theDuelist:Gozuki","theDuelist:RainbowFlower","theDuelist:Nameless:Magic:BerserkerCrush","theDuelist:SuperSolarNutrient+1","theDuelist:RainbowDragon","theDuelist:DunamesDarkWitch","theDuelist:MillenniumGolem+1","theDuelist:SangaThunder+1","theDuelist:ClearKuriboh+2","theDuelist:StatueAnguishPattern+1","theDuelist:HappyLover+1"],"relics":["theDuelist:MillenniumPuzzle","theDuelist:CardPoolRelic","theDuelist:CardPoolBasicRelic","theDuelist:BoosterPackPoolRelic","theDuelist:CardPoolAddRelic","theDuelist:CardPoolMinusRelic","theDuelist:CardPoolSaveRelic","theDuelist:CardPoolOptionsRelic","potionbrewer:Torch","theDuelist:MerchantPendant","Replay:Bottled Eggs","NlothsMask","theDuelist:MillenniumRod","Replay:Rubber Ducky","theDuelist:NamelessWarRelicB","theDuelist:NamelessPowerRelicA","ReplayTheSpireMod:Lightbulb","theDuelist:GiftAnubis","aspiration:MobileForge","potionbrewer:SalesContract","theDuelist:ZoneToken","Blood Vial","theDuelist:CursedHealer","Kunai","Empty Cage","infinitespire:CheckeredPen","theDuelist:MillenniumArmor","hubris:IronBody","theDuelist:MillenniumCoin","potionbrewer:ToyAutogyro","Frozen Eye"],"acts_visited":["Exordium","TheCity","TheCity"],"potions_floor_usage":[13,13,13,32,32],"damage_taken":[{"damage":0,"enemies":"Small Slimes","floor":1,"turns":2},{"damage":0,"enemies":"Cultist","floor":2,"turns":3},{"damage":5,"enemies":"Jaw Worm","floor":4,"turns":4},{"damage":0,"enemies":"Replay:BlueRogue","floor":6,"turns":3},{"damage":0,"enemies":"Gremlin Nob","floor":8,"turns":3},{"damage":1,"enemies":"3 Sentries","floor":13,"turns":4},{"damage":0,"enemies":"Gremlin Gang","floor":16,"turns":3},{"damage":25,"enemies":"Slime Boss","floor":18,"turns":7},{"damage":2,"enemies":"Chosen","floor":20,"turns":3},{"damage":0,"enemies":"Spheric Guardian","floor":22,"turns":3},{"damage":4,"enemies":"3 Cultists","floor":24,"turns":5},{"damage":0,"enemies":"Nightmare","floor":25,"turns":6},{"damage":0,"enemies":"Cultist and Chosen","floor":29,"turns":3},{"damage":0,"enemies":"Snecko","floor":31,"turns":3},{"damage":14,"enemies":"Centurion and Healer","floor":32,"turns":5},{"damage":0,"enemies":"HollowMod:Nosk","floor":33,"turns":4},{"damage":22,"enemies":"hubris:MusketHawk","floor":35,"turns":8},{"damage":32,"enemies":"Hallownest:2_Littles","floor":37,"turns":6},{"damage":0,"enemies":"Hallownest:3_Siblings","floor":41,"turns":7},{"damage":0,"enemies":"Hallownest:eliteCollector","floor":42,"turns":5},{"damage":0,"enemies":"Hallownest:2_Wandering_and_1_Horned","floor":44,"turns":5},{"damage":27,"enemies":"Hallownest:Xero_Hu_Marmu","floor":47,"turns":6},{"damage":2,"enemies":"Hallownest:eliteHiveKnight","floor":48,"turns":4},{"damage":0,"enemies":"Hallownest:Shield_Sturdy","floor":50,"turns":6},{"damage":0,"enemies":"Hallownest:BossHollowKnight","floor":52,"turns":7}],"seed_played":"3247291850619771741","potions_obtained":[{"floor":1,"key":"FearPotion"},{"floor":4,"key":"potionbrewer:FireTonic"},{"floor":6,"key":"Strength Potion"},{"floor":16,"key":"Languid Potion"},{"floor":22,"key":"theDuelist:DestructPotionPot"}],"is_trial":false,"path_per_floor":["M","M","?","M","$","E","?","E","T","PTL","PTL","R","E","R","$","M","R","B",null,"M","$","M","AVR","M","NM","R","?","T","M","?","M","M","E","R","B",null,"M","?","$","?","M","E","R","M","T","R","M","E","?","M","R","B",null],"character_chosen":"THE_DUELIST","items_purchased":["potionbrewer:Torch","theDuelist:MerchantPendant","theDuelist:SangaThunder","Replay:Bottled Eggs","theDuelist:MillenniumRod","infinitespire:CheckeredPen","theDuelist:MillenniumArmor"],"campfire_rested":1,"item_purchase_floors":[0,0,0,0,5,39,39],"current_hp_per_floor":[64,64,64,59,59,59,59,59,59,59,59,59,58,80,80,80,80,55,74,72,72,72,72,68,68,68,68,68,70,80,80,76,78,78,64,84,60,38,38,38,52,60,60,64,64,64,54,54,69,73,73,81],"gold":658,"neow_bonus":"","is_daily":false,"chose_seed":false,"campfire_upgraded":5,"win_rate":0.0,"timestamp":1609474089,"path_taken":["M","M","?","?","$","E","?","E","T","PTL","PTL","R","E","R","$","?","R","BOSS","M","$","?","AVR","?","NM","R","?","T","M","?","M","M","E","R","BOSS","M","?","$","?","M","E","R","?","T","R","?","E","?","M","R","BOSS"],"items_purchased_type":["Relic","Relic","Card","Relic","Relic","Relic","Relic"],"build_version":"2020-12-22","purchased_purges":1,"victory":true,"max_hp_per_floor":[80,80,80,80,80,80,80,80,80,80,80,80,80,80,80,80,80,80,80,80,80,80,80,80,80,80,80,80,80,80,80,90,90,90,90,90,90,90,90,90,90,90,90,90,90,90,90,90,90,90,90,90],"card_choices":[{"not_picked":["theDuelist:IronDraw","theDuelist:CrystalRaigeki","theDuelist:RainbowGravity","theDuelist:RainbowLife"],"picked":"theDuelist:WhiteHowling","floor":1},{"not_picked":["theDuelist:RainbowFlower","theDuelist:MysticalElf","theDuelist:GraydleSlimeJr","theDuelist:WanderingKing"],"picked":"theDuelist:ZombieWarrior","floor":2},{"not_picked":["theDuelist:OniGamiCombo","theDuelist:CardSafeReturn","theDuelist:VioletCrystal","theDuelist:Mountain"],"picked":"SKIP","floor":4},{"not_picked":["theDuelist:Kasha","theDuelist:GraydleSlimeJr","theDuelist:NeoMagic","theDuelist:YamataDragon"],"picked":"theDuelist:ClearKuriboh","floor":6},{"not_picked":["theDuelist:DarkEnergy","theDuelist:ShallowGrave","theDuelist:OniGamiCombo","theDuelist:SpiralSpearStrike"],"picked":"theDuelist:Yami","floor":8},{"not_picked":["theDuelist:CurseDragon","theDuelist:RevivalJam","theDuelist:Eva","theDuelist:CommandKnight"],"picked":"theDuelist:RainbowDragon","floor":13},{"not_picked":["theDuelist:Biofalcon","theDuelist:Eva","theDuelist:FlyingSaucer","theDuelist:SummonedSkull","theDuelist:TyrantWing"],"picked":"SKIP","floor":16},{"not_picked":["theDuelist:RainbowFlower","theDuelist:DunamesDarkWitch","theDuelist:MaleficRainbowDragon","theDuelist:RainbowOverdragon"],"picked":"theDuelist:RainbowDragon","floor":18},{"not_picked":["theDuelist:CurseDragon","theDuelist:SpiritPharaoh","theDuelist:MaleficRainbowDragon","theDuelist:CrystalRaigeki","theDuelist:RainbowMagician"],"picked":"SKIP","floor":20},{"not_picked":["theDuelist:SpiralSpearStrike","theDuelist:BlizzardWarrior","theDuelist:BabyDragon","theDuelist:FrillerRabca+1"],"picked":"theDuelist:SuperSolarNutrient","floor":22},{"not_picked":["theDuelist:KingYami","theDuelist:GreenGadget","theDuelist:Eva","theDuelist:ShallowGrave","theDuelist:CurseDragon"],"picked":"SKIP","floor":24},{"not_picked":["theDuelist:NeoMagic+1","theDuelist:DunamesDarkWitch","theDuelist:RainbowDragon","theDuelist:RainbowKuriboh","theDuelist:RainbowDarkDragon"],"picked":"SKIP","floor":25},{"not_picked":["theDuelist:DragonZombie","theDuelist:MaskedDragon","theDuelist:CurseDragon","theDuelist:RainbowOverdragon+1","theDuelist:KamionTimelord"],"picked":"SKIP","floor":29},{"not_picked":["theDuelist:SangaEarth","theDuelist:ValkMagnet","theDuelist:MaleficRainbowDragon+1","theDuelist:RainbowMagician+1"],"picked":"theDuelist:Gozuki","floor":31},{"not_picked":["theDuelist:VampireGrace","theDuelist:DarkMasterZorc"],"picked":"theDuelist:IrisEarthMother","floor":32},{"not_picked":["theDuelist:GaiaMidNightSun","theDuelist:DarkFactory+1","theDuelist:DummyGolem","theDuelist:BigEye"],"picked":"theDuelist:MillenniumGolem","floor":33},{"not_picked":["theDuelist:WhiteHowling+1","theDuelist:IronDraw","theDuelist:OhFish+1","theDuelist:TyrantWing"],"picked":"theDuelist:StatueAnguishPattern+1","floor":37},{"not_picked":["theDuelist:RedGadget","theDuelist:ClearKuriboh+1","theDuelist:WhiteHornDragon+1","theDuelist:SangaWater"],"picked":"theDuelist:HappyLover+1","floor":38},{"not_picked":["theDuelist:Gernia+1","theDuelist:DesLacooda","theDuelist:BlizzardDefender","theDuelist:Mountain","theDuelist:SpiritPharaoh+1"],"picked":"SKIP","floor":41},{"not_picked":["theDuelist:GraydleSlimeJr+1","theDuelist:BlizzardWarrior","theDuelist:WanderingKing+1","theDuelist:CurseDragon","theDuelist:RainbowFlower+1"],"picked":"SKIP","floor":42},{"not_picked":["theDuelist:WanderingKing","theDuelist:Boneheimer","theDuelist:AmphibiousBugroth","theDuelist:FrillerRabca+1","theDuelist:SevenColoredFish+1"],"picked":"SKIP","floor":44},{"not_picked":["theDuelist:EarthquakeGiant+1","theDuelist:GiantTrapHole+1","theDuelist:Blockman+1","theDuelist:ForbiddenLance+1","theDuelist:PotGenerosity"],"picked":"SKIP","floor":47},{"not_picked":["theDuelist:SuperancientDinobeast","theDuelist:RainbowFlower","theDuelist:RainbowNeos","theDuelist:DunamesDarkWitch","theDuelist:MaleficRainbowDragon"],"picked":"SKIP","floor":48},{"not_picked":["theDuelist:CharcoalInpachi+1","theDuelist:SpiralSpearStrike+1","theDuelist:ClearKuriboh","theDuelist:LightningDarts+1","theDuelist:OneForOne+1"],"picked":"SKIP","floor":50}],"player_experience":499603,"relics_obtained":[{"floor":6,"key":"Replay:Rubber Ducky"},{"floor":8,"key":"ReplayTheSpireMod:Lightbulb"},{"floor":13,"key":"theDuelist:GiftAnubis"},{"floor":25,"key":"theDuelist:ZoneToken"},{"floor":28,"key":"Blood Vial"},{"floor":33,"key":"Kunai"},{"floor":42,"key":"hubris:IronBody"},{"floor":45,"key":"theDuelist:MillenniumCoin"},{"floor":48,"key":"potionbrewer:ToyAutogyro"}],"event_choices":[{"damage_healed":0,"gold_gain":0,"player_choice":"Trade","damage_taken":0,"relics_obtained":["NlothsMask"],"max_hp_gain":0,"max_hp_loss":0,"event_name":"FaceTrader","floor":3,"gold_loss":0},{"power_reward":2,"total_magic_score":49,"gold_gain":0,"duelist":true,"damage_taken":0,"relics_obtained":["theDuelist:NamelessWarRelicB","theDuelist:NamelessPowerRelicA"],"points":7,"war_reward":2,"max_hp_gain":0,"max_hp_loss":0,"spent_points":{"magic":3,"greed":0,"war":2,"power":2,"hunger":0},"event_name":"Nameless Tomb","floor":7,"gold_loss":94,"magic_reward":3,"cards_obtained":["theDuelist:Nameless:Magic:BerserkerCrush","Delirium"]},{"damage_healed":0,"gold_gain":0,"player_choice":"Succumb - +25HP/Cursed Relic","duelist":true,"damage_taken":0,"max_hp_gain":0,"max_hp_loss":0,"event_name":"Tomb of the Nameless","floor":30,"gold_loss":0},{"damage_healed":0,"gold_gain":0,"player_choice":"Bought Vampiric Scepter","damage_taken":0,"max_hp_gain":0,"max_hp_loss":0,"event_name":"blackbeard:Vampires","floor":34,"gold_loss":125,"cards_obtained":["blackbeard:VampiricScepter"]},{"damage_healed":0,"gold_gain":0,"player_choice":"Leave","duelist":true,"damage_taken":0,"max_hp_gain":0,"max_hp_loss":0,"event_name":"Battle City","floor":40,"gold_loss":0}],"is_beta":false,"boss_relics":[{"not_picked":["Painkiller Herb","hubris:BlackHole"],"picked":"aspiration:MobileForge"},{"not_picked":["Electric Blood","HoveringKite"],"picked":"Empty Cage"}],"items_purged_floors":[15],"is_endless":false,"potions_floor_spawned":[1,4,6,8,16,22,31,33,35,41,42],"ascension_level":10}}