{"host":"z9grmtg2w0nmz8n1","time":1609514806,"event":{"mods":["Aspiration","Bard","BaseMod","Beaked The Cultist","Better Altar","Better Match","Better Note","Better Sensory Stone","Better Skull","Better Third Choice","BetterRewards","CCEM","Colored Map","Conspire","Downfall","GifTheSpireLib","Googly Eyes","Halation","Hermit","Highlight Path","Hubris","Hunter ??","Jedi Mod","Jorbs\u0027s Wanderer Trilogy","Mad Scientist","Marisa????????","Minty Spire (QoL Compilation)","Permanent Neow","Replay The Spire","Shade Mod","Shop Mod","Spicy Shops","StSLib","Stuff the Spire","The Bug Knight","The Construct","The Necromancer","The Runesmith","The Witch"],"gold_per_floor":[112,112,112,130,151,189,3,19,92,106,146,166,166,291,291,420,420,438,438,456,456,475,635,635,635,635],"floor_reached":25,"playtime":1134,"items_purged":["Strike_B"],"score":255,"play_id":"c00e55ce-1910-45a4-ae24-fcf1d312a383","local_time":"20210101132646","is_ascension_mode":true,"campfire_choices":[{"floor":15,"key":"REST"},{"floor":24,"key":"REST"}],"circlet_count":0,"master_deck":["Strike_B","Strike_B","Defend_B","Defend_B","Defend_B","Defend_B","Zap","Dualcast","Ball Lightning","Leap","Ball Lightning","Defragment","Conserve Battery+1","Injury","jedi:meditation+1","StuffTheSpire:Synthwave+1","jedi:blockon+1","Force Field+1"],"relics":["Cracked Core","Golden Idol","Replay:Bottled Flurry","Toxic Egg 2","StuffTheSpire:TintedRock","Frozen Egg 2","hubris:CrystalStatue","beaked:SacredDeck"],"acts_visited":["Exordium","TheCity"],"potions_floor_usage":[6,10,14,14,25,25],"damage_taken":[{"damage":3,"enemies":"Jaw Worm","floor":1,"turns":4},{"damage":0,"enemies":"Small Slimes","floor":4,"turns":3},{"damage":3,"enemies":"2 Louse","floor":5,"turns":3},{"damage":13,"enemies":"3 Sentries","floor":6,"turns":7},{"damage":4,"enemies":"Blue Slaver","floor":8,"turns":3},{"damage":14,"enemies":"Exordium Thugs","floor":10,"turns":4},{"damage":17,"enemies":"Lagavulin","floor":11,"turns":5},{"damage":5,"enemies":"Large Slime","floor":12,"turns":5},{"damage":8,"enemies":"Gremlin Nob","floor":14,"turns":4},{"damage":13,"enemies":"Hexaghost","floor":16,"turns":7},{"damage":5,"enemies":"3 Byrds","floor":18,"turns":4},{"damage":11,"enemies":"Shell Parasite","floor":20,"turns":6},{"damage":9,"enemies":"Snake Plant","floor":22,"turns":4},{"damage":23,"enemies":"conspire:Head Lice","floor":23,"turns":8},{"damage":48,"enemies":"Slavers","floor":25,"turns":3}],"seed_played":"-3401735901869118692","potions_obtained":[{"floor":1,"key":"jedi:StrikingPotion"},{"floor":6,"key":"FearPotion"},{"floor":10,"key":"Fruit Juice"},{"floor":11,"key":"CultistPotion"},{"floor":18,"key":"jedi:coolantleak"},{"floor":23,"key":"Toxic Potion"}],"is_trial":false,"path_per_floor":["M","?","?","M","M","E","$","M","T","M","E","M","?","E","R","B",null,"M","?","M","?","M","E","R","E"],"character_chosen":"DEFECT","items_purchased":["Defragment"],"campfire_rested":2,"item_purchase_floors":[7],"current_hp_per_floor":[72,69,69,69,66,53,53,49,49,40,23,18,18,10,32,19,74,69,69,58,58,49,26,48,0,0],"gold":635,"neow_bonus":"REMOVE_CARD","is_daily":false,"chose_seed":false,"campfire_upgraded":0,"win_rate":0.0,"timestamp":1609514806,"path_taken":["M","?","?","M","M","E","$","M","T","M","E","M","?","E","R","BOSS","M","?","?","?","M","E","R","E"],"items_purchased_type":["Card"],"build_version":"2020-12-22","purchased_purges":1,"victory":false,"max_hp_per_floor":[75,69,69,69,69,69,69,69,69,74,74,74,74,74,74,74,74,74,74,74,74,74,74,74,74,74],"card_choices":[{"not_picked":["aspiration:Polymerization","Barrage"],"picked":"Ball Lightning","floor":1},{"not_picked":["Consume","StuffTheSpire:Plugnplay"],"picked":"Leap","floor":4},{"not_picked":["Double Energy","Auto Shields"],"picked":"Ball Lightning","floor":5},{"not_picked":["Hologram","Glacier","Gash"],"picked":"SKIP","floor":6},{"not_picked":["Scrape","Streamline","jedi:BurstLightning"],"picked":"SKIP","floor":8},{"not_picked":["jedi:BurstFrost+1","Redo+1","Rebound"],"picked":"SKIP","floor":10},{"not_picked":["BasicCrystalCard+1","Consume+1","Steam+1"],"picked":"SKIP","floor":11},{"not_picked":["Core Surge","jedi:hex+1"],"picked":"Conserve Battery+1","floor":12},{"not_picked":["ReplaySolidLightProjector+1","jedi:locknload+1"],"picked":"jedi:meditation+1","floor":14},{"not_picked":["Reprogram+1","Redo+1","jedi:BurstLightning"],"picked":"SKIP","floor":18},{"not_picked":["Coolheaded+1","Beam Cell"],"picked":"jedi:blockon+1","floor":20},{"not_picked":["Coolheaded+1","Panic Button+1","Chaos+1"],"picked":"SKIP","floor":22},{"not_picked":["Double Energy+1","Tempest+1"],"picked":"Force Field+1","floor":23}],"player_experience":752028,"relics_obtained":[{"floor":6,"key":"Replay:Bottled Flurry"},{"floor":9,"key":"Toxic Egg 2"},{"floor":11,"key":"StuffTheSpire:TintedRock"},{"floor":14,"key":"hubris:CrystalStatue"}],"event_choices":[{"damage_healed":0,"gold_gain":0,"player_choice":"Lose Max HP","damage_taken":0,"relics_obtained":["Golden Idol"],"max_hp_gain":0,"max_hp_loss":6,"event_name":"Golden Idol","floor":2,"gold_loss":0},{"damage_healed":0,"gold_gain":0,"player_choice":"Ignored","damage_taken":112,"max_hp_gain":0,"max_hp_loss":0,"event_name":"betterThird:BetterSerpent","floor":3,"gold_loss":0},{"damage_healed":0,"gold_gain":0,"player_choice":"Bought 0 Potions","damage_taken":0,"max_hp_gain":0,"max_hp_loss":0,"event_name":"The Woman in Blue","floor":19,"gold_loss":0},{"cards_removed":["Strike_B"],"damage_healed":0,"gold_gain":0,"player_choice":"Give","damage_taken":0,"max_hp_gain":0,"max_hp_loss":0,"event_name":"betterNote:BetterNote","floor":21,"gold_loss":0,"cards_obtained":["Defend_G"]}],"is_beta":false,"boss_relics":[{"not_picked":["Replay:Grab Bag","Nuclear Battery"],"picked":"beaked:SacredDeck"}],"items_purged_floors":[7],"is_endless":false,"potions_floor_spawned":[1,6,10,11,18,23],"killed_by":"Slavers","ascension_level":1}}