{"host":"slngz8sobihb8iwl","time":1609472002,"event":{"mods":["2.2 Compatiblity","Act Like it!","BaseMod","Colored Powertips","Elementarium","Gensokyo","GifTheSpireLib","Hallownest","Hermit","Marisa????????","Menagerie","Minty Spire (QoL Compilation)","Permanent Neow","Random Character Button","Rare Cards Sparkle","Relic Filter","Robot Space Explorer","StSLib","SuperFastMode","Td1madao Mod","The Bug Knight","The Disciple","The Gatherer","The Hierophant","The Judge","The Marked","The Runesmith","The Servant 0.9.4","TheVelvet","Unceasing Turn Reminder"],"gold_per_floor":[118,118,0,13,13,13,46,66,66,30,30,43,76,90,90,189,189,207,9,159,169,182,208,222,236,310,24,24,73,105,105,105,202,202,215,215,215,215,215,215,62,62,62,62,62,62,2,13,13,13,13,13,13,38,38,38],"floor_reached":55,"playtime":4195,"items_purged":[],"score":686,"play_id":"6d2fad5d-4530-4114-9357-778abb053318","local_time":"20201231223322","is_ascension_mode":false,"campfire_choices":[{"data":"theMarked:Static","floor":6.0,"key":"SMITH"},{"floor":11.0,"key":"RECALL"},{"floor":15.0,"key":"REST"},{"data":"theMarked:ComboAttacks","floor":28.0,"key":"SMITH"},{"data":"theMarked:StartUp","floor":32.0,"key":"SMITH"},{"data":"theMarked:RogueSparks","floor":40.0,"key":"SMITH"},{"data":"Finesse","floor":49.0,"key":"SMITH"},{"data":"theMarked:MaelstromOfLightning","floor":52,"key":"SMITH"}],"circlet_count":0,"master_deck":["theMarked:Strike","theMarked:Strike","theMarked:Strike","theMarked:SoldierOfQuellstein+1","theMarked:Static+1","Hallownest:skillLeafShield+1","Hallownest:skillLeafShield","Hallownest:skillLeafShield","Hallownest:skillLeafShield","theMarked:WardOff+1","theMarked:MaelstromOfLightning+1","theMarked:StartUp+1","theMarked:DispelDoubt","theMarked:WardOff","theMarked:MuscleMemory","theMarked:ComboAttacks+1","theMarked:EmpowerWeapon+1","theMarked:ElementalBlade","theMarked:TwofoldDefense+1","theMarked:Improvise+1","theMarked:EternalStudent","theMarked:RogueSparks+1","Finesse+1","theMarked:Static+1","theMarked:SuspiciousRaven","Pain","Gensokyo:CustomPotion","theMarked:Aftermath"],"relics":["theMarked:ArtifactOfAir","Regal Pillow","Centennial Puzzle","Mercury Hourglass","Potion Belt","Busted Crown","Anchor","Nunchaku","Juzu Bracelet","Cursed Key","Blood Vial","Gensokyo:EmptyGrave","DollysMirror","Strawberry","theMarked:Gun","War Paint"],"acts_visited":["Exordium","Hallownest:Greenpath","Hallownest:CityofTears","TheEnding"],"potions_floor_usage":[50,50],"damage_taken":[{"damage":1.0,"enemies":"Hallownest:monsterHuskWarrior","floor":1.0,"turns":4.0},{"damage":0.0,"enemies":"Hallownest:2_Tiktiks_and_1_Crawlid","floor":4.0,"turns":3.0},{"damage":1.0,"enemies":"Hallownest:eliteVengeflyKing","floor":7.0,"turns":5.0},{"damage":4.0,"enemies":"Hallownest:2_MossCreeps","floor":8.0,"turns":4.0},{"damage":6.0,"enemies":"Hallownest:Guard_and_Warrior","floor":12.0,"turns":4.0},{"damage":16.0,"enemies":"Hallownest:eliteCrystalGuardian","floor":13.0,"turns":5.0},{"damage":8.0,"enemies":"Hallownest:Wandering_and_Horned","floor":14.0,"turns":3.0},{"damage":32.0,"enemies":"Hallownest:BossBrokenVessel","floor":16.0,"turns":8.0},{"damage":0.0,"enemies":"Hallownest:3_Youths","floor":18.0,"turns":5.0},{"damage":0.0,"enemies":"Hallownest:Guard_and_Sentry","floor":21.0,"turns":4.0},{"damage":1.0,"enemies":"Hallownest:monsterMisterMushroom","floor":22.0,"turns":3.0},{"damage":3.0,"enemies":"Hallownest:eliteWatcherKnight","floor":23.0,"turns":10.0},{"damage":5.0,"enemies":"Hallownest:monsterShrumalOgre","floor":24.0,"turns":4.0},{"damage":3.0,"enemies":"Hallownest:2_Flukemon","floor":25.0,"turns":4.0},{"damage":5.0,"enemies":"Hallownest:Glutton_and_Coward","floor":29.0,"turns":4.0},{"damage":19.0,"enemies":"Hallownest:eliteSoulWarrior","floor":30.0,"turns":5.0},{"damage":2.0,"enemies":"Hallownest:BossSoulMaster","floor":33.0,"turns":8.0},{"damage":26.0,"enemies":"Gensokyo:3_Boulders","floor":35.0,"turns":4.0},{"damage":10.0,"enemies":"Gensokyo:AncientGuardian","floor":48.0,"turns":3.0},{"damage":64,"enemies":"Gensokyo:Shinki","floor":50,"turns":11},{"damage":71,"enemies":"Shield and Spear","floor":54,"turns":6},{"damage":45,"enemies":"The Heart","floor":55,"turns":2}],"seed_played":"-3575695593549324481","potions_obtained":[{"floor":7.0,"key":"SteroidPotion"},{"floor":8.0,"key":"Regen Potion"},{"floor":12.0,"key":"SkillPotion"},{"floor":14.0,"key":"LiquidBronze"},{"floor":22.0,"key":"SpeedPotion"},{"floor":24.0,"key":"Block Potion"},{"floor":25.0,"key":"ColorlessPotion"},{"floor":54,"key":"SpeedPotion"}],"is_trial":false,"path_per_floor":["M","?","?","M","$","R","E","M","T","$","R","M","E","M","R","B",null,"M","$","?","M","M","E","M","M","T","$","R","M","E","?","R","B",null,"M","?","?","?","?","R","COS","$","T","?","?","T","?","M","R","B",null,"R","$","E","B"],"character_chosen":"THE_DEFAULT","items_purchased":["theMarked:StartUp","theMarked:ComboAttacks","Anchor","theMarked:EternalStudent","theMarked:RogueSparks","Finesse"],"campfire_rested":1,"item_purchase_floors":[10,19,19,27,27,27],"current_hp_per_floor":[69,69,69,69,69,69,68,64,64,64,64,58,42,34,70,38,70,70,70,70,70,69,66,61,58,58,58,58,53,34,70,70,68,70,44,44,44,44,44,44,65,65,72,72,72,72,72,62,62,15,72,72,72,1,0,0],"gold":38,"neow_bonus":"UPGRADE_CARD","is_daily":false,"chose_seed":false,"campfire_upgraded":6,"win_rate":0.0,"timestamp":1609472002,"path_taken":["M","?","?","M","?","R","E","M","T","$","R","M","E","M","R","BOSS","M","$","?","M","M","E","M","M","T","$","R","M","E","?","R","BOSS","M","?","?","?","?","R","COS","?","T","?","?","?","?","M","R","BOSS","R","$","E","BOSS"],"items_purchased_type":["Card","Card","Relic","Card","Card","Card"],"build_version":"2020-12-22","purchased_purges":0,"victory":false,"max_hp_per_floor":[70,70,70,70,70,70,70,70,70,70,70,70,70,70,70,70,70,70,70,70,70,70,70,70,70,70,70,70,70,70,70,70,70,70,70,70,70,65,65,65,65,65,72,72,72,72,72,72,72,72,72,72,72,72,72,72],"card_choices":[{"not_picked":["theMarked:ChainLightning","theMarked:WastefulAttack"],"picked":"theMarked:Static","floor":1.0},{"not_picked":["theMarked:RepellingDischarge","theMarked:Convert"],"picked":"theMarked:WardOff","floor":4.0},{"not_picked":["theMarked:ElectricStrings","theMarked:CreepingChasm"],"picked":"theMarked:MaelstromOfLightning","floor":7.0},{"not_picked":["theMarked:Overthink","theMarked:HeritageOfTheMarked","theMarked:WastefulAttack"],"picked":"SKIP","floor":8.0},{"not_picked":["theMarked:EmpowerWeapon","theMarked:BanishingStrike"],"picked":"theMarked:DispelDoubt","floor":12.0},{"not_picked":["theMarked:Indomitable","theMarked:TunnelVision"],"picked":"theMarked:WardOff","floor":13.0},{"not_picked":["theMarked:TakeCover","theMarked:WardOff","theMarked:ElectricStrings"],"picked":"SKIP","floor":14.0},{"not_picked":["theMarked:UnarmedFury","theMarked:TurnInvisible"],"picked":"theMarked:MuscleMemory","floor":16.0},{"not_picked":["theMarked:Standoff"],"picked":"SKIP","floor":18.0},{"not_picked":[],"picked":"theMarked:EmpowerWeapon+1","floor":21.0},{"not_picked":["theMarked:EmpowerWeapon"],"picked":"SKIP","floor":22.0},{"not_picked":[],"picked":"theMarked:ElementalBlade","floor":23.0},{"not_picked":[],"picked":"theMarked:TwofoldDefense+1","floor":24.0},{"not_picked":[],"picked":"theMarked:Improvise+1","floor":25.0},{"not_picked":["theMarked:RepellingDischarge"],"picked":"SKIP","floor":29.0},{"not_picked":["theMarked:Improvise"],"picked":"SKIP","floor":30.0},{"not_picked":["theMarked:Seal"],"picked":"SKIP","floor":35.0},{"not_picked":["theMarked:Parkour"],"picked":"SKIP","floor":48.0},{"not_picked":[],"picked":"theMarked:Aftermath","floor":54}],"player_experience":391185,"relics_obtained":[{"floor":7.0,"key":"Centennial Puzzle"},{"floor":9.0,"key":"Mercury Hourglass"},{"floor":13.0,"key":"Potion Belt"},{"floor":23.0,"key":"Nunchaku"},{"floor":30.0,"key":"Juzu Bracelet"},{"floor":43.0,"key":"Strawberry"},{"floor":46.0,"key":"theMarked:Gun"},{"floor":54,"key":"War Paint"}],"event_choices":[],"is_beta":false,"boss_relics":[{"not_picked":["Snecko Eye","Runic Pyramid"],"picked":"Busted Crown"},{"not_picked":["Philosopher\u0027s Stone","theMarked:BronzeBlade"],"picked":"Cursed Key"}],"items_purged_floors":[],"is_endless":false,"potions_floor_spawned":[7,8,12,14,22,24,25,54],"killed_by":"The Heart","ascension_level":0}}