{"host":"g1wmg2w41xhsnw8g","time":1609473883,"event":{"mods":["2.2 Compatiblity","Act Like it!","Aspiration","BaseMod","Better Altar","Better Match","Better Note","Better Sensory Stone","Better Skull","Better Third Choice","BetterRewards","Booster Modes","CapriCore","CatGirl Mod","Colored Map","Colored Powertips","Curses Come First","Defuse TimeMaze Blight","Displayed Cursed Tome","Evolution","Friendly Minions","GifTheSpireLib","Googly Eyes","Infinite Spire","Minty Spire (QoL Compilation)","Red Circlet Mod","Relic Sorter","SCP261 Mod","Shop Mod","Spicy Shops","StSLib","The Sage","Transform Curses","Wandering Minibosses","????"],"gold_per_floor":[114,114,131,144,164,164,197,216,240,271,51,51,1,20,20,123,123,143,157,157,172,172,172,199,199,199,232,196,196,208,246,52,160,160,172,172,188,188,98,98,140,169,169,193,211,5,33,42,42,42,42,42,42,70,70],"floor_reached":56,"playtime":2865,"items_purged":["Defend_B","Defend_B","Strike_B","Defend_B","Defend_B","Strike_B","Strike_B","Strike_B+1"],"score":1871,"play_id":"d9c106af-bec4-4d23-b316-e381b30398ab","local_time":"20201231230443","is_ascension_mode":true,"campfire_choices":[{"data":"Zap","floor":6,"key":"SMITH"},{"floor":12,"key":"RECALL"},{"data":"Tempest","floor":15,"key":"SMITH"},{"data":"Decay","floor":23,"key":"PURGE"},{"data":"Loop","floor":25,"key":"SMITH"},{"data":"Conserve Battery","floor":40,"key":"SMITH"},{"data":"Consume","floor":52,"key":"SMITH"}],"circlet_count":0,"master_deck":["Zap+1","Dualcast+1","Loop+1","Conserve Battery+1","Self Repair","Capacitor+1","Doom and Gloom+1","Sweeping Beam","Ball Lightning+1","Conserve Battery","FTL+1","Storm+1","Lockon+1","Tempest+1","Coolheaded+1","Ball Lightning+1","Consume+1","Defragment+1","Creative AI+1","Consume","Chill+1","Electrodynamics+1","Meteor Strike+1","Echo Form+1"],"relics":["Cracked Core","EVO:Axolotl","Mummified Hand","MerchantsRug","TheAbacus","sagemod:Red_Beast_Statue","Chemical X","Emotion Chip","Eternal Feather","Frozen Egg 2","Ginger","infinitespire:Joker Card","WarpedTongs","Calipers","OrangePellets","Tiny Chest","aspiration:MysteriousAuxiliaryCore","Gremlin Horn","Molten Egg 2","Pantograph","Sling","Art of War","sagemod:Blowpipe","aspiration:ChemicalBlood","Blood Vial","aspiration:FetidBarrel","Bronze Scales","Frozen Eye","WingedGreaves","theCatGirl:Ambush","infinitespire:FocusingShard","aspiration:Lifesprig","PreservedInsect","infinitespire:Satchel","Bag of Preparation","infinitespire:Lychee Nut","Singing Bowl","HornCleat","Pocketwatch","aspiration:HummingbirdHeart","aspiration:FrozenJewel","ClockworkSouvenir","Letter Opener","Runic Capacitor","Toy Ornithopter","Orichalcum","Incense Burner","wanderingMiniBosses:OtherGremlinHorn","aspiration:TomeofQuesting","Peace Pipe","infinitespire:Cupcake","The Courier","Question Card","CeramicFish","Ice Cream","Cables","Coffee Dripper","infinitespire:Freezer","infinitespire:Bottled Soul","Anchor","infinitespire:BottledMercury","infinitespire:Golems Mask","infinitespire:ShieldingShard","Kunai","theCatGirl:DriedFish","Bottled Lightning","aspiration:EnhancedActuators","infinitespire:EmpoweringShard","Oddly Smooth Stone"],"acts_visited":["Exordium","TheCity","TheBeyond","TheEnding"],"potions_floor_usage":[2,3,5,7,10,21,24,55,55,55],"damage_taken":[{"damage":0,"enemies":"Jaw Worm","floor":1,"turns":1},{"damage":0,"enemies":"Cultist","floor":3,"turns":2},{"damage":0,"enemies":"2 Louse","floor":4,"turns":1},{"damage":2,"enemies":"Large Slime","floor":5,"turns":5},{"damage":0,"enemies":"3 Sentries","floor":7,"turns":1},{"damage":0,"enemies":"Blue Slaver","floor":8,"turns":1},{"damage":0,"enemies":"Gremlin Nob","floor":10,"turns":2},{"damage":0,"enemies":"Looter","floor":14,"turns":1},{"damage":0,"enemies":"The Guardian","floor":16,"turns":2},{"damage":0,"enemies":"Chosen","floor":18,"turns":2},{"damage":0,"enemies":"3 Byrds","floor":19,"turns":2},{"damage":0,"enemies":"Sentry and Sphere","floor":21,"turns":2},{"damage":0,"enemies":"Gremlin Leader","floor":24,"turns":2},{"damage":0,"enemies":"Book of Stabbing","floor":27,"turns":2},{"damage":0,"enemies":"Snecko","floor":30,"turns":2},{"damage":0,"enemies":"Slavers","floor":31,"turns":1},{"damage":0,"enemies":"Champ","floor":33,"turns":3},{"damage":0,"enemies":"Orb Walker","floor":35,"turns":1},{"damage":0,"enemies":"3 Shapes","floor":37,"turns":2},{"damage":0,"enemies":"Giant Head","floor":41,"turns":2},{"damage":0,"enemies":"Reptomancer","floor":42,"turns":2},{"damage":0,"enemies":"Writhing Mass","floor":45,"turns":2},{"damage":0,"enemies":"Giant Head","floor":47,"turns":2},{"damage":0,"enemies":"Time Eater","floor":50,"turns":3},{"damage":0,"enemies":"Shield and Spear","floor":54,"turns":1},{"damage":7,"enemies":"The Heart","floor":55,"turns":4}],"seed_played":"-9021203208490734734","potions_obtained":[{"floor":2,"key":"BlessingOfTheForge"},{"floor":2,"key":"ColorlessPotion"},{"floor":2,"key":"CultistPotion"},{"floor":4,"key":"BlessingOfTheForge"},{"floor":5,"key":"SCP261:ClockworkPotion"},{"floor":8,"key":"Strength Potion"},{"floor":18,"key":"SCP261:PenguinPunchPotion"},{"floor":21,"key":"Weak Potion"},{"floor":27,"key":"Ancient Potion"},{"floor":31,"key":"EssenceOfSteel"},{"floor":37,"key":"EssenceOfSteel"},{"floor":42,"key":"SCP261:ThunderBarPotion"},{"floor":45,"key":"DistilledChaos"},{"floor":47,"key":"Block Potion"},{"floor":54,"key":"Ancient Potion"}],"is_trial":false,"path_per_floor":["M","?","M","M","M","R","E","M","T","E","$","R","?","M","R","B",null,"M","M","T","M","?","R","E","R","T","E","$","?","M","E","R","B",null,"M","T","M","?","$","R","E","E","T","T","M","R","E","?","R","B",null,"R","$","E","B",null],"character_chosen":"DEFECT","items_purchased":["Mummified Hand","MerchantsRug","TheAbacus","sagemod:Red_Beast_Statue","Chemical X","Loop","Conserve Battery","Self Repair","Eternal Feather","Frozen Egg 2","Ginger","aspiration:SeaSaltIceCream","Calipers","OrangePellets","Capacitor+1","Tiny Chest","Doom and Gloom","Sweeping Beam","Gremlin Horn","Molten Egg 2","Pantograph","Sling","Art of War","Gash+1","aspiration:ChemicalBlood","Blood Vial","aspiration:FetidBarrel","Bronze Scales","Frozen Eye","Ball Lightning+1","Conserve Battery","theCatGirl:Ambush","infinitespire:FocusingShard","aspiration:Lifesprig","Coolheaded","Whetstone","PreservedInsect","infinitespire:Satchel","Bag of Preparation","FTL+1","Singing Bowl","Strawberry","HornCleat","Storm+1","Lockon+1","aspiration:HummingbirdHeart","Tempest","aspiration:FrozenJewel","ClockworkSouvenir","Letter Opener","SCP261:AppleJuicePotion","Runic Capacitor","Toy Ornithopter","Orichalcum","Incense Burner","Coolheaded","Orrery","Peace Pipe","CeramicFish","Ice Cream","Cables","Anchor","Bottled Lightning","aspiration:EnhancedActuators"],"campfire_rested":0,"item_purchase_floors":[0,0,0,0,0,0,0,0,0,0,0,0,0,0,0,0,0,0,0,0,0,0,0,0,0,0,0,0,0,0,0,0,0,0,0,0,0,0,0,0,0,0,0,0,0,0,0,0,0,0,0,0,0,0,0,0,11,11,28,32,32,39,46,46],"current_hp_per_floor":[75,59,81,85,87,87,89,91,91,93,101,101,101,103,103,103,103,105,105,105,107,107,107,109,109,109,111,111,108,113,113,113,113,113,115,115,117,117,117,117,117,119,119,119,121,121,123,99,111,123,123,123,123,125,118],"gold":70,"neow_bonus":"","is_daily":false,"chose_seed":false,"campfire_upgraded":5,"win_rate":0.0,"timestamp":1609473883,"path_taken":["M","?","M","M","M","R","E","?","T","E","$","R","?","M","R","BOSS","M","M","?","M","?","R","E","R","T","E","$","?","?","E","R","BOSS","M","?","?","?","?","R","E","E","T","?","?","R","E","?","R","BOSS","R","$","E","BOSS"],"items_purchased_type":["Relic","Relic","Relic","Relic","Relic","Card","Card","Card","Relic","Relic","Relic","Relic","Relic","Relic","Card","Relic","Card","Card","Relic","Relic","Relic","Relic","Relic","Card","Relic","Relic","Relic","Relic","Relic","Card","Card","Relic","Relic","Relic","Card","Relic","Relic","Relic","Relic","Card","Relic","Relic","Relic","Card","Card","Relic","Card","Relic","Relic","Relic","Potion","Relic","Relic","Relic","Relic","Card","Relic","Relic","Relic","Relic","Relic","Relic","Relic","Relic"],"build_version":"2020-12-22","purchased_purges":8,"victory":true,"max_hp_per_floor":[75,83,85,85,87,87,89,91,91,93,101,101,101,103,103,103,103,105,105,105,107,107,107,109,109,109,111,111,111,113,113,113,113,113,115,115,117,117,117,117,117,119,119,119,121,121,123,123,123,123,123,123,123,125,125],"card_choices":[{"not_picked":["Gash+1","Cold Snap+1","Lockon+1"],"picked":"Singing Bowl","floor":1},{"not_picked":["Steam Power","Steam","Static Discharge+1"],"picked":"Singing Bowl","floor":3},{"not_picked":["Chill","Chaos"],"picked":"Consume","floor":4},{"not_picked":["Stack","Glacier","Go for the Eyes+1"],"picked":"Singing Bowl","floor":5},{"not_picked":["Redo","Machine Learning+1","Reinforced Body"],"picked":"Singing Bowl","floor":7},{"not_picked":["Leap","Coolheaded","Sweeping Beam+1"],"picked":"Singing Bowl","floor":8},{"not_picked":["Beam Cell+1","Turbo","Heatsinks+1"],"picked":"Singing Bowl","floor":10},{"not_picked":["Barrage+1","FTL+1","Capacitor+1"],"picked":"Singing Bowl","floor":11},{"not_picked":["aspiration:Polymerization","Cold Snap+1","Auto Shields"],"picked":"Singing Bowl","floor":11},{"not_picked":["Go for the Eyes+1","Redo","Reinforced Body"],"picked":"Singing Bowl","floor":11},{"not_picked":["Lockon+1","Capacitor+1"],"picked":"Defragment+1","floor":11},{"not_picked":["Seek","Auto Shields","Chaos"],"picked":"Singing Bowl","floor":11},{"not_picked":["Auto Shields","Steam","Darkness"],"picked":"Singing Bowl","floor":14},{"not_picked":["Thunder Strike+1","Biased Cognition+1"],"picked":"Creative AI+1","floor":16},{"not_picked":["Genetic Algorithm","Stack","Conserve Battery"],"picked":"Singing Bowl","floor":18},{"not_picked":["Stack","Recycle+1"],"picked":"Consume","floor":19},{"not_picked":["Consume","Cold Snap+1","Tempest+1"],"picked":"Singing Bowl","floor":21},{"not_picked":["Heatsinks+1","Lockon+1","Conserve Battery"],"picked":"Singing Bowl","floor":24},{"not_picked":["Sweeping Beam+1","Ball Lightning+1","Conserve Battery"],"picked":"Singing Bowl","floor":27},{"not_picked":["Capacitor+1","Storm+1","Multi-Cast","Cold Snap+1"],"picked":"Singing Bowl","floor":30},{"not_picked":["Reprogram","Streamline+1","Cold Snap+1"],"picked":"Chill+1","floor":31},{"not_picked":["Thunder Strike+1","All For One+1","Reboot"],"picked":"Electrodynamics+1","floor":33},{"not_picked":["Consume","Compile Driver+1","Leap","Gash+1"],"picked":"Singing Bowl","floor":35},{"not_picked":["Turbo","Go for the Eyes+1","Chill","Stack"],"picked":"Singing Bowl","floor":37},{"not_picked":["Ball Lightning+1","Capacitor+1","Compile Driver+1"],"picked":"Meteor Strike+1","floor":41},{"not_picked":["Reboot","Leap","Compile Driver+1","Melter+1"],"picked":"Singing Bowl","floor":42},{"not_picked":["Barrage+1","Rebound+1","Skim","Beam Cell+1"],"picked":"Singing Bowl","floor":45},{"not_picked":["Sweeping Beam+1","Storm+1","Buffer+1","Beam Cell+1"],"picked":"Singing Bowl","floor":47},{"not_picked":["aspiration:Polymerization+1","Leap+1","Sweeping Beam+1","Cold Snap+1"],"picked":"Singing Bowl","floor":54}],"player_experience":968368,"relics_obtained":[{"floor":5,"key":"wanderingMiniBosses:OtherGremlinHorn"},{"floor":7,"key":"War Paint"},{"floor":10,"key":"aspiration:TomeofQuesting"},{"floor":20,"key":"The Courier"},{"floor":24,"key":"aspiration:HiddenCompartment"},{"floor":26,"key":"StoneCalendar"},{"floor":27,"key":"Question Card"},{"floor":31,"key":"Matryoshka"},{"floor":36,"key":"infinitespire:Freezer"},{"floor":36,"key":"infinitespire:Bottled Soul"},{"floor":41,"key":"infinitespire:BottledMercury"},{"floor":42,"key":"infinitespire:Golems Mask"},{"floor":43,"key":"infinitespire:ShieldingShard"},{"floor":43,"key":"Kunai"},{"floor":44,"key":"theCatGirl:DriedFish"},{"floor":47,"key":"infinitespire:EmpoweringShard"},{"floor":54,"key":"Oddly Smooth Stone"}],"event_choices":[{"damage_healed":0,"gold_gain":0,"player_choice":"Got Potions","damage_taken":0,"max_hp_gain":0,"max_hp_loss":0,"event_name":"Lab","floor":2,"gold_loss":0},{"cards_removed":["Gash"],"damage_healed":0,"gold_gain":0,"player_choice":"Card Removal","damage_taken":0,"max_hp_gain":0,"max_hp_loss":0,"event_name":"The Cleric","floor":13,"gold_loss":50},{"damage_healed":0,"gold_gain":0,"player_choice":"Cursed","damage_taken":0,"max_hp_gain":0,"max_hp_loss":0,"event_name":"Wheel of Change","floor":22,"gold_loss":0,"cards_obtained":["Decay"]},{"damage_healed":0,"gold_gain":0,"player_choice":"Punched","damage_taken":3,"max_hp_gain":0,"max_hp_loss":0,"event_name":"Designer","floor":29,"gold_loss":0},{"cards_removed":["Coolheaded"],"damage_healed":0,"gold_gain":0,"player_choice":"Purged","damage_taken":0,"max_hp_gain":0,"max_hp_loss":0,"event_name":"Purifier","floor":38,"gold_loss":0},{"damage_healed":0,"gold_gain":3,"player_choice":"2","damage_taken":0,"max_hp_gain":0,"max_hp_loss":24,"event_name":"betterStone:BetterStone","floor":48,"gold_loss":0}],"is_beta":false,"boss_relics":[{"not_picked":["Velvet Choker","sagemod:Falmels_Amulet"],"picked":"infinitespire:Cupcake"},{"not_picked":["Snecko Eye","Runic Pyramid"],"picked":"Coffee Dripper"}],"items_purged_floors":[0,0,0,0,0,0,0,0],"is_endless":false,"potions_floor_spawned":[4,5,8,18,21,27,31,37,42,45,47,54],"ascension_level":1}}