{"host":"oj3taf1o1lnhszop","time":1609537413,"event":{"mods":["BaseMod","Better Match","Better Third Choice","Better Vampires","Conspire","Custom Start","DeckTracker","Downfall","Mimic Mod","Minty Spire (QoL Compilation)","Quick Restart","Rare Cards Sparkle","Replay The Spire","Spicy Shops","StSLib","Wandering Minibosses"],"gold_per_floor":[115,115,76,95,19,19,19,19,19,19,36,36,52,62,62,62,62],"floor_reached":16,"playtime":645,"items_purged":[],"score":90,"play_id":"1ee3179b-9c4d-4fba-ae84-a171eb0a8fa0","local_time":"20210102054333","is_ascension_mode":false,"campfire_choices":[{"data":"Panic Button","floor":6,"key":"SMITH"},{"data":"Leap","floor":10,"key":"SMITH"},{"data":"Dualcast","floor":15,"key":"SMITH"}],"circlet_count":0,"master_deck":["Strike_B","Strike_B","Strike_B","Strike_B","Defend_B","Defend_B","Defend_B","Defend_B","Zap","Dualcast+1","Static Discharge+1","Leap+1","Leap+1","Panic Button+1","Voices","Pain","Self Repair"],"relics":["Cracked Core","Guide Book","ReplayTheSpireMod:Ring of Collecting","ReplayTheSpireMod:Ring of Challenge","Thread and Needle","WarpedTongs"],"acts_visited":["Exordium"],"potions_floor_usage":[11],"damage_taken":[{"damage":0,"enemies":"Small Slimes","floor":1,"turns":2},{"damage":3,"enemies":"2 Louse","floor":4,"turns":3},{"damage":25,"enemies":"Cultist","floor":11,"turns":5},{"damage":3,"enemies":"Red Slaver","floor":13,"turns":3},{"damage":3,"enemies":"Looter","floor":14,"turns":4},{"damage":13,"enemies":"Hexaghost","floor":16,"turns":4}],"seed_played":"1832849035326803778","potions_obtained":[{"floor":1,"key":"Strength Potion"},{"floor":14,"key":"Energy Potion"}],"is_trial":false,"path_per_floor":["M","?","$","M","$","R","?","?","T","R","M","?","M","M","R","B"],"character_chosen":"DEFECT","items_purchased":["Leap","Guide Book"],"campfire_rested":0,"item_purchase_floors":[3,5],"current_hp_per_floor":[82,87,87,84,84,84,84,84,84,84,59,59,56,53,53,40,40],"gold":62,"neow_bonus":"TEN_PERCENT_HP_BONUS","is_daily":false,"chose_seed":false,"campfire_upgraded":3,"win_rate":0.0,"timestamp":1609537413,"path_taken":["M","?","$","M","$","R","?","?","T","R","M","?","M","M","R","BOSS"],"items_purchased_type":["Card","Relic"],"build_version":"2020-12-22","purchased_purges":0,"victory":false,"max_hp_per_floor":[82,87,87,87,87,87,87,87,87,87,87,87,87,87,87,87,87],"card_choices":[{"not_picked":["Reprogram","BasicCrystalCard"],"picked":"Static Discharge","floor":1},{"not_picked":["Reprogram","Doom and Gloom"],"picked":"Panic Button","floor":4},{"not_picked":["Compile Driver","Reprogram","Crystallizer"],"picked":"SKIP","floor":11},{"not_picked":["Barrage","BasicCrystalCard","Darkness"],"picked":"SKIP","floor":13},{"not_picked":["Coolheaded","Panic Button"],"picked":"Self Repair","floor":14}],"player_experience":83191,"relics_obtained":[{"floor":7,"key":"ReplayTheSpireMod:Ring of Collecting"},{"floor":9,"key":"ReplayTheSpireMod:Ring of Challenge"},{"floor":9,"key":"Thread and Needle"}],"event_choices":[{"damage_healed":0,"gold_gain":0,"player_choice":"Donut","damage_taken":0,"max_hp_gain":5,"max_hp_loss":0,"event_name":"Big Fish","floor":2,"gold_loss":0},{"damage_healed":0,"gold_gain":0,"player_choice":"Searched \u00271\u0027 times","damage_taken":0,"max_hp_gain":0,"max_hp_loss":0,"event_name":"Dead Adventurer","floor":8,"gold_loss":0},{"damage_healed":0,"gold_gain":0,"player_choice":"Rummage","damage_taken":0,"relics_obtained":["WarpedTongs"],"max_hp_gain":0,"max_hp_loss":0,"event_name":"Accursed Blacksmith","floor":12,"gold_loss":0,"cards_obtained":["Pain"]}],"is_beta":false,"boss_relics":[],"items_purged_floors":[],"is_endless":false,"potions_floor_spawned":[1,14],"killed_by":"Hexaghost","ascension_level":0}}