{"host":"8m3txu8mcyu46pv6","time":1609516130,"event":{"mods":["ATMod(°¢èªMod)","BaseMod","Minty Spire (QoL Compilation)","StSLib"],"gold_per_floor":[117,42,55,55,55,90,44,44,44,82,82,82,82,37,37,37,37],"floor_reached":16,"playtime":271,"items_purged":["Strike_R"],"score":194,"play_id":"b66e3e40-872c-48b5-b4ea-1bf202175c24","local_time":"20210101234850","is_ascension_mode":true,"campfire_choices":[{"data":"Body Slam","floor":8,"key":"SMITH"},{"data":"AT_KingSlayer","floor":11,"key":"SMITH"},{"data":"AT_BodySlamDance","floor":13,"key":"SMITH"},{"data":"Inflame","floor":15,"key":"SMITH"}],"circlet_count":0,"master_deck":["AscendersBane","Strike_R","Strike_R","Strike_R","Strike_R","Defend_R","Defend_R","Defend_R","Defend_R","Bash","AT_KingSlayer+1","Body Slam+1","AT_BodySlamDance+1","Inflame+1","Flex"],"relics":["Burning Blood","AT_ATBox","NeowsBlessing","Darkstone Periapt","Golden Idol","AT_Manta","Orichalcum","AT_BellDemon"],"acts_visited":["Exordium"],"potions_floor_usage":[10,16],"damage_taken":[{"damage":0,"enemies":"Cultist","floor":1,"turns":1},{"damage":0,"enemies":"2 Louse","floor":3,"turns":1},{"damage":0,"enemies":"Gremlin Nob","floor":6,"turns":1},{"damage":22,"enemies":"3 Sentries","floor":10,"turns":10},{"damage":62,"enemies":"Hexaghost","floor":16,"turns":3}],"seed_played":"-4723594435951963448","potions_obtained":[{"floor":1,"key":"ColorlessPotion"},{"floor":3,"key":"Swift Potion"}],"is_trial":false,"path_per_floor":["M","$","M","?","?","E","$","R","T","E","R","$","R","$","R","B"],"character_chosen":"IRONCLAD","items_purchased":["AT_BodySlamDance","Flex"],"campfire_rested":0,"item_purchase_floors":[7,14],"current_hp_per_floor":[78,78,80,73,73,74,74,74,74,58,58,58,58,58,58,0,0],"gold":37,"neow_bonus":"THREE_ENEMY_KILL","is_daily":false,"chose_seed":false,"campfire_upgraded":4,"win_rate":0.0,"timestamp":1609516130,"path_taken":["M","?","M","?","?","E","?","R","T","E","R","$","R","$","R","BOSS"],"items_purchased_type":["Card","Card"],"build_version":"2020-12-22","purchased_purges":1,"victory":false,"max_hp_per_floor":[80,80,80,80,74,74,74,74,74,74,74,74,74,74,74,74,74],"card_choices":[{"not_picked":["Reckless Charge","Clothesline","Thunderclap"],"picked":"SKIP","floor":1},{"not_picked":["Pummel","AT_DiedThrough"],"picked":"Body Slam","floor":3},{"not_picked":["Wild Strike","Flame Barrier","Cleave"],"picked":"SKIP","floor":6},{"not_picked":["Feel No Pain","AT_IchimonjiDouble"],"picked":"Inflame","floor":10}],"player_experience":47263,"relics_obtained":[{"floor":6,"key":"AT_Manta"},{"floor":9,"key":"Orichalcum"},{"floor":10,"key":"AT_BellDemon"}],"event_choices":[{"damage_healed":0,"gold_gain":0,"player_choice":"Success","damage_taken":7,"relics_obtained":["Darkstone Periapt"],"max_hp_gain":0,"max_hp_loss":0,"event_name":"Scrap Ooze","floor":4,"gold_loss":0},{"damage_healed":0,"gold_gain":0,"player_choice":"Lose Max HP","damage_taken":0,"relics_obtained":["Golden Idol"],"max_hp_gain":0,"max_hp_loss":6,"event_name":"Golden Idol","floor":5,"gold_loss":0}],"is_beta":false,"boss_relics":[],"items_purged_floors":[2],"is_endless":false,"potions_floor_spawned":[1,3],"killed_by":"Hexaghost","ascension_level":10}}