{"host":"08sn1703g14rasc1","time":1609484331,"event":{"mods":["AchievementEnabler","BaseMod","Colored Map","Colored Powertips","Hermit","Minty Spire (QoL Compilation)","StSLib"],"gold_per_floor":[117,134,14,14,14,14,44,44,67,67,67,67,83,121,121,233,233,252,261,285,245,267,267,309,309,336,336,336,346,346,389,389,498,498,498,498],"floor_reached":35,"playtime":943,"items_purged":[],"score":572,"play_id":"f4bea833-1ed0-4f3a-8fff-9b83a8db97da","local_time":"20201231225851","is_ascension_mode":true,"campfire_choices":[{"data":"hermit:FlashPowder","floor":6,"key":"SMITH"},{"data":"hermit:Showdown","floor":10,"key":"SMITH"},{"data":"hermit:Gestalt","floor":12,"key":"SMITH"},{"data":"hermit:BlackWind","floor":15,"key":"SMITH"},{"floor":23,"key":"REST"},{"floor":28,"key":"REST"},{"floor":30,"key":"REST"},{"floor":32,"key":"REST"}],"circlet_count":0,"master_deck":["hermit:Strike_Hermit","hermit:Strike_Hermit","hermit:Strike_Hermit","hermit:Defend_Hermit","hermit:Defend_Hermit","hermit:Defend_Hermit","hermit:Snapshot+1","hermit:Covet","hermit:Virtue","hermit:FlashPowder+1","Swift Strike","hermit:Gestalt+1","hermit:Headshot","hermit:Showdown+1","hermit:Ricochet+1","hermit:BodyArmor","hermit:BlackWind+1","hermit:Dissolve","hermit:PistolWhip+1","Writhe","hermit:EternalForm","hermit:Vantage+1","hermit:Misfire+1","hermit:Horror+1","hermit:Dissolve"],"relics":["hermit:Momento","NeowsBlessing","TungstenRod","Juzu Bracelet","Bag of Marbles","CeramicFish","SacredBark","Pantograph","hermit:RyeStalk","MutagenicStrength","Omamori","Singing Bowl","Shuriken","Philosopher\u0027s Stone"],"acts_visited":["Exordium","TheCity","TheBeyond"],"potions_floor_usage":[29,31,33],"damage_taken":[{"damage":0,"enemies":"2 Louse","floor":1,"turns":1},{"damage":0,"enemies":"Jaw Worm","floor":2,"turns":1},{"damage":0,"enemies":"Lagavulin","floor":7,"turns":1},{"damage":0,"enemies":"Cultist","floor":13,"turns":3},{"damage":5,"enemies":"Gremlin Nob","floor":14,"turns":4},{"damage":24,"enemies":"Slime Boss","floor":16,"turns":12},{"damage":14,"enemies":"Chosen","floor":18,"turns":4},{"damage":0,"enemies":"2 Thieves","floor":20,"turns":4},{"damage":13,"enemies":"Shelled Parasite and Fungi","floor":22,"turns":5},{"damage":42,"enemies":"Slavers","floor":24,"turns":9},{"damage":22,"enemies":"Centurion and Healer","floor":29,"turns":6},{"damage":47,"enemies":"Gremlin Leader","floor":31,"turns":7},{"damage":71,"enemies":"Automaton","floor":33,"turns":12},{"damage":63,"enemies":"3 Darklings","floor":35,"turns":2}],"seed_played":"-7552455741462568084","potions_obtained":[{"floor":13,"key":"FearPotion"},{"floor":16,"key":"FairyPotion"},{"floor":22,"key":"Energy Potion"},{"floor":29,"key":"ColorlessPotion"},{"floor":31,"key":"Swift Potion"}],"is_trial":false,"path_per_floor":["M","M","$","?","$","R","E","?","T","R","?","R","M","E","R","B",null,"M","?","M","?","M","R","E","?","T","?","R","M","R","E","R","B",null,"M"],"character_chosen":"HERMIT","items_purchased":["Swift Strike","hermit:Gestalt"],"campfire_rested":4,"item_purchase_floors":[3,3],"current_hp_per_floor":[68,68,68,68,68,68,68,68,68,68,66,66,66,61,61,37,66,52,52,52,52,39,61,19,19,19,19,41,21,44,46,69,6,59,0,0],"gold":498,"neow_bonus":"THREE_ENEMY_KILL","is_daily":false,"chose_seed":false,"campfire_upgraded":4,"win_rate":0.0,"timestamp":1609484331,"path_taken":["M","M","$","?","$","R","E","?","T","R","?","R","M","E","R","BOSS","M","?","M","?","M","R","E","?","T","?","R","M","R","E","R","BOSS","M"],"items_purchased_type":["Card","Card"],"build_version":"2020-12-22","purchased_purges":0,"victory":false,"max_hp_per_floor":[75,75,75,75,75,75,75,75,75,75,75,75,75,75,75,75,75,75,75,75,75,75,75,75,75,75,75,75,77,77,77,77,77,77,77,77],"card_choices":[{"not_picked":["hermit:Ricochet","hermit:Vantage"],"picked":"hermit:Virtue","floor":1},{"not_picked":["hermit:Manifest","hermit:NoHoldsBarred"],"picked":"hermit:FlashPowder","floor":2},{"not_picked":["hermit:NoHoldsBarred","hermit:Dive"],"picked":"hermit:Showdown","floor":7},{"not_picked":["hermit:WideOpen","hermit:Roulette"],"picked":"hermit:BodyArmor","floor":13},{"not_picked":["hermit:Midnight","hermit:BodyArmor"],"picked":"hermit:BlackWind","floor":14},{"not_picked":["hermit:DeadOrAlive","hermit:FinalCanter"],"picked":"hermit:Dissolve","floor":16},{"not_picked":["hermit:Shortfuse","hermit:HoleUp"],"picked":"hermit:PistolWhip+1","floor":18},{"not_picked":["hermit:Desperado","hermit:Headshot"],"picked":"hermit:EternalForm","floor":20},{"not_picked":["hermit:HoleUp+1","hermit:LowProfile"],"picked":"hermit:Vantage+1","floor":22},{"not_picked":["hermit:Dive","hermit:Snipe+1"],"picked":"hermit:Misfire+1","floor":24},{"not_picked":["hermit:Showdown","hermit:Shortfuse+1","hermit:Ricochet"],"picked":"Singing Bowl","floor":29},{"not_picked":["hermit:Manifest+1","hermit:Desperado"],"picked":"hermit:Horror+1","floor":31},{"not_picked":["hermit:RoundhouseKick","hermit:FinalCanter"],"picked":"hermit:Dissolve","floor":33}],"player_experience":460388,"relics_obtained":[{"floor":7,"key":"TungstenRod"},{"floor":9,"key":"Juzu Bracelet"},{"floor":14,"key":"CeramicFish"},{"floor":24,"key":"hermit:RyeStalk"},{"floor":26,"key":"Omamori"},{"floor":31,"key":"Shuriken"}],"event_choices":[{"damage_healed":0,"gold_gain":0,"cards_transformed":["hermit:Strike_Hermit"],"player_choice":"Change","damage_taken":0,"max_hp_gain":0,"max_hp_loss":0,"event_name":"Living Wall","floor":4,"gold_loss":0,"cards_obtained":["hermit:Headshot"]},{"damage_healed":0,"gold_gain":0,"cards_transformed":["hermit:Defend_Hermit"],"player_choice":"Transformed","damage_taken":0,"max_hp_gain":0,"max_hp_loss":0,"event_name":"Transmorgrifier","floor":8,"gold_loss":0,"cards_obtained":["hermit:Ricochet"]},{"damage_healed":0,"gold_gain":0,"player_choice":"Success","damage_taken":3,"relics_obtained":["Bag of Marbles"],"max_hp_gain":0,"max_hp_loss":0,"event_name":"Scrap Ooze","floor":11,"gold_loss":0},{"damage_healed":0,"gold_gain":0,"player_choice":"Opened","damage_taken":0,"relics_obtained":["Pantograph"],"max_hp_gain":0,"max_hp_loss":0,"event_name":"The Mausoleum","floor":19,"gold_loss":0,"cards_obtained":["Writhe"]},{"damage_healed":0,"gold_gain":0,"player_choice":"Upgraded Two","damage_taken":0,"max_hp_gain":0,"max_hp_loss":0,"event_name":"Designer","floor":21,"gold_loss":40,"cards_upgraded":["hermit:Snapshot","hermit:Ricochet"]},{"damage_healed":0,"gold_gain":0,"player_choice":"Inject Mutagens","damage_taken":0,"relics_obtained":["MutagenicStrength"],"max_hp_gain":0,"max_hp_loss":0,"event_name":"Drug Dealer","floor":25,"gold_loss":0},{"damage_healed":0,"gold_gain":0,"player_choice":"Stole Relic","damage_taken":0,"relics_obtained":["Singing Bowl"],"max_hp_gain":0,"max_hp_loss":0,"event_name":"Addict","floor":27,"gold_loss":0,"cards_obtained":["Shame"]}],"is_beta":false,"boss_relics":[{"not_picked":["Tiny House","hermit:ClaspedLocket"],"picked":"SacredBark"},{"not_picked":["Sozu","Runic Dome"],"picked":"Philosopher\u0027s Stone"}],"items_purged_floors":[],"is_endless":false,"potions_floor_spawned":[13,16,22,29,31],"killed_by":"3 Darklings","ascension_level":7}}