{"host":"k6u7q08ihsmpx7o5","time":1609543096,"event":{"mods":["BaseMod","Bestiary","Minty Spire (QoL Compilation)","StSLib"],"gold_per_floor":[117,192,192,212,48,79,79,90,113,83,83,110,110,129,129,203,203,223,236,72,72,72,101,101,114,165,165,165,165],"floor_reached":28,"playtime":1011,"items_purged":["Searing Blow"],"score":588,"play_id":"39f134d5-0938-4f2f-97cf-3bec08e82ff6","local_time":"20210102001816","is_ascension_mode":true,"campfire_choices":[{"data":"Inflame","floor":7.0,"key":"SMITH"},{"data":"Disarm","floor":11.0,"key":"SMITH"},{"data":"Armaments","floor":13.0,"key":"SMITH"},{"data":"Limit Break","floor":15.0,"key":"SMITH"},{"floor":24,"key":"REST"},{"floor":27,"key":"REST"}],"circlet_count":0,"master_deck":["AscendersBane","Bash","Inflame+1","Limit Break+1","Disarm+1","Armaments+1","Immolate","Reaper","Iron Wave","Intimidate","Exhume","Reaper","Demon Form","Uppercut","Flame Barrier","Dark Shackles","Cleave","Shrug It Off","Feed"],"relics":["Burning Blood","NeowsBlessing","Chemical X","Pen Nib","War Paint","PreservedInsect","Pandora\u0027s Box","InkBottle","Smiling Mask"],"acts_visited":["Exordium","TheCity"],"potions_floor_usage":[23,23,28],"damage_taken":[{"damage":0.0,"enemies":"Small Slimes","floor":1.0,"turns":1.0},{"damage":0.0,"enemies":"Jaw Worm","floor":4.0,"turns":1.0},{"damage":0.0,"enemies":"3 Sentries","floor":6.0,"turns":2.0},{"damage":9.0,"enemies":"2 Louse","floor":8.0,"turns":4.0},{"damage":27.0,"enemies":"Gremlin Nob","floor":12.0,"turns":4.0},{"damage":15.0,"enemies":"Lots of Slimes","floor":14.0,"turns":3.0},{"damage":33.0,"enemies":"The Guardian","floor":16.0,"turns":13.0},{"damage":26,"enemies":"Chosen","floor":18,"turns":6},{"damage":22,"enemies":"2 Thieves","floor":19,"turns":4},{"damage":83,"enemies":"Book of Stabbing","floor":23,"turns":8},{"damage":53,"enemies":"Sentry and Sphere","floor":25,"turns":6},{"damage":63,"enemies":"Gremlin Leader","floor":28,"turns":4}],"seed_played":"-9183159079833504077","potions_obtained":[{"floor":1.0,"key":"ElixirPotion"},{"floor":8.0,"key":"AttackPotion"},{"floor":10.0,"key":"CultistPotion"},{"floor":18,"key":"SkillPotion"},{"floor":25,"key":"Energy Potion"}],"is_trial":false,"path_per_floor":["M","?","?","M","$","E","R","M","T","?","R","E","R","M","R","B",null,"M","M","$","?","?","E","R","M","T","R","E"],"character_chosen":"IRONCLAD","items_purchased":["Chemical X","Dark Shackles"],"campfire_rested":2,"item_purchase_floors":[5,20],"current_hp_per_floor":[74,63,63,69,69,75,75,72,72,72,72,51,51,42,42,15,60,75,75,75,75,75,16,38,23,23,45,0,0],"gold":165,"neow_bonus":"THREE_ENEMY_KILL","is_daily":false,"chose_seed":false,"campfire_upgraded":4,"win_rate":0.0,"timestamp":1609543096,"path_taken":["M","?","?","M","$","E","R","M","T","?","R","E","R","?","R","BOSS","M","M","$","?","?","E","R","?","T","R","E"],"items_purchased_type":["Relic","Card"],"build_version":"2020-12-22","purchased_purges":1,"victory":false,"max_hp_per_floor":[75,75,75,75,75,75,75,75,75,75,75,75,75,75,75,75,75,75,75,75,75,75,75,75,75,75,75,75,75],"card_choices":[{"not_picked":["Clash","Shockwave"],"picked":"Inflame","floor":1.0},{"not_picked":["Hemokinesis","Sword Boomerang"],"picked":"Disarm","floor":4.0},{"not_picked":["Havoc","Twin Strike"],"picked":"Armaments","floor":6.0},{"not_picked":["Shrug It Off","Warcry"],"picked":"Immolate","floor":8.0},{"not_picked":["Cleave","Armaments","Anger"],"picked":"SKIP","floor":12.0},{"not_picked":["Wild Strike","Headbutt","Cleave"],"picked":"SKIP","floor":14.0},{"not_picked":["Brutality","Demon Form"],"picked":"Reaper","floor":16.0},{"not_picked":["Combust","Twin Strike"],"picked":"Flame Barrier","floor":18},{"not_picked":["Clash","Wild Strike","Body Slam"],"picked":"SKIP","floor":19},{"not_picked":["Heavy Blade","Carnage"],"picked":"Shrug It Off","floor":23},{"not_picked":["Rage+1","Warcry"],"picked":"Feed","floor":25}],"player_experience":1905579,"relics_obtained":[{"floor":6.0,"key":"Pen Nib"},{"floor":9.0,"key":"War Paint"},{"floor":12.0,"key":"PreservedInsect"},{"floor":23,"key":"InkBottle"},{"floor":26,"key":"Smiling Mask"}],"event_choices":[{"damage_healed":0.0,"max_hp_gain":0.0,"max_hp_loss":0.0,"gold_gain":75.0,"event_name":"World of Goop","player_choice":"Gather Gold","floor":2.0,"gold_loss":0.0,"damage_taken":11.0},{"damage_healed":0.0,"max_hp_gain":0.0,"max_hp_loss":0.0,"gold_gain":0.0,"cards_transformed":["Strike_R"],"event_name":"Living Wall","player_choice":"Change","floor":3.0,"gold_loss":0.0,"damage_taken":0.0,"cards_obtained":["Limit Break"]},{"damage_healed":0.0,"max_hp_gain":0.0,"max_hp_loss":0.0,"gold_gain":0.0,"event_name":"The Woman in Blue","player_choice":"Bought 2 Potions","floor":10.0,"gold_loss":0.0,"damage_taken":0.0},{"damage_healed":0,"gold_gain":0,"cards_transformed":["Reckless Charge"],"player_choice":"Transformed","damage_taken":0,"max_hp_gain":0,"max_hp_loss":0,"event_name":"Transmorgrifier","floor":22,"gold_loss":0,"cards_obtained":["Cleave"]}],"is_beta":false,"boss_relics":[{"not_picked":["Ectoplasm","SlaversCollar"],"picked":"Pandora\u0027s Box"}],"items_purged_floors":[20],"is_endless":false,"potions_floor_spawned":[1,8,18,25],"killed_by":"Gremlin Leader","ascension_level":20}}