{"host":"yassvrowvc2yfwp2","time":1609505107,"event":{"mods":["2.2 Compatiblity","Act Like it!","BaseMod","Better Note","Downfall","HololiveMod","Jorbs\u0027s Wanderer Trilogy","Minty Spire (QoL Compilation)","Prisma Mod","Rare Cards Sparkle","Reimu£®≤©¿ˆ¡È√Œ£©","Replay The Spire","Spicy Shops","StSLib","The Bug Knight","The Cursed","The Servant 0.9.4"],"gold_per_floor":[111,111,136,136,159,177,213,237,237,252,285,285,329,345,345,466,466,450,463,479,119,139,170,170,170,170,51,69,90,90,125,125,255,255,273,548,569,637,655,655,698,698,698,739,754,754,754,164,164,164],"floor_reached":51,"playtime":4241,"items_purged":[],"score":1019,"play_id":"75cb88b0-d0db-43d4-889f-6404455793b1","local_time":"20210101204507","is_ascension_mode":false,"campfire_choices":[{"floor":12,"key":"REST"},{"data":"PrismaMod:MiyuUncommonPlate","floor":15,"key":"SMITH"},{"floor":24,"key":"REST"},{"data":"Replay:SS_hec_2","floor":30,"key":"SMITH"},{"data":"PrismaMod:MiyuCheapDefend2","floor":32,"key":"SMITH"},{"data":"PrismaMod:MiyuDefendChannelDefend","floor":40,"key":"SMITH"},{"data":"PrismaMod:MiyuChannelAttackEvoke","floor":42,"key":"SMITH"},{"data":"PrismaMod:MiyuCheapEvoke","floor":47,"key":"SMITH"},{"floor":49,"key":"DIG"}],"circlet_count":0,"master_deck":["PrismaMod:MiyuCommonDefend","PrismaMod:MiyuCommonDefend","PrismaMod:MiyuCommonDefend","PrismaMod:MiyuCommonDefend","PrismaMod:MiyuCommonAttack","PrismaMod:MiyuCommonAttack","PrismaMod:MiyuCommonAttack","PrismaMod:MiyuCommonAttack","PrismaMod:MiyuCheapChannelAttack","PrismaMod:MiyuCheapChannelDefend","PrismaMod:MiyuDefenseRemoval","PrismaMod:MiyuCarnivalDefend","PrismaMod:MiyuCheapChannelDefend","PrismaMod:MiyuCheapEvoke+1","PrismaMod:MiyuCheapDexBuff","PrismaMod:MiyuAttackChannelAttack+1","PrismaMod:MiyuCheapChannelVul","PrismaMod:MiyuCheapChannelWeak","PrismaMod:MiyuCheapDefend2+1","PrismaMod:MiyuAttackChannelAttack+1","PrismaMod:MiyuUncommonPlate+1","PrismaMod:MiyuUncommonPlate","PrismaMod:MiyuEvokeAllDefend","PrismaMod:MiyuUncommonAOEAttack","PrismaMod:MiyuCheapChannelWeak+1","PrismaMod:MiyuDevil","PrismaMod:MiyuUncommonDexBuff","PrismaMod:MiyuCheapDefend1","Replay:SS_hec_2+1","PrismaMod:MiyuUncommonStrBuff","PrismaMod:MiyuCheapChannelDefend","PrismaMod:MiyuUncommonDexBuff","PrismaMod:MiyuDefendChannelDefend+1","PrismaMod:MiyuUncommonAttack+1","PrismaMod:MiyuChannelAttackEvoke+1","PrismaMod:MiyuAttackChannelVul","PrismaMod:MiyuCheapDexBuff","PrismaMod:MiyuCarnivalDefend","PrismaMod:MiyuCheapAttack2+1","Regret","PrismaMod:MiyuCheapChannelDefend+1","PrismaMod:MiyuCheapDefend1+1","PrismaMod:MiyuCheapDexBuff+1","PrismaMod:MiyuEvokeAllDefend","PrismaMod:MiyuCheapPlate+1","PrismaMod:MiyuUncommonAOEAttack+1","PrismaMod:MiyuCheapPlate+1","PrismaMod:MiyuUberAOEAttack+1","PrismaMod:MiyuUncommonDexBuff","PrismaMod:MiyuChannelAttackEvoke","Midas Touch","ReplayUltimateDefense","expansioncontent:PolyBeam"],"relics":["PrismaMod:PrismaSapphire","Golden Idol","Smiling Mask","Prayer Wheel","Ginger","Pocketwatch","ChewingGum","Kunai","Replay:Bottled Eggs","Pear","Meat on the Bone","ReplayFunnel","Ring of Chaos","Incense Burner","Boot","Bottled Lightning","Darkstone Periapt","ReplayTheSpireMod:ShopPack","ClockworkSouvenir","Vajra","Strawberry"],"acts_visited":["Exordium","TheCity","TheBeyond"],"potions_floor_usage":[16,50,50],"damage_taken":[{"damage":6,"enemies":"Small Slimes","floor":1,"turns":5},{"damage":0,"enemies":"Jaw Worm","floor":3,"turns":5},{"damage":0,"enemies":"Cultist","floor":5,"turns":4},{"damage":0,"enemies":"Blue Slaver","floor":6,"turns":6},{"damage":27,"enemies":"Lagavulin","floor":7,"turns":12},{"damage":1,"enemies":"Red Slaver","floor":8,"turns":6},{"damage":5,"enemies":"Gremlin Gang","floor":10,"turns":7},{"damage":0,"enemies":"Replay:BlueRogue","floor":11,"turns":5},{"damage":7,"enemies":"HollowMod:MossKnight","floor":13,"turns":13},{"damage":0,"enemies":"Large Slime","floor":14,"turns":6},{"damage":14,"enemies":"Hexaghost","floor":16,"turns":13},{"damage":10,"enemies":"2 Thieves","floor":18,"turns":4},{"damage":21,"enemies":"Snake Plant","floor":19,"turns":6},{"damage":2,"enemies":"Centurion and Healer","floor":20,"turns":13},{"damage":0,"enemies":"Snecko","floor":22,"turns":9},{"damage":0,"enemies":"HollowMod:Nosk","floor":23,"turns":12},{"damage":0,"enemies":"3 Cultists","floor":28,"turns":6},{"damage":11,"enemies":"Shelled Parasite and Fungi","floor":29,"turns":6},{"damage":3,"enemies":"Gremlin Leader","floor":31,"turns":8},{"damage":0,"enemies":"Collector","floor":33,"turns":14},{"damage":0,"enemies":"3 Darklings","floor":35,"turns":8},{"damage":3,"enemies":"Orb Walker","floor":37,"turns":5},{"damage":0,"enemies":"2 Orb Walkers","floor":38,"turns":9},{"damage":18,"enemies":"Spire Growth","floor":39,"turns":8},{"damage":3,"enemies":"HollowMod:StalkingDevout","floor":41,"turns":16},{"damage":0,"enemies":"Giant Head","floor":44,"turns":13},{"damage":0,"enemies":"Transient","floor":45,"turns":5},{"damage":0,"enemies":"Awakened One","floor":50,"turns":17}],"seed_played":"-27908454325439102","potions_obtained":[{"floor":5,"key":"champ:CounterPotion"},{"floor":7,"key":"Block Potion"},{"floor":11,"key":"SpeedPotion"},{"floor":16,"key":"Cursed Concoction"},{"floor":18,"key":"CultistPotion"}],"is_trial":false,"path_per_floor":["M","?","M","?","M","M","E","M","T","M","E","R","E","M","R","B",null,"M","M","M","$","M","E","R","?","T","$","M","M","R","E","R","B",null,"M","?","M","?","M","R","E","R","T","E","M","?","R","$","R","B",null],"character_chosen":"MIYU","items_purchased":["Kunai","PrismaMod:MiyuCheapDefend1","Replay:SS_hec_2","Meat on the Bone","ReplayTheSpireMod:ShopPack","ClockworkSouvenir","Vajra","PrismaMod:MiyuUncommonDexBuff","PrismaMod:MiyuChannelAttackEvoke"],"campfire_rested":2,"item_purchase_floors":[21,21,21,27,48,48,48,48,48],"current_hp_per_floor":[76,56,56,56,56,56,29,28,28,23,23,47,40,40,40,26,82,72,51,49,49,49,49,73,73,83,83,83,72,72,69,69,69,92,92,92,89,89,71,71,68,68,68,68,68,68,68,68,75,75],"gold":164,"neow_bonus":"TEN_PERCENT_HP_BONUS","is_daily":false,"chose_seed":false,"campfire_upgraded":6,"win_rate":0.0,"timestamp":1609505107,"path_taken":["M","?","M","?","M","M","E","M","T","M","E","R","E","M","R","BOSS","M","?","M","$","?","E","R","?","T","?","M","?","R","E","R","BOSS","M","?","?","?","M","R","E","R","T","E","M","?","R","$","R","BOSS"],"items_purchased_type":["Relic","Card","Card","Relic","Relic","Relic","Relic","Card","Card"],"build_version":"2020-12-22","purchased_purges":0,"victory":true,"max_hp_per_floor":[82,82,82,82,82,82,82,82,82,82,82,82,82,82,82,82,82,82,82,82,82,82,82,82,82,92,92,92,92,92,92,92,92,92,92,92,92,92,92,92,92,92,92,92,92,92,92,92,99,99],"card_choices":[{"not_picked":["PrismaMod:MiyuCheapAttack2","PrismaMod:MiyuUberAOEAttack"],"picked":"PrismaMod:MiyuDefenseRemoval","floor":1},{"not_picked":["PrismaMod:MiyuAttackChannelWeak","PrismaMod:MiyuUberAttack"],"picked":"PrismaMod:MiyuCarnivalDefend","floor":3},{"not_picked":["PrismaMod:MiyuCheapChannelRandom","PrismaMod:MiyuCheapChannelHeal"],"picked":"PrismaMod:MiyuCheapChannelDefend","floor":5},{"not_picked":["PrismaMod:MiyuUberAttack","PrismaMod:MiyuCommonAOEAttack"],"picked":"PrismaMod:MiyuCheapEvoke","floor":6},{"not_picked":["PrismaMod:MiyuCheapChannelAttack","PrismaMod:MiyuUncommonDefend"],"picked":"PrismaMod:MiyuCheapDexBuff","floor":7},{"not_picked":["PrismaMod:MiyuUncommonDexBuff","PrismaMod:MiyuEvokeCheapDefend"],"picked":"PrismaMod:MiyuAttackChannelAttack","floor":8},{"not_picked":["PrismaMod:MiyuDefenseExplosion","PrismaMod:MiyuCheapAttack2"],"picked":"PrismaMod:MiyuCheapChannelVul","floor":10},{"not_picked":["PrismaMod:MiyuEvokeAll","PrismaMod:MiyuDefenseExplosion"],"picked":"PrismaMod:MiyuCheapChannelWeak","floor":10},{"not_picked":["PrismaMod:MiyuMaid","PrismaMod:MiyuCheapAttack1"],"picked":"PrismaMod:MiyuCheapDefend2","floor":11},{"not_picked":["PrismaMod:MiyuEvokeAll","PrismaMod:MiyuCheapChannelVul"],"picked":"PrismaMod:MiyuAttackChannelAttack","floor":13},{"not_picked":["PrismaMod:MiyuAttackChannelVul","PrismaMod:MiyuCheapAttack2"],"picked":"PrismaMod:MiyuUncommonPlate","floor":14},{"not_picked":["PrismaMod:MiyuUberAOEAttack","PrismaMod:MiyuEvokeBuffDex"],"picked":"PrismaMod:MiyuUncommonPlate","floor":14},{"not_picked":["PrismaMod:MiyuEvokeAllAttack","PrismaMod:MiyuDefendChannelDefend"],"picked":"PrismaMod:MiyuEvokeAllDefend","floor":16},{"not_picked":["PrismaMod:MiyuEvokeCheapAttack","PrismaMod:MiyuUncommonDefend"],"picked":"PrismaMod:MiyuUncommonAOEAttack","floor":18},{"not_picked":["PrismaMod:MiyuEvokeAll","PrismaMod:MiyuUncommonAOEAttack","PrismaMod:MiyuCheapChannelVul"],"picked":"SKIP","floor":18},{"not_picked":["PrismaMod:MiyuChristmas+1","PrismaMod:MiyuCheapEvoke"],"picked":"PrismaMod:MiyuCheapChannelWeak+1","floor":19},{"not_picked":["PrismaMod:MiyuEvokeBuffDex+1","PrismaMod:MiyuDefenseExplosion","PrismaMod:MiyuCheapAttack2"],"picked":"SKIP","floor":19},{"not_picked":["PrismaMod:MiyuCheapAttack1+1","PrismaMod:MiyuCheapAttack2+1"],"picked":"PrismaMod:MiyuDevil","floor":20},{"not_picked":["PrismaMod:MiyuCheapAttack1+1","PrismaMod:MiyuDevil"],"picked":"PrismaMod:MiyuUncommonDexBuff","floor":20},{"not_picked":["PrismaMod:MiyuEvokeCheapDefend","PrismaMod:MiyuEvokeBuffDex+1"],"picked":"PrismaMod:MiyuUncommonStrBuff","floor":22},{"not_picked":["PrismaMod:MiyuEvokeCheapAttack","PrismaMod:MiyuCheapChannelHeal"],"picked":"PrismaMod:MiyuCheapChannelDefend","floor":22},{"not_picked":["PrismaMod:MiyuUberAOEAttack","PrismaMod:MiyuDefenseExplosion"],"picked":"PrismaMod:MiyuUncommonDexBuff","floor":23},{"not_picked":["PrismaMod:MiyuDefenseRemoval","PrismaMod:MiyuCheapEvoke"],"picked":"PrismaMod:MiyuDefendChannelDefend","floor":28},{"not_picked":["PrismaMod:MiyuCheapChannelWeak","PrismaMod:MiyuCheapAttack2"],"picked":"PrismaMod:MiyuUncommonAttack+1","floor":28},{"not_picked":["PrismaMod:MiyuCheapPlate","PrismaMod:MiyuEvokeCheapAttack"],"picked":"PrismaMod:MiyuChannelAttackEvoke","floor":29},{"not_picked":["PrismaMod:MiyuCheapChannelWeak+1","PrismaMod:MiyuUncommonAttack"],"picked":"PrismaMod:MiyuAttackChannelVul","floor":29},{"not_picked":["PrismaMod:MiyuDefenseExplosion+1","PrismaMod:MiyuDevil"],"picked":"PrismaMod:MiyuCheapDexBuff","floor":31},{"not_picked":["PrismaMod:MiyuChannelDefendEvoke","PrismaMod:MiyuEvokeAllDefend"],"picked":"PrismaMod:MiyuCarnivalDefend","floor":33},{"not_picked":["PrismaMod:MiyuCheapEvoke+1","PrismaMod:MiyuAttackChannelAttack"],"picked":"PrismaMod:MiyuCheapAttack2+1","floor":35},{"not_picked":["PrismaMod:MiyuMaid","PrismaMod:MiyuCommonAOEAttack+1","PrismaMod:MiyuCheapAttack1+1"],"picked":"SKIP","floor":35},{"not_picked":["PrismaMod:MiyuCheapChannelVul","PrismaMod:MiyuCheapChannelHeal+1"],"picked":"PrismaMod:MiyuCheapChannelDefend+1","floor":37},{"not_picked":["PrismaMod:MiyuAttackChannelAttack","PrismaMod:MiyuUncommonAttack+1"],"picked":"PrismaMod:MiyuCheapDefend1+1","floor":37},{"not_picked":["PrismaMod:MiyuCheapChannelRandom+1","PrismaMod:MiyuCheapChannelVul+1"],"picked":"PrismaMod:MiyuCheapDexBuff+1","floor":38},{"not_picked":["PrismaMod:MiyuDefenseExplosion","PrismaMod:MiyuUberAOEAttack"],"picked":"PrismaMod:MiyuEvokeAllDefend","floor":39},{"not_picked":["PrismaMod:MiyuUberAttack+1","PrismaMod:MiyuCheapAttack2+1","PrismaMod:MiyuDevil"],"picked":"SKIP","floor":39},{"not_picked":["PrismaMod:MiyuMaid","PrismaMod:MiyuCarnivalAttack+1"],"picked":"PrismaMod:MiyuCheapPlate+1","floor":41},{"not_picked":["PrismaMod:MiyuCommonAOEAttack","PrismaMod:MiyuAttackChannelAttack"],"picked":"PrismaMod:MiyuUncommonAOEAttack+1","floor":44},{"not_picked":["PrismaMod:MiyuOrbIncreasePerm","PrismaMod:MiyuAttackChannelWeak+1"],"picked":"PrismaMod:MiyuCheapPlate+1","floor":45},{"not_picked":["PrismaMod:MiyuEvokeCheapDefend","PrismaMod:MiyuUberAttack"],"picked":"PrismaMod:MiyuUberAOEAttack+1","floor":45},{"not_picked":["ReplayTheSpireMod:Necrogeddon","Crow Ritual"],"picked":"Midas Touch","floor":48},{"not_picked":["Survey Options","Replay:Sssssssssshield"],"picked":"ReplayUltimateDefense","floor":48},{"not_picked":["expansioncontent:SlimeTackle","ReplayTheSpireMod:Private Reserves"],"picked":"expansioncontent:PolyBeam","floor":48}],"player_experience":1977894,"relics_obtained":[{"floor":7,"key":"Smiling Mask"},{"floor":9,"key":"Prayer Wheel"},{"floor":11,"key":"Ginger"},{"floor":13,"key":"Pocketwatch"},{"floor":23,"key":"Replay:Bottled Eggs"},{"floor":26,"key":"Pear"},{"floor":31,"key":"ReplayFunnel"},{"floor":38,"key":"Incense Burner"},{"floor":41,"key":"Boot"},{"floor":43,"key":"Bottled Lightning"},{"floor":44,"key":"Darkstone Periapt"},{"floor":49,"key":"Strawberry"}],"event_choices":[{"damage_healed":0,"gold_gain":0,"player_choice":"Take Damage","damage_taken":20,"relics_obtained":["Golden Idol"],"max_hp_gain":0,"max_hp_loss":0,"event_name":"Golden Idol","floor":2,"gold_loss":0},{"cards_removed":["PrismaMod:MiyuCommonDefend"],"damage_healed":0,"gold_gain":0,"player_choice":"Card Removal","damage_taken":0,"max_hp_gain":0,"max_hp_loss":0,"event_name":"Wheel of Change","floor":4,"gold_loss":0},{"damage_healed":0,"gold_gain":0,"player_choice":"Ignored","damage_taken":0,"max_hp_gain":0,"max_hp_loss":0,"event_name":"betterNote:BetterNote","floor":25,"gold_loss":0,"cards_obtained":["Strike_G"]},{"damage_healed":0,"gold_gain":275,"player_choice":"Desecrate","damage_taken":0,"max_hp_gain":0,"max_hp_loss":0,"event_name":"Golden Shrine","floor":36,"gold_loss":0,"cards_obtained":["Regret"]},{"damage_healed":0,"gold_gain":0,"player_choice":"Fight","damage_taken":0,"max_hp_gain":0,"max_hp_loss":0,"event_name":"Mysterious Sphere","floor":38,"gold_loss":0},{"cards_removed":["PrismaMod:MiyuCommonAttack"],"damage_healed":0,"gold_gain":0,"player_choice":"Removed Attack","damage_taken":0,"max_hp_gain":0,"max_hp_loss":0,"event_name":"Falling","floor":46,"gold_loss":0}],"is_beta":false,"boss_relics":[{"not_picked":["Calling Bell","Hololive_Finger"],"picked":"ChewingGum"},{"not_picked":["RedLine:ReiMu","Replay:Drink Me"],"picked":"Ring of Chaos"}],"items_purged_floors":[],"is_endless":false,"potions_floor_spawned":[5,7,11,13,14,16,18,19,20,31,35,37,39,44],"ascension_level":0}}