{"host":"sum4dy402bbv9y4o","time":1609460470,"event":{"mods":["Aspiration","BaseMod","Conspire","Highlight Path","Minty Spire (QoL Compilation)","StSLib"],"gold_per_floor":[116,7,7,27,27,27,56,56,136,149,166,213,239,251,251,330,330,342,342,2,2,2,2,20,20,20,47,47,78,88,88,88,165,165,183,201,201,201,16,16,47,47,126,126,1,1,1,20,20,20,20],"floor_reached":50,"playtime":1473,"items_purged":["Defend_P","Choke+1","Strike_P+1"],"score":1124,"play_id":"1dbe50a3-5b6d-44f5-96f5-91ee455351b2","local_time":"20210101032110","is_ascension_mode":true,"campfire_choices":[{"floor":6,"key":"REST"},{"data":"Eruption","floor":8,"key":"SMITH"},{"floor":15,"key":"REST"},{"floor":23,"key":"REST"},{"floor":25,"key":"REST"},{"data":"Wallop","floor":32,"key":"SMITH"},{"data":"Inflame","floor":40,"key":"SMITH"},{"data":"MentalFortress","floor":42,"key":"SMITH"},{"floor":44,"key":"REST"},{"data":"Vigilance","floor":46,"key":"SMITH"},{"data":"SandsOfTime","floor":47,"key":"SMITH"},{"floor":49,"key":"REST"}],"circlet_count":0,"master_deck":["AscendersBane","Strike_P+1","Defend_P","Defend_P+1","Eruption+1","Vigilance+1","Blasphemy+1","Wallop+1","MentalFortress+1","Crescendo","SandsOfTime+1","BowlingBash","FlurryOfBlows+1","ReachHeaven+1","FlurryOfBlows+1","SashWhip+1","Perseverance+1","Hemokinesis+1","Inflame+1","LessonLearned+1","Unload+1","Doppelganger","Body Slam+1","Halt+1"],"relics":["PureWater","Question Card","Molten Egg 2","Anchor","Bag of Marbles","aspiration:IroncladSkillbook","aspiration:Stabinomicon","aspiration:FrozenJewel","MutagenicStrength","conspire:TopHat","Nunchaku","PreservedInsect","GoldenEye","WingedGreaves","Pantograph","aspiration:HummingbirdHeart"],"acts_visited":["Exordium","TheCity","TheBeyond"],"potions_floor_usage":[4,13,13,16,18,33,36,41,50],"damage_taken":[{"damage":1,"enemies":"Cultist","floor":1,"turns":4},{"damage":7,"enemies":"Jaw Worm","floor":4,"turns":3},{"damage":17,"enemies":"3 Sentries","floor":7,"turns":6},{"damage":0,"enemies":"2 Louse","floor":10,"turns":2},{"damage":10,"enemies":"Blue Slaver","floor":11,"turns":4},{"damage":18,"enemies":"Gremlin Nob","floor":13,"turns":3},{"damage":0,"enemies":"Looter","floor":14,"turns":1},{"damage":12,"enemies":"Hexaghost","floor":16,"turns":4},{"damage":5,"enemies":"3 Byrds","floor":18,"turns":4},{"damage":14,"enemies":"Shell Parasite","floor":24,"turns":2},{"damage":0,"enemies":"Book of Stabbing","floor":27,"turns":2},{"damage":0,"enemies":"Slavers","floor":29,"turns":2},{"damage":0,"enemies":"Snake Plant","floor":30,"turns":2},{"damage":23,"enemies":"Collector","floor":33,"turns":4},{"damage":2,"enemies":"3 Shapes","floor":35,"turns":4},{"damage":9,"enemies":"3 Darklings","floor":36,"turns":4},{"damage":31,"enemies":"Giant Head","floor":41,"turns":5},{"damage":15,"enemies":"Maw","floor":48,"turns":5},{"damage":74,"enemies":"Awakened One","floor":50,"turns":12}],"seed_played":"3699544081711175776","potions_obtained":[{"floor":1,"key":"Explosive Potion"},{"floor":10,"key":"SteroidPotion"},{"floor":11,"key":"EntropicBrew"},{"floor":30,"key":"BlessingOfTheForge"},{"floor":33,"key":"EssenceOfSteel"},{"floor":48,"key":"Weak Potion"}],"is_trial":false,"path_per_floor":["M","$","$","M","?","R","E","R","T","M","M","T","E","M","R","B",null,"M","?","$","?","$","R","M","R","T","E","T","E","M","T","R","B",null,"M","M","?","?","$","R","E","R","T","R","$","R","R","M","R","B"],"character_chosen":"WATCHER","items_purchased":["MentalFortress","Crescendo","aspiration:FrozenJewel","StancePotion"],"campfire_rested":6,"item_purchase_floors":[2,2,20,39],"current_hp_per_floor":[60,60,60,53,33,53,36,36,36,36,26,26,8,8,28,16,55,54,33,33,33,33,53,43,63,63,67,67,68,68,68,68,49,63,65,60,60,60,60,60,33,33,33,53,53,53,53,42,62,0,0],"gold":20,"neow_bonus":"ONE_RANDOM_RARE_CARD","is_daily":false,"chose_seed":false,"campfire_upgraded":6,"win_rate":0.0,"timestamp":1609460470,"path_taken":["M","?","$","M","?","R","E","R","T","M","M","?","E","?","R","BOSS","M","?","$","?","?","R","M","R","T","E","?","E","?","?","R","BOSS","M","M","?","?","$","R","E","R","T","R","?","R","R","?","R","BOSS"],"items_purchased_type":["Card","Card","Relic","Potion"],"build_version":"2020-12-22","purchased_purges":3,"victory":false,"max_hp_per_floor":[68,68,68,68,68,68,68,68,68,68,68,68,68,68,68,68,68,68,68,68,68,68,68,68,68,68,68,68,68,68,68,68,68,68,68,68,68,68,68,68,68,68,68,68,68,68,68,68,68,68,68],"card_choices":[{"not_picked":["Halt","Fasting2"],"picked":"Wallop","floor":1},{"not_picked":["FlyingSleeves","Adaptation"],"picked":"SandsOfTime","floor":4},{"not_picked":["Establishment","Prostrate"],"picked":"BowlingBash","floor":7},{"not_picked":["WaveOfTheHand","MentalFortress","WheelKick+1"],"picked":"FlurryOfBlows+1","floor":10},{"not_picked":["Evaluate","Crescendo","Prostrate"],"picked":"ReachHeaven+1","floor":11},{"not_picked":["Consecrate+1","Crescendo","PathToVictory"],"picked":"FlurryOfBlows+1","floor":13},{"not_picked":["SpiritShield","Study","WindmillStrike+1"],"picked":"SashWhip+1","floor":14},{"not_picked":["Spot Weakness","Protect","Clash+1","FlyingSleeves+1"],"picked":"Perseverance+1","floor":18},{"not_picked":["Flame Barrier","ReachHeaven+1","Dropkick+1","Metallicize"],"picked":"Hemokinesis+1","floor":24},{"not_picked":["Iron Wave+1","Consecrate+1","EmptyBody","Protect","Pommel Strike+1"],"picked":"SKIP","floor":27},{"not_picked":["BowlingBash+1","Flex","DeusExMachina","Tantrum+1"],"picked":"Inflame","floor":29},{"not_picked":["Fasting2","Ghostly Armor","Clash+1","Blood for Blood+1","Protect"],"picked":"SKIP","floor":30},{"not_picked":["Brutality","Devotion","Feed+1","Offering"],"picked":"LessonLearned+1","floor":33},{"not_picked":["Halt","EmptyBody","BattleHymn","JustLucky+1","Adaptation"],"picked":"SKIP","floor":35},{"not_picked":["Thunderclap+1","FlyingSleeves+1","Anger+1","Dropkick+1","Perfected Strike+1"],"picked":"SKIP","floor":36},{"not_picked":["Iron Wave+1","ConjureBlade","CrushJoints+1","Vengeance"],"picked":"Body Slam+1","floor":41},{"not_picked":["Wild Strike+1","BattleHymn+1","EmptyBody","SpiritShield"],"picked":"Halt","floor":48}],"player_experience":2872858,"relics_obtained":[{"floor":7,"key":"Question Card"},{"floor":9,"key":"Molten Egg 2"},{"floor":12,"key":"Anchor"},{"floor":13,"key":"Bag of Marbles"},{"floor":19,"key":"aspiration:Stabinomicon"},{"floor":26,"key":"conspire:TopHat"},{"floor":27,"key":"Nunchaku"},{"floor":28,"key":"PreservedInsect"},{"floor":29,"key":"GoldenEye"},{"floor":31,"key":"WingedGreaves"},{"floor":41,"key":"Pantograph"},{"floor":43,"key":"aspiration:HummingbirdHeart"}],"event_choices":[{"damage_healed":0,"gold_gain":0,"player_choice":"Entered Light","damage_taken":20,"max_hp_gain":0,"max_hp_loss":0,"event_name":"Shining Light","floor":5,"gold_loss":0,"cards_upgraded":["Defend_P","Strike_P"]},{"damage_healed":0,"gold_gain":0,"player_choice":"Obtained Book","damage_taken":21,"max_hp_gain":0,"max_hp_loss":0,"event_name":"Cursed Tome","floor":19,"gold_loss":0},{"damage_healed":0,"gold_gain":0,"player_choice":"Inject Mutagens","damage_taken":0,"relics_obtained":["MutagenicStrength"],"max_hp_gain":0,"max_hp_loss":0,"event_name":"Drug Dealer","floor":21,"gold_loss":0},{"damage_healed":0,"gold_gain":0,"player_choice":"Ignored","damage_taken":0,"max_hp_gain":0,"max_hp_loss":0,"event_name":"Tomb of Lord Red Mask","floor":38,"gold_loss":0}],"is_beta":false,"boss_relics":[{"not_picked":["aspiration:DefectSkillbook","SlaversCollar"],"picked":"aspiration:IroncladSkillbook"},{"not_picked":["aspiration:RandomNobGenerator","aspiration:PoetsPen","conspire:SlowCooker"]}],"items_purged_floors":[20,39,45],"is_endless":false,"potions_floor_spawned":[1,10,11,13,30,33,48],"killed_by":"Awakened One","ascension_level":20}}