{"host":"ko4b5atusvmax52d","time":1609495984,"event":{"mods":["AchievementEnabler","Act Like it!","Aspiration","BaseMod","Better Third Choice","BetterRewards","Friendly Minions","Hermit","Hubris","Infinite Spire","Koishi","Marisa????????","Minty Spire (QoL Compilation)","Rare Cards Sparkle","Replay The Spire","Shade Mod","Spicy Shops","StSLib","SuperFastMode","The Animator","The Bug Knight","The Wild Card","Wandering Minibosses","vexMod"],"gold_per_floor":[125,125,145,145,4,36,36,82,105,115,115,155,169,169,169,169,169],"floor_reached":16,"playtime":547,"items_purged":["Writhe"],"score":143,"play_id":"0168a3bd-ba2f-4265-b2fe-0eb0edc53324","local_time":"20210101111304","is_ascension_mode":false,"campfire_choices":[{"data":"animator:RoyMustang","floor":7,"key":"SMITH"},{"data":"animator:Evileye","floor":15,"key":"SMITH"}],"circlet_count":0,"master_deck":["animator:Strike_Overlord","animator:Defend_Overlord","animator:Strike","animator:Strike+1","animator:Strike","animator:Defend","animator:Defend","animator:Defend","animator:Cocytus","animator:Demiurge","animator:RoyMustang+1","animator:RoyMustang+1","animator:Entoma+2","animator:MisakiNakahara+1","animator:Strike","animator:Envy","animator:Kazuma","animator:Evileye+1"],"relics":["animator:LivingPicture","animator:ColorlessFragment","animator:PurgingStone","NeowsBlessing","Centennial Puzzle","aspiration:HatOfInfinitePower","Strawberry","Whetstone"],"acts_visited":["Exordium"],"potions_floor_usage":[12],"damage_taken":[{"damage":0,"enemies":"Jaw Worm","floor":1,"turns":1},{"damage":0,"enemies":"Cultist","floor":3,"turns":1},{"damage":0,"enemies":"Lagavulin","floor":6,"turns":1},{"damage":27,"enemies":"3 Sentries","floor":8,"turns":3},{"damage":8,"enemies":"Small Slimes","floor":10,"turns":2},{"damage":20,"enemies":"Gremlin Nob","floor":12,"turns":4},{"damage":7,"enemies":"Exordium Thugs","floor":13,"turns":6},{"damage":18,"enemies":"Hexaghost","floor":16,"turns":7}],"seed_played":"3479234889381637461","potions_obtained":[{"floor":6,"key":"Dexterity Potion"},{"floor":10,"key":"SkillPotion"},{"floor":12,"key":"Strength Potion"}],"is_trial":false,"path_per_floor":["M","?","M","?","$","E","R","E","T","M","?","E","M","?","R","B"],"character_chosen":"THE_ANIMATOR","items_purchased":["animator:ColorlessFragment"],"campfire_rested":0,"item_purchase_floors":[5],"current_hp_per_floor":[66,66,66,66,66,66,66,46,46,40,40,20,16,16,16,0,0],"gold":169,"neow_bonus":"THREE_ENEMY_KILL","is_daily":false,"chose_seed":false,"campfire_upgraded":2,"win_rate":0.0,"timestamp":1609495984,"path_taken":["M","?","?","?","?","E","R","E","T","M","?","E","?","?","R","BOSS"],"items_purchased_type":["Relic"],"build_version":"2020-12-22","purchased_purges":1,"victory":false,"max_hp_per_floor":[66,66,66,66,66,66,66,73,73,75,75,75,78,78,78,78,78],"card_choices":[{"not_picked":["animator:Scar","animator:Nanami"],"picked":"animator:UneriGinkaku","floor":1},{"not_picked":["animator:DolaRiku","animator:Togame"],"picked":"animator:RoyMustang","floor":3},{"not_picked":["animator:Ain","animator:Cocytus"],"picked":"animator:RoyMustang","floor":6},{"not_picked":["animator:ElricEdward","animator:Add"],"picked":"animator:Entoma","floor":8},{"not_picked":["animator:Shimakaze","animator:KotoriKanbe"],"picked":"animator:MisakiNakahara","floor":10},{"not_picked":["animator:PandorasActor","animator:Tatsumaki"],"picked":"animator:Kazuma","floor":12},{"not_picked":["animator:NagisaMomoe","animator:Jibril"],"picked":"animator:Evileye","floor":13}],"player_experience":248509,"relics_obtained":[{"floor":6,"key":"aspiration:HatOfInfinitePower"},{"floor":8,"key":"Strawberry"},{"floor":12,"key":"Whetstone"}],"event_choices":[{"damage_healed":0,"gold_gain":0,"player_choice":"Ignored","damage_taken":0,"max_hp_gain":0,"max_hp_loss":0,"event_name":"NoteForYourself","floor":2,"gold_loss":0},{"cards_removed":["animator:UneriGinkaku"],"damage_healed":0,"gold_gain":0,"player_choice":"Gave Card","damage_taken":0,"relics_obtained":["Centennial Puzzle"],"max_hp_gain":0,"max_hp_loss":0,"event_name":"WeMeetAgain","floor":4,"gold_loss":0},{"damage_healed":0,"gold_gain":0,"player_choice":"2 cards matched","damage_taken":0,"max_hp_gain":0,"max_hp_loss":0,"event_name":"Match and Keep!","floor":11,"gold_loss":0,"cards_obtained":["animator:Strike","animator:Envy"]},{"damage_healed":0,"gold_gain":0,"player_choice":"Forge","damage_taken":0,"max_hp_gain":0,"max_hp_loss":0,"event_name":"Accursed Blacksmith","floor":14,"gold_loss":0,"cards_upgraded":["animator:MisakiNakahara"]}],"is_beta":false,"boss_relics":[],"items_purged_floors":[5],"is_endless":false,"potions_floor_spawned":[3,6,10,12,13],"killed_by":"Hexaghost","ascension_level":0}}