{"host":"iml8x8es9od4zowg","time":1609500552,"event":{"mods":["BaseMod","Hermit","Minty Spire (QoL Compilation)","StSLib","The Jungle","¡¼?Úª?ø«¡½REMEMod"],"gold_per_floor":[116,116,116,134,148,148,148],"floor_reached":6,"playtime":422,"items_purged":[],"score":38,"play_id":"745b696d-9026-4f1e-89e1-c61fc76e4f65","local_time":"20210101202912","is_ascension_mode":true,"campfire_choices":[],"circlet_count":0,"master_deck":["hermit:Strike_Hermit","hermit:Strike_Hermit","hermit:Strike_Hermit","hermit:Strike_Hermit","hermit:Defend_Hermit","hermit:Defend_Hermit+1","hermit:Defend_Hermit+1","hermit:Defend_Hermit","hermit:Covet","CurseOfTheBell","REME_Fury","hermit:CalledShot","hermit:Vantage"],"relics":["REME_ComplimentaryCards","Calling Bell","Bronze Scales","Meat on the Bone","Bird Faced Urn","War Paint"],"acts_visited":["Exordium"],"potions_floor_usage":[6],"damage_taken":[{"damage":1,"enemies":"2 Louse","floor":1,"turns":2},{"damage":19,"enemies":"Jaw Worm","floor":4,"turns":5},{"damage":1,"enemies":"Cultist","floor":5,"turns":6},{"damage":75,"enemies":"Gremlin Nob","floor":6,"turns":6}],"seed_played":"4303268969250417553","potions_obtained":[{"floor":4,"key":"Regen Potion"}],"is_trial":false,"path_per_floor":["M","?","T","M","M","E"],"character_chosen":"HERMIT","items_purchased":[],"campfire_rested":0,"item_purchase_floors":[],"current_hp_per_floor":[74,67,67,48,47,0,0],"gold":148,"neow_bonus":"BOSS_RELIC","is_daily":false,"chose_seed":false,"campfire_upgraded":0,"win_rate":0.0,"timestamp":1609500552,"path_taken":["M","?","?","M","M","E"],"items_purchased_type":[],"build_version":"2020-12-22","purchased_purges":0,"victory":false,"max_hp_per_floor":[75,75,75,75,75,75,75],"card_choices":[{"not_picked":["hermit:LowProfile","hermit:NoHoldsBarred"],"picked":"hermit:CalledShot","floor":1},{"not_picked":["hermit:CalledShot","hermit:Desperado"],"picked":"hermit:Vantage","floor":4},{"not_picked":["hermit:SprayPray","hermit:EternalForm","hermit:ItchyTrigger"],"picked":"SKIP","floor":5}],"player_experience":512465,"relics_obtained":[{"floor":0,"key":"Bronze Scales"},{"floor":0,"key":"Meat on the Bone"},{"floor":0,"key":"Bird Faced Urn"},{"floor":3,"key":"War Paint"}],"event_choices":[{"cards_removed":["hermit:Snapshot"],"damage_healed":0,"gold_gain":0,"player_choice":"Card Removal","damage_taken":7,"max_hp_gain":0,"max_hp_loss":0,"event_name":"Golden Wing","floor":2,"gold_loss":0}],"is_beta":false,"boss_relics":[],"items_purged_floors":[],"is_endless":false,"potions_floor_spawned":[4],"killed_by":"Gremlin Nob","ascension_level":1}}