{"host":"w4b7hmige5bnqipq","time":1609467242,"event":{"mods":["2.2 Compatiblity","BaseMod","Colored Map","DeckTracker","Keyboard Shortcuts","Minty Spire (QoL Compilation)","Permanent Neow","Rare Cards Sparkle","SuperFastMode","everything is the same but u backflip on backflip","slay the spire mod where everything is the same but ironclad has a cowboy hat"],"gold_per_floor":[114,124,124,174,189,189,189],"floor_reached":6,"playtime":155,"items_purged":[],"score":70,"play_id":"f6f987df-3b5d-45bd-9778-c9fc3eb260e4","local_time":"20210101111402","is_ascension_mode":true,"campfire_choices":[],"circlet_count":0,"master_deck":["AscendersBane","Strike_R","Strike_R","Strike_R","Strike_R","Defend_R","Defend_R","Defend_R","Defend_R","Bash","Cleave","Shrug It Off","Pommel Strike"],"relics":["Burning Blood","Unceasing Top"],"acts_visited":["Exordium"],"potions_floor_usage":[6],"damage_taken":[{"damage":11.0,"enemies":"2 Louse","floor":1.0,"turns":3.0},{"damage":6.0,"enemies":"Cultist","floor":2.0,"turns":3.0},{"damage":7,"enemies":"Small Slimes","floor":5,"turns":3},{"damage":47,"enemies":"3 Sentries","floor":6,"turns":9}],"seed_played":"7949575649455669687","potions_obtained":[{"floor":5,"key":"BloodPotion"}],"is_trial":false,"path_per_floor":["M","M","?","?","M","E"],"character_chosen":"IRONCLAD","items_purchased":[],"campfire_rested":0,"item_purchase_floors":[],"current_hp_per_floor":[63,63,56,50,49,15,15],"gold":189,"neow_bonus":"ONE_RARE_RELIC","is_daily":false,"chose_seed":false,"campfire_upgraded":0,"win_rate":0.0,"timestamp":1609467242,"path_taken":["M","M","?","?","M","E"],"items_purchased_type":[],"build_version":"2020-12-22","purchased_purges":0,"victory":false,"max_hp_per_floor":[68,68,68,68,68,68,68],"card_choices":[{"not_picked":["Wild Strike","Heavy Blade"],"picked":"Cleave","floor":1.0},{"not_picked":["Combust","Clothesline"],"picked":"Shrug It Off","floor":2.0},{"not_picked":["Iron Wave","Sword Boomerang"],"picked":"Pommel Strike","floor":5}],"player_experience":445915,"relics_obtained":[],"event_choices":[{"cards_removed":["Strike_R"],"damage_healed":0.0,"max_hp_gain":0.0,"max_hp_loss":0.0,"gold_gain":0.0,"event_name":"Golden Wing","player_choice":"Card Removal","floor":3.0,"gold_loss":0.0,"damage_taken":7.0},{"damage_healed":0,"gold_gain":50,"player_choice":"Touch","damage_taken":6,"max_hp_gain":0,"max_hp_loss":0,"event_name":"FaceTrader","floor":4,"gold_loss":0}],"is_beta":false,"boss_relics":[],"items_purged_floors":[],"is_endless":false,"potions_floor_spawned":[5],"killed_by":"3 Sentries","ascension_level":19}}