{"host":"m9i7qe3hvz6jihjh","time":1609524394,"event":{"mods":["BaseMod","Colored Powertips","Infinite Spire","Minty Spire (QoL Compilation)","Quick Restart","StSLib","The Animator","Waifu the Spire"],"gold_per_floor":[130,156,156,232,252,296,40,40,88,88,101,69,69,86,86,86,86],"floor_reached":16,"playtime":699,"items_purged":[],"score":102,"play_id":"d5a52c55-20a8-4fe6-ba82-50c334eaa77b","local_time":"20210101190634","is_ascension_mode":false,"campfire_choices":[{"floor":8,"key":"REST"},{"floor":15,"key":"REST"}],"circlet_count":0,"master_deck":["animator:Strike_MadokaMagica","animator:Defend_MadokaMagica","animator:Strike","animator:Strike+1","animator:Strike","animator:Defend","animator:Defend","animator:Defend","animator:IrohaTamaki","animator:YuiTsuruno","animator:Elsword+1","animator:Fredrika+1","animator:Pride","animator:SayakaMiki","animator:KyokoSakura","animator:PandorasActor","animator:IrohaTamaki"],"relics":["PureWater","animator:TheMissingPiece","animator:PurgingStone","PreservedInsect","infinitespire:ShieldingShard","Strawberry","infinitespire:Cubic Diamond"],"acts_visited":["Exordium"],"potions_floor_usage":[6,12],"damage_taken":[{"damage":9,"enemies":"Jaw Worm","floor":1,"turns":5},{"damage":1,"enemies":"2 Louse","floor":2,"turns":2},{"damage":0,"enemies":"Small Slimes","floor":5,"turns":5},{"damage":35,"enemies":"Lagavulin","floor":6,"turns":6},{"damage":2,"enemies":"Exordium Wildlife","floor":11,"turns":6},{"damage":3,"enemies":"Exordium Thugs","floor":12,"turns":5},{"damage":0,"enemies":"Blue Slaver","floor":14,"turns":4},{"damage":54,"enemies":"Hexaghost","floor":16,"turns":14}],"seed_played":"5645322503316389337","potions_obtained":[{"floor":2,"key":"LiquidBronze"},{"floor":6,"key":"Explosive Potion"},{"floor":11,"key":"SteroidPotion"}],"is_trial":false,"path_per_floor":["M","M","?","?","M","E","$","R","T","?","M","M","?","M","R","B"],"character_chosen":"THE_ANIMATOR","items_purchased":["infinitespire:ShieldingShard"],"campfire_rested":2,"item_purchase_floors":[7],"current_hp_per_floor":[57,56,56,56,56,21,21,40,47,47,46,43,28,28,50,0,0],"gold":86,"neow_bonus":"THREE_CARDS","is_daily":false,"chose_seed":false,"campfire_upgraded":0,"win_rate":0.0,"timestamp":1609524394,"path_taken":["M","M","?","?","M","E","$","R","T","?","M","?","?","M","R","BOSS"],"items_purchased_type":["Relic"],"build_version":"2020-12-22","purchased_purges":0,"victory":false,"max_hp_per_floor":[66,66,66,66,66,66,66,66,73,73,74,74,74,74,74,74,74],"card_choices":[{"not_picked":["animator:DolaStephanie","animator:Raven"],"picked":"animator:Elsword","floor":0},{"not_picked":["animator:OrikoMikuni","animator:Scar"],"picked":"animator:Fredrika","floor":1},{"not_picked":["animator:Ara","animator:Guy"],"picked":"animator:Pride","floor":2},{"not_picked":["animator:TukaLunaMarceau","animator:Hitei","animator:UneriGinkaku"],"picked":"SKIP","floor":5},{"not_picked":["animator:IrohaTamaki","animator:YuiTsuruno"],"picked":"animator:SayakaMiki","floor":6},{"not_picked":["animator:Kuribayashi","animator:Pride"],"picked":"animator:KyokoSakura","floor":11},{"not_picked":["animator:Ara","animator:Genos"],"picked":"animator:PandorasActor","floor":12},{"not_picked":["animator:Jibril","animator:Tatsumaki"],"picked":"animator:IrohaTamaki","floor":14}],"player_experience":893122,"relics_obtained":[{"floor":6,"key":"PreservedInsect"},{"floor":9,"key":"Strawberry"}],"event_choices":[{"damage_healed":0,"gold_gain":0,"player_choice":"Grow","damage_taken":0,"max_hp_gain":0,"max_hp_loss":0,"event_name":"Living Wall","floor":3,"gold_loss":0,"cards_upgraded":["animator:Fredrika"]},{"damage_healed":0,"gold_gain":76,"player_choice":"Gained Gold","damage_taken":0,"max_hp_gain":0,"max_hp_loss":0,"event_name":"Golden Wing","floor":4,"gold_loss":0},{"damage_healed":0,"gold_gain":0,"player_choice":"Entered Light","damage_taken":15,"max_hp_gain":0,"max_hp_loss":0,"event_name":"Shining Light","floor":13,"gold_loss":0,"cards_upgraded":["animator:Strike","animator:Elsword"]}],"is_beta":false,"boss_relics":[],"items_purged_floors":[],"is_endless":false,"potions_floor_spawned":[2,6,11],"killed_by":"Hexaghost","ascension_level":0}}