{"host":"2n2g1vowfllvjtvi","time":1609499827,"event":{"mods":["AchievementEnabler","BaseMod","Custom Start","GifTheSpireLib","Keyboard Shortcuts","Minty Spire (QoL Compilation)","Quick Restart","Rare Cards Sparkle","StSLib","SuperFastMode"],"gold_per_floor":[117,136,61,61,87,122,137,154,154,154,184,184,194,207,207,207,207],"floor_reached":16,"playtime":544,"items_purged":["Strike_R"],"score":196,"play_id":"1dea8e87-6295-42a7-b12c-00793508d909","local_time":"20210101201707","is_ascension_mode":true,"campfire_choices":[{"data":"Armaments","floor":10,"key":"SMITH"},{"floor":12,"key":"REST"},{"data":"Battle Trance","floor":15,"key":"SMITH"}],"circlet_count":0,"master_deck":["AscendersBane","Strike_R","Strike_R","Strike_R","Strike_R","Defend_R","Defend_R","Defend_R","Defend_R","Bash+1","Ghostly Armor","Armaments+1","Battle Trance+1","Hemokinesis+1","Shockwave","Evolve"],"relics":["Burning Blood","Molten Egg 2","Tiny Chest","Bottled Lightning","Turnip","StrikeDummy"],"acts_visited":["Exordium"],"potions_floor_usage":[11,16],"damage_taken":[{"damage":7,"enemies":"Jaw Worm","floor":1,"turns":3},{"damage":1,"enemies":"Cultist","floor":2,"turns":3},{"damage":41,"enemies":"Gremlin Nob","floor":6,"turns":5},{"damage":0,"enemies":"2 Louse","floor":7,"turns":4},{"damage":0,"enemies":"Blue Slaver","floor":8,"turns":5},{"damage":29,"enemies":"3 Sentries","floor":11,"turns":12},{"damage":2,"enemies":"2 Fungi Beasts","floor":13,"turns":3},{"damage":0,"enemies":"Large Slime","floor":14,"turns":4},{"damage":43,"enemies":"Hexaghost","floor":16,"turns":10}],"seed_played":"1180140989645486789","potions_obtained":[{"floor":8,"key":"Weak Potion"},{"floor":11,"key":"ElixirPotion"},{"floor":13,"key":"DuplicationPotion"}],"is_trial":false,"path_per_floor":["M","M","$","?","T","E","M","M","T","R","E","R","M","M","R","B"],"character_chosen":"IRONCLAD","items_purchased":[],"campfire_rested":1,"item_purchase_floors":[],"current_hp_per_floor":[67,72,72,54,54,19,25,31,31,31,8,30,34,40,40,0,0],"gold":207,"neow_bonus":"UPGRADE_CARD","is_daily":false,"chose_seed":false,"campfire_upgraded":2,"win_rate":0.0,"timestamp":1609499827,"path_taken":["M","M","$","?","?","E","M","M","T","R","E","R","M","?","R","BOSS"],"items_purchased_type":[],"build_version":"2020-12-22","purchased_purges":1,"victory":false,"max_hp_per_floor":[75,75,75,75,75,75,75,75,75,75,75,75,75,75,75,75,75],"card_choices":[{"not_picked":["Headbutt","Seeing Red"],"picked":"Ghostly Armor","floor":1},{"not_picked":["Havoc","Flex"],"picked":"Armaments","floor":2},{"not_picked":["Brutality","Sword Boomerang+1"],"picked":"Battle Trance","floor":6},{"not_picked":["Pommel Strike+1","Second Wind"],"picked":"Hemokinesis+1","floor":7},{"not_picked":["Warcry","Bloodletting"],"picked":"Shockwave","floor":8},{"not_picked":["Cleave+1","Berserk","Ghostly Armor"],"picked":"SKIP","floor":11},{"not_picked":["Twin Strike+1","Cleave+1"],"picked":"Evolve","floor":13},{"not_picked":["Dual Wield","Clash+1","Cleave+1"],"picked":"SKIP","floor":14}],"player_experience":412738,"relics_obtained":[{"floor":5,"key":"Tiny Chest"},{"floor":6,"key":"Bottled Lightning"},{"floor":9,"key":"Turnip"},{"floor":11,"key":"StrikeDummy"}],"event_choices":[{"damage_healed":0,"gold_gain":0,"player_choice":"Success","damage_taken":18,"relics_obtained":["Molten Egg 2"],"max_hp_gain":0,"max_hp_loss":0,"event_name":"Scrap Ooze","floor":4,"gold_loss":0}],"is_beta":false,"boss_relics":[],"items_purged_floors":[3],"is_endless":false,"potions_floor_spawned":[8,11,13],"killed_by":"Hexaghost","ascension_level":15}}