{"host":"wha9hktbkslqvblg","time":1609510784,"event":{"mods":["BaseMod","Colored Map","Minty Spire (QoL Compilation)","Relic Stats","SuperFastMode","everything is the same but u backflip on backflip"],"gold_per_floor":[110,185,29,47,47,47,75,93,93,93,123,141,172,186,186,186,186],"floor_reached":16,"playtime":256,"items_purged":[],"score":340,"play_id":"950be9da-45f3-4adb-81c2-51625c750512","local_time":"20210101231944","is_ascension_mode":true,"campfire_choices":[{"data":"Immolate","floor":6,"key":"SMITH"},{"data":"Fire Breathing","floor":15,"key":"SMITH"}],"circlet_count":0,"master_deck":["AscendersBane","Strike_R","Strike_R","Strike_R","Strike_R","Defend_R","Defend_R","Defend_R","Defend_R","Bash","Immolate+1","Pommel Strike","Uppercut","Fire Breathing+1","Body Slam"],"relics":["Burning Blood","NeowsBlessing","Magic Flower","Bird Faced Urn","Happy Flower","PreservedInsect","Bottled Tornado"],"acts_visited":["Exordium"],"potions_floor_usage":[],"damage_taken":[{"damage":0,"enemies":"Jaw Worm","floor":1,"turns":1},{"damage":0,"enemies":"2 Louse","floor":4,"turns":1},{"damage":0,"enemies":"Gremlin Nob","floor":7,"turns":1},{"damage":7,"enemies":"Small Slimes","floor":8,"turns":3},{"damage":25,"enemies":"Lagavulin","floor":11,"turns":6},{"damage":0,"enemies":"2 Fungi Beasts","floor":12,"turns":2},{"damage":0,"enemies":"Gremlin Nob","floor":13,"turns":2},{"damage":12,"enemies":"Blue Slaver","floor":14,"turns":4},{"damage":76,"enemies":"Hexaghost","floor":16,"turns":8}],"seed_played":"5268699997542226766","potions_obtained":[{"floor":4,"key":"Explosive Potion"},{"floor":7,"key":"Explosive Potion"}],"is_trial":false,"path_per_floor":["M","?","$","M","?","R","E","M","T","T","E","M","E","M","R","B"],"character_chosen":"IRONCLAD","items_purchased":["Immolate"],"campfire_rested":0,"item_purchase_floors":[3],"current_hp_per_floor":[74,63,63,69,62,62,68,70,70,70,54,63,72,72,72,0,0],"gold":186,"neow_bonus":"THREE_ENEMY_KILL","is_daily":false,"chose_seed":false,"campfire_upgraded":2,"win_rate":0.0,"timestamp":1609510784,"path_taken":["M","?","?","M","?","R","E","M","T","?","E","M","E","M","R","BOSS"],"items_purchased_type":["Card"],"build_version":"2020-12-22","purchased_purges":0,"victory":false,"max_hp_per_floor":[75,75,75,75,75,75,75,75,75,75,75,75,75,75,75,75,75],"relic_stats":{"Happy Flower":[7],"counters":[9,28],"Bird Faced Urn":[6],"Magic Flower":[17],"PreservedInsect":22,"obtain_stats":[{"NeowsBlessing":0,"Happy Flower":10,"Bird Faced Urn":9,"Magic Flower":7,"PreservedInsect":11,"Bottled Tornado":13,"Burning Blood":0},{"NeowsBlessing":0,"Happy Flower":4,"Bird Faced Urn":4,"Magic Flower":3,"PreservedInsect":5,"Bottled Tornado":7,"Burning Blood":0},{"NeowsBlessing":0,"Happy Flower":6,"Bird Faced Urn":6,"Magic Flower":3,"PreservedInsect":12,"Bottled Tornado":16,"Burning Blood":0}],"Burning Blood":63},"card_choices":[{"not_picked":["Cleave","Flex","Armaments"],"picked":"SKIP","floor":1},{"not_picked":["Dark Embrace","Blood for Blood"],"picked":"Pommel Strike","floor":4},{"not_picked":["Cleave","Headbutt"],"picked":"Uppercut","floor":7},{"not_picked":["Heavy Blade","Iron Wave","Warcry"],"picked":"SKIP","floor":8},{"not_picked":["Heavy Blade","Iron Wave","Warcry"],"picked":"SKIP","floor":8},{"not_picked":["Fiend Fire","Heavy Blade","Anger"],"picked":"SKIP","floor":11},{"not_picked":["Sword Boomerang","True Grit"],"picked":"Fire Breathing","floor":12},{"not_picked":["Thunderclap","Heavy Blade"],"picked":"Body Slam","floor":13},{"not_picked":["Iron Wave","Body Slam","Wild Strike"],"picked":"SKIP","floor":14}],"player_experience":922758,"relics_obtained":[{"floor":7,"key":"Magic Flower"},{"floor":9,"key":"Bird Faced Urn"},{"floor":10,"key":"Happy Flower"},{"floor":11,"key":"PreservedInsect"},{"floor":13,"key":"Bottled Tornado"}],"event_choices":[{"damage_healed":0,"gold_gain":75,"player_choice":"Gather Gold","damage_taken":11,"max_hp_gain":0,"max_hp_loss":0,"event_name":"World of Goop","floor":2,"gold_loss":0},{"cards_removed":["Strike_R"],"damage_healed":0,"gold_gain":0,"player_choice":"Card Removal","damage_taken":7,"max_hp_gain":0,"max_hp_loss":0,"event_name":"Golden Wing","floor":5,"gold_loss":0}],"is_beta":false,"boss_relics":[],"items_purged_floors":[],"is_endless":false,"potions_floor_spawned":[4,7,11],"killed_by":"Hexaghost","ascension_level":20}}