{"host":"g01l53quoe6lrer0","time":1609526587,"event":{"mods":["2.2 Compatiblity","BaseMod","Colored Map","Highlight Path","Keyboard Shortcuts","Minty Spire (QoL Compilation)","Permanent Neow","Quick Restart","StSLib","everything is the same but u backflip on backflip"],"gold_per_floor":[16,28,39,114,114,139,155,185,185,202,235,235,252,287,287,391,391,408,408,421,421,431,431,465,465,491,17,35,63,12,40,40,142,142,161,178,178,194,194,224,239,239,239,239,265,18,18,36,36,36],"floor_reached":51,"playtime":2795,"items_purged":["Strike_R","Strike_R+1"],"score":900,"play_id":"4f910765-364a-4a09-ac89-34963baacfd5","local_time":"20210102034307","is_ascension_mode":true,"campfire_choices":[{"data":"Carnage","floor":12.0,"key":"SMITH"},{"data":"Shockwave","floor":15.0,"key":"SMITH"},{"floor":23.0,"key":"REST"},{"data":"Dual Wield","floor":25.0,"key":"SMITH"},{"data":"True Grit","floor":32,"key":"SMITH"},{"data":"Dropkick","floor":42,"key":"SMITH"},{"data":"Pommel Strike","floor":49,"key":"SMITH"}],"circlet_count":0,"master_deck":["Strike_R+1","Defend_R","Defend_R","Bash+1","Battle Trance","Carnage+1","Dropkick+1","Dual Wield+1","True Grit+1","Pommel Strike+1","Warcry","Shockwave+1","Inflame","Warcry","Reaper+1","Seeing Red+1","Feel No Pain","Clash+1","Rampage+1","Dual Wield+1","Headbutt+1","Pommel Strike+1","Pommel Strike+1","Intimidate+1","Jack Of All Trades","Offering","Shrug It Off+1"],"relics":["Burning Blood","PreservedInsect","Oddly Smooth Stone","Molten Egg 2","Pocketwatch","Orichalcum","Black Star","Centennial Puzzle","Whetstone","Vajra","Bag of Marbles","TheAbacus","Kunai","Happy Flower","Nunchaku","MealTicket","SlaversCollar","Juzu Bracelet","Bronze Scales","Thread and Needle","Strawberry","Self Forming Clay"],"acts_visited":["Exordium","TheCity","TheBeyond"],"potions_floor_usage":[29,29,31,33,50],"damage_taken":[{"damage":1.0,"enemies":"Small Slimes","floor":1.0,"turns":5.0},{"damage":0.0,"enemies":"2 Louse","floor":2.0,"turns":2.0},{"damage":6.0,"enemies":"Cultist","floor":3.0,"turns":3.0},{"damage":27.0,"enemies":"Lagavulin","floor":6.0,"turns":9.0},{"damage":3.0,"enemies":"2 Fungi Beasts","floor":7.0,"turns":3.0},{"damage":15.0,"enemies":"3 Sentries","floor":8.0,"turns":7.0},{"damage":0.0,"enemies":"Lots of Slimes","floor":10.0,"turns":1.0},{"damage":14.0,"enemies":"Gremlin Nob","floor":11.0,"turns":3.0},{"damage":2.0,"enemies":"Blue Slaver","floor":13.0,"turns":3.0},{"damage":13.0,"enemies":"3 Sentries","floor":14.0,"turns":4.0},{"damage":14.0,"enemies":"Hexaghost","floor":16.0,"turns":8.0},{"damage":44.0,"enemies":"Spheric Guardian","floor":18.0,"turns":6.0},{"damage":20.0,"enemies":"2 Thieves","floor":20.0,"turns":4.0},{"damage":24.0,"enemies":"Snake Plant","floor":22.0,"turns":3.0},{"damage":15.0,"enemies":"Book of Stabbing","floor":24.0,"turns":4.0},{"damage":0.0,"enemies":"Cultist and Chosen","floor":28.0,"turns":4.0},{"damage":1,"enemies":"Slavers","floor":29,"turns":2},{"damage":0,"enemies":"Gremlin Leader","floor":31,"turns":4},{"damage":20,"enemies":"Collector","floor":33,"turns":6},{"damage":10,"enemies":"Orb Walker","floor":35,"turns":2},{"damage":6,"enemies":"3 Shapes","floor":36,"turns":1},{"damage":3,"enemies":"Maw","floor":38,"turns":6},{"damage":12,"enemies":"Reptomancer","floor":40,"turns":4},{"damage":4,"enemies":"3 Darklings","floor":41,"turns":4},{"damage":0,"enemies":"Giant Head","floor":45,"turns":4},{"damage":13,"enemies":"Sphere and 2 Shapes","floor":48,"turns":3},{"damage":45,"enemies":"Time Eater","floor":50,"turns":7}],"seed_played":"-5833556788920589736","potions_obtained":[{"floor":1.0,"key":"Explosive Potion"},{"floor":3.0,"key":"FairyPotion"},{"floor":6.0,"key":"Block Potion"},{"floor":8.0,"key":"Strength Potion"},{"floor":13.0,"key":"LiquidBronze"},{"floor":24.0,"key":"Dexterity Potion"},{"floor":29,"key":"ColorlessPotion"},{"floor":31,"key":"SpeedPotion"},{"floor":36,"key":"EntropicBrew"},{"floor":40,"key":"Strength Potion"}],"is_trial":false,"path_per_floor":["M","M","M","?","?","E","M","E","T","M","E","R","M","E","R","B",null,"M","?","M","?","M","R","E","R","T","$","M","E","$","E","R","B",null,"M","M","?","M","?","E","M","R","T","?","E","$","?","M","R","B",null],"character_chosen":"IRONCLAD","items_purchased":["Bag of Marbles","TheAbacus","Fire Potion","Explosive Potion","Strength Potion","Offering"],"campfire_rested":1,"item_purchase_floors":[27,27,27,27,30,46],"current_hp_per_floor":[80,80,80,69,69,48,51,42,42,48,40,40,44,37,37,29,80,42,42,28,28,13,37,38,38,38,38,50,55,55,80,80,66,80,76,76,76,80,80,74,80,80,80,80,87,87,87,80,80,41],"gold":36,"neow_bonus":"TRANSFORM_TWO_CARDS","is_daily":false,"chose_seed":false,"campfire_upgraded":6,"win_rate":0.0,"timestamp":1609526587,"path_taken":["M","M","M","?","?","E","M","E","T","M","E","R","M","E","R","BOSS","M","?","M","?","?","R","E","R","T","$","M","E","$","E","R","BOSS","M","M","?","?","?","E","M","R","T","?","E","$","?","M","R","BOSS"],"items_purchased_type":["Relic","Relic","Potion","Potion","Potion","Card"],"build_version":"2020-12-22","purchased_purges":2,"victory":true,"max_hp_per_floor":[80,80,80,80,80,80,80,80,80,80,80,80,80,80,80,80,80,80,80,80,80,80,80,80,80,80,80,80,80,80,80,80,80,80,80,80,80,80,80,80,80,80,80,80,87,87,87,87,87,87],"card_choices":[{"not_picked":["Uppercut","Heavy Blade"],"picked":"Dropkick","floor":1.0},{"not_picked":["Pummel","Power Through"],"picked":"Dual Wield","floor":2.0},{"not_picked":["Twin Strike","Feel No Pain"],"picked":"True Grit","floor":3.0},{"not_picked":["Clothesline","Perfected Strike","Cleave"],"picked":"SKIP","floor":6.0},{"not_picked":["Shrug It Off","Reckless Charge"],"picked":"Pommel Strike","floor":7.0},{"not_picked":["Inflame","Flex"],"picked":"Warcry","floor":8.0},{"not_picked":["Clothesline+1","Searing Blow+1","Berserk"],"picked":"SKIP","floor":10.0},{"not_picked":["Clothesline+1","Brutality"],"picked":"Shockwave","floor":11.0},{"not_picked":["Clash+1","Hemokinesis+1"],"picked":"Inflame","floor":13.0},{"not_picked":["Twin Strike+1","Clothesline+1"],"picked":"Warcry","floor":14.0},{"not_picked":["Brutality","Barricade"],"picked":"Reaper+1","floor":16.0},{"not_picked":["Flex","Heavy Blade+1"],"picked":"Seeing Red+1","floor":18.0},{"not_picked":["Headbutt+1","Twin Strike+1"],"picked":"Feel No Pain","floor":20.0},{"not_picked":["Warcry","Sword Boomerang+1"],"picked":"Clash+1","floor":22.0},{"not_picked":["Metallicize","Entrench"],"picked":"Rampage+1","floor":24.0},{"not_picked":["Heavy Blade+1","Pommel Strike+1","Inflame"],"picked":"SKIP","floor":28.0},{"not_picked":["Disarm+1","Ghostly Armor+1"],"picked":"Dual Wield+1","floor":29},{"not_picked":["Inflame+1","Thunderclap+1","Armaments+1"],"picked":"SKIP","floor":31},{"not_picked":["Second Wind+1","Armaments+1"],"picked":"Headbutt+1","floor":35},{"not_picked":["Sword Boomerang+1","Heavy Blade+1"],"picked":"Pommel Strike+1","floor":36},{"not_picked":["Armaments","Thunderclap+1"],"picked":"Intimidate+1","floor":38},{"not_picked":["Magnetism","The Bomb"],"picked":"Jack Of All Trades","floor":39},{"not_picked":["Twin Strike+1","Juggernaut","Thunderclap+1"],"picked":"SKIP","floor":40},{"not_picked":["Armaments+1","Headbutt+1","Body Slam+1"],"picked":"SKIP","floor":41},{"not_picked":["Pommel Strike+1","Armaments+1","Anger+1"],"picked":"SKIP","floor":45},{"not_picked":["Second Wind+1","Flex"],"picked":"Shrug It Off+1","floor":48}],"player_experience":2855,"relics_obtained":[{"floor":6.0,"key":"PreservedInsect"},{"floor":8.0,"key":"Oddly Smooth Stone"},{"floor":9.0,"key":"Molten Egg 2"},{"floor":11.0,"key":"Pocketwatch"},{"floor":14.0,"key":"Orichalcum"},{"floor":24.0,"key":"Centennial Puzzle"},{"floor":24.0,"key":"Whetstone"},{"floor":26.0,"key":"Vajra"},{"floor":29,"key":"Kunai"},{"floor":29,"key":"Happy Flower"},{"floor":31,"key":"Nunchaku"},{"floor":31,"key":"MealTicket"},{"floor":40,"key":"Juzu Bracelet"},{"floor":40,"key":"Bronze Scales"},{"floor":43,"key":"Thread and Needle"},{"floor":45,"key":"Strawberry"},{"floor":45,"key":"Self Forming Clay"}],"event_choices":[{"damage_healed":0.0,"max_hp_gain":0.0,"max_hp_loss":0.0,"gold_gain":75.0,"event_name":"World of Goop","player_choice":"Gather Gold","floor":4.0,"gold_loss":0.0,"damage_taken":11.0},{"damage_healed":0.0,"max_hp_gain":0.0,"max_hp_loss":0.0,"gold_gain":0.0,"event_name":"Upgrade Shrine","player_choice":"Upgraded","floor":5.0,"gold_loss":0.0,"damage_taken":0.0,"cards_upgraded":["Bash"]},{"damage_healed":0.0,"max_hp_gain":0.0,"max_hp_loss":0.0,"gold_gain":0.0,"event_name":"Ghosts","player_choice":"Ignored","floor":19.0,"gold_loss":0.0,"damage_taken":0.0},{"cards_removed":["Defend_R"],"damage_healed":0.0,"max_hp_gain":0.0,"max_hp_loss":0.0,"gold_gain":0.0,"event_name":"Purifier","player_choice":"Purged","floor":21.0,"gold_loss":0.0,"damage_taken":0.0},{"damage_healed":0,"gold_gain":0,"cards_transformed":["Defend_R"],"player_choice":"Transformed","damage_taken":0,"max_hp_gain":0,"max_hp_loss":0,"event_name":"Transmorgrifier","floor":37,"gold_loss":0,"cards_obtained":["Pommel Strike"]},{"damage_healed":0,"gold_gain":0,"player_choice":"Memory 1","damage_taken":0,"max_hp_gain":0,"max_hp_loss":0,"event_name":"SensoryStone","floor":39,"gold_loss":0},{"damage_healed":0,"gold_gain":0,"player_choice":"Ignored","damage_taken":0,"max_hp_gain":0,"max_hp_loss":0,"event_name":"Tomb of Lord Red Mask","floor":44,"gold_loss":0},{"damage_healed":0,"gold_gain":0,"player_choice":"Ignored","damage_taken":0,"max_hp_gain":0,"max_hp_loss":0,"event_name":"Mysterious Sphere","floor":47,"gold_loss":0}],"is_beta":false,"boss_relics":[{"not_picked":["Mark of Pain","Calling Bell"],"picked":"Black Star"},{"not_picked":["Busted Crown","Runic Cube"],"picked":"SlaversCollar"}],"items_purged_floors":[27,46],"is_endless":false,"potions_floor_spawned":[1,3,6,8,13,24,29,31,36,40,45],"ascension_level":2}}