{"host":"tpad8qsc9e0g0pa5","time":1609488033,"event":{"mods":["BaseMod","Minty Spire (QoL Compilation)","Quick Restart","StSLib","The Bug Knight","The Servant 0.9.4"],"gold_per_floor":[109,109,109,127,142,142,180,200,200,212,224,252,287,299,311,446,458,489,501,513,525,562,608,620,657,669,701,713,745,757,789,801,938,950,986,412,412,475,70,70,70,70,70,70,94,108,108,152,152,152],"floor_reached":51,"playtime":4758,"items_purged":["Strike_P","Defend_P"],"score":842,"play_id":"bdfdf56b-74bc-4cce-89cd-647d315c2d3a","local_time":"20210101160033","is_ascension_mode":true,"campfire_choices":[{"floor":6.0,"key":"REST"},{"floor":10.0,"key":"REST"},{"data":"Alpha","floor":15.0,"key":"SMITH"},{"data":"Vault","floor":24.0,"key":"SMITH"},{"data":"DeusExMachina","floor":28.0,"key":"SMITH"},{"data":"Nirvana","floor":32.0,"key":"SMITH"},{"data":"Defend_P","floor":40.0,"key":"PURGE"},{"data":"Defend_P","floor":41.0,"key":"PURGE"},{"data":"Strike_P+1","floor":42.0,"key":"PURGE"},{"data":"Eruption+1","floor":44.0,"key":"PURGE"},{"data":"Defend_P","floor":49,"key":"PURGE"}],"circlet_count":0,"master_deck":["Vigilance","Alpha+1","ThirdEye","JustLucky","DeceiveReality","Vault+1","DeusExMachina+1","ThirdEye","Scrawl+1","Vengeance","CutThroughFate","EmptyMind+1","Perseverance+1","ThirdEye+1","Nirvana+1","MasterReality","Evaluate+1","ThirdEye+1","Protect+1","Scrawl+1","Halt+1"],"relics":["PureWater","Golden Idol","Centennial Puzzle","MawBank","Shuriken","Pear","Philosopher\u0027s Stone","Toxic Egg 2","WingedGreaves","Sozu","TheAbacus","Prayer Wheel","Shovel","Peace Pipe","CaptainsWheel","Vajra"],"acts_visited":["Exordium","TheCity","TheBeyond"],"potions_floor_usage":[50],"damage_taken":[{"damage":3.0,"enemies":"Jaw Worm","floor":1.0,"turns":4.0},{"damage":0.0,"enemies":"Small Slimes","floor":4.0,"turns":3.0},{"damage":0.0,"enemies":"2 Louse","floor":5.0,"turns":3.0},{"damage":0.0,"enemies":"Lagavulin","floor":7.0,"turns":4.0},{"damage":7.0,"enemies":"Large Slime","floor":8.0,"turns":4.0},{"damage":8.0,"enemies":"Looter","floor":12.0,"turns":4.0},{"damage":20.0,"enemies":"Gremlin Gang","floor":13.0,"turns":4.0},{"damage":17.0,"enemies":"Slime Boss","floor":16.0,"turns":6.0},{"damage":2.0,"enemies":"Chosen","floor":18.0,"turns":4.0},{"damage":0.0,"enemies":"3 Byrds","floor":22.0,"turns":2.0},{"damage":11.0,"enemies":"Slavers","floor":23.0,"turns":3.0},{"damage":3.0,"enemies":"Cultist and Chosen","floor":25.0,"turns":3.0},{"damage":1.0,"enemies":"Centurion and Healer","floor":27.0,"turns":4.0},{"damage":2.0,"enemies":"Chosen and Byrds","floor":29.0,"turns":3.0},{"damage":0.0,"enemies":"Cultist and Chosen","floor":31.0,"turns":4.0},{"damage":33.0,"enemies":"Collector","floor":33.0,"turns":8.0},{"damage":0.0,"enemies":"3 Darklings","floor":35.0,"turns":4.0},{"damage":0.0,"enemies":"Mind Bloom Boss Battle","floor":38.0,"turns":5.0},{"damage":0.0,"enemies":"Orb Walker","floor":45.0,"turns":3.0},{"damage":0.0,"enemies":"3 Darklings","floor":46.0,"turns":4.0},{"damage":1.0,"enemies":"Nemesis","floor":48.0,"turns":7.0},{"damage":0,"enemies":"Awakened One","floor":50,"turns":15}],"seed_played":"-3394857922604596859","potions_obtained":[{"floor":5.0,"key":"AttackPotion"},{"floor":8.0,"key":"LiquidBronze"},{"floor":13.0,"key":"Fruit Juice"},{"floor":23.0,"key":"Weak Potion"},{"floor":25.0,"key":"PowerPotion"},{"floor":27.0,"key":"BottledMiracle"},{"floor":29.0,"key":"Energy Potion"}],"is_trial":false,"path_per_floor":["M","?","?","M","M","R","E","M","T","R","T","M","M","T","R","B",null,"M","?","?","?","M","E","R","M","T","M","R","M","?","M","R","B",null,"M","$","?","?","$","R","R","R","T","R","M","M","?","E","R","B",null],"character_chosen":"WATCHER","items_purchased":["TheAbacus","Prayer Wheel","Evaluate+1","Peace Pipe"],"campfire_rested":2,"item_purchase_floors":[36,36,36,39],"current_hp_per_floor":[48,34,16,16,16,37,37,30,30,51,51,43,23,38,38,21,87,85,85,85,85,85,74,74,71,71,70,70,68,68,68,68,35,87,87,87,87,87,87,87,87,87,87,87,87,87,83,82,82,82],"gold":152,"neow_bonus":"THREE_RARE_CARDS","is_daily":false,"chose_seed":false,"campfire_upgraded":4,"win_rate":0.0,"timestamp":1609488033,"path_taken":["M","?","?","M","M","R","E","M","T","R","?","M","M","?","R","BOSS","M","?","?","?","M","E","R","M","T","M","R","?","?","M","R","BOSS","M","$","?","?","$","R","R","R","T","R","?","M","?","E","R","BOSS"],"items_purchased_type":["Relic","Relic","Card","Relic"],"build_version":"2020-12-22","purchased_purges":2,"victory":true,"max_hp_per_floor":[72,72,72,72,72,72,72,72,72,72,72,72,72,87,87,87,87,87,87,87,87,87,87,87,87,87,87,87,87,87,87,87,87,87,87,87,87,87,87,87,87,87,87,87,87,87,83,83,83,83],"card_choices":[{"not_picked":["MasterReality","Ragnarok"],"picked":"Alpha","floor":0.0},{"not_picked":["PathToVictory","CrushJoints","BowlingBash"],"picked":"SKIP","floor":1.0},{"not_picked":["FlyingSleeves","JustLucky"],"picked":"ThirdEye","floor":4.0},{"not_picked":["PathToVictory","Weave"],"picked":"JustLucky","floor":5.0},{"not_picked":["FlyingSleeves","Collect"],"picked":"DeceiveReality","floor":7.0},{"not_picked":["FlurryOfBlows","PathToVictory"],"picked":"Vault","floor":8.0},{"not_picked":["CrushJoints","Crescendo","CarveReality"],"picked":"SKIP","floor":12.0},{"not_picked":["EmptyBody","SashWhip","LikeWater"],"picked":"SKIP","floor":13.0},{"not_picked":["Alpha","Brilliance"],"picked":"DeusExMachina","floor":16.0},{"not_picked":["Tantrum","JustLucky+1"],"picked":"ThirdEye","floor":18.0},{"not_picked":["JustLucky","Sanctity"],"picked":"CutThroughFate","floor":22.0},{"not_picked":["Conclude","Fasting2","WreathOfFlame+1"],"picked":"SKIP","floor":23.0},{"not_picked":["Consecrate+1","Halt+1","Adaptation"],"picked":"SKIP","floor":25.0},{"not_picked":["Consecrate+1","Vengeance+1"],"picked":"EmptyMind+1","floor":27.0},{"not_picked":["Evaluate+1","BowlingBash"],"picked":"Perseverance+1","floor":29.0},{"not_picked":["CrushJoints+1","Evaluate+1"],"picked":"Nirvana","floor":31.0},{"not_picked":["Establishment","Wish+1"],"picked":"MasterReality","floor":33.0},{"not_picked":["BowlingBash+1","FollowUp","CrushJoints"],"picked":"SKIP","floor":35.0},{"not_picked":["EmptyMind+1","LikeWater"],"picked":"ThirdEye+1","floor":38.0},{"not_picked":["ClearTheMind+1","ThirdEye+1"],"picked":"Protect+1","floor":45.0},{"not_picked":["ReachHeaven","Pray+1","CrushJoints+1"],"picked":"SKIP","floor":45.0},{"not_picked":["FlurryOfBlows+1","Adaptation"],"picked":"Scrawl+1","floor":46.0},{"not_picked":["PathToVictory+1","JustLucky"],"picked":"Halt+1","floor":46.0},{"not_picked":["Evaluate+1","WindmillStrike+1","FlurryOfBlows"],"picked":"SKIP","floor":48.0}],"player_experience":312918,"relics_obtained":[{"floor":7.0,"key":"Centennial Puzzle"},{"floor":9.0,"key":"MawBank"},{"floor":11.0,"key":"Shuriken"},{"floor":14.0,"key":"Pear"},{"floor":23.0,"key":"Toxic Egg 2"},{"floor":26.0,"key":"WingedGreaves"},{"floor":38.0,"key":"Shovel"},{"floor":43.0,"key":"CaptainsWheel"},{"floor":48.0,"key":"Vajra"}],"event_choices":[{"damage_healed":0.0,"max_hp_gain":0.0,"max_hp_loss":0.0,"gold_gain":0.0,"event_name":"Shining Light","player_choice":"Entered Light","floor":2.0,"gold_loss":0.0,"damage_taken":14.0,"cards_upgraded":["Strike_P","Eruption"]},{"damage_healed":0.0,"max_hp_gain":0.0,"max_hp_loss":0.0,"gold_gain":0.0,"event_name":"Golden Idol","player_choice":"Take Damage","floor":3.0,"gold_loss":0.0,"damage_taken":18.0,"relics_obtained":["Golden Idol"]},{"damage_healed":0.0,"max_hp_gain":0.0,"max_hp_loss":0.0,"gold_gain":0.0,"cards_transformed":["Strike_P","Strike_P"],"event_name":"Drug Dealer","player_choice":"Became Test Subject","floor":19.0,"gold_loss":0.0,"damage_taken":0.0,"cards_obtained":["Scrawl","Vengeance"]},{"damage_healed":0.0,"max_hp_gain":0.0,"max_hp_loss":0.0,"gold_gain":0.0,"event_name":"Cursed Tome","player_choice":"Ignored","floor":20.0,"gold_loss":0.0,"damage_taken":0.0},{"damage_healed":0.0,"max_hp_gain":0.0,"max_hp_loss":0.0,"gold_gain":0.0,"event_name":"Upgrade Shrine","player_choice":"Upgraded","floor":21.0,"gold_loss":0.0,"damage_taken":0.0,"cards_upgraded":["Scrawl"]},{"damage_healed":0.0,"max_hp_gain":0.0,"max_hp_loss":0.0,"gold_gain":0.0,"event_name":"The Library","player_choice":"Read","floor":30.0,"gold_loss":0.0,"damage_taken":0.0,"cards_obtained":["ThirdEye"]},{"damage_healed":0.0,"max_hp_gain":0.0,"max_hp_loss":0.0,"gold_gain":0.0,"event_name":"Tomb of Lord Red Mask","player_choice":"Ignored","floor":37.0,"gold_loss":0.0,"damage_taken":0.0},{"damage_healed":0.0,"max_hp_gain":0.0,"max_hp_loss":0.0,"gold_gain":0.0,"event_name":"MindBloom","player_choice":"Fight","floor":38.0,"gold_loss":0.0,"damage_taken":0.0},{"damage_healed":0.0,"max_hp_gain":0.0,"max_hp_loss":4.0,"gold_gain":0.0,"event_name":"Winding Halls","player_choice":"Max HP","floor":47.0,"gold_loss":0.0,"damage_taken":0.0}],"is_beta":false,"boss_relics":[{"not_picked":["Coffee Dripper","VioletLotus"],"picked":"Philosopher\u0027s Stone"},{"not_picked":["Calling Bell","Cursed Key"],"picked":"Sozu"}],"items_purged_floors":[36,39],"is_endless":false,"potions_floor_spawned":[5,8,13,23,25,27,29,35,48],"ascension_level":2}}