{"host":"agflykcedf93aoo8","time":1609517086,"event":{"mods":["BaseMod","Hermit","Minty Spire (QoL Compilation)","StSLib","Td1madao Mod","The Bug Knight","The Cursed","The Gatherer","The Hierophant","The Runesmith"],"gold_per_floor":[119,119,294,244,96,123,140,140,165,192,192,267,267,282,282,383,383,401,74,87,87,186,219,219,219,219,219,247,247,263,298,298,393,393,413,413,413,413,413,442,458,508,508,508,22,22,72,88,88,88],"floor_reached":51,"playtime":3466,"items_purged":["hermit:Snapshot","Pain"],"score":826,"play_id":"fdc102dc-4c69-47be-84fd-ba543f3f643d","local_time":"20210102010446","is_ascension_mode":true,"campfire_choices":[{"data":"hermit:HighCaliber","floor":11.0,"key":"SMITH"},{"floor":13.0,"key":"REST"},{"floor":15.0,"key":"REST"},{"data":"hermit:Brawl","floor":24.0,"key":"SMITH"},{"data":"hermit:Strike_Hermit","floor":29.0,"key":"SMITH"},{"floor":32.0,"key":"REST"},{"data":"1","floor":44,"key":"LIFT"},{"floor":46,"key":"REST"},{"floor":49,"key":"REST"}],"circlet_count":0,"master_deck":["hermit:Strike_Hermit","hermit:Strike_Hermit","hermit:Strike_Hermit","hermit:Strike_Hermit+1","hermit:Defend_Hermit+1","hermit:Defend_Hermit+1","hermit:Covet","hermit:HighCaliber+1","hermit:Deadeye+1","hermit:Magnum+1","hermit:LoneWolf+1","hermit:Brawl+1","hermit:Enervate+1","Writhe","hermit:Showdown+1","hermit:FinalCanter","hermit:FlashPowder+1","hermit:Magnum","Madness","Madness","hermit:CalledShot+1","hermit:Maintenance+1","Finesse","hermit:Showdown+1"],"relics":["Runic Pyramid","Oddly Smooth Stone","Bronze Scales","Juzu Bracelet","HollowMod:PaleOreRelic","Black Star","Meat on the Bone","Strawberry","Whetstone","Mummified Hand","Du-Vu Doll","hermit:RyeStalk","HornCleat","Nunchaku","War Paint","SlaversCollar","WarpedTongs","Pocketwatch","Centennial Puzzle","Girya","FossilizedHelix","Bag of Preparation","Medical Kit","Lizard Tail"],"acts_visited":["Exordium","TheCity","TheBeyond"],"potions_floor_usage":[33,33,40,50],"damage_taken":[{"damage":2.0,"enemies":"2 Louse","floor":1.0,"turns":2.0},{"damage":24.0,"enemies":"Lagavulin","floor":6.0,"turns":5.0},{"damage":0.0,"enemies":"Small Slimes","floor":7.0,"turns":2.0},{"damage":20.0,"enemies":"3 Sentries","floor":10.0,"turns":6.0},{"damage":0.0,"enemies":"Jaw Worm","floor":14.0,"turns":2.0},{"damage":51.0,"enemies":"The Guardian","floor":16.0,"turns":14.0},{"damage":5.0,"enemies":"Spheric Guardian","floor":18.0,"turns":3.0},{"damage":29.0,"enemies":"Shell Parasite","floor":20.0,"turns":6.0},{"damage":24.0,"enemies":"HollowMod:Nosk","floor":23.0,"turns":9.0},{"damage":27.0,"enemies":"Book of Stabbing","floor":28.0,"turns":4.0},{"damage":25.0,"enemies":"Centurion and Healer","floor":30.0,"turns":4.0},{"damage":19.0,"enemies":"Slavers","floor":31.0,"turns":3.0},{"damage":42,"enemies":"Automaton","floor":33,"turns":8},{"damage":5,"enemies":"Orb Walker","floor":35,"turns":3},{"damage":15,"enemies":"Nemesis","floor":40,"turns":5},{"damage":18,"enemies":"3 Darklings","floor":41,"turns":6},{"damage":45,"enemies":"2 Orb Walkers","floor":42,"turns":4},{"damage":0,"enemies":"Mind Bloom Boss Battle","floor":47,"turns":3},{"damage":0,"enemies":"Maw","floor":48,"turns":5},{"damage":48,"enemies":"Awakened One","floor":50,"turns":11}],"seed_played":"570325025696171887","potions_obtained":[{"floor":1.0,"key":"Energy Potion"},{"floor":7.0,"key":"SneckoOil"},{"floor":23.0,"key":"PowerPotion"},{"floor":28.0,"key":"Weak Potion"},{"floor":30.0,"key":"ColorlessPotion"},{"floor":31.0,"key":"SneckoOil"},{"floor":35,"key":"FearPotion"},{"floor":42,"key":"Dexterity Potion"}],"is_trial":false,"path_per_floor":["M","?","?","?","$","E","M","$","T","E","R","?","R","M","R","B",null,"M","$","M","?","?","E","R","?","T","?","E","R","M","E","R","B",null,"M","?","?","?","?","E","M","?","T","R","$","R","?","M","R","B",null],"character_chosen":"HERMIT","items_purchased":["Oddly Smooth Stone","Meat on the Bone","Bag of Preparation","Medical Kit","Finesse"],"campfire_rested":5,"item_purchase_floors":[5,19,45,45,45],"current_hp_per_floor":[73,66,66,66,66,42,42,42,42,22,22,11,33,33,55,4,75,70,70,41,41,41,36,36,63,63,63,48,48,35,28,52,22,82,77,77,77,77,67,52,46,13,13,13,13,37,49,49,73,37],"gold":88,"neow_bonus":"BOSS_RELIC","is_daily":false,"chose_seed":false,"campfire_upgraded":3,"win_rate":0.0,"timestamp":1609517086,"path_taken":["M","?","?","?","?","E","M","$","T","E","R","?","R","M","R","BOSS","M","$","M","?","?","E","R","?","T","?","E","R","M","E","R","BOSS","M","?","?","?","?","E","M","?","T","R","$","R","?","M","R","BOSS"],"items_purchased_type":["Relic","Relic","Relic","Relic","Card"],"build_version":"2020-12-22","purchased_purges":2,"victory":true,"max_hp_per_floor":[75,75,75,75,75,75,75,75,75,75,75,75,75,75,75,75,75,75,75,75,75,75,82,82,82,82,82,82,82,82,82,82,82,82,82,82,82,82,82,82,82,82,82,82,82,82,82,82,82,82],"card_choices":[{"not_picked":["hermit:Headshot","hermit:BodyArmor"],"picked":"hermit:HighCaliber","floor":1.0},{"not_picked":["hermit:Desperado","hermit:TrackingShot","hermit:BodyArmor"],"picked":"SKIP","floor":6.0},{"not_picked":["hermit:Roulette","hermit:HoleUp"],"picked":"hermit:Deadeye","floor":7.0},{"not_picked":["hermit:Headshot","hermit:ShadowCloak","hermit:OverwhelmingPower"],"picked":"SKIP","floor":10.0},{"not_picked":["hermit:Misfire","hermit:Manifest","hermit:TrackingShot"],"picked":"SKIP","floor":14.0},{"not_picked":["hermit:OverwhelmingPower","hermit:DeadOrAlive"],"picked":"hermit:Magnum","floor":16.0},{"not_picked":["hermit:Coalescence","hermit:PistolWhip"],"picked":"hermit:LoneWolf+1","floor":18.0},{"not_picked":["hermit:Vantage","hermit:Roulette+1"],"picked":"hermit:Brawl","floor":20.0},{"not_picked":["hermit:Adapt","hermit:Coalescence"],"picked":"hermit:Enervate+1","floor":23.0},{"not_picked":["hermit:Roulette","hermit:Coalescence"],"picked":"hermit:Showdown+1","floor":28.0},{"not_picked":["hermit:Manifest+1","hermit:HoleUp"],"picked":"hermit:FinalCanter","floor":30.0},{"not_picked":["hermit:Roulette","hermit:Headshot"],"picked":"hermit:FlashPowder+1","floor":31.0},{"not_picked":["hermit:FromBeyond","hermit:EternalForm"],"picked":"hermit:Magnum","floor":33},{"not_picked":["hermit:Cheat+1","hermit:HoleUp","hermit:LowProfile+1"],"picked":"SKIP","floor":35},{"not_picked":["hermit:SprayPray+1","hermit:TrackingShot+1"],"picked":"hermit:CalledShot+1","floor":40},{"not_picked":["hermit:PistolWhip","hermit:Malice"],"picked":"hermit:Maintenance+1","floor":41},{"not_picked":["hermit:Quickdraw+1","hermit:WideOpen+1"],"picked":"hermit:Showdown+1","floor":47},{"not_picked":["hermit:ItchyTrigger","hermit:Headshot","hermit:Horror"],"picked":"SKIP","floor":48}],"player_experience":362600,"relics_obtained":[{"floor":6.0,"key":"Bronze Scales"},{"floor":9.0,"key":"Juzu Bracelet"},{"floor":10.0,"key":"HollowMod:PaleOreRelic"},{"floor":23.0,"key":"Strawberry"},{"floor":23.0,"key":"Whetstone"},{"floor":26.0,"key":"Mummified Hand"},{"floor":28.0,"key":"hermit:RyeStalk"},{"floor":28.0,"key":"HornCleat"},{"floor":31.0,"key":"Nunchaku"},{"floor":31.0,"key":"War Paint"},{"floor":40,"key":"Pocketwatch"},{"floor":40,"key":"Centennial Puzzle"},{"floor":42,"key":"Girya"},{"floor":43,"key":"FossilizedHelix"},{"floor":47,"key":"Lizard Tail"}],"event_choices":[{"cards_removed":["hermit:Defend_Hermit"],"damage_healed":0.0,"max_hp_gain":0.0,"max_hp_loss":0.0,"gold_gain":0.0,"event_name":"Golden Wing","player_choice":"Card Removal","floor":2.0,"gold_loss":0.0,"damage_taken":7.0},{"damage_healed":0.0,"max_hp_gain":0.0,"max_hp_loss":0.0,"gold_gain":175.0,"event_name":"Liars Game","player_choice":"AGREE","floor":3.0,"gold_loss":0.0,"damage_taken":0.0,"cards_obtained":["Doubt"]},{"cards_removed":["Doubt"],"damage_healed":0.0,"max_hp_gain":0.0,"max_hp_loss":0.0,"gold_gain":0.0,"event_name":"The Cleric","player_choice":"Card Removal","floor":4.0,"gold_loss":50.0,"damage_taken":0.0},{"damage_healed":0.0,"max_hp_gain":0.0,"max_hp_loss":0.0,"gold_gain":75.0,"event_name":"World of Goop","player_choice":"Gather Gold","floor":12.0,"gold_loss":0.0,"damage_taken":11.0},{"damage_healed":0.0,"max_hp_gain":0.0,"max_hp_loss":0.0,"gold_gain":0.0,"event_name":"Vampires","player_choice":"Ignored","floor":21.0,"gold_loss":0.0,"damage_taken":0.0},{"damage_healed":0.0,"max_hp_gain":0.0,"max_hp_loss":0.0,"gold_gain":99.0,"event_name":"Nest","player_choice":"Stole From Cult","floor":22.0,"gold_loss":0.0,"damage_taken":0.0},{"damage_healed":27.0,"max_hp_gain":0.0,"max_hp_loss":0.0,"gold_gain":0.0,"event_name":"The Library","player_choice":"Heal","floor":25.0,"gold_loss":0.0,"damage_taken":0.0},{"damage_healed":0.0,"max_hp_gain":0.0,"max_hp_loss":0.0,"gold_gain":0.0,"event_name":"The Mausoleum","player_choice":"Opened","floor":27.0,"gold_loss":0.0,"damage_taken":0.0,"relics_obtained":["Du-Vu Doll"],"cards_obtained":["Writhe"]},{"cards_removed":["hermit:Defend_Hermit"],"damage_healed":0,"gold_gain":0,"player_choice":"Removed Skill","damage_taken":0,"max_hp_gain":0,"max_hp_loss":0,"event_name":"Falling","floor":36,"gold_loss":0},{"damage_healed":0,"gold_gain":0,"player_choice":"Rummage","damage_taken":0,"relics_obtained":["WarpedTongs"],"max_hp_gain":0,"max_hp_loss":0,"event_name":"Accursed Blacksmith","floor":37,"gold_loss":0,"cards_obtained":["Pain"]},{"damage_healed":0,"gold_gain":0,"player_choice":"Ignored","damage_taken":0,"max_hp_gain":0,"max_hp_loss":0,"event_name":"SecretPortal","floor":38,"gold_loss":0},{"damage_healed":0,"gold_gain":0,"player_choice":"Embrace Madness","damage_taken":10,"max_hp_gain":0,"max_hp_loss":0,"event_name":"Winding Halls","floor":39,"gold_loss":0,"cards_obtained":["Madness","Madness"]},{"damage_healed":0,"gold_gain":0,"player_choice":"Fight","damage_taken":0,"max_hp_gain":0,"max_hp_loss":0,"event_name":"Mysterious Sphere","floor":42,"gold_loss":0},{"damage_healed":0,"gold_gain":0,"player_choice":"Fight","damage_taken":0,"max_hp_gain":0,"max_hp_loss":0,"event_name":"MindBloom","floor":47,"gold_loss":0}],"is_beta":false,"boss_relics":[{"not_picked":["Cursed Key","Coffee Dripper"],"picked":"Black Star"},{"not_picked":["Snecko Eye","Calling Bell"],"picked":"SlaversCollar"}],"items_purged_floors":[19,45],"is_endless":false,"potions_floor_spawned":[1,7,23,28,30,31,35,42],"ascension_level":2}}