{"host":"m78cb9j8mt6kw0f2","time":1609477941,"event":{"mods":["Act Like it!","BaseMod","Best Route Mod","BetterRewards","Colored Powertips","Downfall","Friendly Minions","Highlight Path","Kiyohime£®«Âºß£©","Marisa£®ÏF”Í°°ƒß¿Ì…≥£©","Minty Spire (QoL Compilation)","Quick Restart","Random Character Button","Reimu£®≤©¿ˆ¡È√Œ£©","Remilia£®¿Ÿ√◊¿Ú—«£©","Replay The Spire","Shop Mod","StSLib","SuperFastMode","Synergy Search","Td1madao Mod","The Cursed","Youmu£®ªÍ∆«—˝√Œ£©","slay the spire mod where everything is the same but ironclad has a cowboy hat"],"gold_per_floor":[99,115,129,140,156,166,166,186,186,186,219,238,238,265,278,377,377,377,388,405,465,483,483,483,514,525,525,544,562,573,588,602,702,702,702,369,369,385,96,96,96,116,130,130,30,30,56,76,88,88],"floor_reached":51,"playtime":1818,"items_purged":["Sickly","Writhe"],"score":844,"play_id":"42c574d9-8b2b-49e9-9358-aaf5c9a12ad8","local_time":"20210101131221","is_ascension_mode":false,"campfire_choices":[{"data":"1","floor":1.0,"key":"LIFT"},{"data":"2","floor":10.0,"key":"LIFT"},{"data":"3","floor":13.0,"key":"LIFT"},{"data":"Strike_RM","floor":18,"key":"PURGE"},{"data":"QueenOfMidnight","floor":23,"key":"SMITH"},{"data":"CurseOfVladTepes","floor":35,"key":"SMITH"},{"data":"BloodySeventeenLaser","floor":40,"key":"SMITH"},{"floor":44,"key":"RECALL"},{"data":"BloodyTrap","floor":46,"key":"SMITH"}],"circlet_count":0,"master_deck":["ScarletShoot","VampirishNight","NightDance","VampireFantasy","DevilSight","UltimateOffering","BloodyTrap+1","BlasphemousPunishment+1","QueenOfMidnight+1","RedRainbow+1","BloodySeventeenLaser+1","BloodAndWine+1","ReincarnationDial+1","ForecastOfChange","BombardNight+1","VampireFantasy+1","BadLadyScramble+1","CurseOfVladTepes+1"],"relics":["ScarletHat","Girya","Unceasing Top","Toxic Egg 2","Kintsugi","Bronze Scales","Onion Ring","Replay:WaspNest","Empty Cage","RedBat","ReplayTheSpireMod:Ninjato","ReplayTheSpireMod:Shallot","Eternal Feather"],"acts_visited":["Exordium","TheCity","TheBeyond"],"potions_floor_usage":[],"damage_taken":[{"damage":6.0,"enemies":"Jaw Worm","floor":2.0,"turns":2.0},{"damage":1.0,"enemies":"Cultist","floor":3.0,"turns":3.0},{"damage":0.0,"enemies":"2 Louse","floor":4.0,"turns":4.0},{"damage":7.0,"enemies":"Blue Slaver","floor":5.0,"turns":4.0},{"damage":2.0,"enemies":"Exordium Wildlife","floor":6.0,"turns":5.0},{"damage":7.0,"enemies":"Exordium Thugs","floor":8.0,"turns":6.0},{"damage":13.0,"enemies":"Lagavulin","floor":11.0,"turns":8.0},{"damage":0.0,"enemies":"Gremlin Gang","floor":12.0,"turns":1.0},{"damage":33.0,"enemies":"3 Sentries","floor":14.0,"turns":1.0},{"damage":8.0,"enemies":"Blue Slaver","floor":15.0,"turns":5.0},{"damage":39,"enemies":"downfall:Ironclad","floor":16,"turns":9},{"damage":49,"enemies":"Spheric Guardian","floor":19,"turns":4},{"damage":57,"enemies":"Shelled Parasite and Fungi","floor":20,"turns":2},{"damage":10,"enemies":"3 Cultists","floor":22,"turns":3},{"damage":4,"enemies":"Slavers","floor":25,"turns":2},{"damage":11,"enemies":"Snecko","floor":26,"turns":3},{"damage":24,"enemies":"Snake Plant","floor":28,"turns":3},{"damage":10,"enemies":"Chosen and Byrds","floor":29,"turns":1},{"damage":23,"enemies":"Centurion and Healer","floor":30,"turns":3},{"damage":10,"enemies":"Snake Plant","floor":31,"turns":2},{"damage":7,"enemies":"Chosen and Byrds","floor":32,"turns":3},{"damage":25,"enemies":"downfall:Defect","floor":33,"turns":4},{"damage":49,"enemies":"3 Darklings","floor":38,"turns":2},{"damage":62,"enemies":"downfall:FleeingMerchant","floor":39,"turns":4},{"damage":8,"enemies":"Orb Walker","floor":42,"turns":3},{"damage":0,"enemies":"Jaw Worm Horde","floor":43,"turns":2},{"damage":5,"enemies":"Reptomancer","floor":47,"turns":2},{"damage":115,"enemies":"Transient","floor":48,"turns":5},{"damage":19,"enemies":"Sphere and 2 Shapes","floor":49,"turns":1},{"damage":48,"enemies":"downfall:Watcher","floor":50,"turns":2}],"seed_played":"-1539606366177563631","potions_obtained":[{"floor":4.0,"key":"DistilledChaos"},{"floor":8.0,"key":"DuplicationPotion"},{"floor":11.0,"key":"GamblersBrew"}],"is_trial":false,"path_per_floor":["R","M","M","M","M","M","T","M","?","R","E","M","R","E","M","B",null,"R","M","M","?","M","R","T","E","M","?","M","M","M","M","M","B",null,"R","?","?","M","$","R","T","M","M","R","$","R","E","M","M","B",null],"character_chosen":"REMILIA","items_purchased":["RedBat","ReplayTheSpireMod:Ninjato"],"campfire_rested":0,"item_purchase_floors":[39,39],"current_hp_per_floor":[54,48,52,58,55,59,59,59,59,59,52,64,64,40,36,6,75,75,68,56,26,34,34,34,37,38,38,30,30,26,34,43,55,75,75,84,84,84,84,84,84,84,84,84,84,84,84,84,81,84],"gold":88,"neow_bonus":"ONE_RARE_RELIC","is_daily":false,"chose_seed":false,"campfire_upgraded":4,"win_rate":0.0,"timestamp":1609477941,"path_taken":["R","M","M","M","M","M","T","M","?","R","E","?","R","E","M","BOSS","R","M","M","?","M","R","T","E","M","?","M","M","M","M","M","BOSS","R","?","?","?","$","R","T","M","M","R","$","R","E","M","M","BOSS"],"items_purchased_type":["Relic","Relic"],"build_version":"2020-12-22","purchased_purges":2,"victory":true,"max_hp_per_floor":[75,75,75,75,75,75,75,75,75,75,75,75,75,75,75,75,75,75,75,75,75,75,75,75,75,75,75,75,75,75,75,75,75,75,75,84,84,84,84,84,84,84,84,84,84,84,84,84,84,84],"card_choices":[{"not_picked":["BloodHunter","ScarletGensokyo"],"picked":"VampirishNight","floor":2.0},{"not_picked":["VampireKiss","VampireSweep"],"picked":"NightDance","floor":3.0},{"not_picked":["DiffusionOfMisfortune","StarOfDavid"],"picked":"VampireFantasy","floor":4.0},{"not_picked":["StarOfDavid","DemonKingCradle"],"picked":"DevilSight","floor":5.0},{"not_picked":["ScarletDevil","UnstableMagic","FavorOfDestiny"],"picked":"SKIP","floor":6.0},{"not_picked":["EndlessAdversity","ForbiddenFruit","CharismaGuard"],"picked":"SKIP","floor":8.0},{"not_picked":["BloodHunter","ScarletDevil"],"picked":"UltimateOffering","floor":11.0},{"not_picked":["BloodHunter","BloodRain"],"picked":"BloodyTrap","floor":12.0},{"not_picked":["Stigmanizer","BloodyTrap+1","NightLord"],"picked":"SKIP","floor":14.0},{"not_picked":["BloodyTrap+1","MastersStateliness"],"picked":"BlasphemousPunishment+1","floor":15.0},{"not_picked":["BloodRain+1","TricksterDevil"],"picked":"QueenOfMidnight","floor":16},{"not_picked":["StarOfDavid","NightDance","DiffusionOfMisfortune"],"picked":"SKIP","floor":19},{"not_picked":["FitfulNightmare+1","Stigmanizer"],"picked":"RedRainbow+1","floor":20},{"not_picked":["MastersStateliness+1","NightDance+1"],"picked":"BloodySeventeenLaser","floor":21},{"not_picked":["CharismaGuard","ScarletImprint"],"picked":"BloodAndWine+1","floor":22},{"not_picked":["VampireKiss","MillenniumVampire+1","FavorOfDestiny+1"],"picked":"SKIP","floor":25},{"not_picked":["NightDance","FavorOfDestiny+1"],"picked":"ReincarnationDial+1","floor":26},{"not_picked":["BloodHunter+1","MillenniumVampire+1"],"picked":"ForecastOfChange","floor":28},{"not_picked":["VampireClaw","UnstableMagic+1"],"picked":"BombardNight+1","floor":29},{"not_picked":["StarOfDavid","UnderTheZenith+1"],"picked":"VampireFantasy+1","floor":30},{"not_picked":["MastersStateliness","StarOfDavid"],"picked":"BadLadyScramble+1","floor":31},{"not_picked":["VampirishNight+1","BlasphemousPunishment+1","RedRainbow"],"picked":"SKIP","floor":32},{"not_picked":["BatForm","KillingBlow"],"picked":"CurseOfVladTepes","floor":33},{"not_picked":["EndlessAdversity","CharismaGuard+1","Septette+1"],"picked":"SKIP","floor":38},{"not_picked":["NightDance","ScarletImprint+1","ScarletDevil"],"picked":"SKIP","floor":39},{"not_picked":["BombardNight+1","CharismaGuard+1","VampireKiss+1"],"picked":"SKIP","floor":42},{"not_picked":["BadLadyScramble+1","EndlessAdversity","ChainGang+1"],"picked":"SKIP","floor":43},{"not_picked":["NightDance+1","CeilingFear+1","VampireKiss+1"],"picked":"SKIP","floor":47},{"not_picked":["EmergencyRegeneration+1","NightDance","BlasphemousPunishment+1"],"picked":"SKIP","floor":48},{"not_picked":["VampireSweep+1","ScarletImprint","TwelveNightmare"],"picked":"SKIP","floor":49}],"player_experience":256946,"relics_obtained":[{"floor":11.0,"key":"Unceasing Top"},{"floor":14.0,"key":"Toxic Egg 2"},{"floor":21,"key":"Bronze Scales"},{"floor":24,"key":"Onion Ring"},{"floor":25,"key":"Replay:WaspNest"},{"floor":41,"key":"ReplayTheSpireMod:Shallot"},{"floor":47,"key":"Eternal Feather"}],"event_choices":[{"cards_removed":["Defend_RM"],"damage_healed":0.0,"max_hp_gain":0.0,"max_hp_loss":0.0,"gold_gain":0.0,"event_name":"Bonfire Elementals","player_choice":"Offered Basic","floor":9.0,"gold_loss":0.0,"damage_taken":0.0},{"damage_healed":0,"gold_gain":0,"player_choice":"Got Potions","damage_taken":0,"max_hp_gain":0,"max_hp_loss":0,"event_name":"Lab","floor":37,"gold_loss":0}],"is_beta":false,"boss_relics":[{"not_picked":["Runic Dome","Tiny House"],"picked":"Kintsugi"},{"not_picked":["Ring of Chaos","APieceOfRedMist"],"picked":"Empty Cage"}],"items_purged_floors":[39,45],"is_endless":false,"potions_floor_spawned":[4,8,11,12,16,22,25,26,30,31,32,38,42,47,48],"ascension_level":0}}