{"host":"5jn3rki867005t18","time":1609508186,"event":{"mods":["AchievementEnabler","BaseMod","Colored Map","DeckTracker","Highlight Path","Minty Spire (QoL Compilation)","Permanent Neow","Quick Restart","StSLib","SuperFastMode"],"gold_per_floor":[109,109,128,60,74,74,89,89,114,114,114,130,28,28,28,28,28],"floor_reached":16,"playtime":412,"items_purged":["Doubt"],"score":90,"play_id":"ad8258e8-2ae5-4ba2-91e6-26a5b472f611","local_time":"20210101223626","is_ascension_mode":false,"campfire_choices":[{"data":"MentalFortress","floor":6,"key":"SMITH"},{"data":"FollowUp","floor":8,"key":"SMITH"},{"data":"Halt","floor":10,"key":"SMITH"},{"data":"FlurryOfBlows","floor":15,"key":"SMITH"}],"circlet_count":0,"master_deck":["Strike_P","Strike_P","Strike_P","Strike_P","Defend_P","Defend_P","Defend_P","Defend_P","Eruption+1","Vigilance","Halt+1","FollowUp+1","MentalFortress+1","SashWhip","Injury","EmptyBody","FlurryOfBlows+1"],"relics":["PureWater","Happy Flower","Golden Idol"],"acts_visited":["Exordium"],"potions_floor_usage":[16],"damage_taken":[{"damage":2,"enemies":"Small Slimes","floor":1,"turns":4},{"damage":3,"enemies":"Jaw Worm","floor":3,"turns":3},{"damage":10,"enemies":"Cultist","floor":5,"turns":5},{"damage":0,"enemies":"3 Louse","floor":7,"turns":2},{"damage":4,"enemies":"Blue Slaver","floor":12,"turns":4},{"damage":76,"enemies":"Slime Boss","floor":16,"turns":9}],"seed_played":"2224814092759934827","potions_obtained":[{"floor":12,"key":"DistilledChaos"}],"is_trial":false,"path_per_floor":["M","?","M","$","M","R","M","R","T","R","?","M","$","$","R","B"],"character_chosen":"WATCHER","items_purchased":["MentalFortress","FlurryOfBlows"],"campfire_rested":0,"item_purchase_floors":[4,13],"current_hp_per_floor":[84,84,81,81,71,71,71,71,71,71,71,67,67,67,67,0,0],"gold":28,"neow_bonus":"TWENTY_PERCENT_HP_BONUS","is_daily":false,"chose_seed":false,"campfire_upgraded":4,"win_rate":0.0,"timestamp":1609508186,"path_taken":["M","?","M","$","M","R","M","R","T","R","?","M","?","$","R","BOSS"],"items_purchased_type":["Card","Card"],"build_version":"2020-12-22","purchased_purges":1,"victory":false,"max_hp_per_floor":[86,86,86,86,86,86,86,86,86,86,86,86,86,86,86,86,86],"card_choices":[{"not_picked":["Consecrate","WreathOfFlame"],"picked":"Halt","floor":1},{"not_picked":["Crescendo","FlyingSleeves"],"picked":"FollowUp","floor":3},{"not_picked":["Consecrate","EmptyFist","Halt"],"picked":"SKIP","floor":5},{"not_picked":["Meditate","Wireheading"],"picked":"SashWhip","floor":7},{"not_picked":["CutThroughFate","JustLucky"],"picked":"EmptyBody","floor":12}],"player_experience":152361,"relics_obtained":[{"floor":9,"key":"Happy Flower"}],"event_choices":[{"damage_healed":0,"gold_gain":0,"player_choice":"Grow","damage_taken":0,"max_hp_gain":0,"max_hp_loss":0,"event_name":"Living Wall","floor":2,"gold_loss":0,"cards_upgraded":["Eruption"]},{"damage_healed":0,"gold_gain":0,"player_choice":"Take Wound","damage_taken":0,"relics_obtained":["Golden Idol"],"max_hp_gain":0,"max_hp_loss":0,"event_name":"Golden Idol","floor":11,"gold_loss":0,"cards_obtained":["Injury"]}],"is_beta":false,"boss_relics":[],"items_purged_floors":[13],"is_endless":false,"potions_floor_spawned":[12],"killed_by":"Slime Boss","ascension_level":0}}