{"host":"m77rrhbqzv44va4v","time":1609471783,"event":{"mods":["AchievementEnabler","BaseMod","Colored Map","DeckTracker","Keyboard Shortcuts","Minty Spire (QoL Compilation)","StSLib","SuperFastMode","everything is the same but u backflip on backflip"],"gold_per_floor":[115,129,139,158,158,190,202,202,202,212,230,262,279,289,289,367,367,386,399,399,416,416,416],"floor_reached":22,"playtime":840,"items_purged":[],"score":388,"play_id":"3a0597e2-6041-483a-be1e-2c39108d661d","local_time":"20210101122943","is_ascension_mode":true,"campfire_choices":[{"data":"Body Slam","floor":8.0,"key":"SMITH"},{"floor":15,"key":"REST"}],"circlet_count":0,"master_deck":["AscendersBane","Strike_R","Strike_R","Strike_R","Strike_R","Defend_R","Defend_R","Defend_R","Defend_R","Bash","Fiend Fire","Flame Barrier","Disarm","Ghostly Armor","Pommel Strike","Body Slam+1","Second Wind","Barricade","Battle Trance","Offering","Shrug It Off","Entrench"],"relics":["Black Blood","Art of War","InkBottle","Letter Opener"],"acts_visited":["Exordium","TheCity"],"potions_floor_usage":[14,16,22],"damage_taken":[{"damage":1.0,"enemies":"Cultist","floor":1.0,"turns":3.0},{"damage":7.0,"enemies":"Jaw Worm","floor":2.0,"turns":2.0},{"damage":5.0,"enemies":"2 Louse","floor":3.0,"turns":4.0},{"damage":12.0,"enemies":"Blue Slaver","floor":4.0,"turns":5.0},{"damage":27.0,"enemies":"3 Sentries","floor":6.0,"turns":10.0},{"damage":2.0,"enemies":"2 Fungi Beasts","floor":7.0,"turns":3.0},{"damage":1.0,"enemies":"Looter","floor":10.0,"turns":4.0},{"damage":0.0,"enemies":"Blue Slaver","floor":11.0,"turns":2.0},{"damage":56.0,"enemies":"Gremlin Nob","floor":12.0,"turns":5.0},{"damage":7.0,"enemies":"Lots of Slimes","floor":13.0,"turns":4.0},{"damage":0,"enemies":"Exordium Thugs","floor":14,"turns":4},{"damage":5,"enemies":"Hexaghost","floor":16,"turns":11},{"damage":16,"enemies":"2 Thieves","floor":18,"turns":3},{"damage":17,"enemies":"Shell Parasite","floor":19,"turns":3},{"damage":27,"enemies":"Centurion and Healer","floor":21,"turns":8},{"damage":44,"enemies":"Sentry and Sphere","floor":22,"turns":6}],"seed_played":"-5114120758954843412","potions_obtained":[{"floor":3.0,"key":"BlessingOfTheForge"},{"floor":4.0,"key":"BloodPotion"},{"floor":6.0,"key":"Fire Potion"},{"floor":13.0,"key":"Fire Potion"},{"floor":14,"key":"PowerPotion"},{"floor":19,"key":"Swift Potion"}],"is_trial":false,"path_per_floor":["M","M","M","M","?","E","M","R","T","M","M","E","M","M","R","B",null,"M","M","?","M","M"],"character_chosen":"IRONCLAD","items_purchased":[],"campfire_rested":1,"item_purchase_floors":[],"current_hp_per_floor":[55,54,55,49,49,28,32,32,32,37,43,8,7,13,35,36,65,61,56,56,41,0,0],"gold":416,"neow_bonus":"THREE_RARE_CARDS","is_daily":false,"chose_seed":false,"campfire_upgraded":1,"win_rate":0.0,"timestamp":1609471783,"path_taken":["M","M","?","M","?","E","M","R","T","M","M","E","?","M","R","BOSS","M","M","?","M","M"],"items_purchased_type":[],"build_version":"2020-12-22","purchased_purges":0,"victory":false,"max_hp_per_floor":[75,75,75,75,75,75,75,75,75,75,75,75,75,75,75,75,75,75,75,75,75,75,75],"card_choices":[{"not_picked":["Demon Form","Barricade"],"picked":"Fiend Fire","floor":0.0},{"not_picked":["Flex","Dual Wield"],"picked":"Flame Barrier","floor":1.0},{"not_picked":["Reckless Charge","Anger"],"picked":"Disarm","floor":2.0},{"not_picked":["Armaments","Iron Wave"],"picked":"Ghostly Armor","floor":3.0},{"not_picked":["Reckless Charge","Armaments"],"picked":"Pommel Strike","floor":4.0},{"not_picked":["Clothesline","Intimidate"],"picked":"Body Slam","floor":6.0},{"not_picked":["Headbutt","Cleave","Fiend Fire"],"picked":"SKIP","floor":7.0},{"not_picked":["Flex","Searing Blow","Sword Boomerang"],"picked":"SKIP","floor":10.0},{"not_picked":["Metallicize","Pommel Strike"],"picked":"Second Wind","floor":11.0},{"not_picked":["Body Slam","Burning Pact"],"picked":"Barricade","floor":12.0},{"not_picked":["Sever Soul","Armaments"],"picked":"Battle Trance","floor":13.0},{"not_picked":["Havoc","Whirlwind","Heavy Blade"],"picked":"SKIP","floor":14},{"not_picked":["Juggernaut","Fiend Fire"],"picked":"Offering","floor":16},{"not_picked":["Sword Boomerang","Havoc"],"picked":"Shrug It Off","floor":18},{"not_picked":["Whirlwind","Warcry+1","Heavy Blade"],"picked":"SKIP","floor":19},{"not_picked":["Flex","Thunderclap","Pommel Strike+1"],"picked":"SKIP","floor":21}],"player_experience":865220,"relics_obtained":[{"floor":6.0,"key":"Art of War"},{"floor":9.0,"key":"InkBottle"},{"floor":12.0,"key":"Letter Opener"}],"event_choices":[{"cards_removed":["Strike_R"],"damage_healed":0.0,"max_hp_gain":0.0,"max_hp_loss":0.0,"gold_gain":0.0,"event_name":"Purifier","player_choice":"Purged","floor":5.0,"gold_loss":0.0,"damage_taken":0.0},{"damage_healed":0,"gold_gain":0,"player_choice":"Read","damage_taken":0,"max_hp_gain":0,"max_hp_loss":0,"event_name":"The Library","floor":20,"gold_loss":0,"cards_obtained":["Entrench"]}],"is_beta":false,"boss_relics":[{"not_picked":["Velvet Choker","SlaversCollar"],"picked":"Black Blood"}],"items_purged_floors":[],"is_endless":false,"potions_floor_spawned":[3,4,6,13,14,19],"killed_by":"Sentry and Sphere","ascension_level":18}}