{"host":"t3am9egsh7oyry6t","time":1609533986,"event":{"mods":["AchievementEnabler","BaseMod","Colored Powertips","Googly Eyes","Minty Spire (QoL Compilation)","Relic Stats","StSLib","Synergy Search"],"gold_per_floor":[116,132,9,24,40,69,69,42,65,99,174,174,174],"floor_reached":12,"playtime":413,"items_purged":["Strike_R"],"score":141,"play_id":"cf2a8afc-9b2a-4b14-8e92-35cb9823af8b","local_time":"20210101124626","is_ascension_mode":true,"campfire_choices":[{"data":"Offering","floor":7,"key":"SMITH"}],"circlet_count":0,"master_deck":["AscendersBane","Strike_R","Strike_R","Strike_R","Strike_R","Defend_R+1","Defend_R","Defend_R","Defend_R+1","Bash","Infernal Blade","Headbutt","Inflame","Cleave","Offering+1","Thunderclap","Thunderclap"],"relics":["Burning Blood","Nunchaku","Anchor","War Paint"],"acts_visited":[],"potions_floor_usage":[6,6,12],"damage_taken":[{"damage":11,"enemies":"Cultist","floor":1,"turns":4},{"damage":2,"enemies":"Jaw Worm","floor":2,"turns":3},{"damage":3,"enemies":"Small Slimes","floor":4,"turns":3},{"damage":34,"enemies":"Exordium Thugs","floor":5,"turns":5},{"damage":30,"enemies":"3 Sentries","floor":6,"turns":6},{"damage":36,"enemies":"Lagavulin","floor":10,"turns":4},{"damage":6,"enemies":"Gremlin Nob","floor":12,"turns":2}],"seed_played":"2984462986898329859","potions_obtained":[{"floor":2,"key":"SpeedPotion"},{"floor":10,"key":"DuplicationPotion"}],"is_trial":false,"path_per_floor":["M","M","$","M","M","E","R","$","T","E","?","E"],"character_chosen":"IRONCLAD","items_purchased":["BloodPotion","Thunderclap"],"campfire_rested":0,"item_purchase_floors":[3,8],"current_hp_per_floor":[75,79,79,82,54,47,47,47,47,17,6,0,0],"gold":174,"neow_bonus":"TEN_PERCENT_HP_BONUS","is_daily":false,"chose_seed":false,"campfire_upgraded":1,"win_rate":0.0,"timestamp":1609533986,"path_taken":["M","M","$","M","M","E","R","$","T","E","?","E"],"items_purchased_type":["Potion","Card"],"build_version":"2020-12-22","purchased_purges":1,"victory":false,"max_hp_per_floor":[88,88,88,88,88,88,88,88,88,88,88,88,88],"relic_stats":{"Nunchaku":[1],"counters":[7,27],"War Paint":["Defend_R","Defend_R"],"obtain_stats":[{"Nunchaku":6,"Anchor":9,"War Paint":10,"Burning Blood":0},{"Nunchaku":5,"Anchor":5,"War Paint":6,"Burning Blood":0},{"Nunchaku":21,"Anchor":21,"War Paint":25,"Burning Blood":0}],"Burning Blood":36},"card_choices":[{"not_picked":["Headbutt","Rampage"],"picked":"Infernal Blade","floor":1},{"not_picked":["Clothesline","Sentinel"],"picked":"Headbutt","floor":2},{"not_picked":["Iron Wave","Thunderclap"],"picked":"Inflame","floor":4},{"not_picked":["Clash","Hemokinesis"],"picked":"Cleave","floor":5},{"not_picked":["Burning Pact","Reckless Charge"],"picked":"Offering","floor":6},{"not_picked":["Inflame","Headbutt"],"picked":"Thunderclap","floor":10}],"player_experience":472816,"relics_obtained":[{"floor":6,"key":"Nunchaku"},{"floor":9,"key":"Anchor"},{"floor":10,"key":"War Paint"}],"event_choices":[{"damage_healed":0,"gold_gain":75,"player_choice":"Gather Gold","damage_taken":11,"max_hp_gain":0,"max_hp_loss":0,"event_name":"World of Goop","floor":11,"gold_loss":0}],"is_beta":false,"boss_relics":[],"items_purged_floors":[3],"is_endless":false,"potions_floor_spawned":[2,10],"killed_by":"Gremlin Nob","ascension_level":12}}