{"host":"g7trc0x2teqyd8ye","time":1609513379,"event":{"mods":["BaseMod","Key Reminder","Minty Spire (QoL Compilation)","Relic Stats"],"gold_per_floor":[10,26,41,54,74,74,87,118,118,118,193,193,193,21,21,21,21],"floor_reached":16,"playtime":857,"items_purged":[],"score":224,"play_id":"845aba4d-3929-4e9f-b34a-b1a20ec36611","local_time":"20210101160259","is_ascension_mode":true,"campfire_choices":[{"data":"Feed","floor":6,"key":"SMITH"},{"floor":10,"key":"REST"},{"data":"Disarm","floor":12,"key":"SMITH"},{"floor":15,"key":"REST"}],"circlet_count":0,"master_deck":["AscendersBane","Strike_R","Strike_R","Strike_R","Strike_R","Strike_R","Defend_R+1","Defend_R","Defend_R","Defend_R","Bash","Feed+1","Ghostly Armor","Pommel Strike","Cleave","Feel No Pain","Dual Wield+1","Iron Wave","Disarm+1","Dropkick","Havoc"],"relics":["Burning Blood","Potion Belt","Omamori"],"acts_visited":["Exordium"],"potions_floor_usage":[4,5,8,16,16],"damage_taken":[{"damage":6,"enemies":"Cultist","floor":1,"turns":3},{"damage":11,"enemies":"Small Slimes","floor":2,"turns":8},{"damage":15,"enemies":"2 Louse","floor":3,"turns":2},{"damage":17,"enemies":"Exordium Thugs","floor":4,"turns":6},{"damage":7,"enemies":"3 Louse","floor":5,"turns":2},{"damage":19,"enemies":"Blue Slaver","floor":7,"turns":8},{"damage":26,"enemies":"Gremlin Nob","floor":8,"turns":4},{"damage":46,"enemies":"Hexaghost","floor":16,"turns":13}],"seed_played":"6453224152893966003","potions_obtained":[{"floor":1,"key":"Energy Potion"},{"floor":4,"key":"BlessingOfTheForge"},{"floor":5,"key":"SteroidPotion"},{"floor":8,"key":"SkillPotion"}],"is_trial":false,"path_per_floor":["M","M","M","M","M","R","M","E","T","R","?","R","?","$","R","B"],"character_chosen":"IRONCLAD","items_purchased":["Dropkick","Havoc","Block Potion"],"campfire_rested":2,"item_purchase_floors":[14,14,14],"current_hp_per_floor":[71,69,60,52,55,55,46,30,30,58,47,47,18,18,46,0,0],"gold":21,"neow_bonus":"THREE_RARE_CARDS","is_daily":false,"chose_seed":false,"campfire_upgraded":2,"win_rate":0.0,"timestamp":1609513379,"path_taken":["M","M","M","M","M","R","M","E","T","R","?","R","?","$","R","BOSS"],"items_purchased_type":["Card","Card","Potion"],"build_version":"2020-12-22","purchased_purges":0,"victory":false,"max_hp_per_floor":[78,81,81,84,88,88,92,96,96,96,96,96,96,96,96,96,96],"relic_stats":{"counters":[8,46],"obtain_stats":[{"Potion Belt":8,"Omamori":9,"Burning Blood":0},{"Potion Belt":7,"Omamori":7,"Burning Blood":0},{"Potion Belt":33,"Omamori":33,"Burning Blood":0}],"Burning Blood":42},"card_choices":[{"not_picked":["Limit Break","Juggernaut"],"picked":"Feed","floor":0},{"not_picked":["Feel No Pain","Evolve"],"picked":"Ghostly Armor","floor":1},{"not_picked":["Searing Blow","True Grit"],"picked":"Pommel Strike","floor":2},{"not_picked":["Thunderclap","Twin Strike"],"picked":"Cleave","floor":3},{"not_picked":["Iron Wave","Body Slam"],"picked":"Feel No Pain","floor":4},{"not_picked":["Shrug It Off","Anger"],"picked":"Dual Wield","floor":5},{"not_picked":["Heavy Blade","Spot Weakness"],"picked":"Iron Wave","floor":7},{"not_picked":["Immolate","Sword Boomerang"],"picked":"Disarm","floor":8}],"player_experience":858593,"relics_obtained":[{"floor":8,"key":"Potion Belt"},{"floor":9,"key":"Omamori"}],"event_choices":[{"damage_healed":0,"gold_gain":75,"player_choice":"Gather Gold","damage_taken":11,"max_hp_gain":0,"max_hp_loss":0,"event_name":"World of Goop","floor":11,"gold_loss":0},{"damage_healed":0,"gold_gain":0,"player_choice":"Entered Light","damage_taken":29,"max_hp_gain":0,"max_hp_loss":0,"event_name":"Shining Light","floor":13,"gold_loss":0,"cards_upgraded":["Dual Wield","Defend_R"]}],"is_beta":false,"boss_relics":[],"items_purged_floors":[],"is_endless":false,"potions_floor_spawned":[1,4,5,8],"killed_by":"Hexaghost","ascension_level":19}}