{"host":"rmsq46plbpwfbxcc","time":1609525255,"event":{"mods":["AchievementEnabler","BaseMod","Colored Map","Colored Powertips","DeckTracker","KOR Keyword Fix","Minty Spire (QoL Compilation)","Permanent Neow","Quick Restart","SuperFastMode"],"gold_per_floor":[110,110,127,141,66,95,120,120,120,120,150,150,161,171,171,242,242,254,254,254,324,344,344,364,393,393,393,418,418,428,440,440,517,517,535,535,555,567,586,586,53,67,67,67,81,81,81,81],"floor_reached":47,"playtime":1435,"items_purged":["Pain","Distraction"],"score":1109,"play_id":"11d60b16-0d81-4d33-8974-4f6c83e16fc8","local_time":"20210102032055","is_ascension_mode":true,"campfire_choices":[{"data":"Blade Dance","floor":8.0,"key":"SMITH"},{"data":"Blade Dance","floor":10.0,"key":"SMITH"},{"data":"Neutralize","floor":12.0,"key":"SMITH"},{"data":"Glass Knife","floor":15.0,"key":"SMITH"},{"data":"A Thousand Cuts","floor":23.0,"key":"SMITH"},{"data":"Cloak And Dagger","floor":27.0,"key":"SMITH"},{"data":"Backflip","floor":29.0,"key":"SMITH"},{"data":"Infinite Blades","floor":32.0,"key":"SMITH"},{"data":"Calculated Gamble","floor":40.0,"key":"SMITH"},{"data":"Backstab","floor":44.0,"key":"SMITH"},{"data":"Well Laid Plans","floor":46.0,"key":"SMITH"}],"circlet_count":0,"master_deck":["AscendersBane","Survivor","Neutralize+1","Finisher+1","Calculated Gamble+1","Deflect","Choke+1","Cloak And Dagger+1","Tactician","Backstab+1","Escape Plan","Blade Dance+1","Dash","Tactician","Blade Dance+1","Glass Knife+1","A Thousand Cuts+1","Finisher+1","Acrobatics","Infinite Blades+1","Backflip+1","Acrobatics","Caltrops+1","Deflect+1","PiercingWail","Well Laid Plans+1"],"relics":["Pandora\u0027s Box","WarpedTongs","Boot","Happy Flower","StrikeDummy","Coffee Dripper","Mummified Hand","Strawberry","Whetstone","Matryoshka","PreservedInsect","Ninja Scroll","Sundial","Pear"],"acts_visited":["Exordium","TheCity","TheBeyond"],"potions_floor_usage":[47],"damage_taken":[{"damage":0.0,"enemies":"Cultist","floor":1.0,"turns":3.0},{"damage":1.0,"enemies":"2 Louse","floor":3.0,"turns":3.0},{"damage":1.0,"enemies":"Jaw Worm","floor":4.0,"turns":3.0},{"damage":29.0,"enemies":"3 Sentries","floor":6.0,"turns":9.0},{"damage":0.0,"enemies":"Large Slime","floor":13.0,"turns":3.0},{"damage":0.0,"enemies":"Blue Slaver","floor":14.0,"turns":1.0},{"damage":0.0,"enemies":"Slime Boss","floor":16.0,"turns":4.0},{"damage":4.0,"enemies":"2 Thieves","floor":18.0,"turns":3.0},{"damage":0.0,"enemies":"Spheric Guardian","floor":22.0,"turns":2.0},{"damage":6.0,"enemies":"Chosen and Byrds","floor":24.0,"turns":3.0},{"damage":0.0,"enemies":"Gremlin Leader","floor":25.0,"turns":5.0},{"damage":18.0,"enemies":"Book of Stabbing","floor":28.0,"turns":2.0},{"damage":6.0,"enemies":"Snecko","floor":30.0,"turns":4.0},{"damage":11.0,"enemies":"Centurion and Healer","floor":31.0,"turns":3.0},{"damage":3.0,"enemies":"Automaton","floor":33.0,"turns":6.0},{"damage":0.0,"enemies":"Orb Walker","floor":35.0,"turns":3.0},{"damage":22.0,"enemies":"3 Shapes","floor":37.0,"turns":4.0},{"damage":5.0,"enemies":"Sphere and 2 Shapes","floor":38.0,"turns":2.0},{"damage":27.0,"enemies":"3 Darklings","floor":39.0,"turns":3.0},{"damage":7.0,"enemies":"4 Shapes","floor":42.0,"turns":4.0},{"damage":0.0,"enemies":"Sphere and 2 Shapes","floor":45.0,"turns":2.0},{"damage":18,"enemies":"Reptomancer","floor":47,"turns":2}],"seed_played":"-9034679439494240679","potions_obtained":[{"floor":13.0,"key":"Weak Potion"},{"floor":14.0,"key":"FearPotion"},{"floor":25.0,"key":"ColorlessPotion"},{"floor":28.0,"key":"FairyPotion"},{"floor":31.0,"key":"Block Potion"},{"floor":33.0,"key":"CultistPotion"},{"floor":35.0,"key":"Fire Potion"},{"floor":45.0,"key":"Weak Potion"}],"is_trial":false,"path_per_floor":["M","?","M","M","$","E","T","R","T","R","?","R","M","M","R","B",null,"M","?","?","T","M","R","M","E","T","R","E","R","M","M","R","B",null,"M","?","M","M","M","R","$","M","T","R","M","R","E"],"character_chosen":"THE_SILENT","items_purchased":["PreservedInsect","Ninja Scroll"],"campfire_rested":0,"item_purchase_floors":[41,41],"current_hp_per_floor":[59,59,58,57,57,28,28,28,28,28,28,28,28,28,28,28,57,53,53,35,35,35,35,29,36,36,36,18,18,12,1,1,23,64,64,64,42,37,10,10,10,3,13,13,13,13,0,0],"gold":81,"neow_bonus":"BOSS_RELIC","is_daily":false,"chose_seed":false,"campfire_upgraded":11,"win_rate":0.0,"timestamp":1609525255,"path_taken":["M","?","M","?","$","E","?","R","T","R","?","R","M","M","R","BOSS","M","?","?","?","M","R","M","E","T","R","E","R","?","M","R","BOSS","M","?","M","M","M","R","$","?","T","R","M","R","E"],"items_purchased_type":["Relic","Relic"],"build_version":"2020-12-22","purchased_purges":2,"victory":false,"max_hp_per_floor":[66,66,66,66,66,66,66,66,66,66,66,66,66,66,66,66,66,66,66,71,71,71,71,71,78,78,78,78,78,78,78,78,78,78,78,78,78,78,78,78,78,78,88,88,88,88,88,88],"card_choices":[{"not_picked":["Acrobatics","Catalyst"],"picked":"Blade Dance","floor":1.0},{"not_picked":["Deflect","Riddle With Holes"],"picked":"Dash","floor":3.0},{"not_picked":["Quick Slash","Prepared"],"picked":"Tactician","floor":4.0},{"not_picked":["Masterful Stab","Concentrate"],"picked":"Blade Dance","floor":6.0},{"not_picked":["Eviscerate","Leg Sweep"],"picked":"Glass Knife","floor":13.0},{"not_picked":["Dagger Throw","Masterful Stab","Calculated Gamble"],"picked":"SKIP","floor":14.0},{"not_picked":["Night Terror","Bullet Time"],"picked":"A Thousand Cuts","floor":16.0},{"not_picked":["Outmaneuver","Backstab","Slice+1"],"picked":"SKIP","floor":18.0},{"not_picked":["Footwork","Blade Dance"],"picked":"Finisher+1","floor":22.0},{"not_picked":["Distraction","Flechettes"],"picked":"Acrobatics","floor":24.0},{"not_picked":["Underhanded Strike","Dodge and Roll"],"picked":"Infinite Blades","floor":25.0},{"not_picked":["Concentrate","Choke"],"picked":"Backflip","floor":28.0},{"not_picked":["Outmaneuver","Quick Slash","Concentrate+1"],"picked":"SKIP","floor":30.0},{"not_picked":["Dagger Spray","Deadly Poison"],"picked":"Acrobatics","floor":31.0},{"not_picked":["Dagger Throw+1","Blade Dance"],"picked":"Caltrops+1","floor":35.0},{"not_picked":["Bouncing Flask+1","Infinite Blades+1"],"picked":"Deflect+1","floor":37.0},{"not_picked":["Dodge and Roll","Flying Knee","Blade Dance+1"],"picked":"SKIP","floor":38.0},{"not_picked":["Underhanded Strike","Prepared","Skewer"],"picked":"SKIP","floor":39.0},{"not_picked":["Dagger Throw","Eviscerate"],"picked":"PiercingWail","floor":42.0},{"not_picked":["Bane","Die Die Die"],"picked":"Well Laid Plans","floor":45.0}],"player_experience":629546,"relics_obtained":[{"floor":6.0,"key":"Boot"},{"floor":7.0,"key":"Happy Flower"},{"floor":9.0,"key":"StrikeDummy"},{"floor":21.0,"key":"Mummified Hand"},{"floor":25.0,"key":"Strawberry"},{"floor":26.0,"key":"Whetstone"},{"floor":28.0,"key":"Matryoshka"},{"floor":43.0,"key":"Sundial"},{"floor":43.0,"key":"Pear"}],"event_choices":[{"damage_healed":0.0,"max_hp_gain":0.0,"max_hp_loss":0.0,"gold_gain":0.0,"event_name":"Accursed Blacksmith","player_choice":"Rummage","floor":2.0,"gold_loss":0.0,"damage_taken":0.0,"relics_obtained":["WarpedTongs"],"cards_obtained":["Pain"]},{"damage_healed":0.0,"max_hp_gain":0.0,"max_hp_loss":0.0,"gold_gain":30.0,"event_name":"Dead Adventurer","player_choice":"Searched \u00271\u0027 times","floor":11.0,"gold_loss":0.0,"damage_taken":0.0},{"damage_healed":0.0,"max_hp_gain":0.0,"max_hp_loss":0.0,"gold_gain":0.0,"event_name":"Vampires","player_choice":"Ignored","floor":19.0,"gold_loss":0.0,"damage_taken":0.0},{"damage_healed":0.0,"max_hp_gain":5.0,"max_hp_loss":0.0,"gold_gain":0.0,"event_name":"Forgotten Altar","player_choice":"Shed Blood","floor":20.0,"gold_loss":0.0,"damage_taken":23.0},{"cards_removed":["Concentrate"],"damage_healed":0.0,"max_hp_gain":0.0,"max_hp_loss":0.0,"gold_gain":0.0,"event_name":"Purifier","player_choice":"Purged","floor":36.0,"gold_loss":0.0,"damage_taken":0.0}],"is_beta":false,"boss_relics":[{"not_picked":["Sozu","Snecko Eye"],"picked":"Coffee Dripper"},{"not_picked":["Busted Crown","Cursed Key","Fusion Hammer"]}],"items_purged_floors":[5,41],"is_endless":false,"potions_floor_spawned":[13,14,25,28,31,33,35,42,45],"killed_by":"Reptomancer","ascension_level":20}}