{"host":"uv231blk40vjdojr","time":1609493010,"event":{"mods":["BaseMod","Minty Spire (QoL Compilation)","Relic Stats"],"gold_per_floor":[117,132,207,207,42,74,74,108,108,108,134,152,152,169,169,248,248,263,278,278,278,278,278,311,311,311,311,337,49,68,86,86,86,86],"floor_reached":33,"playtime":1323,"items_purged":["Strike_R+1"],"score":557,"play_id":"a8f41f28-9f65-4af4-add1-cf455c2f4757","local_time":"20210101102330","is_ascension_mode":true,"campfire_choices":[{"data":"Bash","floor":7,"key":"SMITH"},{"floor":10,"key":"REST"},{"data":"Ghostly Armor","floor":13,"key":"SMITH"},{"data":"Pommel Strike","floor":15,"key":"SMITH"},{"data":"Shockwave","floor":23,"key":"SMITH"},{"data":"Feed","floor":25,"key":"SMITH"},{"floor":27,"key":"REST"},{"data":"Mayhem","floor":32,"key":"SMITH"}],"circlet_count":0,"master_deck":["AscendersBane","Strike_R+1","Strike_R+1","Strike_R+1","Strike_R+1","Defend_R+1","Defend_R+1","Defend_R+1","Defend_R+1","Bash+1","Cleave+1","Twin Strike","Barricade","Pommel Strike+1","Cleave","Ghostly Armor+1","Evolve","Feed+1","Shockwave+1","Battle Trance","Mayhem+1"],"relics":["Burning Blood","Blood Vial","Bronze Scales","PreservedInsect","Boot","Mercury Hourglass","Ginger","Cursed Key","Dream Catcher","Nunchaku"],"acts_visited":["Exordium","TheCity"],"potions_floor_usage":[6,11,16],"damage_taken":[{"damage":9,"enemies":"Jaw Worm","floor":1,"turns":4},{"damage":4,"enemies":"Small Slimes","floor":2,"turns":4},{"damage":15,"enemies":"3 Sentries","floor":6,"turns":6},{"damage":20,"enemies":"Lagavulin","floor":8,"turns":6},{"damage":8,"enemies":"Gremlin Nob","floor":11,"turns":3},{"damage":0,"enemies":"2 Louse","floor":12,"turns":2},{"damage":8,"enemies":"Exordium Wildlife","floor":14,"turns":3},{"damage":34,"enemies":"The Guardian","floor":16,"turns":14},{"damage":22,"enemies":"2 Thieves","floor":18,"turns":3},{"damage":7,"enemies":"Chosen","floor":19,"turns":4},{"damage":18,"enemies":"Book of Stabbing","floor":24,"turns":4},{"damage":35,"enemies":"Slavers","floor":28,"turns":3},{"damage":3,"enemies":"Snake Plant","floor":30,"turns":3},{"damage":13,"enemies":"Centurion and Healer","floor":31,"turns":6},{"damage":60,"enemies":"Champ","floor":33,"turns":15}],"seed_played":"8818397908190679560","potions_obtained":[{"floor":2,"key":"Explosive Potion"},{"floor":6,"key":"CultistPotion"},{"floor":8,"key":"SteroidPotion"},{"floor":14,"key":"Energy Potion"},{"floor":24,"key":"Ancient Potion"}],"is_trial":false,"path_per_floor":["M","M","?","?","$","E","R","E","T","R","E","M","R","M","R","B",null,"M","M","?","T","?","R","E","R","T","R","E","$","M","M","R","B"],"character_chosen":"IRONCLAD","items_purchased":["Bronze Scales","Mayhem"],"campfire_rested":2,"item_purchase_floors":[5,29],"current_hp_per_floor":[67,71,60,37,37,30,30,18,18,40,40,48,48,48,48,22,62,51,55,55,55,55,55,48,48,48,73,50,50,55,50,50,0,0],"gold":86,"neow_bonus":"RANDOM_COMMON_RELIC","is_daily":false,"chose_seed":false,"campfire_upgraded":6,"win_rate":0.0,"timestamp":1609493010,"path_taken":["M","M","?","?","$","E","R","E","T","R","E","M","R","M","R","BOSS","M","M","?","?","?","R","E","R","T","R","E","$","?","M","R","BOSS"],"items_purchased_type":["Relic","Card"],"build_version":"2020-12-22","purchased_purges":1,"victory":false,"max_hp_per_floor":[75,75,75,75,75,75,75,75,75,75,75,75,75,75,75,75,75,78,81,81,81,81,81,84,84,84,84,88,88,88,88,88,88,88],"relic_stats":{"Blood Vial":30,"Dream Catcher":1,"Nunchaku":[5],"counters":[15,79],"Bronze Scales":[171],"PreservedInsect":137,"Ginger":[10],"Boot":[29],"Cursed Key":0,"obtain_stats":[{"Blood Vial":0,"Dream Catcher":24,"Nunchaku":28,"Bronze Scales":5,"PreservedInsect":6,"Ginger":11,"Boot":8,"Cursed Key":17,"Burning Blood":0,"Mercury Hourglass":9},{"Blood Vial":0,"Dream Catcher":11,"Nunchaku":12,"Bronze Scales":2,"PreservedInsect":3,"Ginger":5,"Boot":4,"Cursed Key":8,"Burning Blood":0,"Mercury Hourglass":4},{"Blood Vial":0,"Dream Catcher":52,"Nunchaku":55,"Bronze Scales":8,"PreservedInsect":14,"Ginger":23,"Boot":20,"Cursed Key":41,"Burning Blood":0,"Mercury Hourglass":20}],"Burning Blood":84,"Mercury Hourglass":[164]},"card_choices":[{"not_picked":["True Grit","Burning Pact"],"picked":"Cleave","floor":1},{"not_picked":["Iron Wave","Havoc"],"picked":"Twin Strike","floor":2},{"not_picked":["Rupture","Headbutt"],"picked":"Barricade","floor":6},{"not_picked":["Armaments","Heavy Blade"],"picked":"Pommel Strike","floor":8},{"not_picked":["Havoc","Pummel"],"picked":"Cleave","floor":11},{"not_picked":["Anger","Feel No Pain"],"picked":"Ghostly Armor","floor":12},{"not_picked":["Rupture","Iron Wave"],"picked":"Evolve","floor":14},{"not_picked":["Brutality","Bludgeon"],"picked":"Feed","floor":16},{"not_picked":["Second Wind","True Grit","Pommel Strike"],"picked":"SKIP","floor":18},{"not_picked":["Sword Boomerang","Clothesline","Evolve"],"picked":"SKIP","floor":19},{"not_picked":["Flex","True Grit","Heavy Blade+1"],"picked":"SKIP","floor":24},{"not_picked":["Twin Strike+1","Combust"],"picked":"Battle Trance","floor":27},{"not_picked":["Warcry","Flex","Clothesline"],"picked":"SKIP","floor":28},{"not_picked":["Feel No Pain","Sever Soul","Wild Strike"],"picked":"SKIP","floor":30},{"not_picked":["Cleave","Thunderclap","Infernal Blade"],"picked":"SKIP","floor":31}],"player_experience":539479,"relics_obtained":[{"floor":6,"key":"PreservedInsect"},{"floor":8,"key":"Boot"},{"floor":9,"key":"Mercury Hourglass"},{"floor":11,"key":"Ginger"},{"floor":24,"key":"Dream Catcher"},{"floor":28,"key":"Nunchaku"}],"event_choices":[{"damage_healed":0,"gold_gain":75,"player_choice":"Gather Gold","damage_taken":11,"max_hp_gain":0,"max_hp_loss":0,"event_name":"World of Goop","floor":3,"gold_loss":0},{"damage_healed":0,"gold_gain":0,"player_choice":"Entered Light","damage_taken":23,"max_hp_gain":0,"max_hp_loss":0,"event_name":"Shining Light","floor":4,"gold_loss":0,"cards_upgraded":["Strike_R","Cleave"]},{"damage_healed":0,"gold_gain":0,"player_choice":"Read","damage_taken":0,"max_hp_gain":0,"max_hp_loss":0,"event_name":"The Library","floor":20,"gold_loss":0,"cards_obtained":["Shockwave"]},{"damage_healed":0,"gold_gain":0,"player_choice":"Simplicity","damage_taken":0,"max_hp_gain":0,"max_hp_loss":0,"event_name":"Back to Basics","floor":22,"gold_loss":0,"cards_upgraded":["Strike_R","Strike_R","Strike_R","Strike_R","Defend_R","Defend_R","Defend_R","Defend_R"]}],"is_beta":false,"boss_relics":[{"not_picked":["Runic Pyramid","Coffee Dripper"],"picked":"Cursed Key"}],"items_purged_floors":[29],"is_endless":false,"potions_floor_spawned":[2,6,8,14,24,30,31],"killed_by":"Champ","ascension_level":17}}