{"host":"tfkz8stxzb1up54p","time":1609508863,"event":{"mods":["AchievementEnabler","BaseMod","Better Note","Block Reminder","Colored Powertips","Curses Come First","Disable Question Mark Monsters","Displayed Cursed Tome","Emptier Cage","Gold Saver","Gremlin Skip","Highlight Path","Minty Spire (QoL Compilation)","Permanent Neow","StSLib"],"gold_per_floor":[1181,1200,526,543,82,82,109,109,109,109,119,133,167,194,194,289,289,300,300,35,310,321,348,348,364,388,136,164,183,183,208,208,324,324,338,338,0,15,26,53,53,66,93,93,139,164,184,201,201,201],"floor_reached":51,"playtime":4077,"items_purged":["Shame","Regret","Writhe"],"score":1390,"play_id":"12c3db69-af3a-46f5-96c2-fe64dba8e281","local_time":"20210101134742","is_ascension_mode":true,"campfire_choices":[{"floor":6,"key":"REST"},{"data":"Magnetism","floor":8,"key":"SMITH"},{"data":"Intimidate","floor":15,"key":"SMITH"},{"data":"Intimidate","floor":32,"key":"SMITH"},{"floor":49,"key":"REST"}],"circlet_count":0,"master_deck":["AscendersBane","Strike_R+1","Strike_R+1","Strike_R+1","Strike_R+1","Strike_R+1","Defend_R+1","Defend_R+1","Defend_R+1","Defend_R+1","Bash+1","Anger+1","Shrug It Off+1","Dropkick+1","Infernal Blade+1","Magnetism+1","Intimidate+1","Flame Barrier+1","Thunderclap+1","Anger+1","Anger+1","Fiend Fire+1","Feed+1","Metallicize+1","Sadistic Nature+1","Intimidate+1","Body Slam+1","Anger+1","Writhe","Pummel+1","Berserk+1","Flame Barrier+1","Body Slam+1","Uppercut+1","Shrug It Off+1","Body Slam+1","Combust+1"],"relics":["Burning Blood","War Paint","Strange Spoon","Art of War","Vajra","Kunai","Molten Egg 2","Frozen Egg 2","Ornamental Fan","Odd Mushroom","Cursed Key","Bag of Preparation","Membership Card","MealTicket","Tiny Chest","PreservedInsect","Eternal Feather","Strawberry","Ancient Tea Set","Boot","Black Star","Pantograph","Shuriken","Question Card","Omamori","Mark of the Bloom","Oddly Smooth Stone","Blue Candle","Unceasing Top","Red Skull","Du-Vu Doll"],"acts_visited":["Exordium","TheCity","TheBeyond"],"potions_floor_usage":[7,7,16,18,23,29,38,45,46,50,50],"damage_taken":[{"damage":12,"enemies":"Jaw Worm","floor":1,"turns":3},{"damage":13,"enemies":"Small Slimes","floor":2,"turns":4},{"damage":0,"enemies":"Cultist","floor":4,"turns":3},{"damage":19,"enemies":"Lagavulin","floor":7,"turns":7},{"damage":18,"enemies":"Exordium Wildlife","floor":11,"turns":4},{"damage":11,"enemies":"3 Louse","floor":12,"turns":2},{"damage":0,"enemies":"Gremlin Nob","floor":13,"turns":3},{"damage":0,"enemies":"The Mushroom Lair","floor":14,"turns":1},{"damage":7,"enemies":"Hexaghost","floor":16,"turns":8},{"damage":13,"enemies":"Spheric Guardian","floor":18,"turns":4},{"damage":17,"enemies":"2 Thieves","floor":22,"turns":4},{"damage":19,"enemies":"Slavers","floor":23,"turns":4},{"damage":0,"enemies":"Centurion and Healer","floor":25,"turns":4},{"damage":5,"enemies":"Gremlin Leader","floor":28,"turns":4},{"damage":0,"enemies":"Chosen and Byrds","floor":29,"turns":3},{"damage":13,"enemies":"Book of Stabbing","floor":31,"turns":4},{"damage":33,"enemies":"Collector","floor":33,"turns":9},{"damage":11,"enemies":"Orb Walker","floor":35,"turns":3},{"damage":5,"enemies":"3 Shapes","floor":38,"turns":9},{"damage":6,"enemies":"Jaw Worm Horde","floor":39,"turns":3},{"damage":5,"enemies":"Nemesis","floor":40,"turns":4},{"damage":3,"enemies":"4 Shapes","floor":42,"turns":8},{"damage":6,"enemies":"2 Orb Walkers","floor":45,"turns":4},{"damage":2,"enemies":"Giant Head","floor":46,"turns":5},{"damage":8,"enemies":"Sphere and 2 Shapes","floor":47,"turns":5},{"damage":12,"enemies":"Jaw Worm Horde","floor":48,"turns":4},{"damage":53,"enemies":"Time Eater","floor":50,"turns":9}],"seed_played":"-7496056320590581297","potions_obtained":[{"floor":2,"key":"HeartOfIron"},{"floor":4,"key":"Swift Potion"},{"floor":12,"key":"Block Potion"},{"floor":16,"key":"Dexterity Potion"},{"floor":22,"key":"SpeedPotion"},{"floor":28,"key":"SneckoOil"},{"floor":33,"key":"EssenceOfSteel"},{"floor":40,"key":"AttackPotion"},{"floor":45,"key":"SpeedPotion"},{"floor":46,"key":"SpeedPotion"},{"floor":47,"key":"SpeedPotion"},{"floor":48,"key":"FearPotion"}],"is_trial":false,"path_per_floor":["M","M","$","M","$","R","E","R","T","?","M","M","E","?","R","B",null,"M","?","$","?","M","E","?","M","T","$","E","M","?","E","R","B",null,"M","?","$","M","M","E","?","M","T","T","?","E","M","M","R","B",null],"character_chosen":"IRONCLAD","items_purchased":["Infernal Blade","War Paint","Strange Spoon","Art of War","Magnetism","Vajra","Kunai","Intimidate","Membership Card","Sadistic Nature+1","PreservedInsect","Eternal Feather","Pantograph","Shuriken","Flame Barrier"],"campfire_rested":2,"item_purchase_floors":[3,3,3,3,3,5,5,5,20,20,27,27,37,37,37],"current_hp_per_floor":[66,59,59,65,65,80,67,67,67,67,55,50,56,62,62,61,75,68,68,68,68,57,44,29,39,39,54,62,68,68,61,79,52,85,80,80,95,100,104,104,104,101,101,101,95,93,85,73,73,20],"gold":201,"neow_bonus":"THREE_CARDS","is_daily":false,"chose_seed":false,"campfire_upgraded":3,"win_rate":0.0,"timestamp":1609508862,"path_taken":["M","M","$","M","$","R","E","R","T","?","M","M","E","?","R","BOSS","M","?","$","?","?","E","?","M","T","$","E","M","?","E","R","BOSS","M","?","$","M","M","E","?","M","T","?","?","E","?","M","R","BOSS"],"items_purchased_type":["Card","Relic","Relic","Relic","Card","Relic","Relic","Card","Relic","Card","Relic","Relic","Relic","Relic","Card"],"build_version":"2020-12-22","purchased_purges":3,"victory":true,"max_hp_per_floor":[80,80,80,80,80,80,80,80,80,80,80,80,80,80,80,80,80,80,80,80,80,80,80,85,89,89,89,96,96,96,96,96,96,96,96,96,96,100,104,104,104,104,104,104,104,104,104,108,108,108],"card_choices":[{"not_picked":["Rupture","Pommel Strike"],"picked":"Anger","floor":0},{"not_picked":["Sword Boomerang","Perfected Strike"],"picked":"Shrug It Off","floor":1},{"not_picked":["Whirlwind","Infernal Blade"],"picked":"Dropkick","floor":2},{"not_picked":["Wild Strike","Sword Boomerang","Flex"],"picked":"SKIP","floor":4},{"not_picked":["Sentinel","Bloodletting"],"picked":"Flame Barrier","floor":7},{"not_picked":["Wild Strike+1","Perfected Strike+1"],"picked":"Thunderclap+1","floor":11},{"not_picked":["Rage","Spot Weakness"],"picked":"Anger+1","floor":12},{"not_picked":["Warcry","Flex"],"picked":"Anger+1","floor":13},{"not_picked":["Anger+1","Evolve+1"],"picked":"Fiend Fire+1","floor":14},{"not_picked":["Juggernaut+1","Brutality+1"],"picked":"Feed+1","floor":16},{"not_picked":["Second Wind","Burning Pact"],"picked":"Metallicize+1","floor":18},{"not_picked":["Thunderclap+1","Twin Strike+1"],"picked":"Intimidate","floor":22},{"not_picked":["True Grit","Cleave+1"],"picked":"Body Slam+1","floor":23},{"not_picked":["Perfected Strike+1","Battle Trance"],"picked":"Anger+1","floor":25},{"not_picked":["Carnage+1","Clothesline+1"],"picked":"Pummel+1","floor":28},{"not_picked":["Armaments","Perfected Strike+1","Clash+1"],"picked":"SKIP","floor":29},{"not_picked":["Wild Strike+1","Clash+1","Combust+1"],"picked":"SKIP","floor":31},{"not_picked":["Double Tap","Fiend Fire+1"],"picked":"Berserk+1","floor":33},{"not_picked":["Twin Strike+1","Battle Trance"],"picked":"Rampage+1","floor":35},{"not_picked":["Havoc","Entrench","Pommel Strike+1"],"picked":"SKIP","floor":38},{"not_picked":["Clothesline+1","Seeing Red"],"picked":"Body Slam+1","floor":39},{"not_picked":["Clash+1","Havoc"],"picked":"Uppercut+1","floor":40},{"not_picked":["Heavy Blade+1","Clothesline+1","Headbutt+1"],"picked":"Shrug It Off+1","floor":42},{"not_picked":["Sword Boomerang+1","Twin Strike+1","Clothesline+1"],"picked":"Body Slam+1","floor":45},{"not_picked":["Body Slam+1","Anger+1","Fire Breathing+1","Impervious"],"picked":"SKIP","floor":46},{"not_picked":["Hemokinesis+1","Heavy Blade+1","Rupture+1"],"picked":"Combust+1","floor":47},{"not_picked":["Flex","Seeing Red","Twin Strike+1","Warcry"],"picked":"SKIP","floor":48}],"player_experience":1296518,"relics_obtained":[{"floor":7,"key":"Molten Egg 2"},{"floor":9,"key":"Frozen Egg 2"},{"floor":13,"key":"Ornamental Fan"},{"floor":14,"key":"Odd Mushroom"},{"floor":23,"key":"MealTicket"},{"floor":26,"key":"Tiny Chest"},{"floor":28,"key":"Strawberry"},{"floor":31,"key":"Boot"},{"floor":40,"key":"Question Card"},{"floor":40,"key":"Omamori"},{"floor":43,"key":"Oddly Smooth Stone"},{"floor":44,"key":"Blue Candle"},{"floor":45,"key":"Unceasing Top"},{"floor":46,"key":"Red Skull"},{"floor":46,"key":"Du-Vu Doll"}],"event_choices":[{"damage_healed":0,"gold_gain":0,"player_choice":"Grow","damage_taken":0,"max_hp_gain":0,"max_hp_loss":0,"event_name":"Living Wall","floor":10,"gold_loss":0,"cards_upgraded":["Anger"]},{"damage_healed":0,"gold_gain":0,"player_choice":"Fought Mushrooms","damage_taken":0,"max_hp_gain":0,"max_hp_loss":0,"event_name":"Mushrooms","floor":14,"gold_loss":0},{"damage_healed":0,"gold_gain":0,"player_choice":"Stole Relic","damage_taken":0,"relics_obtained":["Bag of Preparation"],"max_hp_gain":0,"max_hp_loss":0,"event_name":"Addict","floor":19,"gold_loss":0,"cards_obtained":["Shame"]},{"damage_healed":0,"gold_gain":275,"player_choice":"Desecrate","damage_taken":0,"max_hp_gain":0,"max_hp_loss":0,"event_name":"Golden Shrine","floor":21,"gold_loss":0,"cards_obtained":["Regret"]},{"damage_healed":0,"gold_gain":0,"player_choice":"Shed Blood","damage_taken":20,"max_hp_gain":5,"max_hp_loss":0,"event_name":"Forgotten Altar","floor":24,"gold_loss":0},{"damage_healed":0,"gold_gain":0,"player_choice":"Opened","damage_taken":0,"relics_obtained":["Ancient Tea Set"],"max_hp_gain":0,"max_hp_loss":0,"event_name":"The Mausoleum","floor":30,"gold_loss":0,"cards_obtained":["Writhe"]},{"cards_removed":["Rampage"],"damage_healed":0,"gold_gain":0,"player_choice":"Removed Attack","damage_taken":0,"max_hp_gain":0,"max_hp_loss":0,"event_name":"Falling","floor":36,"gold_loss":0},{"damage_healed":0,"gold_gain":0,"player_choice":"Upgrade","damage_taken":0,"relics_obtained":["Mark of the Bloom"],"max_hp_gain":0,"max_hp_loss":0,"event_name":"MindBloom","floor":41,"gold_loss":0,"cards_upgraded":["Strike_R","Strike_R","Strike_R","Strike_R","Strike_R","Defend_R","Defend_R","Defend_R","Bash","Shrug It Off","Dropkick","Flame Barrier","Flame Barrier"]},{"damage_healed":0,"gold_gain":0,"player_choice":"Fight","damage_taken":0,"max_hp_gain":0,"max_hp_loss":0,"event_name":"Mysterious Sphere","floor":45,"gold_loss":0}],"is_beta":false,"boss_relics":[{"not_picked":["Runic Pyramid","Velvet Choker"],"picked":"Cursed Key"},{"not_picked":["Runic Cube","Astrolabe"],"picked":"Black Star"}],"items_purged_floors":[20,27,37],"is_endless":false,"potions_floor_spawned":[2,4,12,16,22,28,33,40,45,46,47,48],"ascension_level":12}}