{"host":"2yqfi47fogfu1ic4","time":1609538347,"event":{"mods":["AchievementEnabler","BaseMod","Colored Map","Colored Powertips","Highlight Path","Minty Spire (QoL Compilation)","Permanent Neow","Relic Stats","StSLib"],"gold_per_floor":[115,133,133,148,163,163,195,209,235,246,246,246,321,335,335,429,429,450,101,114,137,137,181,181,222,222,238,238,238,238],"floor_reached":29,"playtime":2507,"items_purged":["Strike_G"],"score":584,"play_id":"6aabf08c-3775-45d1-9116-72c0e0af36fc","local_time":"20210101225907","is_ascension_mode":true,"campfire_choices":[{"data":"Corpse Explosion","floor":6,"key":"SMITH"},{"data":"Well Laid Plans","floor":12,"key":"SMITH"},{"data":"Bane","floor":15,"key":"SMITH"},{"data":"Adrenaline","floor":24,"key":"SMITH"}],"circlet_count":0,"master_deck":["AscendersBane","Strike_G","Strike_G","Strike_G+1","Defend_G","Defend_G","Defend_G","Defend_G","Defend_G","Survivor","Neutralize","CurseOfTheBell","Cloak And Dagger","Corpse Explosion+1","Flechettes","Dagger Spray+1","Well Laid Plans+1","Bane+1","Blur","Dagger Spray","Adrenaline+1","Footwork","After Image","Escape Plan","Backflip"],"relics":["Calling Bell","Potion Belt","Pantograph","Bird Faced Urn","Meat on the Bone","Orichalcum","Golden Idol","SacredBark","PreservedInsect","Snake Skull","Whetstone","Enchiridion"],"acts_visited":["Exordium","TheCity"],"potions_floor_usage":[7,8,16,16,20,23,25,27],"damage_taken":[{"damage":13,"enemies":"Cultist","floor":1,"turns":5},{"damage":3,"enemies":"2 Louse","floor":2,"turns":5},{"damage":13,"enemies":"Jaw Worm","floor":4,"turns":5},{"damage":4,"enemies":"3 Louse","floor":5,"turns":2},{"damage":16,"enemies":"Lagavulin","floor":7,"turns":7},{"damage":13,"enemies":"Large Slime","floor":8,"turns":5},{"damage":7,"enemies":"Blue Slaver","floor":10,"turns":4},{"damage":6,"enemies":"3 Louse","floor":14,"turns":4},{"damage":31,"enemies":"Slime Boss","floor":16,"turns":11},{"damage":25,"enemies":"2 Thieves","floor":18,"turns":3},{"damage":22,"enemies":"Spheric Guardian","floor":20,"turns":6},{"damage":8,"enemies":"Centurion and Healer","floor":21,"turns":5},{"damage":33,"enemies":"Slavers","floor":23,"turns":4},{"damage":6,"enemies":"Gremlin Leader","floor":25,"turns":5},{"damage":22,"enemies":"Snecko","floor":27,"turns":6},{"damage":15,"enemies":"Slavers","floor":29,"turns":1}],"seed_played":"-65908778541361590","potions_obtained":[{"floor":1,"key":"Energy Potion"},{"floor":2,"key":"CunningPotion"},{"floor":4,"key":"FearPotion"},{"floor":10,"key":"Block Potion"},{"floor":16,"key":"Fire Potion"},{"floor":20,"key":"ColorlessPotion"},{"floor":23,"key":"SkillPotion"}],"is_trial":false,"path_per_floor":["M","M","?","M","M","R","E","M","T","M","?","R","?","M","R","B",null,"M","$","M","M","?","E","R","E","T","M","?","E"],"character_chosen":"THE_SILENT","items_purchased":["PreservedInsect","SteroidPotion","AttackPotion"],"campfire_rested":0,"item_purchase_floors":[19,19,19],"current_hp_per_floor":[46,43,43,30,26,26,12,13,13,20,20,20,9,15,15,23,51,40,40,32,40,40,27,27,39,39,31,10,0,0],"gold":238,"neow_bonus":"BOSS_RELIC","is_daily":false,"chose_seed":false,"campfire_upgraded":4,"win_rate":0.0,"timestamp":1609538347,"path_taken":["M","M","?","M","M","R","E","M","T","M","?","R","?","M","R","BOSS","M","$","M","M","?","E","R","E","T","M","?","E"],"items_purchased_type":["Relic","Potion","Potion"],"build_version":"2020-12-22","purchased_purges":1,"victory":false,"max_hp_per_floor":[66,66,66,66,66,66,66,66,66,66,60,60,60,60,60,60,60,60,60,60,60,60,60,60,60,60,60,60,60,60],"relic_stats":{"counters":[16,78],"Golden Idol":54,"Pantograph":25,"Bird Faced Urn":[34],"PreservedInsect":129,"Snake Skull":[3],"Whetstone":["Dagger Spray","Strike_G"],"Orichalcum":[90],"obtain_stats":[{"Potion Belt":0,"Golden Idol":11,"SacredBark":17,"Enchiridion":28,"PreservedInsect":19,"Snake Skull":23,"Whetstone":25,"Orichalcum":9,"Calling Bell":0,"Pantograph":0,"Bird Faced Urn":0,"Ring of the Snake":0,"Meat on the Bone":7},{"Potion Belt":0,"Golden Idol":7,"SacredBark":9,"Enchiridion":15,"PreservedInsect":10,"Snake Skull":13,"Whetstone":14,"Orichalcum":6,"Calling Bell":0,"Pantograph":0,"Bird Faced Urn":0,"Ring of the Snake":0,"Meat on the Bone":5},{"Potion Belt":0,"Golden Idol":33,"SacredBark":48,"Enchiridion":77,"PreservedInsect":51,"Snake Skull":66,"Whetstone":71,"Orichalcum":29,"Calling Bell":0,"Pantograph":0,"Bird Faced Urn":0,"Ring of the Snake":0,"Meat on the Bone":24}],"Meat on the Bone":120},"card_choices":[{"not_picked":["Flying Knee","Quick Slash"],"picked":"Cloak And Dagger","floor":1},{"not_picked":["Dodge and Roll","Crippling Poison"],"picked":"Corpse Explosion","floor":2},{"not_picked":["Deadly Poison","Quick Slash"],"picked":"Dagger Spray","floor":4},{"not_picked":["Calculated Gamble","Underhanded Strike"],"picked":"Well Laid Plans","floor":5},{"not_picked":["Slice","Distraction","Flechettes"],"picked":"SKIP","floor":7},{"not_picked":["Bouncing Flask","Dodge and Roll"],"picked":"Bane","floor":8},{"not_picked":["Dash","Dagger Throw"],"picked":"Blur","floor":10},{"not_picked":["Prepared","Deflect"],"picked":"Dagger Spray","floor":14},{"not_picked":["Corpse Explosion","Die Die Die"],"picked":"Adrenaline","floor":16},{"not_picked":["Deadly Poison","Predator","Accuracy"],"picked":"SKIP","floor":18},{"not_picked":["Dagger Spray","Deflect"],"picked":"Footwork","floor":20},{"not_picked":["Deadly Poison","Dagger Throw","Blade Dance"],"picked":"SKIP","floor":21},{"not_picked":["Tactician","Unload"],"picked":"After Image","floor":23},{"not_picked":["Dagger Throw","Riddle With Holes"],"picked":"Escape Plan","floor":25},{"not_picked":["Crippling Poison","Dodge and Roll"],"picked":"Backflip","floor":27}],"player_experience":2004648,"relics_obtained":[{"floor":0,"key":"Potion Belt"},{"floor":0,"key":"Pantograph"},{"floor":0,"key":"Bird Faced Urn"},{"floor":7,"key":"Meat on the Bone"},{"floor":9,"key":"Orichalcum"},{"floor":23,"key":"Snake Skull"},{"floor":25,"key":"Whetstone"},{"floor":28,"key":"Enchiridion"}],"event_choices":[{"damage_healed":0,"gold_gain":0,"cards_transformed":["Strike_G"],"player_choice":"Change","damage_taken":0,"max_hp_gain":0,"max_hp_loss":0,"event_name":"Living Wall","floor":3,"gold_loss":0,"cards_obtained":["Flechettes"]},{"damage_healed":0,"gold_gain":0,"player_choice":"Lose Max HP","damage_taken":0,"relics_obtained":["Golden Idol"],"max_hp_gain":0,"max_hp_loss":6,"event_name":"Golden Idol","floor":11,"gold_loss":0},{"damage_healed":0,"gold_gain":75,"player_choice":"Gather Gold","damage_taken":11,"max_hp_gain":0,"max_hp_loss":0,"event_name":"World of Goop","floor":13,"gold_loss":0},{"damage_healed":0,"gold_gain":0,"player_choice":"Ignored","damage_taken":0,"max_hp_gain":0,"max_hp_loss":0,"event_name":"Vampires","floor":22,"gold_loss":0},{"damage_healed":0,"gold_gain":0,"player_choice":"Obtained Book","damage_taken":21,"max_hp_gain":0,"max_hp_loss":0,"event_name":"Cursed Tome","floor":28,"gold_loss":0}],"is_beta":false,"boss_relics":[{"not_picked":["Black Star","Ectoplasm"],"picked":"SacredBark"}],"items_purged_floors":[19],"is_endless":false,"potions_floor_spawned":[1,2,4,10,16,20,23],"killed_by":"Slavers","ascension_level":20}}