{"host":"51fyd6gkml7xavq8","time":1609469063,"event":{"mods":["BaseMod","BetterRewards","Colored Map","Energized Spire","Infinite Spire","Minty Spire (QoL Compilation)","Replay The Spire","Shop Mod","Spicy Shops","StSLib","The Blue Laboratory","[IsaacMod]????"],"gold_per_floor":[129,136,228,133,133,181,201,229,229],"floor_reached":8,"playtime":451,"items_purged":["Bash"],"score":65,"play_id":"08d9f754-91e5-415f-96d7-6216b214a5d1","local_time":"20201231234423","is_ascension_mode":true,"campfire_choices":[],"circlet_count":0,"master_deck":["Strike_R","Strike_R","Strike_R","Strike_R+1","Strike_R","Defend_R","Defend_R","Defend_R+1","Defend_R","EpicFetus","Disarm"],"relics":["Burning Blood","HushsDoor","SalivaCoin","ReplayTheSpireMod:Shallot","Dream Catcher","MerchantsRug","The Courier"],"acts_visited":["Exordium"],"potions_floor_usage":[],"damage_taken":[{"damage":9,"enemies":"Small Slimes","floor":1,"turns":4},{"damage":61,"enemies":"Hiden Room Battle","floor":3,"turns":6},{"damage":33,"enemies":"Gremlin Nob","floor":6,"turns":5},{"damage":0,"enemies":"2 Louse","floor":7,"turns":3},{"damage":31,"enemies":"3 Sentries","floor":8,"turns":4}],"seed_played":"-5782484012638425941","potions_obtained":[{"floor":3,"key":"Dexterity Potion"}],"is_trial":false,"path_per_floor":["M","?","?","$","?","E","M","E"],"character_chosen":"IRONCLAD","items_purchased":["MerchantsRug"],"campfire_rested":0,"item_purchase_floors":[4],"current_hp_per_floor":[77,74,19,19,43,16,22,0,0],"gold":229,"neow_bonus":"","is_daily":false,"chose_seed":false,"campfire_upgraded":0,"win_rate":0.0,"timestamp":1609469063,"path_taken":["M","?","?","$","?","E","M","E"],"items_purchased_type":["Relic"],"build_version":"2020-12-22","purchased_purges":1,"victory":false,"max_hp_per_floor":[80,80,80,80,80,80,80,80,80],"card_choices":[{"not_picked":[],"picked":"EpicFetus","floor":0},{"not_picked":["ReplayTheSpireMod:Strike From Hell","Shrug It Off","Evolve"],"picked":"SKIP","floor":1},{"not_picked":["Clash","Seeing Red"],"picked":"Disarm","floor":3},{"not_picked":["Blood for Blood","Brutality","Seeing Red"],"picked":"SKIP","floor":6},{"not_picked":["Intimidate","Second Wind","Ghostly Armor"],"picked":"SKIP","floor":7}],"player_experience":452168,"relics_obtained":[{"floor":3,"key":"ReplayTheSpireMod:Shallot"},{"floor":3,"key":"Dream Catcher"},{"floor":6,"key":"The Courier"}],"event_choices":[{"damage_healed":0,"gold_gain":0,"player_choice":"Success","damage_taken":3,"relics_obtained":["Simple Rune"],"max_hp_gain":0,"max_hp_loss":0,"event_name":"Scrap Ooze","floor":2,"gold_loss":0},{"damage_healed":0,"gold_gain":0,"player_choice":"Fight","damage_taken":0,"max_hp_gain":0,"max_hp_loss":0,"event_name":"HidenRoomEvent","floor":3,"gold_loss":0}],"is_beta":false,"boss_relics":[],"items_purged_floors":[0],"is_endless":false,"potions_floor_spawned":[3],"killed_by":"3 Sentries","ascension_level":4}}