{"host":"exyz3r55z4kt6m9o","time":1609493175,"event":{"mods":["2.2 Compatiblity","AchievementEnabler","Aspiration","BaseMod","Better Altar","Better Match","Better Note","Better Sensory Stone","Better Skull","Better Third Choice","BetterRewards","Colored Powertips","Energized Spire","Evolution","Friendly Minions","GifTheSpireLib","Gold Saver","Infinite Spire","Ironclad Rager","Jorbs\u0027s Wanderer Trilogy","Luminous","Marisa????????","Minty Spire (QoL Compilation)","Permanent Neow","Rare Cards Sparkle","Reimu??????","Relic Filter","Replay The Spire","Spicy Shops","StSLib","The Bladedancer","The Blue Laboratory","The Gatherer","The Hayseed","The Mystic","The Runesmith","Wandering Minibosses","yUi"],"gold_per_floor":[116,134,150,24,35,35,0,75,75,94,94,94],"floor_reached":11,"playtime":412,"items_purged":["Runesmith:Strike_RS"],"score":65,"play_id":"0a6a09c4-de9e-44cc-973f-ed33b672ad1d","local_time":"20210101042615","is_ascension_mode":false,"campfire_choices":[{"floor":6,"key":"REST"}],"circlet_count":0,"master_deck":["Runesmith:Strike_RS","Runesmith:Strike_RS","Runesmith:Strike_RS","Runesmith:Defend_RS","Runesmith:Defend_RS","Runesmith:Defend_RS","Runesmith:Defend_RS","Runesmith:CraftFirestone","Runesmith:Fortify","Inflame","Runesmith:LithiumIon","Runesmith:Grindstone","Runesmith:NegativeSpace","Enlightenment","Runesmith:CraftObretio"],"relics":["Runesmith:BrokenRuby","EVO:Axolotl","aspiration:Nostalgia","Iron Core"],"acts_visited":["Exordium"],"potions_floor_usage":[11],"damage_taken":[{"damage":1,"enemies":"2 Louse","floor":1,"turns":4},{"damage":0,"enemies":"Jaw Worm","floor":2,"turns":4},{"damage":0,"enemies":"Small Slimes","floor":3,"turns":4},{"damage":11,"enemies":"Blue Slaver","floor":5,"turns":4},{"damage":25,"enemies":"Lots of Slimes","floor":10,"turns":5},{"damage":43,"enemies":"Gremlin Nob","floor":11,"turns":5}],"seed_played":"2147089090317382083","potions_obtained":[{"floor":5,"key":"Energy Potion"}],"is_trial":false,"path_per_floor":["M","M","M","$","M","R","?","?","T","M","E"],"character_chosen":"RUNESMITH_CLASS","items_purchased":["Runesmith:Grindstone"],"campfire_rested":1,"item_purchase_floors":[4],"current_hp_per_floor":[69,69,69,69,58,70,76,65,65,40,0,0],"gold":94,"neow_bonus":"NOSTALGIA","is_daily":false,"chose_seed":false,"campfire_upgraded":0,"win_rate":0.0,"timestamp":1609493175,"path_taken":["M","M","M","$","M","R","?","?","T","M","E"],"items_purchased_type":["Card"],"build_version":"2020-12-22","purchased_purges":1,"victory":false,"max_hp_per_floor":[70,70,70,70,70,70,76,76,76,76,76,76],"card_choices":[{"not_picked":["Runesmith:Superposition","Runesmith:ShiftingStrike","Iron Wave"],"picked":"SKIP","floor":1},{"not_picked":["Runesmith:RuneHurl","Runesmith:ShiftingStrike"],"picked":"Inflame","floor":2},{"not_picked":["Gash","Runesmith:CraftVitae"],"picked":"Runesmith:LithiumIon","floor":3},{"not_picked":["Runesmith:FrozenChisel","Steam Power"],"picked":"Runesmith:NegativeSpace","floor":5},{"not_picked":["Runesmith:HammerThrow","Runesmith:Repurpose"],"picked":"Runesmith:CraftObretio","floor":10}],"player_experience":658081,"relics_obtained":[],"event_choices":[{"damage_healed":0,"gold_gain":0,"player_choice":"RENOUNCE","damage_taken":35,"max_hp_gain":0,"max_hp_loss":0,"event_name":"betterThird:BetterSerpent","floor":7,"gold_loss":35,"cards_obtained":["Enlightenment"]},{"damage_healed":0,"gold_gain":75,"player_choice":"Gold","damage_taken":11,"max_hp_gain":0,"max_hp_loss":0,"event_name":"betterThird:BetterGoop","floor":8,"gold_loss":0}],"is_beta":false,"boss_relics":[],"items_purged_floors":[4],"is_endless":false,"potions_floor_spawned":[5],"killed_by":"Gremlin Nob","ascension_level":0}}