{"host":"2lrkmsuh7nz013qb","time":1609504663,"event":{"mods":["BaseMod","Colored Map","DeckTracker","Minty Spire (QoL Compilation)","SuperFastMode","everything is the same but u backflip on backflip"],"gold_per_floor":[112,112,125,50,60,60,76,89,141,173,173,173,123,48,48,48,48],"floor_reached":16,"playtime":290,"items_purged":["Strike_B"],"score":150,"play_id":"2ac33d54-882d-422f-9336-fbe09214b2a3","local_time":"20210101213743","is_ascension_mode":true,"campfire_choices":[{"data":"Defragment","floor":6,"key":"SMITH"},{"floor":11,"key":"REST"},{"data":"Beam Cell","floor":15,"key":"SMITH"}],"circlet_count":0,"master_deck":["AscendersBane","Strike_B","Strike_B","Strike_B","Defend_B","Defend_B","Defend_B","Defend_B","Zap","Dualcast","Beam Cell+1","Ball Lightning","Defragment+1","Cold Snap","FTL"],"relics":["Cracked Core","Toy Ornithopter","Pear","Golden Idol"],"acts_visited":["Exordium"],"potions_floor_usage":[10,10],"damage_taken":[{"damage":13,"enemies":"Small Slimes","floor":1,"turns":3},{"damage":8,"enemies":"Cultist","floor":3,"turns":3},{"damage":9,"enemies":"2 Louse","floor":5,"turns":3},{"damage":14,"enemies":"2 Fungi Beasts","floor":7,"turns":3},{"damage":5,"enemies":"Looter","floor":8,"turns":3},{"damage":26,"enemies":"3 Sentries","floor":10,"turns":6},{"damage":38,"enemies":"Hexaghost","floor":16,"turns":7}],"seed_played":"-4685931409152421875","potions_obtained":[{"floor":1,"key":"Ancient Potion"},{"floor":3,"key":"SneckoOil"},{"floor":7,"key":"Fire Potion"}],"is_trial":false,"path_per_floor":["M","?","M","$","M","R","M","M","T","E","R","?","?","$","R","B"],"character_chosen":"DEFECT","items_purchased":["Defragment"],"campfire_rested":1,"item_purchase_floors":[4],"current_hp_per_floor":[55,55,47,47,38,38,24,19,19,13,38,38,38,38,38,0,0],"gold":48,"neow_bonus":"THREE_CARDS","is_daily":false,"chose_seed":false,"campfire_upgraded":2,"win_rate":0.0,"timestamp":1609504663,"path_taken":["M","?","M","$","M","R","?","M","T","E","R","?","?","$","R","BOSS"],"items_purchased_type":["Card"],"build_version":"2020-12-22","purchased_purges":1,"victory":false,"max_hp_per_floor":[75,75,75,75,75,75,75,75,75,85,85,79,79,79,79,79,79],"card_choices":[{"not_picked":["Conserve Battery","Barrage"],"picked":"Beam Cell","floor":0},{"not_picked":["Loop","Beam Cell","Fusion"],"picked":"SKIP","floor":1},{"not_picked":["Barrage","Genetic Algorithm"],"picked":"Ball Lightning","floor":3},{"not_picked":["Auto Shields","Turbo","Barrage"],"picked":"SKIP","floor":5},{"not_picked":["Auto Shields","Fusion"],"picked":"Cold Snap","floor":7},{"not_picked":["Redo","Stack"],"picked":"FTL","floor":8},{"not_picked":["Stack","Fusion","Melter"],"picked":"SKIP","floor":10}],"player_experience":722741,"relics_obtained":[{"floor":9,"key":"Toy Ornithopter"},{"floor":10,"key":"Pear"}],"event_choices":[{"damage_healed":0,"gold_gain":0,"player_choice":"Cursed","damage_taken":0,"max_hp_gain":0,"max_hp_loss":0,"event_name":"Wheel of Change","floor":2,"gold_loss":0,"cards_obtained":["Decay"]},{"damage_healed":0,"gold_gain":0,"player_choice":"Lose Max HP","damage_taken":0,"relics_obtained":["Golden Idol"],"max_hp_gain":0,"max_hp_loss":6,"event_name":"Golden Idol","floor":12,"gold_loss":0},{"cards_removed":["Decay"],"damage_healed":0,"gold_gain":0,"player_choice":"Card Removal","damage_taken":0,"max_hp_gain":0,"max_hp_loss":0,"event_name":"The Cleric","floor":13,"gold_loss":50}],"is_beta":false,"boss_relics":[],"items_purged_floors":[14],"is_endless":false,"potions_floor_spawned":[1,3,7],"killed_by":"Hexaghost","ascension_level":10}}