{"host":"mg6qqnp83j5r6p2r","time":1609468284,"event":{"mods":["BaseMod","Colored Map","Colored Powertips","Highlight Path","Minty Spire (QoL Compilation)","Rare Cards Sparkle","Relic Sorter","Relic Stats","StSLib"],"gold_per_floor":[117,137,137,137,151,180,180,213,213,213,213,539,539,550,550,550,550],"floor_reached":16,"playtime":1062,"items_purged":[],"score":152,"play_id":"19050d59-3059-45c5-91dd-6a3c7d96aa41","local_time":"20201231203124","is_ascension_mode":true,"campfire_choices":[{"floor":10,"key":"REST"},{"floor":13,"key":"REST"},{"data":"WaveOfTheHand","floor":15,"key":"SMITH"}],"circlet_count":0,"master_deck":["Strike_P+1","Strike_P","Defend_P","Defend_P","Defend_P","Defend_P","Eruption+1","Vigilance","BowlingBash","FlurryOfBlows","FollowUp","LessonLearned","Crescendo","EmptyBody","DeusExMachina","WaveOfTheHand+1"],"relics":["PureWater","Dream Catcher","Bag of Preparation","MealTicket","Mercury Hourglass","Old Coin"],"acts_visited":["Exordium"],"potions_floor_usage":[],"damage_taken":[{"damage":6.0,"enemies":"Jaw Worm","floor":1.0,"turns":3.0},{"damage":0.0,"enemies":"Small Slimes","floor":2.0,"turns":4.0},{"damage":0.0,"enemies":"Cultist","floor":5.0,"turns":2.0},{"damage":11.0,"enemies":"3 Sentries","floor":6.0,"turns":10.0},{"damage":0.0,"enemies":"Gremlin Gang","floor":7.0,"turns":1.0},{"damage":49,"enemies":"Lagavulin","floor":8,"turns":7},{"damage":0,"enemies":"Gremlin Nob","floor":12,"turns":3},{"damage":4,"enemies":"Blue Slaver","floor":14,"turns":2},{"damage":46,"enemies":"Hexaghost","floor":16,"turns":10}],"seed_played":"3416958811531404358","potions_obtained":[{"floor":2.0,"key":"SmokeBomb"},{"floor":5.0,"key":"BlessingOfTheForge"},{"floor":6.0,"key":"Fruit Juice"}],"is_trial":false,"path_per_floor":["M","M","?","?","M","E","M","E","T","R","?","E","R","M","R","B"],"character_chosen":"WATCHER","items_purchased":[],"campfire_rested":2,"item_purchase_floors":[],"current_hp_per_floor":[66,66,59,59,59,53,53,4,4,27,27,27,50,46,46,0,0],"gold":550,"neow_bonus":"RANDOM_COMMON_RELIC","is_daily":false,"chose_seed":false,"campfire_upgraded":1,"win_rate":0.0,"timestamp":1609468284,"path_taken":["M","M","?","?","M","E","M","E","T","R","?","E","R","M","R","BOSS"],"items_purchased_type":[],"build_version":"2020-12-22","purchased_purges":0,"victory":false,"max_hp_per_floor":[72,72,72,72,72,77,77,77,77,77,77,77,77,77,77,77,77],"relic_stats":{"Dream Catcher":2,"counters":[9,42],"MealTicket":0,"Bag of Preparation":[10],"obtain_stats":[{"Dream Catcher":0,"MealTicket":8,"Bag of Preparation":6,"PureWater":0,"Mercury Hourglass":9,"Old Coin":12},{"Dream Catcher":0,"MealTicket":6,"Bag of Preparation":4,"PureWater":0,"Mercury Hourglass":6,"Old Coin":7},{"Dream Catcher":0,"MealTicket":27,"Bag of Preparation":19,"PureWater":0,"Mercury Hourglass":27,"Old Coin":30}],"Mercury Hourglass":[36]},"card_choices":[{"not_picked":["SashWhip","PathToVictory"],"picked":"BowlingBash","floor":1.0},{"not_picked":["Vengeance","Collect"],"picked":"FlurryOfBlows","floor":2.0},{"not_picked":["Adaptation","CrushJoints","WreathOfFlame"],"picked":"SKIP","floor":5.0},{"not_picked":["CutThroughFate","Crescendo"],"picked":"FollowUp","floor":6.0},{"not_picked":["Prostrate","Worship"],"picked":"LessonLearned","floor":8},{"not_picked":["BowlingBash","SashWhip"],"picked":"Crescendo","floor":10},{"not_picked":["BowlingBash","CrushJoints"],"picked":"EmptyBody","floor":12},{"not_picked":["Consecrate","FlyingSleeves"],"picked":"DeusExMachina","floor":13},{"not_picked":["FollowUp","Protect"],"picked":"WaveOfTheHand","floor":14}],"player_experience":178345,"relics_obtained":[{"floor":6.0,"key":"Bag of Preparation"},{"floor":8,"key":"MealTicket"},{"floor":9,"key":"Mercury Hourglass"},{"floor":12,"key":"Old Coin"}],"event_choices":[{"cards_removed":["Strike_P"],"damage_healed":0.0,"max_hp_gain":0.0,"max_hp_loss":0.0,"gold_gain":0.0,"event_name":"Golden Wing","player_choice":"Card Removal","floor":3.0,"gold_loss":0.0,"damage_taken":7.0},{"damage_healed":0.0,"max_hp_gain":0.0,"max_hp_loss":0.0,"gold_gain":0.0,"event_name":"Liars Game","player_choice":"Ignored","floor":4.0,"gold_loss":0.0,"damage_taken":0.0},{"cards_removed":["Strike_P"],"damage_healed":0,"gold_gain":0,"player_choice":"Purged","damage_taken":0,"max_hp_gain":0,"max_hp_loss":0,"event_name":"Purifier","floor":11,"gold_loss":0}],"is_beta":false,"boss_relics":[],"items_purged_floors":[],"is_endless":false,"potions_floor_spawned":[2,5,6],"killed_by":"Hexaghost","ascension_level":1}}