{"host":"khm4we1ijduz33xh","time":1609497629,"event":{"mods":["AchievementEnabler","BaseMod","Colored Map","Minty Spire (QoL Compilation)","Rare Cards Sparkle","StSLib","SuperFastMode"],"gold_per_floor":[114,131,131,131,147,182,182,192,217,217,245,258,258,54,54,153,153,169,182,182,182,202,202,202],"floor_reached":23,"playtime":2420,"items_purged":["Strike_R"],"score":221,"play_id":"a760e22e-9bcb-42ed-868a-472cdca00c77","local_time":"20210101194029","is_ascension_mode":true,"campfire_choices":[{"data":"Body Slam","floor":7.0,"key":"SMITH"},{"data":"Uppercut","floor":10.0,"key":"SMITH"},{"data":"Dual Wield","floor":13.0,"key":"SMITH"},{"floor":15.0,"key":"REST"}],"circlet_count":0,"master_deck":["Strike_R+1","Strike_R+1","Strike_R","Defend_R","Defend_R","Defend_R","Defend_R","Bash","Shrug It Off","Headbutt","Body Slam+1","Uppercut+1","Dual Wield+1","True Grit","Reaper","Spot Weakness","Feel No Pain","Entrench+1"],"relics":["Black Blood","NeowsBlessing","Bag of Preparation","Smiling Mask","Regal Pillow","Nunchaku","Whetstone"],"acts_visited":["Exordium","TheCity"],"potions_floor_usage":[],"damage_taken":[{"damage":0.0,"enemies":"Jaw Worm","floor":1.0,"turns":1.0},{"damage":0.0,"enemies":"2 Louse","floor":2.0,"turns":1.0},{"damage":0.0,"enemies":"Cultist","floor":5.0,"turns":1.0},{"damage":22.0,"enemies":"3 Sentries","floor":6.0,"turns":13.0},{"damage":6.0,"enemies":"Exordium Thugs","floor":8.0,"turns":5.0},{"damage":19.0,"enemies":"Gremlin Nob","floor":11.0,"turns":4.0},{"damage":19.0,"enemies":"Large Slime","floor":12.0,"turns":7.0},{"damage":63.0,"enemies":"Hexaghost","floor":16.0,"turns":13.0},{"damage":33.0,"enemies":"Shell Parasite","floor":18.0,"turns":10.0},{"damage":30.0,"enemies":"2 Thieves","floor":19.0,"turns":4.0},{"damage":54.0,"enemies":"Sentry and Sphere","floor":22.0,"turns":10.0},{"damage":40,"enemies":"Centurion and Healer","floor":23,"turns":6}],"seed_played":"-8575603320257001069","potions_obtained":[{"floor":2.0,"key":"Weak Potion"},{"floor":6.0,"key":"Dexterity Potion"},{"floor":8.0,"key":"Explosive Potion"},{"floor":16.0,"key":"Block Potion"},{"floor":19.0,"key":"HeartOfIron"},{"floor":22.0,"key":"LiquidBronze"}],"is_trial":false,"path_per_floor":["M","M","?","?","M","E","R","M","T","R","E","M","R","$","R","B",null,"M","M","?","?","M","M"],"character_chosen":"IRONCLAD","items_purchased":["Whetstone"],"campfire_rested":1,"item_purchase_floors":[14],"current_hp_per_floor":[80,80,68,68,74,58,58,58,58,58,45,32,32,32,71,14,80,65,61,61,61,19,0,0],"gold":202,"neow_bonus":"THREE_ENEMY_KILL","is_daily":false,"chose_seed":false,"campfire_upgraded":3,"win_rate":0.0,"timestamp":1609497629,"path_taken":["M","M","?","?","M","E","R","M","T","R","E","?","R","$","R","BOSS","M","M","?","?","M","M"],"items_purchased_type":["Relic"],"build_version":"2020-12-22","purchased_purges":1,"victory":false,"max_hp_per_floor":[80,80,80,80,80,80,80,80,80,80,80,80,80,80,80,80,80,80,80,80,80,80,80,80],"card_choices":[{"not_picked":["Sword Boomerang","Flex"],"picked":"Shrug It Off","floor":1.0},{"not_picked":["Carnage","Havoc"],"picked":"Headbutt","floor":2.0},{"not_picked":["Shrug It Off","Pummel"],"picked":"Body Slam","floor":5.0},{"not_picked":["Reckless Charge","Sever Soul","Pommel Strike"],"picked":"SKIP","floor":6.0},{"not_picked":["Power Through","Armaments"],"picked":"Uppercut","floor":8.0},{"not_picked":["Twin Strike","Feel No Pain"],"picked":"Dual Wield","floor":11.0},{"not_picked":["Heavy Blade","Metallicize"],"picked":"True Grit","floor":12.0},{"not_picked":["Juggernaut","Berserk"],"picked":"Reaper","floor":16.0},{"not_picked":["Thunderclap","Cleave+1"],"picked":"Spot Weakness","floor":18.0},{"not_picked":["Shockwave","Armaments"],"picked":"Feel No Pain","floor":19.0},{"not_picked":["Sword Boomerang","Clothesline"],"picked":"Entrench+1","floor":22.0}],"player_experience":170573,"relics_obtained":[{"floor":6.0,"key":"Smiling Mask"},{"floor":9.0,"key":"Regal Pillow"},{"floor":11.0,"key":"Nunchaku"}],"event_choices":[{"damage_healed":0.0,"max_hp_gain":0.0,"max_hp_loss":0.0,"gold_gain":0.0,"event_name":"Scrap Ooze","player_choice":"Success","floor":3.0,"gold_loss":0.0,"damage_taken":12.0,"relics_obtained":["Bag of Preparation"]},{"cards_removed":["Strike_R"],"damage_healed":0.0,"max_hp_gain":0.0,"max_hp_loss":0.0,"gold_gain":0.0,"event_name":"Bonfire Elementals","player_choice":"Offered Basic","floor":4.0,"gold_loss":0.0,"damage_taken":0.0},{"damage_healed":0.0,"max_hp_gain":0.0,"max_hp_loss":0.0,"gold_gain":0.0,"event_name":"Cursed Tome","player_choice":"Ignored","floor":20.0,"gold_loss":0.0,"damage_taken":0.0},{"damage_healed":0.0,"max_hp_gain":0.0,"max_hp_loss":0.0,"gold_gain":0.0,"event_name":"Ghosts","player_choice":"Ignored","floor":21.0,"gold_loss":0.0,"damage_taken":0.0}],"is_beta":false,"boss_relics":[{"not_picked":["Runic Pyramid","Tiny House"],"picked":"Black Blood"}],"items_purged_floors":[14],"is_endless":false,"potions_floor_spawned":[2,6,8,16,19,22],"killed_by":"Centurion and Healer","ascension_level":2}}