{"host":"63howft1cojq0ioc","time":1609478648,"event":{"mods":["Act Like it!","Aspiration","BaseMod","DeckTracker","Downfall","Infinite Spire","Minty Spire (QoL Compilation)","Quick Restart","Relic Stats","Replay The Spire","StSLib","SuperFastMode","The Jungle"],"gold_per_floor":[119,135,105,122,32,65,65,93,139,167,183,183,183,195,195,295,295,310,310,235,247,261,261,261],"floor_reached":23,"playtime":520,"items_purged":[],"score":264,"play_id":"3535f1d7-4ba9-46e7-b9d5-cfd9acd0ba34","local_time":"20210101032408","is_ascension_mode":true,"campfire_choices":[{"data":"Clash","floor":7,"key":"SMITH"},{"floor":15,"key":"DIG"}],"circlet_count":0,"master_deck":["Strike_R","Strike_R","Strike_R","Strike_R","Defend_R","Defend_R","Defend_R","Bash","Thunderclap","Clash+1","Clash","ReplayTheSpireMod:Faulty Equipment","Pommel Strike","Carnage"],"relics":["Burning Blood","NeowsBlessing","ReplayTheSpireMod:CursedCoin","Paper Frog","Golden Egg","Calipers","Lantern","Quantum Egg","Ring of Misfortune","Ring of Fury","Replay:Accelerometer","Replay:Grab Bag","Busted Crown","Philosopher\u0027s Stone","Black Star","Empty Cage"],"acts_visited":["Exordium","TheCity"],"potions_floor_usage":[10,16],"damage_taken":[{"damage":0,"enemies":"Jaw Worm","floor":1,"turns":1},{"damage":0,"enemies":"Cultist","floor":2,"turns":1},{"damage":0,"enemies":"2 Louse","floor":4,"turns":1},{"damage":30,"enemies":"Gremlin Nob","floor":6,"turns":4},{"damage":30,"enemies":"Lagavulin","floor":8,"turns":5},{"damage":13,"enemies":"Gremlin Nob","floor":10,"turns":3},{"damage":0,"enemies":"2 Fungi Beasts","floor":11,"turns":1},{"damage":0,"enemies":"Exordium Wildlife","floor":14,"turns":2},{"damage":27,"enemies":"The Guardian","floor":16,"turns":7},{"damage":22,"enemies":"Spheric Guardian","floor":18,"turns":4},{"damage":46,"enemies":"3 Byrds","floor":21,"turns":4},{"damage":44,"enemies":"Centurion and Healer","floor":22,"turns":5},{"damage":13,"enemies":"Gremlin Leader","floor":23,"turns":2}],"seed_played":"5333985163675863418","potions_obtained":[{"floor":2,"key":"BloodPotion"},{"floor":3,"key":"LifebloodPotion"},{"floor":3,"key":"Elixir"},{"floor":4,"key":"Dexterity Potion"},{"floor":14,"key":"FairyPotion"},{"floor":22,"key":"EssenceOfSteel"}],"is_trial":false,"path_per_floor":["M","M","?","M","$","E","R","E","T","E","M","?","?","M","R","B",null,"M","?","?","M","M","E"],"character_chosen":"IRONCLAD","items_purchased":["ReplayTheSpireMod:CursedCoin","Paper Frog"],"campfire_rested":0,"item_purchase_floors":[5,5],"current_hp_per_floor":[80,80,80,80,80,56,56,32,32,41,47,47,47,53,53,32,68,52,60,60,20,13,0,0],"gold":261,"neow_bonus":"THREE_ENEMY_KILL","is_daily":false,"chose_seed":false,"campfire_upgraded":1,"win_rate":0.0,"timestamp":1609478648,"path_taken":["M","M","?","?","$","E","R","E","T","E","M","?","?","M","R","BOSS","M","?","?","M","?","E"],"items_purchased_type":["Relic","Relic"],"build_version":"2020-12-22","purchased_purges":0,"victory":false,"max_hp_per_floor":[80,80,80,80,80,80,80,80,80,80,80,80,80,80,80,80,80,80,80,80,80,80,80,80],"relic_stats":{"Busted Crown":6,"counters":[13,40],"Black Star":0,"obtain_stats":[{"Golden Egg":6,"Replay:Accelerometer":15,"Lantern":9,"Calipers":8,"NeowsBlessing":0,"ReplayTheSpireMod:CursedCoin":5,"Quantum Egg":10,"Replay:Grab Bag":17,"Empty Cage":17,"Burning Blood":0,"Busted Crown":17,"Ring of Misfortune":12,"Ring of Fury":12,"Philosopher\u0027s Stone":17,"Black Star":17,"Paper Frog":5},{"Golden Egg":4,"Replay:Accelerometer":8,"Lantern":5,"Calipers":5,"NeowsBlessing":0,"ReplayTheSpireMod:CursedCoin":3,"Quantum Egg":6,"Replay:Grab Bag":9,"Empty Cage":9,"Burning Blood":0,"Busted Crown":9,"Ring of Misfortune":7,"Ring of Fury":7,"Philosopher\u0027s Stone":9,"Black Star":9,"Paper Frog":3},{"Golden Egg":7,"Replay:Accelerometer":18,"Lantern":12,"Calipers":12,"NeowsBlessing":0,"ReplayTheSpireMod:CursedCoin":3,"Quantum Egg":15,"Replay:Grab Bag":25,"Empty Cage":25,"Burning Blood":0,"Busted Crown":25,"Ring of Misfortune":16,"Ring of Fury":16,"Philosopher\u0027s Stone":25,"Black Star":25,"Paper Frog":3}],"Burning Blood":54},"card_choices":[{"not_picked":["ReplayTheSpireMod:Strike From Hell","Sword Boomerang"],"picked":"Thunderclap","floor":1},{"not_picked":["Bloodletting","ReplayTheSpireMod:Strike From Hell"],"picked":"Clash","floor":2},{"not_picked":["Whirlwind","Entrench"],"picked":"Clash","floor":4},{"not_picked":["ReplayTheSpireMod:Strike From Hell","ReplayTheSpireMod:Corrosion Curse","Blood for Blood"],"picked":"SKIP","floor":6},{"not_picked":["Hemokinesis","Impervious","Searing Blow"],"picked":"SKIP","floor":8},{"not_picked":["Wild Strike","Iron Wave","Clothesline"],"picked":"SKIP","floor":10},{"not_picked":["Rage","Abandon"],"picked":"Pommel Strike","floor":11},{"not_picked":["ReplayTheSpireMod:Limb From Limb","Uppercut","Sever Soul"],"picked":"SKIP","floor":14},{"not_picked":["Perfected Strike"],"picked":"SKIP","floor":18},{"not_picked":["Armaments"],"picked":"SKIP","floor":21},{"not_picked":[],"picked":"Carnage","floor":22}],"player_experience":105287,"relics_obtained":[{"floor":6,"key":"Golden Egg"},{"floor":8,"key":"Calipers"},{"floor":9,"key":"Lantern"},{"floor":10,"key":"Quantum Egg"},{"floor":12,"key":"Ring of Misfortune"},{"floor":12,"key":"Ring of Fury"},{"floor":15,"key":"Replay:Accelerometer"}],"event_choices":[{"damage_healed":0,"gold_gain":0,"player_choice":"Bought 2 Potions","damage_taken":0,"max_hp_gain":0,"max_hp_loss":0,"event_name":"The Woman in Blue","floor":3,"gold_loss":0},{"cards_removed":["Defend_R"],"damage_healed":0,"gold_gain":0,"player_choice":"Gave Gold","damage_taken":0,"max_hp_gain":0,"max_hp_loss":0,"event_name":"Beggar","floor":20,"gold_loss":75}],"is_beta":false,"boss_relics":[{"not_picked":["Replay:Drink Me","Ring of Chaos"],"picked":"Replay:Grab Bag"},{"not_picked":["ReplayTheSpireMod:Onyx Gauntlets","Mark of Pain"],"picked":"Busted Crown"},{"not_picked":["Cursed Key","Ooze Armor"],"picked":"Philosopher\u0027s Stone"},{"not_picked":["SacredBark","ReplayTheSpireMod:SealedPack"],"picked":"Black Star"},{"not_picked":["infinitespire:Burning Sword","aspiration:RitualDagger"],"picked":"Empty Cage"}],"items_purged_floors":[],"is_endless":false,"potions_floor_spawned":[2,4,6,14,22],"killed_by":"Gremlin Leader","ascension_level":5}}