{"host":"51qmnr9isyv85d0p","time":1609481644,"event":{"mods":["AchievementEnabler","BaseMod","Colored Map","Colored Powertips","Curses Come First","Downfall","Minty Spire (QoL Compilation)","Relic Stats","StSLib","TestMod","vexMod"],"gold_per_floor":[99,115,115,9999,10009,9346,9373,9389,9489,8739,8750,8761,8761,8796,8808,8908,8908,8908,8927,9327,9327,9327,9343,9343,9343,8522,8536,8551,7582,7582,7592,7602,7707,7707,7707,7707,7707,6995,6995,6995,6995,6995,6995,6995,6186,6186,6186,6186,6186,6186],"floor_reached":51,"playtime":3522,"items_purged":["Regret","Guardian:Aged","Shame","champ:Strike","Decay","Doubt"],"score":805,"play_id":"6e12fed4-9377-49a8-af05-48cf06473067","local_time":"20210101141404","is_ascension_mode":false,"campfire_choices":[{"data":"champ:Execute","floor":1,"key":"SMITH"},{"data":"champ:HoldFirm","floor":13,"key":"SMITH"},{"data":"champ:Improvising","floor":18,"key":"SMITH"},{"data":"champ:StanceDance","floor":25,"key":"SMITH"},{"data":"champ:MurderStrike","floor":35,"key":"SMITH"},{"data":"champ:Riposte","floor":44,"key":"SMITH"},{"data":"champ:Riposte","floor":47,"key":"SMITH"}],"circlet_count":0,"master_deck":["champ:Strike","champ:Strike","champ:Strike","champ:Defend","champ:Defend","champ:Execute+1","champ:Taunt+1","Parasite","champ:EnragedBash","champ:BringItOn","champ:DefensiveStyle","champ:Shatter","champ:HoldFirm+1","champ:SkillfulDodge","champ:Riposte+1","champ:Riposte+1","champ:StanceDance+1","champ:Improvising+1","champ:Duel","champ:ShieldSlam","champ:IronFortress","Clumsy","champ:ShieldWall+1","champ:StanceDance+1","champ:MurderStrike+1","Secret Technique+1","champ:Improvising+1","Flash of Steel+1","champ:SkillfulDodge+1"],"relics":["champ:ChampionCrown","testmod-CrystalShield","testmod-Laevatain","testmod-AssaultLearning","vexMod:FocusSash","Lee\u0027s Waffle","hexamod:BolsterEngine","vexMod:ScavengeHelm","HandDrill","Guardian:PocketSentry","Cursed Key","testmod-EqualTreatment","downfall:RedIOU","Frozen Egg 2","Bag of Preparation","testmod-IntensifyImprint","Frozen Eye","Toxic Egg 2","Gremlin Horn","Chemical X","Molten Egg 2","vexMod:MysteryBossChallenge","downfall:Hecktoplasm","testmod-Antiphasic","testmod-BlackFramedGlasses","MealTicket","Happy Flower","Sundial","Sling","Incense Burner"],"acts_visited":["Exordium","TheCity","TheBeyond"],"potions_floor_usage":[4,5,8,9,23,23,50],"damage_taken":[{"damage":4,"enemies":"Jaw Worm","floor":2,"turns":4},{"damage":7,"enemies":"Cultist","floor":4,"turns":2},{"damage":10,"enemies":"2 Louse","floor":5,"turns":4},{"damage":11,"enemies":"downfall:FleeingMerchant","floor":6,"turns":4},{"damage":0,"enemies":"Blue Slaver","floor":8,"turns":2},{"damage":26,"enemies":"downfall:Heads","floor":9,"turns":7},{"damage":7,"enemies":"downfall:FleeingMerchant","floor":10,"turns":4},{"damage":2,"enemies":"Exordium Thugs","floor":11,"turns":5},{"damage":2,"enemies":"Gremlin Gang","floor":12,"turns":4},{"damage":5,"enemies":"Gremlin Nob","floor":14,"turns":4},{"damage":1,"enemies":"Blue Slaver","floor":15,"turns":4},{"damage":16,"enemies":"downfall:Defect","floor":16,"turns":6},{"damage":5,"enemies":"Spheric Guardian","floor":19,"turns":3},{"damage":9,"enemies":"3 Byrds","floor":23,"turns":3},{"damage":4,"enemies":"downfall:FleeingMerchant","floor":26,"turns":4},{"damage":5,"enemies":"Snake Plant","floor":27,"turns":3},{"damage":5,"enemies":"Snecko","floor":28,"turns":3},{"damage":7,"enemies":"downfall:FleeingMerchant","floor":29,"turns":4},{"damage":9,"enemies":"Shelled Parasite and Fungi","floor":31,"turns":3},{"damage":0,"enemies":"Snake Plant","floor":32,"turns":2},{"damage":9,"enemies":"downfall:Ironclad","floor":33,"turns":7},{"damage":15,"enemies":"3 Shapes","floor":36,"turns":2},{"damage":6,"enemies":"Orb Walker","floor":37,"turns":3},{"damage":9,"enemies":"downfall:FleeingMerchant","floor":38,"turns":3},{"damage":11,"enemies":"Transient","floor":39,"turns":5},{"damage":25,"enemies":"Jaw Worm Horde","floor":40,"turns":2},{"damage":0,"enemies":"3 Darklings","floor":42,"turns":3},{"damage":6,"enemies":"Sphere and 2 Shapes","floor":43,"turns":2},{"damage":11,"enemies":"Mind Bloom Boss Battle","floor":46,"turns":7},{"damage":2,"enemies":"Maw","floor":49,"turns":5},{"damage":3,"enemies":"downfall:Watcher","floor":50,"turns":5}],"seed_played":"5171764280743804380","potions_obtained":[{"floor":3,"key":"BlessingOfTheForge"},{"floor":3,"key":"testmod-TimePotion"},{"floor":3,"key":"Dexterity Potion"},{"floor":4,"key":"Block Potion"},{"floor":8,"key":"Fire Potion"},{"floor":27,"key":"Energy Potion"},{"floor":28,"key":"PowerPotion"},{"floor":46,"key":"BlessingOfTheForge"}],"is_trial":false,"path_per_floor":["R","M","?","M","M","$","T","M","?","$","M","M","R","E","M","B",null,"R","M","?","?","?","M","T","R","$","M","M","$","T","M","M","B",null,"R","M","M","$","M","M","T","M","M","R","$","?","R","?","M","B",null],"character_chosen":"THE_CHAMP","items_purchased":["testmod-AssaultLearning","vexMod:FocusSash","Lee\u0027s Waffle","AttackPotion","champ:HoldFirm","hexamod:BolsterEngine","vexMod:ScavengeHelm","HandDrill","Weak Potion","champ:StanceDance","Bag of Preparation","testmod-IntensifyImprint","Frozen Eye","champ:ShieldWall+1","Toxic Egg 2","Gremlin Horn","Chemical X","Secret Technique+1","testmod-Antiphasic","testmod-BlackFramedGlasses","Flash of Steel+1","Happy Flower","Sundial","Sling","testmod-TestPotion"],"campfire_rested":0,"item_purchase_floors":[6,6,6,6,6,10,10,10,10,10,26,26,26,26,29,29,29,29,38,38,38,45,45,45,45],"current_hp_per_floor":[90,86,86,86,83,97,104,104,90,90,90,90,90,90,89,78,104,104,104,104,104,104,102,102,102,102,102,102,102,102,97,97,97,104,104,97,97,97,102,87,87,90,92,92,104,104,104,104,104,104],"gold":6186,"neow_bonus":"ONE_RARE_RELIC","is_daily":false,"chose_seed":false,"campfire_upgraded":7,"win_rate":0.0,"timestamp":1609481644,"path_taken":["R","M","?","M","M","$","T","?","?","$","M","M","R","E","M","BOSS","R","M","?","?","?","M","T","R","$","M","M","$","?","?","M","BOSS","R","M","M","$","M","M","T","M","?","R","$","?","R","?","M","BOSS"],"items_purchased_type":["Relic","Relic","Relic","Potion","Card","Relic","Relic","Relic","Potion","Card","Relic","Relic","Relic","Card","Relic","Relic","Relic","Card","Relic","Relic","Card","Relic","Relic","Relic","Potion"],"build_version":"2020-12-22","purchased_purges":6,"victory":true,"max_hp_per_floor":[90,90,90,90,90,97,104,104,104,104,104,104,104,104,104,104,104,104,104,104,104,104,104,104,104,104,104,104,104,104,104,104,104,104,104,104,104,104,104,104,104,104,104,104,104,104,104,104,104,104],"relic_stats":{"Lee\u0027s Waffle":18,"Gremlin Horn":[9,9],"Happy Flower":[5],"counters":[31,118],"Sundial":[0],"MealTicket":12,"HandDrill":[50],"Bag of Preparation":[32],"Chemical X":[1],"Cursed Key":3,"obtain_stats":[{"Gremlin Horn":29,"testmod-EqualTreatment":21,"champ:ChampionCrown":0,"Bag of Preparation":26,"Incense Burner":46,"Cursed Key":17,"Sling":45,"testmod-BlackFramedGlasses":38,"Frozen Eye":26,"testmod-CrystalShield":0,"testmod-Laevatain":0,"Sundial":45,"Strawberry":7,"MealTicket":41,"downfall:RedIOU":22,"HandDrill":10,"downfall:Hecktoplasm":34,"Chemical X":29,"Toxic Egg 2":29,"testmod-IntensifyImprint":26,"Lee\u0027s Waffle":6,"testmod-TestBox":0,"Happy Flower":45,"vexMod:ScavengeHelm":10,"vexMod:MysteryBossChallenge":34,"Guardian:PocketSentry":14,"vexMod:FocusSash":6,"Frozen Egg 2":24,"testmod-Antiphasic":38,"testmod-AssaultLearning":6,"Molten Egg 2":30,"hexamod:BolsterEngine":10},{"Gremlin Horn":18,"testmod-EqualTreatment":13,"champ:ChampionCrown":0,"Bag of Preparation":15,"Incense Burner":29,"Cursed Key":12,"Sling":28,"testmod-BlackFramedGlasses":24,"Frozen Eye":15,"testmod-CrystalShield":0,"testmod-Laevatain":0,"Sundial":28,"Strawberry":4,"MealTicket":26,"downfall:RedIOU":13,"HandDrill":7,"downfall:Hecktoplasm":21,"Chemical X":18,"Toxic Egg 2":18,"testmod-IntensifyImprint":15,"Lee\u0027s Waffle":4,"testmod-TestBox":0,"Happy Flower":28,"vexMod:ScavengeHelm":7,"vexMod:MysteryBossChallenge":21,"Guardian:PocketSentry":10,"vexMod:FocusSash":4,"Frozen Egg 2":14,"testmod-Antiphasic":24,"testmod-AssaultLearning":4,"Molten Egg 2":18,"hexamod:BolsterEngine":7},{"Gremlin Horn":69,"testmod-EqualTreatment":52,"champ:ChampionCrown":0,"Bag of Preparation":59,"Incense Burner":108,"Cursed Key":49,"Sling":101,"testmod-BlackFramedGlasses":89,"Frozen Eye":59,"testmod-CrystalShield":0,"testmod-Laevatain":0,"Sundial":101,"Strawberry":14,"MealTicket":96,"downfall:RedIOU":52,"HandDrill":27,"downfall:Hecktoplasm":81,"Chemical X":69,"Toxic Egg 2":69,"testmod-IntensifyImprint":59,"Lee\u0027s Waffle":14,"testmod-TestBox":0,"Happy Flower":101,"vexMod:ScavengeHelm":27,"vexMod:MysteryBossChallenge":81,"Guardian:PocketSentry":40,"vexMod:FocusSash":14,"Frozen Egg 2":55,"testmod-Antiphasic":89,"testmod-AssaultLearning":14,"Molten Egg 2":69,"hexamod:BolsterEngine":27}]},"card_choices":[{"not_picked":["champ:GutPunch","champ:BerserkersShout"],"picked":"champ:EnragedBash","floor":2},{"not_picked":["champ:CrookedStrike","champ:PerfectedStrike"],"picked":"champ:BringItOn","floor":4},{"not_picked":["champ:BladeFlurry","champ:Shatter"],"picked":"champ:DefensiveStyle","floor":5},{"not_picked":["champ:Backstep","champ:CrookedStrike"],"picked":"champ:Shatter","floor":6},{"not_picked":["champ:Circumvent","champ:PreciseThrust"],"picked":"champ:SkillfulDodge","floor":8},{"not_picked":["champ:HeartStrike","champ:Circumvent"],"picked":"champ:Riposte","floor":9},{"not_picked":["champ:RecklessLeap","champ:BerserkerStyle","champ:FocusedGladiator"],"picked":"SKIP","floor":10},{"not_picked":["champ:FlashCut","champ:FocusedGladiator","champ:BerserkersShout"],"picked":"SKIP","floor":11},{"not_picked":["champ:Shatter","champ:PreciseThrust","champ:FlashCut"],"picked":"SKIP","floor":12},{"not_picked":["champ:Riposte","champ:Circumvent"],"picked":"champ:Improvising","floor":14},{"not_picked":["champ:Circumvent","champ:AdrenalArmor"],"picked":"champ:Duel","floor":15},{"not_picked":["champ:HeavySlash","champ:HoldFirm"],"picked":"champ:ShieldSlam","floor":16},{"not_picked":["champ:BladeFlurry","champ:GladiatorsShout"],"picked":"champ:IronFortress","floor":19},{"not_picked":["champ:AdrenalArmor","champ:Haymaker","champ:TornadoPunch"],"picked":"SKIP","floor":23},{"not_picked":["champ:BladeFlurry+1","champ:GutPunch","champ:Backstep+1"],"picked":"SKIP","floor":26},{"not_picked":["champ:FlashCut","champ:GutPunch","champ:EndlessRage+1"],"picked":"SKIP","floor":27},{"not_picked":["champ:DefensiveShout","champ:PerfectedStrike"],"picked":"champ:StanceDance+1","floor":28},{"not_picked":["champ:IronFortress+1","champ:Shatter"],"picked":"champ:MurderStrike","floor":29},{"not_picked":["champ:CrookedStrike+1","champ:DefensiveShout+1","champ:FlashCut+1"],"picked":"SKIP","floor":31},{"not_picked":["champ:ShieldWall+1","champ:HeartStrike+1","champ:Backstep+1"],"picked":"SKIP","floor":32},{"not_picked":["champ:PerfectForm+1","champ:ShieldSlam+1"],"picked":"champ:Improvising+1","floor":33},{"not_picked":["champ:Circumvent+1","champ:ShieldWall+1","champ:Backstep+1"],"picked":"SKIP","floor":36},{"not_picked":["champ:CrookedStrike+1","champ:BerserkersShout+1","champ:IronFortress+1"],"picked":"SKIP","floor":37},{"not_picked":["champ:Haymaker+1","champ:FlashCut+1","champ:CrownThrow+1"],"picked":"SKIP","floor":38},{"not_picked":["champ:GladiatorsShout+1","champ:EnragedBash+1","champ:PerfectedStrike+1"],"picked":"SKIP","floor":39},{"not_picked":["champ:CrookedStrike+1","champ:Circumvent+1","champ:TornadoPunch+1"],"picked":"SKIP","floor":40},{"not_picked":["champ:BerserkersShout+1","champ:IronFortress+1"],"picked":"champ:SkillfulDodge+1","floor":42},{"not_picked":["champ:DefensiveShout+1","champ:PerfectedStrike+1","champ:PreciseThrust+1"],"picked":"SKIP","floor":43},{"not_picked":["champ:DefensiveShout+1","champ:TornadoPunch+1","champ:Haymaker+1"],"picked":"SKIP","floor":49}],"player_experience":49971,"relics_obtained":[{"floor":7,"key":"Strawberry"},{"floor":14,"key":"Guardian:PocketSentry"},{"floor":24,"key":"Frozen Egg 2"},{"floor":30,"key":"Molten Egg 2"},{"floor":41,"key":"MealTicket"},{"floor":46,"key":"Incense Burner"}],"event_choices":[{"damage_healed":0,"gold_gain":0,"player_choice":"Got Potions","damage_taken":0,"max_hp_gain":0,"max_hp_loss":0,"event_name":"Lab","floor":3,"gold_loss":0},{"damage_healed":0,"gold_gain":400,"player_choice":"Sell","damage_taken":0,"max_hp_gain":0,"max_hp_loss":0,"event_name":"¶÷ÂåË¹µÄÅÌ×Ó","floor":20,"relics_lost":["testmod-TestBox"],"gold_loss":0},{"damage_healed":0,"gold_gain":0,"player_choice":"Stole Relic","damage_taken":0,"relics_obtained":["testmod-EqualTreatment"],"max_hp_gain":0,"max_hp_loss":0,"event_name":"Addict","floor":21,"gold_loss":0,"cards_obtained":["Shame"]},{"cards_removed":["champ:Defend"],"damage_healed":0,"gold_gain":0,"player_choice":"Purged","damage_taken":0,"max_hp_gain":0,"max_hp_loss":0,"event_name":"Purifier","floor":48,"gold_loss":0}],"is_beta":false,"boss_relics":[{"not_picked":["testmod-HarvestTotem","testmod-BatchProcessingSystem"],"picked":"Cursed Key"},{"not_picked":["testmod-SaigiyounoYou","Fusion Hammer"],"picked":"vexMod:MysteryBossChallenge"}],"items_purged_floors":[6,10,26,29,38,45],"is_endless":false,"potions_floor_spawned":[4,8,11,12,16,27,28,31,33,40,43,46],"ascension_level":0}}