{"host":"v1m5rkjj38qutr02","time":1609507285,"event":{"mods":["Act Like it!","BaseMod","Conspire","Gensokyo","GungeonMod","Hallownest","Minty Spire (QoL Compilation)","Replay The Spire","StSLib","The Bug Knight","Youmu£®ªÍ∆«—˝√Œ£©"],"gold_per_floor":[109,89,103,116,116,116,159,159,159,185,185,185,198,215,215,311,311,236,236,16,16,16,16],"floor_reached":22,"playtime":707,"items_purged":["Replay:Hysterical Blindness"],"score":279,"play_id":"06c78170-a1d7-4ec3-bc0a-5ba54cc97f90","local_time":"20210101212125","is_ascension_mode":true,"campfire_choices":[{"data":"ReplayTheSpireMod:Scrap Shanks","floor":6.0,"key":"SMITH"},{"floor":8.0,"key":"REST"},{"floor":12.0,"key":"REST"},{"floor":15.0,"key":"REST"}],"circlet_count":0,"master_deck":["AscendersBane","Strike_G","Strike_G","Strike_G","Strike_G","Strike_G","Defend_G","Defend_G","Defend_G","Defend_G","Defend_G","Survivor","Neutralize","Outmaneuver","ReplayTheSpireMod:Scrap Shanks+1","Acrobatics","Hidden Blade","Cloak And Dagger","Grand Finale","Night Terror","Calculated Gamble","Footwork","conspire:Banana"],"relics":["Ring of the Snake","NeowsBlessing","ReplayTheSpireMod:CursedCoin","Shuriken","ReplayTheSpireMod:TigerMarble","Thread and Needle","conspire:Dentures","SlaversCollar","Nilry\u0027s Codex","DemoMod:MonsterBlood"],"acts_visited":["Exordium","TheCity"],"potions_floor_usage":[],"damage_taken":[{"damage":0.0,"enemies":"Cultist","floor":1.0,"turns":1.0},{"damage":0.0,"enemies":"Small Slimes","floor":3.0,"turns":1.0},{"damage":0.0,"enemies":"Jaw Worm","floor":4.0,"turns":1.0},{"damage":25.0,"enemies":"conspire:MimicChest","floor":7.0,"turns":8.0},{"damage":30.0,"enemies":"Lagavulin","floor":10.0,"turns":9.0},{"damage":0.0,"enemies":"Blue Slaver","floor":13.0,"turns":5.0},{"damage":0.0,"enemies":"Red Slaver","floor":14.0,"turns":3.0},{"damage":35.0,"enemies":"Fading Forest","floor":16.0,"turns":11.0},{"damage":10,"enemies":"2 Thieves","floor":18,"turns":5},{"damage":0,"enemies":"Chosen","floor":22,"turns":4}],"seed_played":"7081413436921554606","potions_obtained":[{"floor":1.0,"key":"DemoMod:LeadSkinPotion"},{"floor":14.0,"key":"Toxic Potion"},{"floor":16.0,"key":"LifebloodPotion"}],"is_trial":false,"path_per_floor":["M","$","M","M","T","R","?","R","T","E","?","R","M","M","R","B",null,"M","?","$","?","M"],"character_chosen":"THE_SILENT","items_purchased":["ReplayTheSpireMod:CursedCoin","ReplayTheSpireMod:Scrap Shanks","Acrobatics","Footwork","DemoMod:MonsterBlood"],"campfire_rested":3,"item_purchase_floors":[2,2,2,20,20],"current_hp_per_floor":[63,63,63,63,63,63,38,59,59,29,29,50,50,50,70,43,63,53,37,44,44,45,45],"gold":16,"neow_bonus":"THREE_ENEMY_KILL","is_daily":false,"chose_seed":false,"campfire_upgraded":1,"win_rate":0.0,"timestamp":1609507285,"path_taken":["M","?","?","M","?","R","?","R","T","E","?","R","M","?","R","BOSS","M","?","$","?","?"],"items_purchased_type":["Relic","Card","Card","Card","Relic"],"build_version":"2020-12-22","purchased_purges":1,"victory":false,"max_hp_per_floor":[70,70,70,70,70,70,70,70,70,70,70,70,70,70,70,70,70,70,70,77,77,78,78],"card_choices":[{"not_picked":["PiercingWail","Deflect"],"picked":"Outmaneuver","floor":1.0},{"not_picked":["Dodge and Roll","Deflect","Dagger Throw"],"picked":"SKIP","floor":3.0},{"not_picked":["conspire:DoublingDagger","ReplayTheSpireMod:Exploit Weakness","Sucker Punch"],"picked":"SKIP","floor":4.0},{"not_picked":["Sucker Punch","Leg Sweep"],"picked":"Hidden Blade","floor":7.0},{"not_picked":["Dagger Throw","Deadly Poison"],"picked":"Cloak And Dagger","floor":10.0},{"not_picked":["Cloak And Dagger","Leg Sweep","Deflect"],"picked":"SKIP","floor":13.0},{"not_picked":["Well Laid Plans","Cloak And Dagger","Hidden Blade"],"picked":"SKIP","floor":14.0},{"not_picked":["Corpse Explosion","Die Die Die"],"picked":"Night Terror","floor":16.0},{"not_picked":["Toxin Wave","Backflip+1"],"picked":"Calculated Gamble","floor":18}],"player_experience":391824,"relics_obtained":[{"floor":5.0,"key":"Shuriken"},{"floor":7.0,"key":"ReplayTheSpireMod:TigerMarble"},{"floor":9.0,"key":"Thread and Needle"},{"floor":10.0,"key":"conspire:Dentures"},{"floor":19,"key":"Nilry\u0027s Codex"}],"event_choices":[{"damage_healed":0.0,"max_hp_gain":0.0,"max_hp_loss":0.0,"gold_gain":0.0,"event_name":"Match and Keep!","player_choice":"1 cards matched","floor":11.0,"gold_loss":0.0,"damage_taken":0.0,"cards_obtained":["Grand Finale"]},{"damage_healed":0,"gold_gain":0,"player_choice":"Obtained Book","damage_taken":16,"max_hp_gain":0,"max_hp_loss":0,"event_name":"Cursed Tome","floor":19,"gold_loss":0},{"damage_healed":0,"gold_gain":0,"player_choice":"1 cards matched","damage_taken":0,"max_hp_gain":0,"max_hp_loss":0,"event_name":"Match and Keep!","floor":21,"gold_loss":0,"cards_obtained":["conspire:Banana"]}],"is_beta":false,"boss_relics":[{"not_picked":["Snecko Scales","Coffee Dripper"],"picked":"SlaversCollar"}],"items_purged_floors":[2],"is_endless":false,"potions_floor_spawned":[1,14,16],"killed_by":"Chosen","ascension_level":11}}