{"host":"yiit85oc4oi3nqs8","time":1609505854,"event":{"mods":["AchievementEnabler","BaseMod","Better Third Choice","Block Reminder","DeckTracker","Highlight Path","Keyboard Shortcuts","Minty Spire (QoL Compilation)","MonsterHotkey","Quick Restart","Random Character Button","Relic Stats","StSLib"],"gold_per_floor":[116,131,56,106,122,122,137,137,137,137,166,166,180,180,180,180,214,139,151,151,151,151],"floor_reached":21,"playtime":497,"items_purged":["Strike_R"],"score":247,"play_id":"df264c78-931b-4abe-932a-75b3d6e534a2","local_time":"20210101215734","is_ascension_mode":true,"campfire_choices":[{"data":"Combust","floor":9.0,"key":"SMITH"},{"data":"Bash","floor":10.0,"key":"SMITH"},{"data":"Cleave","floor":12.0,"key":"SMITH"},{"data":"Defend_R","floor":14.0,"key":"SMITH"}],"circlet_count":0,"master_deck":["AscendersBane","Strike_R","Strike_R","Strike_R","Defend_R+1","Defend_R","Defend_R","Bash+1","Combust+1","Cleave+1","Metallicize","Flame Barrier"],"relics":["Burning Blood","Bag of Preparation","StoneCalendar","Pantograph","Blue Candle"],"acts_visited":["Exordium"],"potions_floor_usage":[],"damage_taken":[{"damage":14.0,"enemies":"Jaw Worm","floor":1.0,"turns":8.0},{"damage":10.0,"enemies":"Small Slimes","floor":2.0,"turns":3.0},{"damage":7.0,"enemies":"Cultist","floor":5.0,"turns":4.0},{"damage":4.0,"enemies":"Exordium Thugs","floor":7.0,"turns":4.0},{"damage":17.0,"enemies":"Gremlin Nob","floor":11.0,"turns":4.0},{"damage":12.0,"enemies":"Looter","floor":13.0,"turns":3.0},{"damage":28.0,"enemies":"Lagavulin","floor":17.0,"turns":7.0},{"damage":21.0,"enemies":"Large Slime","floor":19.0,"turns":5.0},{"damage":8,"enemies":"3 Sentries","floor":21,"turns":1}],"seed_played":"2764050994037534404","potions_obtained":[{"floor":1.0,"key":"Fruit Juice"},{"floor":5.0,"key":"Block Potion"},{"floor":19.0,"key":"DistilledChaos"}],"is_trial":false,"path_per_floor":["M","M","?","?","M","?","M","?","R","R","E","R","M","R","T","T","E","$","M","?","E"],"character_chosen":"IRONCLAD","items_purchased":[],"campfire_rested":0,"item_purchase_floors":[],"current_hp_per_floor":[60,61,61,61,60,60,62,62,62,62,51,51,45,45,45,45,23,23,8,8,0,0],"gold":151,"neow_bonus":"REMOVE_CARD","is_daily":false,"chose_seed":false,"campfire_upgraded":4,"win_rate":0.0,"timestamp":1609505854,"path_taken":["M","M","?","?","?","?","?","?","R","R","E","R","M","R","T","T","E","?","M","?","E"],"items_purchased_type":[],"build_version":"2020-12-22","purchased_purges":1,"victory":false,"max_hp_per_floor":[75,80,80,80,80,80,80,80,80,80,80,80,80,80,80,80,80,80,80,80,80,80],"relic_stats":{"counters":[9,39],"Pantograph":0,"Blue Candle":[0],"StoneCalendar":[0],"Bag of Preparation":[8],"obtain_stats":[{"Pantograph":16,"Blue Candle":17,"StoneCalendar":15,"Bag of Preparation":11,"Burning Blood":0},{"Pantograph":6,"Blue Candle":7,"StoneCalendar":6,"Bag of Preparation":5,"Burning Blood":0},{"Pantograph":26,"Blue Candle":33,"StoneCalendar":26,"Bag of Preparation":23,"Burning Blood":0}],"Burning Blood":48},"card_choices":[{"not_picked":["Inflame","Rage"],"picked":"Combust","floor":1.0},{"not_picked":["Pommel Strike","True Grit"],"picked":"Cleave","floor":2.0},{"not_picked":["Sever Soul","Perfected Strike","Heavy Blade"],"picked":"SKIP","floor":5.0},{"not_picked":["Carnage","Heavy Blade","Burning Pact"],"picked":"SKIP","floor":7.0},{"not_picked":["Bludgeon","Blood for Blood","Anger"],"picked":"SKIP","floor":11.0},{"not_picked":["Pommel Strike","Evolve","Feel No Pain"],"picked":"SKIP","floor":13.0},{"not_picked":["Brutality","Whirlwind"],"picked":"Metallicize","floor":17.0},{"not_picked":["Flex","Clash"],"picked":"Flame Barrier","floor":19.0}],"player_experience":416479,"relics_obtained":[{"floor":11.0,"key":"Bag of Preparation"},{"floor":15.0,"key":"StoneCalendar"},{"floor":16.0,"key":"Pantograph"},{"floor":17.0,"key":"Blue Candle"}],"event_choices":[{"cards_removed":["Defend_R"],"damage_healed":0.0,"max_hp_gain":0.0,"max_hp_loss":0.0,"gold_gain":0.0,"event_name":"The Cleric","player_choice":"Card Removal","floor":3.0,"gold_loss":75.0,"damage_taken":0.0},{"damage_healed":0.0,"max_hp_gain":0.0,"max_hp_loss":0.0,"gold_gain":50.0,"event_name":"Golden Shrine","player_choice":"Pray","floor":4.0,"gold_loss":0.0,"damage_taken":0.0}],"is_beta":false,"boss_relics":[],"items_purged_floors":[18],"is_endless":false,"potions_floor_spawned":[1,5,19],"killed_by":"3 Sentries","ascension_level":16}}