{"host":"vm8b3ptwl81uq21f","time":1609468495,"event":{"mods":["Aspiration","BaseMod","BetterRewards","Colored Map","Colored Powertips","Downfall","GifTheSpireLib","Googly Eyes","GungeonMod","Halation","Hubris","Infinite Spire","Minty Spire (QoL Compilation)","Quick Restart","Rare Cards Sparkle","Replay The Spire","Shop Mod","StSLib","Stuff the Spire","The Bug Knight","The IronCluck","[IsaacMod]????"],"gold_per_floor":[115,115,133,143,154,186,186,106,158,170,184,218,218,228,228,326,326,345,362,382,382,382,128,153,153,153,173,189,201,201,213,213,310,310,324,337,354,354,364,364,376,376,402,402,32,32,51,51,51],"floor_reached":48,"playtime":1683,"items_purged":["hubris:ReadiedAction"],"score":520,"play_id":"af3b048b-34bb-4634-9558-66c1cc94e12c","local_time":"20201231213455","is_ascension_mode":false,"campfire_choices":[{"data":"Perfected Strike","floor":7,"key":"SMITH"},{"data":"infinitespire:OneForAll","floor":13,"key":"SMITH"},{"data":"Flex","floor":15,"key":"SMITH"},{"data":"hubris:InfiniteBlow","floor":25,"key":"SMITH"},{"data":"hubris:InfiniteBlow+1","floor":30,"key":"SMITH"},{"data":"hubris:InfiniteBlow+2","floor":32,"key":"SMITH"},{"data":"hubris:InfiniteBlow+3","floor":40,"key":"SMITH"},{"data":"hubris:InfiniteBlow+4","floor":44,"key":"SMITH"}],"circlet_count":0,"master_deck":["Strike_R","Strike_R","Strike_R","Strike_R","Strike_R","Defend_R+1","Defend_R","Defend_R","Defend_R+1","Bash+1","Twin Strike","infinitespire:OneForAll+1","Perfected Strike+1","Battle Trance","Flex+1","Exhume","Twin Strike","hubris:InfiniteBlow+5","Necronomicurse","Perfected Strike+1","Wild Strike","Offering","Wild Strike+1","hubris:ReadiedAction","Madness","Madness","StuffTheSpire:Perfection","Twin Strike"],"relics":["Burning Blood","HushsDoor","BookofShadows","aspiration:Nostalgia","Replay:M_SmolderingBlood","D6","halation:PromiseList","hubris:PeanutButter","hubris:VirtuousBlindfold","Necronomicon","infinitespire:EmpoweringShard","HollowMod:PaleOreRelic","StuffTheSpire:GrapeVine","hubris:ScarierMask","Oddly Smooth Stone","DemoMod:Metronome"],"acts_visited":["Exordium","TheCity","TheBeyond"],"potions_floor_usage":[16,24,33,47],"damage_taken":[{"damage":5,"enemies":"Jaw Worm","floor":1,"turns":5},{"damage":2,"enemies":"Small Slimes","floor":3,"turns":3},{"damage":0,"enemies":"Cultist","floor":4,"turns":2},{"damage":15,"enemies":"Blue Slaver","floor":5,"turns":4},{"damage":14,"enemies":"HollowMod:MossKnight","floor":6,"turns":9},{"damage":5,"enemies":"3 Louse","floor":10,"turns":3},{"damage":10,"enemies":"Looter","floor":11,"turns":2},{"damage":6,"enemies":"Gremlin Nob","floor":12,"turns":3},{"damage":0,"enemies":"Exordium Wildlife","floor":14,"turns":3},{"damage":24,"enemies":"Fading Forest","floor":16,"turns":11},{"damage":4,"enemies":"Shell Parasite","floor":18,"turns":4},{"damage":0,"enemies":"2 Thieves","floor":19,"turns":3},{"damage":0,"enemies":"3 Cultists","floor":20,"turns":3},{"damage":0,"enemies":"Book of Stabbing","floor":24,"turns":2},{"damage":0,"enemies":"Sentry and Sphere","floor":27,"turns":3},{"damage":0,"enemies":"Snecko","floor":28,"turns":1},{"damage":0,"enemies":"Shelled Parasite and Fungi","floor":29,"turns":4},{"damage":0,"enemies":"Centurion and Healer","floor":31,"turns":4},{"damage":4,"enemies":"Champ","floor":33,"turns":5},{"damage":6,"enemies":"3 Shapes","floor":35,"turns":3},{"damage":0,"enemies":"3 Darklings","floor":36,"turns":3},{"damage":1,"enemies":"Transient","floor":37,"turns":5},{"damage":0,"enemies":"Sphere and 2 Shapes","floor":39,"turns":4},{"damage":12,"enemies":"Maw","floor":41,"turns":3},{"damage":32,"enemies":"Spire Growth","floor":47,"turns":4},{"damage":15,"enemies":"infinitespire:Three Voidlings","floor":48,"turns":4},{"damage":44,"enemies":"Nightmare_Alpha","floor":48,"turns":5}],"seed_played":"1468031045074265450","potions_obtained":[{"floor":1,"key":"Toxic Potion"},{"floor":4,"key":"Guardian:BlockOnCardUsePotion"},{"floor":10,"key":"Venom Potion"},{"floor":16,"key":"Block Potion"},{"floor":29,"key":"Strength Potion"},{"floor":33,"key":"Energy Potion"},{"floor":47,"key":"FearPotion"}],"is_trial":false,"path_per_floor":["M","?","M","M","M","E","R","$","T","M","M","E","R","M","R","B",null,"M","M","M","?","?","$","E","R","T","M","M","M","R","M","R","B",null,"M","M","M","?","M","R","M","?","T","R","$","?","M","?"],"character_chosen":"IRONCLAD","items_purchased":["Battle Trance","infinitespire:EmpoweringShard","Vajra","DemoMod:Metronome"],"campfire_rested":0,"item_purchase_floors":[8,23,45,45],"current_hp_per_floor":[80,80,80,80,71,63,63,63,63,64,60,60,60,66,66,48,80,80,80,80,60,44,44,50,50,50,56,62,68,68,74,74,76,80,80,80,80,70,76,76,70,78,78,78,78,78,52,0,0],"gold":51,"neow_bonus":"NOSTALGIA","is_daily":false,"chose_seed":false,"campfire_upgraded":8,"win_rate":0.0,"timestamp":1609468495,"path_taken":["M","?","M","M","M","E","R","$","T","?","M","E","R","?","R","BOSS","M","M","M","?","?","?","E","R","T","?","M","M","R","M","R","BOSS","M","M","M","?","?","R","M","?","T","R","$","?","M","?"],"items_purchased_type":["Card","Relic","Relic","Relic"],"build_version":"2020-12-22","purchased_purges":1,"victory":false,"max_hp_per_floor":[80,80,80,80,80,80,80,80,80,80,80,80,80,80,80,80,80,80,80,80,80,80,80,80,80,80,80,80,80,80,80,80,80,80,80,80,80,80,80,80,80,80,80,80,80,80,80,80,80],"card_choices":[{"not_picked":["Warcry","Headbutt"],"picked":"Twin Strike","floor":1},{"not_picked":["BowlingBash","CrushJoints","Iron Wave"],"picked":"SKIP","floor":3},{"not_picked":["Heavy Blade","Warcry"],"picked":"infinitespire:OneForAll","floor":4},{"not_picked":["Blood for Blood","Flame Barrier"],"picked":"Perfected Strike","floor":5},{"not_picked":["Corruption","WreathOfFlame"],"picked":"hubris:ReadiedAction","floor":6},{"not_picked":["StuffTheSpire:RockThrow","StuffTheSpire:RagingBull"],"picked":"Flex","floor":10},{"not_picked":["StuffTheSpire:Pyroclast","Heavy Blade","Anger"],"picked":"SKIP","floor":11},{"not_picked":["Juggernaut","StuffTheSpire:Incineration"],"picked":"Bomb","floor":12},{"not_picked":["Defy Death","Flame Barrier","Pummel"],"picked":"SKIP","floor":14},{"not_picked":["Replay:Many Hands","Impervious"],"picked":"Exhume","floor":16},{"not_picked":["Massacre+1","Clash","Headbutt"],"picked":"SKIP","floor":18},{"not_picked":["Heavy Blade","Body Slam"],"picked":"Twin Strike","floor":19},{"not_picked":["Anger","Dark Embrace+1","Corruption"],"picked":"SKIP","floor":20},{"not_picked":["Replay:Fractal Strike","infinitespire:Execution"],"picked":"hubris:InfiniteBlow","floor":21},{"not_picked":["Replay:Undeath\u0027s Touch","Combust+1","Blood for Blood"],"picked":"SKIP","floor":24},{"not_picked":["Twin Strike+1","Heavy Blade+1"],"picked":"Perfected Strike+1","floor":27},{"not_picked":["Clothesline","Anger"],"picked":"Wild Strike","floor":28},{"not_picked":["Clothesline","Body Slam+1","Anger"],"picked":"SKIP","floor":29},{"not_picked":["True Grit","Replay:Undeath\u0027s Touch+1","Metallicize"],"picked":"SKIP","floor":31},{"not_picked":["Barricade","Berserk"],"picked":"Offering","floor":33},{"not_picked":["Dark Embrace","ReplayReversal+1","StuffTheSpire:Resist+1"],"picked":"SKIP","floor":35},{"not_picked":["Warcry+1","Sword Boomerang"],"picked":"Wild Strike","floor":36},{"not_picked":["Feed","ReplayTheSpireMod:Strike From Hell+1"],"picked":"hubris:ReadiedAction","floor":37},{"not_picked":["Armaments","StuffTheSpire:Incineration","Run Through"],"picked":"SKIP","floor":39},{"not_picked":["ReplayTheSpireMod:Stacked","Rampage","Armaments"],"picked":"SKIP","floor":41},{"not_picked":["StuffTheSpire:Harmony","StuffTheSpire:Vigor"],"picked":"StuffTheSpire:Perfection","floor":46},{"not_picked":["StuffTheSpire:Slingshot+1","ReplayReversal"],"picked":"Twin Strike","floor":47}],"player_experience":340840,"relics_obtained":[{"floor":6,"key":"D6"},{"floor":9,"key":"halation:PromiseList"},{"floor":12,"key":"hubris:PeanutButter"},{"floor":22,"key":"Necronomicon"},{"floor":24,"key":"HollowMod:PaleOreRelic"},{"floor":26,"key":"StuffTheSpire:GrapeVine"},{"floor":43,"key":"Oddly Smooth Stone"}],"event_choices":[{"damage_healed":0,"gold_gain":0,"player_choice":"Grow","damage_taken":0,"max_hp_gain":0,"max_hp_loss":0,"event_name":"Living Wall","floor":2,"gold_loss":0,"cards_upgraded":["Bash"]},{"damage_healed":0,"gold_gain":0,"player_choice":"Obtained Book","damage_taken":16,"max_hp_gain":0,"max_hp_loss":0,"event_name":"Cursed Tome","floor":22,"gold_loss":0},{"damage_healed":0,"gold_gain":0,"player_choice":"Embrace Madness","damage_taken":10,"max_hp_gain":0,"max_hp_loss":0,"event_name":"Winding Halls","floor":38,"gold_loss":0,"cards_obtained":["Madness","Madness"]}],"is_beta":false,"boss_relics":[{"not_picked":["hubris:CrackedHourglass","StuffTheSpire:RunicConfusion"],"picked":"hubris:VirtuousBlindfold"},{"not_picked":[]},{"not_picked":["ReplayTheSpireMod:SealedPack","halation:PlatinumPhoenix"],"picked":"hubris:ScarierMask"},{"not_picked":[]}],"items_purged_floors":[45],"is_endless":false,"potions_floor_spawned":[1,4,10,11,16,18,19,29,33,41,47],"killed_by":"Nightmare_Alpha","ascension_level":0}}