{"host":"minbhrtlkaoly5f0","time":1609493154,"event":{"mods":["Act Like it!","BaseMod","Colored Map","Lobotomy","LobotomyExtend","Minty Spire (QoL Compilation)","Quick Restart","StSLib"],"gold_per_floor":[114,125,140,140,117,151,166,178,201,215,215,215,215,215,215,215,215],"floor_reached":16,"playtime":712,"items_purged":[],"score":102,"play_id":"bea636a2-36b4-470f-8973-c805083d54ef","local_time":"20210101172554","is_ascension_mode":false,"campfire_choices":[{"floor":13,"key":"REST"},{"data":"Barrage","floor":15,"key":"SMITH"}],"circlet_count":0,"master_deck":["Defend_B","Defend_B","Zap","Dualcast","GreedKing","Chill","FairyFestival","Cold Snap","Hologram","Barrage+1","DespairKnight","MeatLantern","CrumblingArmor","Parasite"],"relics":["Cracked Core","CogitoBucket","LetterFromLob","StoneCalendar","FleshIdol","Orichalcum"],"acts_visited":["Exordium"],"potions_floor_usage":[10,16,16],"damage_taken":[{"damage":6.0,"enemies":"Cultist","floor":1.0,"turns":3.0},{"damage":1.0,"enemies":"2 Louse","floor":2.0,"turns":2.0},{"damage":8,"enemies":"Small Slimes","floor":3,"turns":2},{"damage":29,"enemies":"Lagavulin","floor":6,"turns":9},{"damage":0,"enemies":"3 Louse","floor":7,"turns":3},{"damage":14,"enemies":"Blue Slaver","floor":8,"turns":2},{"damage":12,"enemies":"Lots of Slimes","floor":10,"turns":3},{"damage":75,"enemies":"Hexaghost","floor":16,"turns":2}],"seed_played":"960514617504482502","potions_obtained":[{"floor":2,"key":"Ancient Potion"},{"floor":3,"key":"EntropicBrew"},{"floor":8,"key":"Weak Potion"},{"floor":10,"key":"AttackPotion"}],"is_trial":false,"path_per_floor":["M","M","M","?","$","E","M","M","T","M","?","?","R","?","R","B"],"character_chosen":"DEFECT","items_purchased":["Hologram"],"campfire_rested":1,"item_purchase_floors":[5],"current_hp_per_floor":[69,68,60,53,53,24,24,13,13,4,28,46,68,73,73,0,0],"gold":215,"neow_bonus":"","is_daily":false,"chose_seed":false,"campfire_upgraded":1,"win_rate":0.0,"timestamp":1609493154,"path_taken":["M","M","M","?","$","E","M","M","T","?","?","?","R","?","R","BOSS"],"items_purchased_type":["Card"],"build_version":"2020-12-22","purchased_purges":0,"victory":false,"max_hp_per_floor":[75,75,75,75,75,75,75,75,75,75,75,75,75,80,80,80,80],"card_choices":[{"not_picked":["SpiderBud","Variant"],"picked":"GreedKing","floor":1.0},{"not_picked":["Conserve Battery","Stack"],"picked":"Chill","floor":1.0},{"not_picked":["Skim","Heatsinks"],"picked":"Redo","floor":2},{"not_picked":["CherryBlossoms","SpiderBud"],"picked":"FairyFestival","floor":3},{"not_picked":["Steam","FTL"],"picked":"Cold Snap","floor":3},{"not_picked":["UniverseFragment","VoidDream"],"picked":"SpiderBud","floor":6},{"not_picked":["Sweeping Beam","Conserve Battery"],"picked":"Barrage","floor":6},{"not_picked":["CherryBlossoms","PunishingBird"],"picked":"DespairKnight","floor":7},{"not_picked":["Sweeping Beam","Leap"],"picked":"Electrodynamics","floor":7},{"not_picked":["WallGazer","ShyLook"],"picked":"MeatLantern","floor":8},{"not_picked":["Stack","Steam Power"],"picked":"Lockon","floor":8},{"not_picked":["Bloodbath","MHz","Murderer"],"picked":"Singing Bowl","floor":10},{"not_picked":["PunishingBird","Wellcheers"],"picked":"CrumblingArmor","floor":10},{"not_picked":["Auto Shields","Consume","Steam"],"picked":"SKIP","floor":10},{"not_picked":["Auto Shields","Consume","Steam"],"picked":"SKIP","floor":10}],"player_experience":3179,"relics_obtained":[{"floor":1.0,"key":"LetterFromLob"},{"floor":6,"key":"StoneCalendar"},{"floor":9,"key":"Orichalcum"}],"event_choices":[{"damage_healed":0,"gold_gain":0,"player_choice":"Damaged","damage_taken":7,"max_hp_gain":0,"max_hp_loss":0,"event_name":"Wheel of Change","floor":4,"gold_loss":0},{"damage_healed":18,"gold_gain":0,"player_choice":"Healed and dodged fight","damage_taken":0,"max_hp_gain":0,"max_hp_loss":0,"event_name":"Mushrooms","floor":12,"gold_loss":0,"cards_obtained":["Parasite"]},{"damage_healed":0,"gold_gain":0,"player_choice":"Donut","damage_taken":0,"max_hp_gain":5,"max_hp_loss":0,"event_name":"Big Fish","floor":14,"gold_loss":0}],"is_beta":false,"boss_relics":[],"items_purged_floors":[],"is_endless":false,"potions_floor_spawned":[2,3,8,10],"killed_by":"Hexaghost","ascension_level":0}}