{"host":"6zri5syto3048z50","time":1609543500,"event":{"mods":["Bard","BaseMod","Better Third Choice","Colored Map","Colored Powertips","Curses Come First","Downfall","Hermit","Infinite Spire","Minty Spire (QoL Compilation)","Permanent Neow","Quick Restart","Rare Cards Sparkle","Replay The Spire","Shade Mod","Somnambulant","StSLib","The Bladedancer","The Construct","The Cursed","The Disciple","The Druid","The Elementalist","The Hierophant","The Marked","The Mystic","The Necromancer","The Runesmith"],"gold_per_floor":[109,109,119,179,21,21,52,13,38,38,56,73,73,106,106,205,205,229,253,77,103,118,125,125],"floor_reached":23,"playtime":4990,"items_purged":["ReplayTheSpireMod:Splinters","Burn"],"score":201,"play_id":"e20f6613-ce4e-4c5d-84ce-02829537de3b","local_time":"20210101182500","is_ascension_mode":false,"campfire_choices":[{"data":"Replay:BasicMightCard","floor":6,"key":"SMITH"},{"data":"hermit:Determination","floor":13,"key":"SMITH"}],"circlet_count":0,"master_deck":["hermit:Strike_Hermit","hermit:Strike_Hermit","hermit:Strike_Hermit","hermit:Strike_Hermit","hermit:Defend_Hermit","hermit:Defend_Hermit","hermit:Defend_Hermit","hermit:Defend_Hermit+1","hermit:Snapshot","hermit:Covet","hermit:Headshot","hermit:Scavenge+1","hermit:Horror","Replay:BasicMightCard+1","hermit:Vantage","hermit:SprayPray+1","hermit:Determination+1","hermit:GoldenBullet","hermit:EyeOfTheStorm","hermit:Adapt","hermit:Quickdraw+1","hermit:ItchyTrigger","hermit:Headshot","hermit:Dive","hermit:Showdown","hermit:NoHoldsBarred"],"relics":["hermit:Momento","Pen Nib","Centennial Puzzle","Toy Ornithopter","White Beast Statue","Velvet Choker"],"acts_visited":["Exordium","TheCity"],"potions_floor_usage":[7,14,14,14,16,18,19,22,22],"damage_taken":[{"damage":0,"enemies":"Cultist","floor":1,"turns":3},{"damage":0,"enemies":"2 Louse","floor":3,"turns":3},{"damage":7,"enemies":"3 Sentries","floor":7,"turns":10},{"damage":0,"enemies":"Jaw Worm","floor":11,"turns":3},{"damage":0,"enemies":"Looter","floor":12,"turns":2},{"damage":14,"enemies":"Lagavulin","floor":14,"turns":6},{"damage":75,"enemies":"The Guardian","floor":16,"turns":12},{"damage":0,"enemies":"Chosen","floor":18,"turns":6},{"damage":39,"enemies":"3 Byrds","floor":19,"turns":8},{"damage":12,"enemies":"Shelled Parasite and Fungi","floor":21,"turns":4},{"damage":15,"enemies":"Centurion and Healer","floor":22,"turns":4},{"damage":24,"enemies":"Gremlin Leader","floor":23,"turns":4}],"seed_played":"5861954918688852105","potions_obtained":[{"floor":3,"key":"hermit:BlackBile"},{"floor":4,"key":"ColorlessPotion"},{"floor":4,"key":"Regen Potion"},{"floor":11,"key":"Weak Potion"},{"floor":14,"key":"SteroidPotion"},{"floor":16,"key":"Block Potion"},{"floor":18,"key":"Weak Potion"},{"floor":19,"key":"LiquidMemories"},{"floor":21,"key":"hermit:Tonic"},{"floor":22,"key":"Venom Potion"}],"is_trial":true,"path_per_floor":["M","?","M","?","$","R","E","$","T","?","M","M","R","E","R_BF","B",null,"M","M","$","M","M","E"],"character_chosen":"HERMIT","items_purchased":["Replay:BasicMightCard","hermit:SprayPray+1","hermit:Headshot","hermit:Dive"],"campfire_rested":0,"item_purchase_floors":[5,8,20,20],"current_hp_per_floor":[75,75,75,75,75,75,68,68,68,68,68,68,68,70,75,5,75,75,36,36,24,19,0,0],"gold":125,"neow_bonus":"","is_daily":false,"chose_seed":false,"campfire_upgraded":2,"win_rate":0.0,"timestamp":1609543500,"path_taken":["M","?","M","?","$","R","E","?","T","?","?","?","R","E","R_BF","BOSS","M","?","$","M","M","E"],"items_purchased_type":["Card","Card","Card","Card"],"build_version":"2020-12-22","purchased_purges":2,"victory":false,"max_hp_per_floor":[75,75,75,75,75,75,75,75,75,75,75,75,75,75,75,75,75,75,75,75,75,75,75,75],"card_choices":[{"not_picked":["hermit:Coalescence","hermit:FlashPowder"],"picked":"hermit:Headshot","floor":1},{"not_picked":["hermit:DeadMansHand","hermit:BodyArmor"],"picked":"hermit:Scavenge","floor":3},{"not_picked":["hermit:DeadMansHand","hermit:Shortfuse"],"picked":"hermit:Horror","floor":4},{"not_picked":["hermit:Malice","hermit:EternalForm"],"picked":"hermit:Vantage","floor":7},{"not_picked":["hermit:HoleUp","hermit:WideOpen"],"picked":"hermit:Determination","floor":11},{"not_picked":["hermit:HighCaliber","hermit:Misfire"],"picked":"hermit:GoldenBullet","floor":12},{"not_picked":["hermit:DeadMansHand","hermit:WideOpen"],"picked":"hermit:EyeOfTheStorm","floor":14},{"not_picked":["hermit:FatalDesire","hermit:OverwhelmingPower"],"picked":"hermit:Adapt","floor":16},{"not_picked":["hermit:PistolWhip","hermit:Gestalt+1"],"picked":"hermit:Quickdraw+1","floor":18},{"not_picked":["hermit:BodyArmor","hermit:Roulette"],"picked":"hermit:ItchyTrigger","floor":19},{"not_picked":["hermit:ItchyTrigger","hermit:CalledShot+1"],"picked":"hermit:Showdown","floor":21},{"not_picked":["hermit:WideOpen+1","hermit:CalledShot"],"picked":"hermit:NoHoldsBarred","floor":22}],"player_experience":14345,"relics_obtained":[{"floor":4,"key":"Pen Nib"},{"floor":7,"key":"Centennial Puzzle"},{"floor":9,"key":"Toy Ornithopter"},{"floor":14,"key":"White Beast Statue"}],"event_choices":[{"damage_healed":68,"gold_gain":0,"player_choice":"Embrace Burn","damage_taken":0,"max_hp_gain":0,"max_hp_loss":75,"event_name":"betterThird:BetterShining","floor":10,"gold_loss":0}],"is_beta":false,"boss_relics":[{"not_picked":["Snecko Eye","hermit:DentedPlate"],"picked":"Velvet Choker"}],"items_purged_floors":[5,20],"is_endless":false,"potions_floor_spawned":[3,11,14,16,18,19,21,22],"killed_by":"Gremlin Leader","ascension_level":0}}