{"host":"Bilverbakes","time":1609526977,"event":{"mods":["2.2 Compatiblity","AchievementEnabler","BaseMod","Bestiary","Colored Map","Minty Spire (QoL Compilation)","Relic Stats","StSLib","ojb\u0027s Info Mod"],"gold_per_floor":[99,99,99,99,99,99,99,99,99,99,99,99],"floor_reached":11,"playtime":576,"items_purged":[],"score":162,"play_id":"26893807-a530-4127-8fa8-0ba3f04cd8d3","local_time":"20210101124937","is_ascension_mode":true,"campfire_choices":[{"data":"Neutralize","floor":7,"key":"SMITH"}],"circlet_count":0,"master_deck":["AscendersBane","Strike_G","Strike_G","Strike_G","Strike_G","Strike_G","Defend_G","Defend_G","Defend_G","Defend_G","Defend_G","Survivor","Neutralize+1","Backflip","Deadly Poison","Flying Knee","Dagger Throw","Caltrops","Endless Agony"],"relics":["Ectoplasm","The Courier","Toy Ornithopter","Blood Vial"],"acts_visited":["Exordium"],"potions_floor_usage":[8],"damage_taken":[{"damage":0.0,"enemies":"Cultist","floor":1.0,"turns":4.0},{"damage":0,"enemies":"Small Slimes","floor":2,"turns":5},{"damage":6,"enemies":"2 Louse","floor":3,"turns":4},{"damage":1,"enemies":"Blue Slaver","floor":5,"turns":4},{"damage":34,"enemies":"3 Sentries","floor":6,"turns":17},{"damage":30,"enemies":"Gremlin Nob","floor":8,"turns":4},{"damage":10,"enemies":"Lots of Slimes","floor":10,"turns":4},{"damage":17,"enemies":"Lagavulin","floor":11,"turns":7}],"seed_played":"-2604929373994693618","potions_obtained":[{"floor":2,"key":"FairyPotion"},{"floor":3,"key":"LiquidBronze"}],"is_trial":false,"path_per_floor":["M","M","M","?","M","E","R","E","T","M","E"],"character_chosen":"THE_SILENT","items_purchased":[],"campfire_rested":0,"item_purchase_floors":[],"current_hp_per_floor":[59,59,53,53,52,18,18,19,19,11,0,0],"gold":99,"neow_bonus":"BOSS_RELIC","is_daily":false,"chose_seed":false,"campfire_upgraded":1,"win_rate":0.0,"timestamp":1609526977,"path_taken":["M","?","M","?","M","E","R","E","T","?","E"],"items_purchased_type":[],"build_version":"2020-12-18","purchased_purges":0,"victory":false,"max_hp_per_floor":[66,66,66,66,66,66,66,66,66,66,66,66],"relic_stats":{"Blood Vial":4,"counters":[8,49],"Ectoplasm":172,"obtain_stats":[{"Blood Vial":9,"Ectoplasm":0,"The Courier":6,"Toy Ornithopter":8,"Ring of the Snake":0},{"Blood Vial":6,"Ectoplasm":0,"The Courier":5,"Toy Ornithopter":6,"Ring of the Snake":0},{"Blood Vial":38,"Ectoplasm":0,"The Courier":34,"Toy Ornithopter":38,"Ring of the Snake":0}],"Toy Ornithopter":0},"card_choices":[{"not_picked":["Prepared","Acrobatics"],"picked":"Backflip","floor":1.0},{"not_picked":["Catalyst","Escape Plan"],"picked":"Deadly Poison","floor":2},{"not_picked":["Bane","Masterful Stab"],"picked":"Flying Knee","floor":3},{"not_picked":["PiercingWail","Dodge and Roll","Terror"],"picked":"SKIP","floor":5},{"not_picked":["Doppelganger","Flying Knee"],"picked":"Dagger Throw","floor":6},{"not_picked":["Quick Slash","Leg Sweep"],"picked":"Caltrops","floor":8},{"not_picked":["Sucker Punch","Crippling Poison"],"picked":"Endless Agony","floor":10}],"player_experience":508130,"relics_obtained":[{"floor":6,"key":"The Courier"},{"floor":8,"key":"Toy Ornithopter"},{"floor":9,"key":"Blood Vial"}],"event_choices":[{"damage_healed":0,"gold_gain":0,"player_choice":"0 cards matched","damage_taken":0,"max_hp_gain":0,"max_hp_loss":0,"event_name":"Match and Keep!","floor":4,"gold_loss":0,"cards_obtained":[]}],"is_beta":true,"boss_relics":[],"items_purged_floors":[],"is_endless":false,"potions_floor_spawned":[2,3],"killed_by":"Lagavulin","ascension_level":18}}