{"host":"vq5i29tex7kibjh3","time":1609529530,"event":{"mods":["A Magickal Journey","AchievementEnabler","Act Like it!","Arknights The Spire","BaseMod","Better Altar","Better Match","Better Note","Better Sensory Stone","Better Skull","Better Third Choice","ChefMod","Conspire","Downfall","Gensokyo","Halation","Hermit","Hubris","Ironclad Rager","LagranYue(???·?)","Mari Mod (Legacy)","Mari\u0027s V1 Patch","Marisa????????","Minty Spire (QoL Compilation)","Pale of the Ancients","Permanent Neow","Relic Stats","Remilia??????","Replay The Spire","Robot Space Explorer","Spicy Shops","StSLib","The Bladedancer","The Blue Laboratory","The Caster","The Cursed","The Factory","The Gatherer","The Hierophant","The Marked","TheHero","TheLocksmith","Yuri Mod"],"gold_per_floor":[112,112,112,131,148,148,148],"floor_reached":6,"playtime":299,"items_purged":[],"score":36,"play_id":"706a3869-92eb-4f4a-beb8-fa7a2ca1d70f","local_time":"20210101113210","is_ascension_mode":false,"campfire_choices":[],"circlet_count":0,"master_deck":["ats:Strike C","ats:Strike G","ats:Strike S","ats:Strike V","ats:Armor Crushing Shot+1","ats:Defend","ats:Defend","ats:Defend","ats:Defend","ats:Emotion Absorption","Swift Strike","ats:Poison Spread","ats:Poison Spread","ats:Shell Defense"],"relics":["ats:Sanity","LagranYue:RandomDrawCardRelic","ReplayTheSpireMod:TigerMarble"],"acts_visited":["Exordium"],"potions_floor_usage":[],"damage_taken":[{"damage":0,"enemies":"2 Louse","floor":1,"turns":2},{"damage":3,"enemies":"Jaw Worm","floor":4,"turns":3},{"damage":0,"enemies":"Small Slimes","floor":5,"turns":2},{"damage":24,"enemies":"Lagavulin","floor":6,"turns":5}],"seed_played":"1492794178673704229","potions_obtained":[{"floor":1,"key":"Doom Potion"}],"is_trial":false,"path_per_floor":["M","?","?","M","M","E"],"character_chosen":"DOCTOR_CLASS","items_purchased":[],"campfire_rested":0,"item_purchase_floors":[],"current_hp_per_floor":[72,72,65,62,62,38,38],"gold":148,"neow_bonus":"RANDOM_COLORLESS","is_daily":false,"chose_seed":false,"campfire_upgraded":0,"win_rate":0.0,"timestamp":1609529530,"path_taken":["M","?","?","?","M","E"],"items_purchased_type":[],"build_version":"2020-12-22","purchased_purges":0,"victory":false,"max_hp_per_floor":[72,72,72,72,72,72,72],"relic_stats":{"counters":[4,12],"obtain_stats":[{"LagranYue:RandomDrawCardRelic":0,"ReplayTheSpireMod:TigerMarble":3,"ats:Sanity":0},{"LagranYue:RandomDrawCardRelic":0,"ReplayTheSpireMod:TigerMarble":1,"ats:Sanity":0},{"LagranYue:RandomDrawCardRelic":0,"ReplayTheSpireMod:TigerMarble":2,"ats:Sanity":0}]},"card_choices":[{"not_picked":["expansioncontent:SlimeTackle","Enlightenment"],"picked":"Swift Strike","floor":0},{"not_picked":["ats:Consecutive Shot Auto","ats:Demon Strength"],"picked":"ats:Poison Spread","floor":1},{"not_picked":["ats:Revitalization","ats:Flexible Camouflage"],"picked":"ats:Poison Spread","floor":4},{"not_picked":["ats:Closed Bolt Burst Fire","ats:Counter Healing Mode"],"picked":"ats:Shell Defense","floor":5}],"player_experience":228899,"relics_obtained":[],"event_choices":[{"damage_healed":0,"gold_gain":0,"player_choice":"Relic ","damage_taken":7,"max_hp_gain":0,"max_hp_loss":0,"event_name":"betterThird:BetterScrap","floor":3,"gold_loss":0,"cards_obtained":["Recycle"]}],"is_beta":false,"boss_relics":[],"items_purged_floors":[],"is_endless":false,"potions_floor_spawned":[1],"killed_by":"Lagavulin","ascension_level":0}}