{"host":"minbhrtlkaoly5f0","time":1609497186,"event":{"mods":["Act Like it!","BaseMod","Colored Map","Minty Spire (QoL Compilation)","Quick Restart","StSLib"],"gold_per_floor":[216,234,56,73,83,83,94,94,94,64,80,93,124,139,139,236,236,256,156,31,51,51,51,51],"floor_reached":23,"playtime":953,"items_purged":["Defend_B","Defend_B","Zap"],"score":195,"play_id":"6320294a-f97f-4c74-8785-ededf01b3e13","local_time":"20210101183306","is_ascension_mode":false,"campfire_choices":[{"floor":6,"key":"REST"},{"floor":15,"key":"REST"}],"circlet_count":0,"master_deck":["Strike_B","Strike_B","Strike_B","Strike_B","Defend_B","Defend_B","Dualcast","Darkness","Blizzard","Capacitor+1","Chill","Gash","Redo","Storm","Lockon","Leap","Stack","Rainbow","Coolheaded","Barrage"],"relics":["Cracked Core","Strawberry","Nunchaku","SlaversCollar"],"acts_visited":["Exordium","TheCity"],"potions_floor_usage":[11,13,16,16],"damage_taken":[{"damage":19,"enemies":"Jaw Worm","floor":1,"turns":4},{"damage":0,"enemies":"2 Louse","floor":2,"turns":3},{"damage":11,"enemies":"Cultist","floor":4,"turns":4},{"damage":13,"enemies":"Lots of Slimes","floor":5,"turns":5},{"damage":4,"enemies":"Red Slaver","floor":7,"turns":5},{"damage":0,"enemies":"Large Slime","floor":11,"turns":6},{"damage":9,"enemies":"Exordium Thugs","floor":12,"turns":5},{"damage":18,"enemies":"Gremlin Nob","floor":13,"turns":4},{"damage":1,"enemies":"Looter","floor":14,"turns":3},{"damage":3,"enemies":"Slime Boss","floor":16,"turns":8},{"damage":25,"enemies":"Spheric Guardian","floor":18,"turns":5},{"damage":26,"enemies":"Shell Parasite","floor":21,"turns":9},{"damage":50,"enemies":"Masked Bandits","floor":23,"turns":3}],"seed_played":"1545245122968799280","potions_obtained":[{"floor":4,"key":"LiquidMemories"},{"floor":10,"key":"Fruit Juice"},{"floor":10,"key":"BlessingOfTheForge"},{"floor":11,"key":"Energy Potion"},{"floor":13,"key":"AttackPotion"}],"is_trial":false,"path_per_floor":["M","M","$","M","M","R","M","?","T","?","M","M","E","M","R","B",null,"M","$","$","M","$","?"],"character_chosen":"DEFECT","items_purchased":["Capacitor","Chill"],"campfire_rested":2,"item_purchase_floors":[3,3],"current_hp_per_floor":[56,56,56,45,32,54,50,50,57,57,62,53,35,34,60,57,87,62,62,62,36,36,0,0],"gold":51,"neow_bonus":"HUNDRED_GOLD","is_daily":false,"chose_seed":false,"campfire_upgraded":0,"win_rate":0.0,"timestamp":1609497186,"path_taken":["M","M","$","M","M","R","M","?","T","?","?","M","E","M","R","BOSS","M","?","$","?","$","?"],"items_purchased_type":["Card","Card"],"build_version":"2020-12-22","purchased_purges":3,"victory":false,"max_hp_per_floor":[75,75,75,75,75,75,75,75,82,82,87,87,87,87,87,87,87,87,87,87,87,87,87,87],"card_choices":[{"not_picked":["Compile Driver","Cold Snap"],"picked":"Darkness","floor":1},{"not_picked":["Auto Shields","Sweeping Beam"],"picked":"Blizzard","floor":2},{"not_picked":["Auto Shields","Darkness"],"picked":"Gash","floor":4},{"not_picked":["Rebound","Leap","Streamline"],"picked":"SKIP","floor":5},{"not_picked":["Barrage","Beam Cell"],"picked":"Redo","floor":7},{"not_picked":["FTL","Compile Driver"],"picked":"Storm","floor":11},{"not_picked":["Hello World","Conserve Battery"],"picked":"Lockon","floor":12},{"not_picked":["Reboot","Melter"],"picked":"Leap","floor":13},{"not_picked":["Darkness","Gash"],"picked":"Stack","floor":14},{"not_picked":["Reboot","Seek"],"picked":"Rainbow","floor":16},{"not_picked":["Gash","Chill"],"picked":"Coolheaded","floor":18},{"not_picked":["Glacier","Reinforced Body"],"picked":"Barrage","floor":21}],"player_experience":5846,"relics_obtained":[{"floor":9,"key":"Strawberry"},{"floor":13,"key":"Nunchaku"}],"event_choices":[{"damage_healed":0,"gold_gain":0,"player_choice":"Grow","damage_taken":0,"max_hp_gain":0,"max_hp_loss":0,"event_name":"Living Wall","floor":8,"gold_loss":0,"cards_upgraded":["Capacitor"]},{"damage_healed":0,"gold_gain":0,"player_choice":"Bought 2 Potions","damage_taken":0,"max_hp_gain":0,"max_hp_loss":0,"event_name":"The Woman in Blue","floor":10,"gold_loss":0},{"damage_healed":0,"gold_gain":0,"player_choice":"Fought Bandits","damage_taken":0,"max_hp_gain":0,"max_hp_loss":0,"event_name":"Masked Bandits","floor":23,"gold_loss":0}],"is_beta":false,"boss_relics":[{"not_picked":["Tiny House","Sozu"],"picked":"SlaversCollar"}],"items_purged_floors":[3,19,20],"is_endless":false,"potions_floor_spawned":[4,11,12,13],"killed_by":"Masked Bandits","ascension_level":0}}