{"host":"t5h83eruwt5lxl3o","time":1609477629,"event":{"mods":["AchievementEnabler","Act Like it!","BaseMod","CapriCore","Colored Map","DeckTracker","Hermit","Highlight Path","Koishi","Marisa£¨Ùöéë¡¡Øª×âÞÞ£©","Minty Spire (QoL Compilation)","Permanent Neow","Quick Restart","StSLib","SuperFastMode","The Cursed","The Immortal","everything is the same but u backflip on backflip"],"gold_per_floor":[116,126,145,320,320,320,320,347,647,63,75,92,103,131,131,206,206,226,239,259,275,304,337,337,436,436,436,436],"floor_reached":27,"playtime":4899,"items_purged":["Strike_G"],"score":404,"play_id":"a1ccc0d9-9bd1-4a3f-bed8-2dd1f7dcbdc6","local_time":"20210101140709","is_ascension_mode":true,"campfire_choices":[{"data":"After Image","floor":6.0,"key":"SMITH"},{"data":"Footwork","floor":15.0,"key":"SMITH"},{"floor":24,"key":"REST"}],"circlet_count":0,"master_deck":["AscendersBane","Strike_G","Strike_G","Strike_G","Strike_G","Defend_G","Defend_G","Defend_G","Defend_G","Defend_G","Survivor","Neutralize","After Image+1","Blur","Dagger Throw","Blur","Sadistic Nature","Die Die Die","Choke","Footwork+1","Poisoned Stab","Masterful Stab","After Image","CurseOfTheBell","Deadly Poison","Burst"],"relics":["Ring of the Snake","Thread and Needle","Old Coin","Strawberry","Smiling Mask","Calling Bell","Tiny Chest","Molten Egg 2","Pocketwatch","Red Mask","Blue Candle","Ninja Scroll"],"acts_visited":["Exordium","TheCity"],"potions_floor_usage":[20,22],"damage_taken":[{"damage":0.0,"enemies":"Small Slimes","floor":1.0,"turns":4.0},{"damage":1.0,"enemies":"Jaw Worm","floor":2.0,"turns":6.0},{"damage":0.0,"enemies":"Cultist","floor":3.0,"turns":4.0},{"damage":11.0,"enemies":"3 Sentries","floor":8.0,"turns":13.0},{"damage":0.0,"enemies":"Exordium Wildlife","floor":11.0,"turns":3.0},{"damage":0.0,"enemies":"2 Fungi Beasts","floor":12.0,"turns":4.0},{"damage":4.0,"enemies":"3 Louse","floor":13.0,"turns":4.0},{"damage":4.0,"enemies":"Gremlin Nob","floor":14.0,"turns":4.0},{"damage":20.0,"enemies":"Slime Boss","floor":16.0,"turns":15.0},{"damage":3.0,"enemies":"Spheric Guardian","floor":18.0,"turns":9.0},{"damage":0.0,"enemies":"Chosen","floor":19.0,"turns":5.0},{"damage":4,"enemies":"Shelled Parasite and Fungi","floor":20,"turns":9},{"damage":8,"enemies":"3 Cultists","floor":21,"turns":7},{"damage":14,"enemies":"Masked Bandits","floor":22,"turns":7},{"damage":32,"enemies":"Slavers","floor":23,"turns":11},{"damage":33,"enemies":"Book of Stabbing","floor":27,"turns":8}],"seed_played":"-3946603157765980004","potions_obtained":[{"floor":1.0,"key":"Fire Potion"},{"floor":8.0,"key":"Weak Potion"},{"floor":11.0,"key":"Fire Potion"},{"floor":13.0,"key":"GhostInAJar"},{"floor":18.0,"key":"Dexterity Potion"}],"is_trial":false,"path_per_floor":["M","M","M","?","?","R","?","E","T","$","M","M","M","E","R","B",null,"M","M","M","M","?","E","R","?","T","E"],"character_chosen":"THE_SILENT","items_purchased":["Strawberry","Sadistic Nature","Die Die Die"],"campfire_rested":1,"item_purchase_floors":[10,10,10],"current_hp_per_floor":[63,62,62,62,67,67,67,56,56,63,63,63,59,55,55,35,70,67,67,63,55,41,9,33,33,33,0,0],"gold":436,"neow_bonus":"ONE_RANDOM_RARE_CARD","is_daily":false,"chose_seed":false,"campfire_upgraded":2,"win_rate":0.0,"timestamp":1609477629,"path_taken":["M","M","M","?","?","R","?","E","T","$","M","M","?","E","R","BOSS","M","M","M","M","?","E","R","?","T","E"],"items_purchased_type":["Relic","Card","Card"],"build_version":"2020-12-22","purchased_purges":1,"victory":false,"max_hp_per_floor":[70,70,70,70,75,75,75,75,75,82,82,82,82,82,82,82,82,82,82,82,82,82,82,82,82,82,82,82],"card_choices":[{"not_picked":["Calculated Gamble","Underhanded Strike"],"picked":"Blur","floor":1.0},{"not_picked":["Acrobatics","Deflect","Caltrops"],"picked":"SKIP","floor":2.0},{"not_picked":["Flying Knee","Slice"],"picked":"Dagger Throw","floor":3.0},{"not_picked":["Deadly Poison","Flying Knee"],"picked":"Blur","floor":8.0},{"not_picked":["Quick Slash","Heel Hook"],"picked":"Choke","floor":11.0},{"not_picked":["All Out Attack","Accuracy"],"picked":"Footwork","floor":12.0},{"not_picked":["PiercingWail","Deflect"],"picked":"Poisoned Stab","floor":13.0},{"not_picked":["Setup","Choke"],"picked":"Masterful Stab","floor":14.0},{"not_picked":["Night Terror","A Thousand Cuts"],"picked":"After Image","floor":16.0},{"not_picked":["Footwork","Finisher+1"],"picked":"Deadly Poison","floor":18.0},{"not_picked":["Deadly Poison","Outmaneuver","Slice+1"],"picked":"SKIP","floor":19.0},{"not_picked":["Catalyst","Distraction","Slice+1"],"picked":"SKIP","floor":20},{"not_picked":["Slice+1","Poisoned Stab+1"],"picked":"Burst","floor":21},{"not_picked":["Deadly Poison","Dagger Throw+1","Sucker Punch+1"],"picked":"SKIP","floor":23}],"player_experience":632334,"relics_obtained":[{"floor":8.0,"key":"Thread and Needle"},{"floor":9.0,"key":"Old Coin"},{"floor":14.0,"key":"Smiling Mask"},{"floor":17.0,"key":"Tiny Chest"},{"floor":17.0,"key":"Molten Egg 2"},{"floor":17.0,"key":"Pocketwatch"},{"floor":22,"key":"Red Mask"},{"floor":23,"key":"Blue Candle"},{"floor":26,"key":"Ninja Scroll"}],"event_choices":[{"damage_healed":0.0,"max_hp_gain":0.0,"max_hp_loss":0.0,"gold_gain":175.0,"event_name":"Liars Game","player_choice":"AGREE","floor":4.0,"gold_loss":0.0,"damage_taken":0.0,"cards_obtained":["Doubt"]},{"damage_healed":0.0,"max_hp_gain":5.0,"max_hp_loss":0.0,"gold_gain":0.0,"event_name":"Big Fish","player_choice":"Donut","floor":5.0,"gold_loss":0.0,"damage_taken":0.0},{"cards_removed":["Doubt"],"damage_healed":0.0,"max_hp_gain":0.0,"max_hp_loss":0.0,"gold_gain":0.0,"event_name":"Living Wall","player_choice":"Forget","floor":7.0,"gold_loss":0.0,"damage_taken":0.0},{"damage_healed":0,"gold_gain":0,"player_choice":"Fought Bandits","damage_taken":0,"max_hp_gain":0,"max_hp_loss":0,"event_name":"Masked Bandits","floor":22,"gold_loss":0},{"damage_healed":0,"gold_gain":99,"player_choice":"Stole From Cult","damage_taken":0,"max_hp_gain":0,"max_hp_loss":0,"event_name":"Nest","floor":25,"gold_loss":0}],"is_beta":false,"boss_relics":[{"not_picked":["Ectoplasm","Snecko Eye"],"picked":"Calling Bell"}],"items_purged_floors":[10],"is_endless":false,"potions_floor_spawned":[1,8,11,13,18,19],"killed_by":"Book of Stabbing","ascension_level":13}}