{"host":"dekhxjxhillho72f","time":1609514510,"event":{"mods":["AchievementEnabler","BaseMod","Better Third Choice","Block Reminder","Colored Map","Colored Powertips","Hermit","Highlight Path","Minty Spire (QoL Compilation)","Permanent Neow","Quick Restart","Rare Cards Sparkle","Relic Stats","StSLib","slay the spire mod where everything is the same but ironclad has a cowboy hat"],"gold_per_floor":[117,67,67,82,7,7,17,27,27,45,45,45,59,20,20,20,20],"floor_reached":16,"playtime":674,"items_purged":["hermit:Strike_Hermit"],"score":92,"play_id":"6c767db8-afdc-46a6-bfd2-b2a18c2bc94d","local_time":"20210101162150","is_ascension_mode":false,"campfire_choices":[{"data":"hermit:Manifest","floor":6,"key":"SMITH"},{"data":"hermit:Manifest","floor":15,"key":"SMITH"}],"circlet_count":0,"master_deck":["hermit:Strike_Hermit","hermit:Strike_Hermit","hermit:Strike_Hermit","hermit:Defend_Hermit","hermit:Defend_Hermit","hermit:Defend_Hermit","hermit:Snapshot","hermit:Covet","Regret","hermit:Dissolve","hermit:Manifest+1","hermit:Deadeye","hermit:Manifest+1","hermit:CursedWeapon"],"relics":["hermit:Momento","HornCleat","Bottled Flame"],"acts_visited":["Exordium"],"potions_floor_usage":[7,10],"damage_taken":[{"damage":1,"enemies":"2 Louse","floor":1,"turns":2},{"damage":1,"enemies":"Jaw Worm","floor":4,"turns":3},{"damage":0,"enemies":"Cultist","floor":7,"turns":3},{"damage":3,"enemies":"Blue Slaver","floor":8,"turns":3},{"damage":0,"enemies":"Lots of Slimes","floor":10,"turns":6},{"damage":0,"enemies":"Red Slaver","floor":13,"turns":3},{"damage":41,"enemies":"Hexaghost","floor":16,"turns":16}],"seed_played":"4426497707212683418","potions_obtained":[{"floor":1,"key":"DistilledChaos"},{"floor":4,"key":"Fire Potion"}],"is_trial":false,"path_per_floor":["M","?","?","M","$","R","M","M","T","M","$","?","M","$","R","B"],"character_chosen":"HERMIT","items_purchased":["hermit:CursedWeapon"],"campfire_rested":0,"item_purchase_floors":[14],"current_hp_per_floor":[74,74,41,40,40,40,40,37,37,37,37,37,37,37,37,0,0],"gold":20,"neow_bonus":"THREE_RARE_CARDS","is_daily":false,"chose_seed":false,"campfire_upgraded":2,"win_rate":0.0,"timestamp":1609514510,"path_taken":["M","?","?","M","$","R","M","M","T","?","?","?","?","?","R","BOSS"],"items_purchased_type":["Card"],"build_version":"2020-12-22","purchased_purges":1,"victory":false,"max_hp_per_floor":[75,75,75,75,75,75,75,75,75,75,75,75,75,75,75,75,75],"relic_stats":{"counters":[7,36],"obtain_stats":[{"Bottled Flame":9,"HornCleat":3,"hermit:Momento":0},{"Bottled Flame":4,"HornCleat":1,"hermit:Momento":0},{"Bottled Flame":11,"HornCleat":2,"hermit:Momento":0}]},"card_choices":[{"not_picked":["hermit:Magnum","hermit:Purgatory"],"picked":"hermit:Dissolve","floor":0},{"not_picked":["hermit:Cheat","hermit:Glare"],"picked":"hermit:Manifest","floor":1},{"not_picked":["hermit:SprayPray","hermit:Enervate","hermit:LowProfile"],"picked":"SKIP","floor":4},{"not_picked":["hermit:Ricochet","hermit:Midnight"],"picked":"hermit:Deadeye","floor":7},{"not_picked":["hermit:SprayPray","hermit:ItchyTrigger"],"picked":"hermit:Manifest","floor":8},{"not_picked":["hermit:TakeCover","hermit:Coalescence","hermit:GoldenBullet"],"picked":"SKIP","floor":10},{"not_picked":["hermit:Headshot","hermit:Glare","hermit:Manifest"],"picked":"SKIP","floor":13}],"player_experience":257802,"relics_obtained":[{"floor":9,"key":"Bottled Flame"}],"event_choices":[{"cards_removed":["hermit:Defend_Hermit"],"damage_healed":0,"gold_gain":0,"player_choice":"Card Removal","damage_taken":0,"max_hp_gain":0,"max_hp_loss":0,"event_name":"The Cleric","floor":2,"gold_loss":50},{"damage_healed":0,"gold_gain":1,"player_choice":"Relic ","damage_taken":33,"max_hp_gain":0,"max_hp_loss":0,"event_name":"betterThird:BetterScrap","floor":3,"gold_loss":0,"cards_obtained":["A Thousand Cuts"]},{"damage_healed":0,"gold_gain":0,"player_choice":"Ignored","damage_taken":0,"max_hp_gain":0,"max_hp_loss":0,"event_name":"WeMeetAgain","floor":12,"gold_loss":0}],"is_beta":false,"boss_relics":[],"items_purged_floors":[5],"is_endless":false,"potions_floor_spawned":[1,4],"killed_by":"Hexaghost","ascension_level":0}}