{"host":"lkyw40t68mxhwfjf","time":1609514960,"event":{"mods":["2.2 Compatiblity","Act Like it!","Arknights The Spire","BaseMod","Hallownest","HololiveMod","Hubris","Koishi","Lobotomy","Marisa¡]Ãú«B¡@Å]²z¨F¡^","Minty Spire (QoL Compilation)","Prisma Mod","Reimu¡]³Õ???¡^","Remilia¡]Á¢¦Ì²ú?¡^","Replay The Spire","RumiaBox-ÅS¦Ì?ªº¯«¯µ²°¤l","StSLib","The Animator","The Servant 0.9.4","TheSwordswoman","WarShipGirlsR/??¤Ö¤kR mod","Youmu¡]»î¾z§¯?¡^","Yuyuko"],"gold_per_floor":[110,110,125,33,50,79,79,91,91,101,61,72,72,32,32,130,130,147,25,36,36,50,50,50],"floor_reached":23,"playtime":833,"items_purged":["ats:Defend"],"score":193,"play_id":"7a32651e-f130-4d09-a483-9af7c0746a03","local_time":"20210101232920","is_ascension_mode":false,"campfire_choices":[{"floor":7,"key":"REST"},{"floor":15,"key":"REST"}],"circlet_count":0,"master_deck":["ats:Strike C","ats:Strike G","ats:Strike S","ats:Strike V","ats:Defend","ats:Defend","ats:Defend","ats:Emotion Absorption","ats:Apocalypse","ats:Apocalypse","ats:Thermite Blade","ats:Cat Scratch","ats:Composite Medical Shells","ats:Charging Defense","ats:Consecutive Shot Auto","ats:Blood Oath","ats:Curse Doll","ats:Explosion Area Strengthen","ats:Shadow Raid","ats:Wolf Pack","ats:True Silver Slash","ats:Leaping Hammer","ats:Shell Defense","ats:Flexible Camouflage","ats:Assault Order+1"],"relics":["ats:Sanity","NeowsBlessing","ats:Originium","Mastiff:ReiMu","PaintedHorse:ReiMu","Pen Nib","Black Star","ats:Rhine Circuitry"],"acts_visited":["Exordium","TheCity"],"potions_floor_usage":[22,23,23],"damage_taken":[{"damage":0,"enemies":"Cultist","floor":1,"turns":1},{"damage":0,"enemies":"2 Louse","floor":3,"turns":1},{"damage":0,"enemies":"Small Slimes","floor":5,"turns":1},{"damage":57,"enemies":"Gremlin Nob","floor":6,"turns":6},{"damage":13,"enemies":"2 Fungi Beasts","floor":8,"turns":5},{"damage":42,"enemies":"Gremlin Gang","floor":10,"turns":7},{"damage":5,"enemies":"Looter","floor":12,"turns":3},{"damage":11,"enemies":"Fading Forest","floor":16,"turns":11},{"damage":26,"enemies":"Shell Parasite","floor":18,"turns":6},{"damage":30,"enemies":"2 Thieves","floor":20,"turns":3},{"damage":40,"enemies":"Snecko","floor":22,"turns":6},{"damage":16,"enemies":"Book of Stabbing","floor":23,"turns":5}],"seed_played":"-6721042939539609630","potions_obtained":[{"floor":3,"key":"Weak Potion"},{"floor":5,"key":"Block Potion"},{"floor":10,"key":"Fire Potion"},{"floor":12,"key":"Energy Potion"}],"is_trial":false,"path_per_floor":["M","?","M","$","M","E","R","M","T","M","?","M","?","?","R","B",null,"M","$","M","?","M","E"],"character_chosen":"DOCTOR_CLASS","items_purchased":["ats:Thermite Blade","ats:Cat Scratch","ats:Shell Defense"],"campfire_rested":2,"item_purchase_floors":[4,4,19],"current_hp_per_floor":[72,72,72,72,72,27,48,43,43,17,17,19,19,19,40,61,72,62,62,40,40,12,0,0],"gold":50,"neow_bonus":"THREE_ENEMY_KILL","is_daily":false,"chose_seed":false,"campfire_upgraded":0,"win_rate":0.0,"timestamp":1609514960,"path_taken":["M","?","?","$","M","E","R","M","T","M","?","M","?","?","R","BOSS","M","$","M","?","M","E"],"items_purchased_type":["Card","Card","Card"],"build_version":"2020-12-22","purchased_purges":1,"victory":false,"max_hp_per_floor":[72,72,72,72,72,72,72,72,72,72,72,72,72,72,72,72,72,72,72,72,72,72,72,72],"card_choices":[{"not_picked":["ats:Ignite","ats:Red Shift"],"picked":"ats:Apocalypse","floor":1},{"not_picked":["ats:Shadow Raid","ats:Mental Burst"],"picked":"ats:Apocalypse","floor":3},{"not_picked":["ats:Charging Defense","ats:Apocalypse"],"picked":"ats:Composite Medical Shells","floor":5},{"not_picked":["ats:Soul Absorption","ats:Demon Strength"],"picked":"ats:Charging Defense","floor":6},{"not_picked":["ats:Burning Ground","ats:Ignite"],"picked":"ats:Consecutive Shot Auto","floor":8},{"not_picked":["ats:Mental Burst","ats:Hammer On"],"picked":"ats:Blood Oath","floor":10},{"not_picked":["ats:Burning Ground","ats:LN2 Cannon"],"picked":"ats:Curse Doll","floor":12},{"not_picked":[],"picked":"ats:Explosion Area Strengthen","floor":14},{"not_picked":[],"picked":"ats:Shadow Raid","floor":14},{"not_picked":[],"picked":"ats:Wolf Pack","floor":14},{"not_picked":["ats:Shadow Assault","ats:Calcification"],"picked":"ats:True Silver Slash","floor":16},{"not_picked":["ats:Ignite+1","ats:Cat Scratch"],"picked":"ats:Leaping Hammer","floor":18},{"not_picked":["ats:Cat Scratch+1","ats:Directed Diagnosis"],"picked":"ats:Flexible Camouflage","floor":20},{"not_picked":["ats:Ambush","ats:Hammer On"],"picked":"ats:Assault Order+1","floor":22}],"player_experience":398085,"relics_obtained":[{"floor":6,"key":"ats:Originium"},{"floor":6,"key":"Mastiff:ReiMu"}],"event_choices":[{"cards_removed":["ats:Armor Crushing Shot"],"damage_healed":0,"gold_gain":0,"player_choice":"Offered Basic","damage_taken":0,"max_hp_gain":0,"max_hp_loss":0,"event_name":"Bonfire Elementals","floor":2,"gold_loss":0},{"damage_healed":0,"gold_gain":0,"player_choice":"¶ë?","damage_taken":0,"relics_obtained":["PaintedHorse:ReiMu"],"max_hp_gain":0,"max_hp_loss":0,"event_name":"yidonshenshe","floor":11,"gold_loss":40},{"damage_healed":0,"gold_gain":0,"player_choice":"Searched \u00271\u0027 times","damage_taken":0,"relics_obtained":["Pen Nib"],"max_hp_gain":0,"max_hp_loss":0,"event_name":"Dead Adventurer","floor":13,"gold_loss":0},{"damage_healed":0,"gold_gain":0,"player_choice":"Opened","damage_taken":0,"relics_obtained":["ats:Rhine Circuitry"],"max_hp_gain":0,"max_hp_loss":0,"event_name":"The Mausoleum","floor":21,"gold_loss":0}],"is_beta":false,"boss_relics":[{"not_picked":["ReplayTheSpireMod:DimensionalGlitch","Fusion Hammer"],"picked":"Black Star"}],"items_purged_floors":[19],"is_endless":false,"potions_floor_spawned":[3,5,10,12,18,20],"killed_by":"Book of Stabbing","ascension_level":0}}