{"host":"hszimsrtxxc2k25w","time":1609521275,"event":{"mods":["AchievementEnabler","BaseMod","Colored Map","DeckTracker","Minty Spire (QoL Compilation)","Rare Cards Sparkle","SuperFastMode"],"gold_per_floor":[364,48,48,60,60,90,90,100,147,159,159,174,99,99,99,99,99],"floor_reached":16,"playtime":338,"items_purged":["Strike_R"],"score":200,"play_id":"9818ec7e-d633-4fda-b7c8-37fc15d6a965","local_time":"20210102021435","is_ascension_mode":true,"campfire_choices":[{"data":"Apotheosis","floor":7,"key":"SMITH"},{"data":"Evolve","floor":11,"key":"SMITH"},{"floor":15,"key":"REST"}],"circlet_count":0,"master_deck":["AscendersBane","Strike_R+1","Strike_R","Strike_R","Strike_R","Defend_R","Defend_R","Defend_R","Defend_R","Bash+1","Dark Embrace","Carnage","Apotheosis+1","Evolve+1","Wild Strike","Battle Trance"],"relics":["Burning Blood","Lantern","Kunai","Nunchaku","Whetstone"],"acts_visited":["Exordium"],"potions_floor_usage":[16],"damage_taken":[{"damage":11,"enemies":"Small Slimes","floor":1,"turns":4},{"damage":7,"enemies":"Jaw Worm","floor":4,"turns":3},{"damage":43,"enemies":"3 Sentries","floor":6,"turns":9},{"damage":1,"enemies":"2 Louse","floor":8,"turns":2},{"damage":6,"enemies":"Large Slime","floor":10,"turns":5},{"damage":12,"enemies":"Red Slaver","floor":12,"turns":4},{"damage":36,"enemies":"The Guardian","floor":16,"turns":8}],"seed_played":"-5927589979122468050","potions_obtained":[{"floor":1,"key":"SteroidPotion"},{"floor":4,"key":"FearPotion"}],"is_trial":false,"path_per_floor":["M","$","?","M","$","E","R","M","T","M","R","M","$","T","R","B"],"character_chosen":"IRONCLAD","items_purchased":["Carnage","Apotheosis","Evolve"],"campfire_rested":1,"item_purchase_floors":[2,2,2],"current_hp_per_floor":[63,63,52,51,51,14,14,19,19,19,19,13,13,13,33,0,0],"gold":99,"neow_bonus":"TWO_FIFTY_GOLD","is_daily":false,"chose_seed":false,"campfire_upgraded":2,"win_rate":0.0,"timestamp":1609521275,"path_taken":["M","$","?","M","?","E","R","M","T","M","R","M","$","?","R","BOSS"],"items_purchased_type":["Card","Card","Card"],"build_version":"2020-12-22","purchased_purges":1,"victory":false,"max_hp_per_floor":[68,68,68,68,68,68,68,68,68,68,68,68,68,68,68,68,68],"card_choices":[{"not_picked":["Havoc","Thunderclap"],"picked":"Dark Embrace","floor":1},{"not_picked":["Clothesline","Sever Soul","Flex"],"picked":"SKIP","floor":4},{"not_picked":["Cleave","Clothesline"],"picked":"Wild Strike","floor":6},{"not_picked":["Sword Boomerang","Cleave","Clothesline"],"picked":"SKIP","floor":8},{"not_picked":["Anger","Thunderclap"],"picked":"Battle Trance","floor":10},{"not_picked":["Flex","Uppercut","Heavy Blade"],"picked":"SKIP","floor":12}],"player_experience":601804,"relics_obtained":[{"floor":6,"key":"Kunai"},{"floor":9,"key":"Nunchaku"},{"floor":14,"key":"Whetstone"}],"event_choices":[{"damage_healed":0,"gold_gain":0,"player_choice":"Success","damage_taken":11,"relics_obtained":["Lantern"],"max_hp_gain":0,"max_hp_loss":0,"event_name":"Scrap Ooze","floor":3,"gold_loss":0}],"is_beta":false,"boss_relics":[],"items_purged_floors":[13],"is_endless":false,"potions_floor_spawned":[1,4],"killed_by":"The Guardian","ascension_level":20}}