{"host":"45elk2x1nmxetvky","time":1609466001,"event":{"mods":["BaseMod","Downfall","Minty Spire (QoL Compilation)","StSLib"],"gold_per_floor":[0,13,30,44,44,44,44,58,58,70,70,70,81,81,81,81],"floor_reached":14,"playtime":860,"items_purged":[],"score":94,"play_id":"0105f091-eaf6-4d6f-8728-a561e92b2b55","local_time":"20210101015321","is_ascension_mode":true,"campfire_choices":[{"floor":1,"key":"RECALL"},{"data":"Guardian:PrismaticBeam","floor":9,"key":"SMITH"},{"floor":12,"key":"REST"}],"circlet_count":0,"master_deck":["Guardian:Strike_Guardian","Guardian:Strike_Guardian","Guardian:Strike_Guardian+1","Guardian:Defend_Guardian","Guardian:Defend_Guardian+1","Guardian:Defend_Guardian","Guardian:CurlUp+1","Guardian:TwinSlam","Guardian:EvasiveProtocol","downfall:Malfunctioning","Guardian:EvasiveProtocol","Doubt","Guardian:PrismaticBeam+1","Guardian:SentryBeam"],"relics":["Guardian:ModeShifter","The Courier"],"acts_visited":["Exordium"],"potions_floor_usage":[14],"damage_taken":[{"damage":12,"enemies":"Cultist","floor":2,"turns":6},{"damage":8,"enemies":"Jaw Worm","floor":3,"turns":6},{"damage":9,"enemies":"2 Louse","floor":4,"turns":4},{"damage":22,"enemies":"Lots of Slimes","floor":8,"turns":6},{"damage":7,"enemies":"2 Fungi Beasts","floor":10,"turns":5},{"damage":0,"enemies":"Large Slime","floor":13,"turns":8},{"damage":19,"enemies":"Lagavulin","floor":14,"turns":8}],"seed_played":"1027078290217519038","potions_obtained":[{"floor":2,"key":"BlessingOfTheForge"},{"floor":8,"key":"PowerPotion"},{"floor":13,"key":"EssenceOfSteel"}],"is_trial":false,"path_per_floor":["R","M","M","M","?","?","T","M","R","M","?","R","M","E"],"character_chosen":"GUARDIAN","items_purchased":[],"campfire_rested":1,"item_purchase_floors":[],"current_hp_per_floor":[80,68,60,51,51,51,51,29,29,22,4,28,28,9,9,9],"gold":81,"neow_bonus":"REMOVE_TWO","is_daily":false,"chose_seed":false,"campfire_upgraded":1,"win_rate":0.0,"timestamp":1609466001,"path_taken":["R","M","?","M","?","?","T","?","R","M","?","R","M","E"],"items_purchased_type":[],"build_version":"2020-12-22","purchased_purges":0,"victory":false,"max_hp_per_floor":[80,80,80,80,80,80,80,80,80,80,80,80,80,80,80,80],"card_choices":[{"not_picked":["Guardian:CrystalBeam","Guardian:Suspension"],"picked":"Guardian:Gem_Lightblue","floor":2},{"not_picked":["Guardian:RollAttack","Guardian:Recover"],"picked":"Guardian:EvasiveProtocol","floor":3},{"not_picked":["Guardian:TimeCapacitor","Guardian:PolyBeam"],"picked":"Guardian:Gem_Purple","floor":4},{"not_picked":["Guardian:MultiBeam","Guardian:VentSteam"],"picked":"Guardian:PrismaticBeam","floor":8},{"not_picked":["Guardian:CrystalBeam","Guardian:Gem_Cyan"],"picked":"Guardian:SentryBeam","floor":10},{"not_picked":["Guardian:RollAttack","Guardian:Planning","Guardian:CrystalBeam"],"picked":"SKIP","floor":13}],"player_experience":371073,"relics_obtained":[{"floor":7,"key":"The Courier"}],"event_choices":[{"damage_healed":0,"gold_gain":0,"player_choice":"Fled","damage_taken":18,"max_hp_gain":0,"max_hp_loss":0,"event_name":"Scrap Ooze","floor":11,"gold_loss":0}],"is_beta":false,"boss_relics":[],"items_purged_floors":[],"is_endless":false,"potions_floor_spawned":[2,8,13],"killed_by":"Lagavulin","ascension_level":3}}