{"host":"wy23tj84iquxuyyu","time":1609481997,"event":{"mods":["Aspiration","BaseMod","Better Note","Colored Map","Fireblade Mod","Hermit","Marked Mod","Minty Spire (QoL Compilation)","Random Character Button","Rare Cards Sparkle","Relic Stats","Replay The Spire","Retaliation","Spicy Shops","StSLib","The Cursed","The Death Knight","The Necromancer","Trackpad"],"gold_per_floor":[117,117,131,206,206,206,221,76,99,118,118,118,128,138,138,243,243,262,276,304,315,18,18,18],"floor_reached":23,"playtime":1148,"items_purged":["Shame"],"score":235,"play_id":"92e4aed1-d19a-40d9-bb44-c6921e99ebf1","local_time":"20210101011957","is_ascension_mode":false,"campfire_choices":[{"data":"Conserve Battery","floor":6.0,"key":"SMITH"},{"floor":12.0,"key":"REST"},{"data":"Vigilance","floor":15.0,"key":"SMITH"}],"circlet_count":0,"master_deck":["Strike_B","Strike_B","Strike_B","Strike_B","Defend_B","Defend_B","Defend_B","Defend_B","Conserve Battery+1","Melter","Vigilance+1","Eruption","FTL","Gash","ReplayTheSpireMod:Omega Cannon","Scrape","Gash+1","Beam Cell","Replay:BasicMightCard"],"relics":["ReplayTheSpireMod:DimensionalGlitch","FaceOfCleric","ReplayTheSpireMod:CursedCoin","aspiration:Lifesprig","CeramicFish","Inserter","Carrot"],"acts_visited":["Exordium","TheCity"],"potions_floor_usage":[19,20,21,23],"damage_taken":[{"damage":15.0,"enemies":"Jaw Worm","floor":1.0,"turns":4.0},{"damage":0.0,"enemies":"Cultist","floor":3.0,"turns":4.0},{"damage":2.0,"enemies":"Small Slimes","floor":7.0,"turns":4.0},{"damage":0.0,"enemies":"Exordium Wildlife","floor":10.0,"turns":3.0},{"damage":2.0,"enemies":"Exordium Thugs","floor":13.0,"turns":5.0},{"damage":0.0,"enemies":"Gremlin Gang","floor":14.0,"turns":5.0},{"damage":0.0,"enemies":"Slime Boss","floor":16.0,"turns":6.0},{"damage":7.0,"enemies":"Shell Parasite","floor":18.0,"turns":7.0},{"damage":5,"enemies":"Chosen","floor":19,"turns":5},{"damage":31,"enemies":"Snake Plant","floor":20,"turns":6},{"damage":24,"enemies":"Centurion and Healer","floor":21,"turns":4},{"damage":26,"enemies":"Gremlin Leader","floor":23,"turns":2}],"seed_played":"7427851264738044481","potions_obtained":[{"floor":3.0,"key":"Energy Potion"},{"floor":7.0,"key":"PowerPotion"},{"floor":13.0,"key":"AttackPotion"},{"floor":18.0,"key":"Ancient Potion"},{"floor":19,"key":"PowerPotion"}],"is_trial":false,"path_per_floor":["M","?","M","?","?","R","M","$","T","M","$","R","M","M","R","B",null,"M","M","M","M","$","E"],"character_chosen":"DEFECT","items_purchased":["ReplayTheSpireMod:CursedCoin","aspiration:Lifesprig","FTL","Carrot","Gash+1","Beam Cell","Replay:BasicMightCard"],"campfire_rested":1,"item_purchase_floors":[8,8,8,22,22,22,22],"current_hp_per_floor":[60,60,61,50,50,50,49,49,49,50,50,73,72,73,73,74,81,75,71,41,18,18,0,0],"gold":18,"neow_bonus":"BOSS_RELIC","is_daily":false,"chose_seed":false,"campfire_upgraded":2,"win_rate":0.0,"timestamp":1609481997,"path_taken":["M","?","?","?","?","R","M","$","T","M","?","R","?","M","R","BOSS","M","M","M","M","$","E"],"items_purchased_type":["Relic","Relic","Card","Relic","Card","Card","Card"],"build_version":"2020-12-22","purchased_purges":1,"victory":false,"max_hp_per_floor":[75,75,76,76,76,76,77,77,77,78,78,78,79,80,80,81,81,82,83,84,85,85,85,85],"relic_stats":{"Inserter":[12],"FaceOfCleric":10,"counters":[12,55],"CeramicFish":54,"obtain_stats":[{"aspiration:Lifesprig":8,"Carrot":22,"Inserter":17,"FaceOfCleric":2,"ReplayTheSpireMod:CursedCoin":8,"CeramicFish":9,"Cracked Core":0,"ReplayTheSpireMod:DimensionalGlitch":0},{"aspiration:Lifesprig":3,"Carrot":11,"Inserter":7,"FaceOfCleric":1,"ReplayTheSpireMod:CursedCoin":3,"CeramicFish":3,"Cracked Core":0,"ReplayTheSpireMod:DimensionalGlitch":0},{"aspiration:Lifesprig":12,"Carrot":53,"Inserter":31,"FaceOfCleric":4,"ReplayTheSpireMod:CursedCoin":12,"CeramicFish":12,"Cracked Core":0,"ReplayTheSpireMod:DimensionalGlitch":0}]},"card_choices":[{"not_picked":["Panic Button","aspiration:Polymerization"],"picked":"Conserve Battery","floor":1.0},{"not_picked":["Recycle","Redo"],"picked":"Melter","floor":3.0},{"not_picked":["Ball Lightning","Conserve Battery","Leap"],"picked":"SKIP","floor":7.0},{"not_picked":["Leap","Steam"],"picked":"Gash","floor":10.0},{"not_picked":["Consume","Chaos","Cold Snap"],"picked":"SKIP","floor":13.0},{"not_picked":["Sweeping Beam","Melter","Barrage"],"picked":"SKIP","floor":14.0},{"not_picked":["Biased Cognition","Machine Learning"],"picked":"ReplayTheSpireMod:Omega Cannon","floor":16.0},{"not_picked":["Loop","Capacitor","Coolheaded"],"picked":"SKIP","floor":18.0},{"not_picked":["Panic Button","Recycle","Glacier"],"picked":"SKIP","floor":19},{"not_picked":["Panic Button","Recycle","Glacier"],"picked":"SKIP","floor":19},{"not_picked":["Leap","Skim"],"picked":"Scrape","floor":20},{"not_picked":["Redo","Turbo","Melter"],"picked":"SKIP","floor":21}],"player_experience":861926,"relics_obtained":[{"floor":9.0,"key":"CeramicFish"}],"event_choices":[{"damage_healed":0.0,"max_hp_gain":0.0,"max_hp_loss":0.0,"gold_gain":0.0,"event_name":"FaceTrader","player_choice":"Trade","floor":2.0,"gold_loss":0.0,"damage_taken":0.0,"relics_obtained":["FaceOfCleric"]},{"damage_healed":0.0,"max_hp_gain":0.0,"max_hp_loss":0.0,"gold_gain":75.0,"event_name":"World of Goop","player_choice":"Gather Gold","floor":4.0,"gold_loss":0.0,"damage_taken":11.0}],"is_beta":false,"boss_relics":[{"not_picked":["Sozu","trackpad:Trackpad"],"picked":"Inserter"}],"items_purged_floors":[8],"is_endless":false,"potions_floor_spawned":[3,7,13,18,19],"killed_by":"Gremlin Leader","ascension_level":0}}