{"host":"mgc7o2tpy0ck407l","time":1609463896,"event":{"mods":["Alarm Clock","AlwaysNeverKeys","BaseMod","Better Altar","Better Match","Better Note","Better Sensory Stone","Better Skull","Better Third Choice","Better Vampires","Block Reminder","Booster Modes","Challenge The Spire","Colored Map","Colored Powertips","Disable Question Mark Monsters","Emptier Cage","Infinite Spire","Minty Spire (QoL Compilation)","Permanent Neow","Quick Restart","Rare Cards Sparkle","Reorder Act Four","Replay The Spire","Spicy Shops","StSLib","Transform Curses","Unceasing Turn Reminder"],"gold_per_floor":[318,318,347,372,405,505,505,40,72,100,130,130,130,130,163,190,262,310],"floor_reached":19,"playtime":1023,"items_purged":["Strike_R","Strike_R"],"score":445,"play_id":"52c58ff6-30b6-44d2-a7fa-51be4b600086","local_time":"20201231201816","daily_mods":["challengethespire:Bronze Difficulty","challengethespire:Elite Rush","Uncertain Future"],"is_ascension_mode":true,"campfire_choices":[{"data":"Whirlwind","floor":2.0,"key":"SMITH"},{"data":"ReplayTheSpireMod:Muscle Training","floor":7.0,"key":"SMITH"},{"data":"Trip","floor":13.0,"key":"SMITH"},{"data":"ReplayTheSpireMod:Muscle Training","floor":14.0,"key":"SMITH"}],"circlet_count":0,"master_deck":["Strike_R","Strike_R","Strike_R","Defend_R","Defend_R","Defend_R","Defend_R","Bash","Whirlwind+1","Replay:Undeath\u0027s Touch","ReplayTheSpireMod:Muscle Training+1","ReplayTheSpireMod:Muscle Training+1","ReplayTheSpireMod:Muscle Training+1","Trip+1","Sword Boomerang","Pot Of Greed+1","Pot Of Greed+1","Armaments+1","Thunderclap","Limit Break+1","Replay:Many Hands+1","Intimidate+1","Intimidate+1"],"relics":["Burning Blood","Black Star","Sling","PreservedInsect","Divine Protection","Akabeko","Mercury Hourglass","infinitespire:Lucky Rock","Bag of Preparation","StrikeDummy","Pear","Replay:Rubber Ducky","ReplayTheSpireMod:TigerMarble","Replay:Wanted Poster","Omamori","Happy Flower","DollysMirror","Replay:Bottled Steam","Toxic Egg 2","Grinning Jar","infinitespire:FocusingShard","MealTicket","CaptainsWheel","infinitespire:Cupcake","Replay:Towering Pillar of Hats","Iron Hammer","Replay:Kaleidoscope","Replay:Bandana","Bag of Marbles","Molten Egg 2","Red Skull","Gambling Chip"],"acts_visited":["Exordium"],"potions_floor_usage":[],"damage_taken":[{"damage":0.0,"enemies":"3 Sentries","floor":3.0,"turns":2.0},{"damage":0.0,"enemies":"Gremlin Nob","floor":4.0,"turns":2.0},{"damage":0.0,"enemies":"Lagavulin","floor":5.0,"turns":2.0},{"damage":20.0,"enemies":"Book of Stabbing","floor":9.0,"turns":3.0},{"damage":16.0,"enemies":"Slavers","floor":10.0,"turns":2.0},{"damage":0.0,"enemies":"Gremlin Leader","floor":11.0,"turns":2.0},{"damage":0.0,"enemies":"Reptomancer","floor":15.0,"turns":2.0},{"damage":9.0,"enemies":"Giant Head","floor":16.0,"turns":3.0},{"damage":9,"enemies":"Giant Head","floor":17,"turns":4},{"damage":0,"enemies":"Shield and Spear","floor":18,"turns":2}],"seed_played":"-3882529179817938198","potions_obtained":[{"floor":5.0,"key":"ColorlessPotion"},{"floor":10.0,"key":"Fire Potion"},{"floor":11.0,"key":"Toxic Potion"},{"floor":15.0,"key":"Venom Potion"},{"floor":18,"key":"Reflective Coating"}],"is_trial":true,"path_per_floor":["$","R","E","E","E","T","R","$","E","E","E","T","R","R","E","E","E","E",null],"character_chosen":"IRONCLAD","items_purchased":["Divine Protection","Akabeko","Whirlwind","Mercury Hourglass","Omamori","Happy Flower","DollysMirror","Trip"],"campfire_rested":0,"item_purchase_floors":[1,1,1,1,8,8,8,8],"current_hp_per_floor":[80,80,80,90,90,90,90,90,76,70,76,76,76,76,82,79,76,82],"gold":310,"neow_bonus":"","is_daily":false,"chose_seed":false,"campfire_upgraded":4,"win_rate":0.0,"timestamp":1609463896,"path_taken":["$","R","E","E","E","T","R","$","E","E","E","T","R","R","E","E","E","E"],"items_purchased_type":["Relic","Relic","Card","Relic","Relic","Relic","Relic","Card"],"build_version":"2020-12-22","purchased_purges":2,"victory":true,"max_hp_per_floor":[80,80,80,90,90,90,90,90,90,90,90,90,90,90,90,90,90,90],"card_choices":[],"player_experience":714298,"relics_obtained":[{"floor":3.0,"key":"infinitespire:Lucky Rock"},{"floor":3.0,"key":"Bag of Preparation"},{"floor":4.0,"key":"StrikeDummy"},{"floor":4.0,"key":"Pear"},{"floor":5.0,"key":"Replay:Rubber Ducky"},{"floor":5.0,"key":"ReplayTheSpireMod:TigerMarble"},{"floor":9.0,"key":"Replay:Bottled Steam"},{"floor":9.0,"key":"Toxic Egg 2"},{"floor":10.0,"key":"Grinning Jar"},{"floor":10.0,"key":"infinitespire:FocusingShard"},{"floor":11.0,"key":"MealTicket"},{"floor":11.0,"key":"CaptainsWheel"},{"floor":15.0,"key":"Replay:Towering Pillar of Hats"},{"floor":15.0,"key":"Iron Hammer"},{"floor":16.0,"key":"Replay:Kaleidoscope"},{"floor":16.0,"key":"Replay:Bandana"},{"floor":17,"key":"Bag of Marbles"},{"floor":17,"key":"Molten Egg 2"},{"floor":18,"key":"Red Skull"},{"floor":18,"key":"Gambling Chip"}],"event_choices":[],"is_beta":false,"boss_relics":[{"not_picked":["Replay:Drink Me","Coffee Dripper"],"picked":"Replay:Wanted Poster"},{"not_picked":["Mark of Pain","Replay:Bronze Core"],"picked":"infinitespire:Cupcake"}],"items_purged_floors":[1,8],"is_endless":false,"potions_floor_spawned":[5,10,11,15,18],"ascension_level":0}}