{"host":"hwrdjx5eod2cxh09","time":1609530944,"event":{"mods":["AchievementEnabler","BaseMod","Bestiary","Minty Spire (QoL Compilation)","Relic Stats"],"gold_per_floor":[110,60,60,60,76,108,120,120,120,155,155,167,17,32,32,133,183,200,200,45,45,0,0,15,15,15],"floor_reached":25,"playtime":1105,"items_purged":[],"score":209,"play_id":"4c459052-da3d-416b-8143-6c550d7cb4d2","local_time":"20210102045544","is_ascension_mode":false,"campfire_choices":[{"data":"Dualcast","floor":8,"key":"SMITH"},{"data":"Loop","floor":15,"key":"SMITH"},{"data":"Turbo","floor":23,"key":"SMITH"}],"circlet_count":0,"master_deck":["Strike_B+1","Strike_B","Strike_B","Defend_B","Defend_B","Defend_B","Defend_B","Zap+1","Dualcast+1","Steam","Leap+1","Hologram","Go for the Eyes","Loop+1","Bandage Up","Coolheaded","Chill","Auto Shields","Darkness","Echo Form","Necronomicurse","Turbo+1","Coolheaded"],"relics":["Cracked Core","Calipers","Pantograph","Molten Egg 2","Tiny House","Necronomicon","Happy Flower"],"acts_visited":["Exordium","TheCity"],"potions_floor_usage":[16,16],"damage_taken":[{"damage":3,"enemies":"Jaw Worm","floor":1,"turns":3},{"damage":1,"enemies":"2 Louse","floor":5,"turns":2},{"damage":8,"enemies":"Lagavulin","floor":6,"turns":8},{"damage":4,"enemies":"Cultist","floor":7,"turns":4},{"damage":20,"enemies":"Gremlin Nob","floor":10,"turns":5},{"damage":8,"enemies":"Red Slaver","floor":12,"turns":3},{"damage":0,"enemies":"Looter","floor":14,"turns":3},{"damage":23,"enemies":"Hexaghost","floor":16,"turns":12},{"damage":5,"enemies":"Chosen","floor":18,"turns":8},{"damage":10,"enemies":"2 Thieves","floor":22,"turns":4},{"damage":33,"enemies":"Snake Plant","floor":24,"turns":5},{"damage":36,"enemies":"Sentry and Sphere","floor":25,"turns":13}],"seed_played":"2413384180520870472","potions_obtained":[{"floor":1,"key":"DuplicationPotion"},{"floor":12,"key":"AttackPotion"},{"floor":14,"key":"Swift Potion"},{"floor":17,"key":"SteroidPotion"},{"floor":18,"key":"Dexterity Potion"}],"is_trial":false,"path_per_floor":["M","$","?","?","M","E","M","R","T","E","?","M","$","M","R","B",null,"M","?","$","?","M","R","M","M"],"character_chosen":"DEFECT","items_purchased":["Hologram","Chill","Auto Shields","Happy Flower"],"campfire_rested":0,"item_purchase_floors":[2,13,13,20],"current_hp_per_floor":[72,72,72,57,56,48,44,44,44,24,24,20,20,24,24,30,80,79,63,63,63,61,61,28,0,0],"gold":15,"neow_bonus":"THREE_CARDS","is_daily":false,"chose_seed":false,"campfire_upgraded":3,"win_rate":0.0,"timestamp":1609530944,"path_taken":["M","$","?","?","M","E","M","R","T","E","?","?","?","M","R","BOSS","M","?","$","?","M","R","M","M"],"items_purchased_type":["Card","Card","Card","Relic"],"build_version":"2020-12-22","purchased_purges":0,"victory":false,"max_hp_per_floor":[75,75,75,75,75,75,75,75,75,75,75,75,75,75,75,75,80,80,80,80,80,80,80,80,80,80],"relic_stats":{"Happy Flower":[7],"counters":[12,70],"Pantograph":25,"Necronomicon":[0],"obtain_stats":[{"Calipers":6,"Tiny House":17,"Happy Flower":20,"Pantograph":9,"Molten Egg 2":10,"Necronomicon":19,"Cracked Core":0},{"Calipers":3,"Tiny House":8,"Happy Flower":9,"Pantograph":4,"Molten Egg 2":5,"Necronomicon":9,"Cracked Core":0},{"Calipers":13,"Tiny House":40,"Happy Flower":48,"Pantograph":17,"Molten Egg 2":22,"Necronomicon":48,"Cracked Core":0}]},"card_choices":[{"not_picked":["Sweeping Beam","Ball Lightning"],"picked":"Steam","floor":0},{"not_picked":["Consume","Tempest"],"picked":"Leap","floor":1},{"not_picked":["Hello World","Coolheaded"],"picked":"Go for the Eyes","floor":5},{"not_picked":["Darkness","Self Repair"],"picked":"Loop","floor":6},{"not_picked":["Sweeping Beam","Barrage","Steam"],"picked":"SKIP","floor":7},{"not_picked":["Melter+1","Aggregate","Barrage+1"],"picked":"SKIP","floor":10},{"not_picked":["Steam Power","Sweeping Beam+1"],"picked":"Coolheaded","floor":12},{"not_picked":["Compile Driver+1","Lockon+1"],"picked":"Darkness","floor":14},{"not_picked":["Fission","Multi-Cast"],"picked":"Echo Form","floor":16},{"not_picked":["Doom and Gloom+1","Coolheaded","Conserve Battery"],"picked":"SKIP","floor":18},{"not_picked":["Aggregate","Tempest"],"picked":"Turbo","floor":22},{"not_picked":["Gash+1","Go for the Eyes+1"],"picked":"Coolheaded","floor":24}],"player_experience":155801,"relics_obtained":[{"floor":6,"key":"Calipers"},{"floor":9,"key":"Pantograph"},{"floor":10,"key":"Molten Egg 2"},{"floor":19,"key":"Necronomicon"}],"event_choices":[{"damage_healed":0,"gold_gain":0,"player_choice":"Ignored","damage_taken":0,"max_hp_gain":0,"max_hp_loss":0,"event_name":"Liars Game","floor":3,"gold_loss":0},{"damage_healed":0,"gold_gain":0,"player_choice":"Entered Light","damage_taken":15,"max_hp_gain":0,"max_hp_loss":0,"event_name":"Shining Light","floor":4,"gold_loss":0,"cards_upgraded":["Strike_B","Leap"]},{"damage_healed":0,"gold_gain":0,"player_choice":"1 cards matched","damage_taken":0,"max_hp_gain":0,"max_hp_loss":0,"event_name":"Match and Keep!","floor":11,"gold_loss":0,"cards_obtained":["Bandage Up"]},{"damage_healed":0,"gold_gain":0,"player_choice":"Obtained Book","damage_taken":16,"max_hp_gain":0,"max_hp_loss":0,"event_name":"Cursed Tome","floor":19,"gold_loss":0},{"cards_removed":["Strike_B"],"damage_healed":0,"gold_gain":0,"player_choice":"Elegance","damage_taken":0,"max_hp_gain":0,"max_hp_loss":0,"event_name":"Back to Basics","floor":21,"gold_loss":0}],"is_beta":false,"boss_relics":[{"not_picked":["SlaversCollar","Fusion Hammer"],"picked":"Tiny House"}],"items_purged_floors":[],"is_endless":false,"potions_floor_spawned":[1,12,14,18],"killed_by":"Sentry and Sphere","ascension_level":0}}