{"host":"kjehzzhcyp0nyrrl","time":1609502140,"event":{"mods":["AchievementEnabler","BaseMod","Custom Start","Hermit","Keyboard Shortcuts","Koishi","Minty Spire (QoL Compilation)","StSLib","SuperFastMode","The Dragon Tamer","The Gatherer","everything is the same but u backflip on backflip"],"gold_per_floor":[113,188,199,212,232,232,232,232],"floor_reached":7,"playtime":165,"items_purged":[],"score":58,"play_id":"3b12ced9-d215-42bd-a109-2fe4d944a917","local_time":"20210101205540","is_ascension_mode":true,"campfire_choices":[{"data":"Eruption","floor":6,"key":"SMITH"}],"circlet_count":0,"master_deck":["Strike_P","Strike_P","Strike_P","Strike_P","Defend_P","Defend_P","Defend_P","Defend_P","Eruption+1","Vigilance","Trip","FlurryOfBlows","InnerPeace","Worship"],"relics":["PureWater"],"acts_visited":["Exordium"],"potions_floor_usage":[],"damage_taken":[{"damage":15,"enemies":"Small Slimes","floor":1,"turns":5},{"damage":0,"enemies":"2 Louse","floor":3,"turns":3},{"damage":3,"enemies":"Jaw Worm","floor":4,"turns":4},{"damage":1,"enemies":"Red Slaver","floor":5,"turns":2},{"damage":35,"enemies":"Gremlin Nob","floor":7,"turns":3}],"seed_played":"3667423256767479683","potions_obtained":[{"floor":4,"key":"BlessingOfTheForge"}],"is_trial":false,"path_per_floor":["M","?","M","M","M","R","E"],"character_chosen":"WATCHER","items_purchased":[],"campfire_rested":0,"item_purchase_floors":[],"current_hp_per_floor":[50,39,39,36,35,35,0,0],"gold":232,"neow_bonus":"RANDOM_COLORLESS","is_daily":false,"chose_seed":false,"campfire_upgraded":1,"win_rate":0.0,"timestamp":1609502140,"path_taken":["M","?","M","M","M","R","E"],"items_purchased_type":[],"build_version":"2020-12-22","purchased_purges":0,"victory":false,"max_hp_per_floor":[72,72,72,72,72,72,72,72],"card_choices":[{"not_picked":["Impatience","Swift Strike"],"picked":"Trip","floor":0},{"not_picked":["EmptyFist","FollowUp"],"picked":"FlurryOfBlows","floor":1},{"not_picked":["Study","JustLucky"],"picked":"InnerPeace","floor":3},{"not_picked":["Wireheading","Fasting2","ClearTheMind"],"picked":"SKIP","floor":4},{"not_picked":["PathToVictory","ClearTheMind"],"picked":"Worship","floor":5}],"player_experience":382107,"relics_obtained":[],"event_choices":[{"damage_healed":0,"gold_gain":75,"player_choice":"Gather Gold","damage_taken":11,"max_hp_gain":0,"max_hp_loss":0,"event_name":"World of Goop","floor":2,"gold_loss":0}],"is_beta":false,"boss_relics":[],"items_purged_floors":[],"is_endless":false,"potions_floor_spawned":[4],"killed_by":"Gremlin Nob","ascension_level":7}}