{"host":"tnhjz9cb8p0320p2","time":1609461024,"event":{"mods":["BaseMod","Better Third Choice","Downfall","Hermit","Marisa????????","Minty Spire (QoL Compilation)","Relic Stats","Replay The Spire","Shade Mod","StSLib","The Construct","The Cursed","The Jungle","The Runesmith"],"gold_per_floor":[15,25,38,87,105,105,105,105],"floor_reached":7,"playtime":313,"items_purged":[],"score":77,"play_id":"43d9e8a4-07f0-4ed0-9273-a1bf35adb1ed","local_time":"20201231183024","is_ascension_mode":true,"campfire_choices":[{"floor":6,"key":"REST"}],"circlet_count":0,"master_deck":["AscendersBane","Strike_R","Strike_R","Strike_R","Strike_R","Strike_R","Defend_R","Defend_R","Defend_R","Defend_R","Bash","Dual Wield","Metallicize","Shockwave","Exhume"],"relics":["Burning Blood","Unceasing Top","Shuriken"],"acts_visited":["Exordium"],"potions_floor_usage":[7],"damage_taken":[{"damage":15,"enemies":"Cultist","floor":1,"turns":5},{"damage":12,"enemies":"Small Slimes","floor":2,"turns":4},{"damage":6,"enemies":"2 Louse","floor":3,"turns":6},{"damage":27,"enemies":"Lots of Slimes","floor":5,"turns":7},{"damage":31,"enemies":"Gremlin Nob","floor":7,"turns":4}],"seed_played":"-1066763694751001945","potions_obtained":[{"floor":4,"key":"FearPotion"}],"is_trial":false,"path_per_floor":["M","M","M","?","M","R","E"],"character_chosen":"IRONCLAD","items_purchased":[],"campfire_rested":1,"item_purchase_floors":[],"current_hp_per_floor":[59,53,53,29,8,30,0,0],"gold":105,"neow_bonus":"ONE_RARE_RELIC","is_daily":false,"chose_seed":false,"campfire_upgraded":0,"win_rate":0.0,"timestamp":1609461024,"path_taken":["M","M","?","?","M","R","E"],"items_purchased_type":[],"build_version":"2020-12-22","purchased_purges":0,"victory":false,"max_hp_per_floor":[75,75,75,75,75,75,75,75],"relic_stats":{"counters":[5,26],"Shuriken":[1],"obtain_stats":[{"Shuriken":4,"Burning Blood":0,"Unceasing Top":0},{"Shuriken":3,"Burning Blood":0,"Unceasing Top":0},{"Shuriken":15,"Burning Blood":0,"Unceasing Top":0}],"Burning Blood":24,"Unceasing Top":[0]},"card_choices":[{"not_picked":["Run Through","Twin Strike","Perfected Strike"],"picked":"SKIP","floor":1},{"not_picked":["Headbutt","Disarm"],"picked":"Dual Wield","floor":2},{"not_picked":["Sever Soul","Headbutt"],"picked":"Metallicize","floor":3},{"not_picked":["Run Through","Pommel Strike"],"picked":"Shockwave","floor":4},{"not_picked":["Reckless Charge","ReplayTheSpireMod:Strike From Hell"],"picked":"Exhume","floor":5}],"player_experience":2070842,"relics_obtained":[{"floor":4,"key":"Shuriken"}],"event_choices":[],"is_beta":false,"boss_relics":[],"items_purged_floors":[],"is_endless":false,"potions_floor_spawned":[],"killed_by":"Gremlin Nob","ascension_level":16}}