{"host":"y2d5jdk6et74e3ks","time":1609467374,"event":{"mods":["BaseMod","Colored Map","Downfall","Hubris","Minty Spire (QoL Compilation)","Replay The Spire","StSLib"],"gold_per_floor":[110,110,110,15,35,35,53,67,67,67,87,102,112,140,140,240,240,258,154,154,41,59,93,93,121,147,163,163,163],"floor_reached":28,"playtime":1391,"items_purged":["Defend_G","hubris:SlightOfHand"],"score":326,"play_id":"22ca3a9a-ee06-4843-9c37-e259307fa219","local_time":"20201231211614","is_ascension_mode":true,"campfire_choices":[{"floor":6,"key":"REST"},{"data":"Poisoned Stab","floor":10,"key":"SMITH"},{"floor":15,"key":"REST"},{"floor":24,"key":"REST"}],"circlet_count":0,"master_deck":["Strike_G","Strike_G","Strike_G","Strike_G","Defend_G","Defend_G","Defend_G","Defend_G","Survivor","Neutralize","Poisoned Stab+1","Draining Mist+1","Outmaneuver","Draining Mist+1","After Image","After Image","Replay:Poison Smokescreen","Caltrops","Poisoned Stab","PiercingWail","Noxious Fumes","Noxious Fumes","Bouncing Flask"],"relics":["Black Star","Ancient Tea Set","Membership Card","hubris:FruitBowl","Turnip","Pantograph","Replay:Bottled Eggs","SacredBark","BargainBundle","ReplayTheSpireMod:TigerMarble","Replay:Rubber Ducky","hubris:ToyBattleship","Snake Skull","ReplayTheSpireMod:Lightbulb"],"acts_visited":["Exordium","TheCity"],"potions_floor_usage":[8,14,14,23,23,23],"damage_taken":[{"damage":1,"enemies":"Jaw Worm","floor":1,"turns":7},{"damage":4,"enemies":"Cultist","floor":5,"turns":4},{"damage":2,"enemies":"Small Slimes","floor":7,"turns":3},{"damage":3,"enemies":"3 Louse","floor":8,"turns":3},{"damage":8,"enemies":"2 Fungi Beasts","floor":11,"turns":4},{"damage":9,"enemies":"Blue Slaver","floor":12,"turns":5},{"damage":24,"enemies":"Exordium Wildlife","floor":13,"turns":6},{"damage":0,"enemies":"Lagavulin","floor":14,"turns":6},{"damage":14,"enemies":"Hexaghost","floor":16,"turns":12},{"damage":1,"enemies":"Chosen","floor":18,"turns":6},{"damage":13,"enemies":"Shell Parasite","floor":22,"turns":4},{"damage":45,"enemies":"Gremlin Leader","floor":23,"turns":7},{"damage":0,"enemies":"Replay:Snechameleon","floor":25,"turns":6},{"damage":24,"enemies":"3 Cultists","floor":27,"turns":7},{"damage":11,"enemies":"Slavers","floor":28,"turns":1}],"seed_played":"-3798417139758301768","potions_obtained":[{"floor":7,"key":"Fire Potion"},{"floor":11,"key":"Adrenaline Potion"},{"floor":12,"key":"hexamod:EctoCoolerPotion"},{"floor":16,"key":"Guardian:BlockOnCardUsePotion"}],"is_trial":false,"path_per_floor":["M","?","$","$","M","R","M","M","T","R","M","M","M","E","R","B",null,"M","$","?","$","M","E","R","E","T","M","E"],"character_chosen":"THE_SILENT","items_purchased":["Membership Card","hubris:FruitBowl","Poisoned Stab","Draining Mist","BargainBundle","Replay:Poison Smokescreen","Caltrops","Poisoned Stab","Fire Potion","ColorlessPotion","PiercingWail","Noxious Fumes","ReplayTheSpireMod:TigerMarble"],"campfire_rested":3,"item_purchase_floors":[3,3,4,4,19,19,19,19,19,19,19,21,21],"current_hp_per_floor":[69,69,40,40,36,57,55,52,52,52,44,35,11,11,32,43,70,69,69,69,69,56,11,32,32,32,8,0,0],"gold":163,"neow_bonus":"BOSS_RELIC","is_daily":false,"chose_seed":false,"campfire_upgraded":1,"win_rate":0.0,"timestamp":1609467374,"path_taken":["M","?","?","$","M","R","M","M","T","R","?","M","M","E","R","BOSS","M","$","?","?","M","E","R","E","T","M","E"],"items_purchased_type":["Relic","Relic","Card","Card","Relic","Card","Card","Card","Potion","Potion","Card","Card","Relic"],"build_version":"2020-12-22","purchased_purges":2,"victory":false,"max_hp_per_floor":[70,70,70,70,70,70,70,70,70,70,70,70,70,70,70,70,70,70,70,70,70,70,70,70,70,70,70,70,70],"card_choices":[{"not_picked":["Acrobatics","Underhanded Strike"],"picked":"Sucker Punch","floor":1},{"not_picked":["Hidden Blade","Well Laid Plans"],"picked":"Outmaneuver","floor":5},{"not_picked":["Skewer","Reflex"],"picked":"hubris:SlightOfHand","floor":7},{"not_picked":["PiercingWail","Dagger Throw","Dodge and Roll"],"picked":"SKIP","floor":8},{"not_picked":["Quick Slash","Infinite Blades"],"picked":"Draining Mist","floor":11},{"not_picked":["Dagger Throw","PiercingWail"],"picked":"After Image","floor":12},{"not_picked":["Accuracy","Well Laid Plans","Outmaneuver"],"picked":"SKIP","floor":13},{"not_picked":["ReplayTheSpireMod:From All Sides","ReplayTheSpireMod:The Works","Blur"],"picked":"SKIP","floor":14},{"not_picked":["Bullet Time","Atom Bomb"],"picked":"After Image","floor":16},{"not_picked":["Leg Sweep+1","Infinite Blades","All Out Attack"],"picked":"SKIP","floor":18},{"not_picked":["Backflip","Well Laid Plans","PiercingWail"],"picked":"SKIP","floor":22},{"not_picked":["Dagger Spray+1","Eviscerate","Outmaneuver"],"picked":"SKIP","floor":23},{"not_picked":["Wraith Form v2","Escape Plan"],"picked":"Noxious Fumes","floor":25},{"not_picked":["hubris:SlightOfHand","Expertise"],"picked":"Bouncing Flask","floor":27}],"player_experience":111216,"relics_obtained":[{"floor":9,"key":"Turnip"},{"floor":14,"key":"Pantograph"},{"floor":14,"key":"Replay:Bottled Eggs"},{"floor":23,"key":"Replay:Rubber Ducky"},{"floor":23,"key":"hubris:ToyBattleship"},{"floor":25,"key":"Snake Skull"},{"floor":25,"key":"ReplayTheSpireMod:Lightbulb"}],"event_choices":[{"cards_removed":["Sucker Punch"],"damage_healed":0,"gold_gain":0,"player_choice":"Gave Card","damage_taken":0,"relics_obtained":["Ancient Tea Set"],"max_hp_gain":0,"max_hp_loss":0,"event_name":"WeMeetAgain","floor":2,"gold_loss":0},{"cards_removed":["Strike_G"],"damage_healed":0,"gold_gain":0,"player_choice":"Offered Basic","damage_taken":0,"max_hp_gain":0,"max_hp_loss":0,"event_name":"Bonfire Elementals","floor":20,"gold_loss":0}],"is_beta":false,"boss_relics":[{"not_picked":["Snecko Scales","Sozu"],"picked":"SacredBark"}],"items_purged_floors":[4,19],"is_endless":false,"potions_floor_spawned":[7,11,12,16,22],"killed_by":"Slavers","ascension_level":1}}