{"host":"3jjxuhjpio8e4zkv","time":1609467613,"event":{"mods":["BaseMod","Colored Map","Highlight Path","Minty Spire (QoL Compilation)","Permanent Neow","Relic Stats","StSLib"],"gold_per_floor":[114,124,134,94,108,108,143,156,156,156,175,175,175,207,207,283,283,300,318,318,41,55,88,100,100,100],"floor_reached":25,"playtime":1113,"items_purged":["Writhe"],"score":470,"play_id":"449e44d6-c9ec-4ae5-9c2a-451de45643fd","local_time":"20201231212013","is_ascension_mode":true,"campfire_choices":[{"data":"Dagger Spray","floor":6.0,"key":"SMITH"},{"data":"Riddle With Holes","floor":10.0,"key":"SMITH"},{"data":"Bouncing Flask","floor":12.0,"key":"SMITH"},{"data":"A Thousand Cuts","floor":15.0,"key":"SMITH"}],"circlet_count":0,"master_deck":["AscendersBane","Strike_G","Strike_G","Strike_G","Strike_G","Strike_G","Defend_G","Defend_G","Defend_G+1","Defend_G","Defend_G","Survivor","Neutralize+1","Dagger Spray+1","Venomology","Leg Sweep+1","Riddle With Holes+1","Dagger Throw","A Thousand Cuts+1","Bouncing Flask+1","Terror","Tools of the Trade","Noxious Fumes","Footwork","Well Laid Plans"],"relics":["Ring of the Snake","TungstenRod","Pantograph","Ninja Scroll","Fusion Hammer","StrikeDummy","Toolbox","War Paint"],"acts_visited":["Exordium","TheCity"],"potions_floor_usage":[23,23,25],"damage_taken":[{"damage":0.0,"enemies":"2 Louse","floor":1.0,"turns":2.0},{"damage":3.0,"enemies":"Cultist","floor":2.0,"turns":4.0},{"damage":2.0,"enemies":"Jaw Worm","floor":3.0,"turns":6.0},{"damage":0.0,"enemies":"Looter","floor":4.0,"turns":4.0},{"damage":0.0,"enemies":"3 Louse","floor":5.0,"turns":5.0},{"damage":9.0,"enemies":"3 Sentries","floor":7.0,"turns":5.0},{"damage":8.0,"enemies":"Blue Slaver","floor":8.0,"turns":3.0},{"damage":0.0,"enemies":"2 Fungi Beasts","floor":11.0,"turns":3.0},{"damage":6.0,"enemies":"Lagavulin","floor":14.0,"turns":7.0},{"damage":22.0,"enemies":"The Guardian","floor":16.0,"turns":8.0},{"damage":7.0,"enemies":"Spheric Guardian","floor":18.0,"turns":4.0},{"damage":13.0,"enemies":"Shell Parasite","floor":19.0,"turns":3.0},{"damage":12.0,"enemies":"Shelled Parasite and Fungi","floor":22.0,"turns":6.0},{"damage":25,"enemies":"Gremlin Leader","floor":23,"turns":5},{"damage":0,"enemies":"Centurion and Healer","floor":24,"turns":7},{"damage":7,"enemies":"Slavers","floor":25,"turns":1}],"seed_played":"2710350872347660739","potions_obtained":[{"floor":5.0,"key":"ColorlessPotion"},{"floor":7.0,"key":"Weak Potion"},{"floor":16.0,"key":"AttackPotion"}],"is_trial":false,"path_per_floor":["M","M","M","M","M","R","E","M","T","R","M","R","?","E","R","B",null,"M","M","?","$","M","E","M","E"],"character_chosen":"THE_SILENT","items_purchased":["Footwork","Toolbox"],"campfire_rested":0,"item_purchase_floors":[21,21],"current_hp_per_floor":[59,56,54,54,54,54,45,37,37,37,37,37,34,28,28,46,61,54,41,41,41,29,4,4,0,0],"gold":100,"neow_bonus":"UPGRADE_CARD","is_daily":false,"chose_seed":false,"campfire_upgraded":4,"win_rate":0.0,"timestamp":1609467613,"path_taken":["M","M","M","M","M","R","E","M","T","R","M","R","?","E","R","BOSS","M","M","?","$","M","E","M","E"],"items_purchased_type":["Card","Relic"],"build_version":"2020-12-22","purchased_purges":1,"victory":false,"max_hp_per_floor":[66,66,66,66,66,66,66,66,66,66,66,66,66,66,66,66,66,66,66,66,66,66,66,66,66,66],"relic_stats":{"counters":[16,73],"Pantograph":25,"War Paint":["Leg Sweep","Defend_G"],"obtain_stats":[{"Ninja Scroll":14,"Pantograph":9,"Toolbox":21,"Fusion Hammer":17,"War Paint":23,"StrikeDummy":20,"TungstenRod":7,"Ring of the Snake":0},{"Ninja Scroll":9,"Pantograph":7,"Toolbox":12,"Fusion Hammer":10,"War Paint":14,"StrikeDummy":12,"TungstenRod":6,"Ring of the Snake":0},{"Ninja Scroll":39,"Pantograph":29,"Toolbox":54,"Fusion Hammer":47,"War Paint":65,"StrikeDummy":54,"TungstenRod":26,"Ring of the Snake":0}],"TungstenRod":18,"Ring of the Snake":[28]},"card_choices":[{"not_picked":["Backflip","Poisoned Stab"],"picked":"Dagger Spray","floor":1.0},{"not_picked":["Dagger Throw","Sucker Punch"],"picked":"Venomology","floor":2.0},{"not_picked":["Tactician","Acrobatics"],"picked":"Leg Sweep","floor":3.0},{"not_picked":["Outmaneuver","Concentrate"],"picked":"Riddle With Holes","floor":4.0},{"not_picked":["Riddle With Holes","Slice"],"picked":"Dagger Throw","floor":5.0},{"not_picked":["Sucker Punch","Underhanded Strike"],"picked":"A Thousand Cuts","floor":7.0},{"not_picked":["Bouncing Flask","Finisher","Flechettes"],"picked":"SKIP","floor":8.0},{"not_picked":["Deflect","Deadly Poison"],"picked":"Bouncing Flask","floor":11.0},{"not_picked":["Leg Sweep","Escape Plan"],"picked":"Terror","floor":14.0},{"not_picked":["Burst","Grand Finale"],"picked":"Tools of the Trade","floor":16.0},{"not_picked":["Caltrops","Deadly Poison","Quick Slash"],"picked":"SKIP","floor":18.0},{"not_picked":["Cloak And Dagger","Flechettes"],"picked":"Noxious Fumes","floor":19.0},{"not_picked":["Outmaneuver","Heel Hook","Poisoned Stab"],"picked":"SKIP","floor":22.0},{"not_picked":["Slice","Blade Dance"],"picked":"Well Laid Plans","floor":23},{"not_picked":["Deflect","Eviscerate","Cloak And Dagger"],"picked":"SKIP","floor":24}],"player_experience":1153021,"relics_obtained":[{"floor":7.0,"key":"TungstenRod"},{"floor":9.0,"key":"Pantograph"},{"floor":14.0,"key":"Ninja Scroll"},{"floor":23,"key":"War Paint"}],"event_choices":[{"damage_healed":0.0,"max_hp_gain":0.0,"max_hp_loss":0.0,"gold_gain":0.0,"event_name":"The Woman in Blue","player_choice":"Bought 0 Potions","floor":13.0,"gold_loss":0.0,"damage_taken":0.0},{"damage_healed":0.0,"max_hp_gain":0.0,"max_hp_loss":0.0,"gold_gain":0.0,"event_name":"The Mausoleum","player_choice":"Opened","floor":20.0,"gold_loss":0.0,"damage_taken":0.0,"relics_obtained":["StrikeDummy"],"cards_obtained":["Writhe"]}],"is_beta":false,"boss_relics":[{"not_picked":["Ectoplasm","WristBlade"],"picked":"Fusion Hammer"}],"items_purged_floors":[21],"is_endless":false,"potions_floor_spawned":[5,7,16,18,22],"killed_by":"Slavers","ascension_level":20}}