{"host":"3a1ypf1irl30q4k8","time":1609496038,"event":{"mods":["AchievementEnabler","BaseMod","Bestiary","Colored Map","Minty Spire (QoL Compilation)","Relic Stats"],"gold_per_floor":[359,372,386,561,27,60,60,94,121,144,156,183,195,227,239,346,358,390,418,529,44,44,44,70,90,90,1,40,40,59,92,92,92,92],"floor_reached":33,"playtime":1891,"items_purged":["Regret"],"score":387,"play_id":"2cb10fed-a87c-46de-9eef-fe0585cb5c03","local_time":"20210101101358","is_ascension_mode":true,"campfire_choices":[{"floor":7,"key":"REST"},{"floor":11,"key":"REST"},{"data":"1","floor":15,"key":"LIFT"},{"floor":23,"key":"REST"},{"floor":29,"key":"REST"},{"floor":32,"key":"REST"}],"circlet_count":0,"master_deck":["Strike_P+1","Strike_P+1","Strike_P+1","Defend_P+1","Defend_P+1","Defend_P+1","Defend_P+1","Eruption","Vigilance","BattleHymn","Fasting2","Tantrum","Doubt","ThirdEye","Wireheading","FearNoEvil","ThirdEye","DevaForm","Ragnarok","Evaluate","WreathOfFlame","TalkToTheHand","TalkToTheHand","Tantrum","FlyingSleeves","WindmillStrike","CutThroughFate"],"relics":["PureWater","Girya","Ancient Tea Set","Orichalcum","Regal Pillow","MawBank","Busted Crown","DollysMirror","Gremlin Horn","CeramicFish","White Beast Statue","Anchor","Molten Egg 2"],"acts_visited":["Exordium","TheCity"],"potions_floor_usage":[8,24,24,28,28,30,33,33],"damage_taken":[{"damage":1,"enemies":"Small Slimes","floor":1,"turns":3},{"damage":11,"enemies":"Cultist","floor":2,"turns":4},{"damage":2,"enemies":"Jaw Worm","floor":3,"turns":3},{"damage":32,"enemies":"Gremlin Nob","floor":6,"turns":3},{"damage":14,"enemies":"3 Sentries","floor":8,"turns":4},{"damage":12,"enemies":"2 Fungi Beasts","floor":10,"turns":3},{"damage":5,"enemies":"Exordium Wildlife","floor":12,"turns":3},{"damage":3,"enemies":"Red Slaver","floor":14,"turns":3},{"damage":30,"enemies":"Hexaghost","floor":16,"turns":8},{"damage":28,"enemies":"3 Byrds","floor":18,"turns":6},{"damage":0,"enemies":"Chosen","floor":19,"turns":4},{"damage":42,"enemies":"Gremlin Leader","floor":24,"turns":5},{"damage":16,"enemies":"Centurion and Healer","floor":25,"turns":3},{"damage":9,"enemies":"Book of Stabbing","floor":28,"turns":2},{"damage":0,"enemies":"Snake Plant","floor":30,"turns":3},{"damage":36,"enemies":"Slavers","floor":31,"turns":4},{"damage":62,"enemies":"Collector","floor":33,"turns":2}],"seed_played":"891025359370919033","potions_obtained":[{"floor":2,"key":"DistilledChaos"},{"floor":3,"key":"SteroidPotion"},{"floor":10,"key":"StancePotion"},{"floor":25,"key":"ColorlessPotion"},{"floor":28,"key":"EssenceOfSteel"},{"floor":30,"key":"GamblersBrew"},{"floor":31,"key":"ColorlessPotion"}],"is_trial":false,"path_per_floor":["M","M","M","?","$","E","R","E","T","M","R","M","?","M","R","B",null,"M","M","?","$","?","R","E","M","T","$","E","R","M","E","R","B"],"character_chosen":"WATCHER","items_purchased":["Girya","Ancient Tea Set","WreathOfFlame","TalkToTheHand","DollysMirror","Gremlin Horn","FlyingSleeves","Fire Potion"],"campfire_rested":5,"item_purchase_floors":[5,5,21,21,21,21,27,27],"current_hp_per_floor":[71,60,58,58,58,26,47,33,33,21,57,52,52,49,49,19,72,44,44,44,44,44,72,30,14,14,14,5,41,41,5,41,0,0],"gold":92,"neow_bonus":"TWO_FIFTY_GOLD","is_daily":false,"chose_seed":false,"campfire_upgraded":0,"win_rate":0.0,"timestamp":1609496038,"path_taken":["M","M","M","?","$","E","R","E","T","M","R","M","?","?","R","BOSS","M","M","?","?","?","R","E","M","T","$","E","R","M","E","R","BOSS"],"items_purchased_type":["Relic","Relic","Card","Card","Relic","Relic","Card","Potion"],"build_version":"2020-12-22","purchased_purges":1,"victory":false,"max_hp_per_floor":[72,72,72,72,72,72,72,72,72,72,72,72,72,72,72,72,72,72,72,72,72,72,72,72,72,72,72,72,72,72,72,72,72,72],"relic_stats":{"Regal Pillow":52,"Busted Crown":14,"Gremlin Horn":[5,5],"counters":[17,63],"CeramicFish":36,"Orichalcum":[36],"MawBank":144,"obtain_stats":[{"Girya":5,"Regal Pillow":8,"Gremlin Horn":21,"CeramicFish":24,"Orichalcum":6,"Ancient Tea Set":5,"MawBank":9,"White Beast Statue":26,"Anchor":28,"Busted Crown":17,"DollysMirror":21,"Molten Egg 2":31,"PureWater":0},{"Girya":3,"Regal Pillow":5,"Gremlin Horn":11,"CeramicFish":12,"Orichalcum":4,"Ancient Tea Set":3,"MawBank":5,"White Beast Statue":13,"Anchor":14,"Busted Crown":9,"DollysMirror":11,"Molten Egg 2":16,"PureWater":0},{"Girya":10,"Regal Pillow":17,"Gremlin Horn":44,"CeramicFish":49,"Orichalcum":13,"Ancient Tea Set":10,"MawBank":17,"White Beast Statue":52,"Anchor":54,"Busted Crown":34,"DollysMirror":44,"Molten Egg 2":61,"PureWater":0}]},"card_choices":[{"not_picked":["Evaluate","ClearTheMind"],"picked":"BattleHymn","floor":1},{"not_picked":["CutThroughFate","CrushJoints"],"picked":"Fasting2","floor":2},{"not_picked":["CutThroughFate","WheelKick"],"picked":"Tantrum","floor":3},{"not_picked":["PathToVictory","CrushJoints"],"picked":"ThirdEye","floor":6},{"not_picked":["Crescendo","InnerPeace"],"picked":"Wireheading","floor":8},{"not_picked":["EmptyBody","Perseverance"],"picked":"FearNoEvil","floor":10},{"not_picked":["JustLucky","InnerPeace"],"picked":"ThirdEye","floor":12},{"not_picked":["FollowUp","SashWhip"],"picked":"DevaForm","floor":14},{"not_picked":["Alpha","Devotion"],"picked":"Ragnarok","floor":16},{"not_picked":["PathToVictory"],"picked":"SKIP","floor":18},{"not_picked":[],"picked":"Evaluate","floor":19},{"not_picked":["Worship"],"picked":"SKIP","floor":24},{"not_picked":[],"picked":"Tantrum","floor":25},{"not_picked":[],"picked":"WindmillStrike","floor":28},{"not_picked":[],"picked":"CutThroughFate","floor":30},{"not_picked":["FlyingSleeves+1"],"picked":"SKIP","floor":31}],"player_experience":920136,"relics_obtained":[{"floor":6,"key":"Orichalcum"},{"floor":8,"key":"Regal Pillow"},{"floor":9,"key":"MawBank"},{"floor":24,"key":"CeramicFish"},{"floor":26,"key":"White Beast Statue"},{"floor":28,"key":"Anchor"},{"floor":31,"key":"Molten Egg 2"}],"event_choices":[{"damage_healed":0,"gold_gain":175,"player_choice":"AGREE","damage_taken":0,"max_hp_gain":0,"max_hp_loss":0,"event_name":"Liars Game","floor":4,"gold_loss":0,"cards_obtained":["Doubt"]},{"cards_removed":["Strike_P"],"damage_healed":0,"gold_gain":0,"player_choice":"Purged","damage_taken":0,"max_hp_gain":0,"max_hp_loss":0,"event_name":"Purifier","floor":13,"gold_loss":0},{"damage_healed":0,"gold_gain":99,"player_choice":"Stole From Cult","damage_taken":0,"max_hp_gain":0,"max_hp_loss":0,"event_name":"Nest","floor":20,"gold_loss":0},{"damage_healed":0,"gold_gain":0,"player_choice":"Simplicity","damage_taken":0,"max_hp_gain":0,"max_hp_loss":0,"event_name":"Back to Basics","floor":22,"gold_loss":0,"cards_upgraded":["Strike_P","Strike_P","Strike_P","Defend_P","Defend_P","Defend_P","Defend_P"]}],"is_beta":false,"boss_relics":[{"not_picked":["SacredBark","Sozu"],"picked":"Busted Crown"}],"items_purged_floors":[5],"is_endless":false,"potions_floor_spawned":[2,3,10,25,28,30,31],"killed_by":"Collector","ascension_level":3}}