{"host":"873t0y8ybyo38pfq","time":1609541078,"event":{"mods":["BaseMod","Bestiary","Colored Map","Colored Powertips","Highlight Path","Minty Spire (QoL Compilation)","Quick Restart","RNG Fix","Rare Cards Sparkle","Relic Stats","StSLib"],"gold_per_floor":[119,44,44,44,61,61,3,3,3,30,48,48,48,61,61,140,140,152,172,30,30,30,30],"floor_reached":22,"playtime":369,"items_purged":[],"score":414,"play_id":"1077f7df-8d7e-49ac-bc60-b5d5891bd80c","local_time":"20210101174438","is_ascension_mode":true,"campfire_choices":[{"data":"Dualcast","floor":6,"key":"SMITH"},{"data":"Redo","floor":8,"key":"SMITH"},{"data":"Defragment","floor":13,"key":"SMITH"},{"data":"Tempest","floor":15,"key":"SMITH"}],"circlet_count":0,"master_deck":["AscendersBane","Defend_B","Defend_B","Defend_B","Defend_B","Zap+1","Dualcast+1","Tempest+1","Hologram","Redo+1","Defragment+1","Go for the Eyes","Redo","Thunder Strike","Undo+1","Lockon+1","Darkness+1","White Noise","Electrodynamics"],"relics":["Cracked Core","NeowsBlessing","Sundial","Bird Faced Urn","The Courier","Astrolabe"],"acts_visited":["Exordium","TheCity"],"potions_floor_usage":[22],"damage_taken":[{"damage":0,"enemies":"2 Louse","floor":1,"turns":1},{"damage":0,"enemies":"Small Slimes","floor":5,"turns":1},{"damage":0,"enemies":"Lagavulin","floor":10,"turns":1},{"damage":2,"enemies":"Jaw Worm","floor":11,"turns":2},{"damage":7,"enemies":"Blue Slaver","floor":14,"turns":3},{"damage":39,"enemies":"The Guardian","floor":16,"turns":10},{"damage":24,"enemies":"Shell Parasite","floor":18,"turns":5},{"damage":23,"enemies":"Spheric Guardian","floor":19,"turns":4},{"damage":30,"enemies":"Snecko","floor":22,"turns":5}],"seed_played":"-5728912862689246600","potions_obtained":[{"floor":5,"key":"Weak Potion"},{"floor":16,"key":"Strength Potion"}],"is_trial":false,"path_per_floor":["M","?","?","?","M","R","$","R","T","E","M","T","R","M","R","B",null,"M","M","$","?","M"],"character_chosen":"DEFECT","items_purchased":["Redo","Electrodynamics"],"campfire_rested":0,"item_purchase_floors":[7,20],"current_hp_per_floor":[64,64,64,64,64,64,64,64,64,64,64,64,64,59,59,22,59,37,18,18,18,0,0],"gold":30,"neow_bonus":"THREE_ENEMY_KILL","is_daily":false,"chose_seed":false,"campfire_upgraded":4,"win_rate":0.0,"timestamp":1609541078,"path_taken":["M","?","?","?","M","R","?","R","T","E","M","?","R","?","R","BOSS","M","?","$","?","?"],"items_purchased_type":["Card","Card"],"build_version":"2020-12-22","purchased_purges":0,"victory":false,"max_hp_per_floor":[71,71,71,71,71,71,71,71,71,71,71,71,71,71,71,71,71,71,71,71,71,71,71],"relic_stats":{"counters":[9,32],"Sundial":[4],"Bird Faced Urn":[14],"Astrolabe":["Undo","Lockon","Darkness"],"obtain_stats":[{"NeowsBlessing":0,"Sundial":9,"Bird Faced Urn":10,"Astrolabe":17,"The Courier":12,"Cracked Core":0},{"NeowsBlessing":0,"Sundial":2,"Bird Faced Urn":3,"Astrolabe":6,"The Courier":4,"Cracked Core":0},{"NeowsBlessing":0,"Sundial":2,"Bird Faced Urn":3,"Astrolabe":18,"The Courier":5,"Cracked Core":0}]},"card_choices":[{"not_picked":["Sunder","Streamline"],"picked":"Tempest","floor":1},{"not_picked":["Steam","Leap"],"picked":"Hologram","floor":5},{"not_picked":["Compile Driver","Stack"],"picked":"Defragment","floor":10},{"not_picked":["Turbo","Stack"],"picked":"Go for the Eyes","floor":11},{"not_picked":["Coolheaded","Cold Snap"],"picked":"Redo","floor":14},{"not_picked":["Reboot","Meteor Strike"],"picked":"Thunder Strike","floor":16},{"not_picked":["Fusion+1","Steam"],"picked":"White Noise","floor":18},{"not_picked":["Stack","Chill","Double Energy"],"picked":"SKIP","floor":19}],"player_experience":1468496,"relics_obtained":[{"floor":9,"key":"Sundial"},{"floor":10,"key":"Bird Faced Urn"},{"floor":12,"key":"The Courier"}],"event_choices":[{"cards_removed":["Strike_B"],"damage_healed":0,"gold_gain":0,"player_choice":"Card Removal","damage_taken":0,"max_hp_gain":0,"max_hp_loss":0,"event_name":"The Cleric","floor":2,"gold_loss":75},{"damage_healed":0,"gold_gain":0,"player_choice":"Grow","damage_taken":0,"max_hp_gain":0,"max_hp_loss":0,"event_name":"Living Wall","floor":3,"gold_loss":0,"cards_upgraded":["Zap"]},{"damage_healed":0,"gold_gain":0,"player_choice":"Ignored","damage_taken":0,"max_hp_gain":0,"max_hp_loss":0,"event_name":"WeMeetAgain","floor":4,"gold_loss":0},{"damage_healed":0,"gold_gain":0,"player_choice":"Ignored","damage_taken":0,"max_hp_gain":0,"max_hp_loss":0,"event_name":"Cursed Tome","floor":21,"gold_loss":0}],"is_beta":false,"boss_relics":[{"not_picked":["Black Star","Pandora\u0027s Box"],"picked":"Astrolabe"}],"items_purged_floors":[],"is_endless":false,"potions_floor_spawned":[5,16],"killed_by":"Snecko","ascension_level":20}}