{"host":"w4b7hmige5bnqipq","time":1609468569,"event":{"mods":["2.2 Compatiblity","BaseMod","Colored Map","DeckTracker","Keyboard Shortcuts","Minty Spire (QoL Compilation)","Permanent Neow","Rare Cards Sparkle","SuperFastMode","everything is the same but u backflip on backflip","slay the spire mod where everything is the same but ironclad has a cowboy hat"],"gold_per_floor":[320,335,91,91,103,128,128,138,138,185,197,359,406,435,447,459,459],"floor_reached":16,"playtime":405,"items_purged":["Strike_R"],"score":234,"play_id":"674f8393-67a0-457e-bcbc-acd85c21a47e","local_time":"20210101113609","is_ascension_mode":true,"campfire_choices":[{"data":"Body Slam","floor":7,"key":"SMITH"},{"floor":15,"key":"REST"}],"circlet_count":0,"master_deck":["AscendersBane","Strike_R","Strike_R","Strike_R","Defend_R","Defend_R","Defend_R","Defend_R","Bash","Armaments","Headbutt","Reckless Charge","Body Slam+1","Burning Pact","Seeing Red","Doubt","Battle Trance","Demon Form"],"relics":["Burning Blood","Old Coin","PreservedInsect","Ancient Tea Set","MawBank","InkBottle","Anchor"],"acts_visited":["Exordium"],"potions_floor_usage":[6,8,13],"damage_taken":[{"damage":22,"enemies":"Small Slimes","floor":1,"turns":4},{"damage":2,"enemies":"Jaw Worm","floor":2,"turns":5},{"damage":2,"enemies":"2 Louse","floor":5,"turns":3},{"damage":6,"enemies":"Gremlin Nob","floor":6,"turns":3},{"damage":3,"enemies":"Blue Slaver","floor":8,"turns":3},{"damage":30,"enemies":"Lagavulin","floor":10,"turns":7},{"damage":36,"enemies":"Gremlin Nob","floor":13,"turns":5},{"damage":4,"enemies":"Exordium Thugs","floor":14,"turns":4},{"damage":38,"enemies":"Slime Boss","floor":16,"turns":3}],"seed_played":"-4512234038307047713","potions_obtained":[{"floor":2,"key":"FearPotion"},{"floor":5,"key":"Swift Potion"},{"floor":10,"key":"ColorlessPotion"}],"is_trial":false,"path_per_floor":["M","M","$","?","M","E","R","M","T","E","$","?","E","M","R","B"],"character_chosen":"IRONCLAD","items_purchased":["PreservedInsect"],"campfire_rested":1,"item_purchase_floors":[3],"current_hp_per_floor":[52,56,56,56,60,60,60,63,63,39,39,39,9,11,33,0,0],"gold":459,"neow_bonus":"ONE_RARE_RELIC","is_daily":false,"chose_seed":false,"campfire_upgraded":1,"win_rate":0.0,"timestamp":1609468569,"path_taken":["M","M","$","?","M","E","R","M","T","E","$","?","E","M","R","BOSS"],"items_purchased_type":["Relic"],"build_version":"2020-12-22","purchased_purges":1,"victory":false,"max_hp_per_floor":[75,75,75,75,75,75,75,75,75,75,75,75,75,75,75,75,75],"card_choices":[{"not_picked":["True Grit","Rupture"],"picked":"Armaments","floor":1},{"not_picked":["Cleave","Intimidate"],"picked":"Headbutt","floor":2},{"not_picked":["Seeing Red","Flame Barrier"],"picked":"Body Slam","floor":5},{"not_picked":["Reaper","Pummel"],"picked":"Burning Pact","floor":6},{"not_picked":["Headbutt","Anger"],"picked":"Seeing Red","floor":8},{"not_picked":["Pummel","Body Slam","Searing Blow"],"picked":"SKIP","floor":10},{"not_picked":["Wild Strike","Twin Strike"],"picked":"Battle Trance","floor":13},{"not_picked":["Thunderclap","Blood for Blood"],"picked":"Demon Form","floor":14}],"player_experience":446899,"relics_obtained":[{"floor":6,"key":"Ancient Tea Set"},{"floor":9,"key":"MawBank"},{"floor":10,"key":"InkBottle"},{"floor":13,"key":"Anchor"}],"event_choices":[{"damage_healed":0,"gold_gain":0,"cards_transformed":["Strike_R"],"player_choice":"Change","damage_taken":0,"max_hp_gain":0,"max_hp_loss":0,"event_name":"Living Wall","floor":4,"gold_loss":0,"cards_obtained":["Reckless Charge"]},{"damage_healed":0,"gold_gain":150,"player_choice":"AGREE","damage_taken":0,"max_hp_gain":0,"max_hp_loss":0,"event_name":"Liars Game","floor":12,"gold_loss":0,"cards_obtained":["Doubt"]}],"is_beta":false,"boss_relics":[],"items_purged_floors":[3],"is_endless":false,"potions_floor_spawned":[2,5,10],"killed_by":"Slime Boss","ascension_level":19}}