{"host":"qgrlfjrqk9z96gfi","time":1609540460,"event":{"mods":["BaseMod","Block Reminder","Colored Map","DeckTracker","Minty Spire (QoL Compilation)"],"gold_per_floor":[114,36,36,52,52,78,92,120,143,143,143,173,191,204,204,283,283,293,303,316,66,84,84,84,84],"floor_reached":24,"playtime":720,"items_purged":[],"score":486,"play_id":"1e2d0bcf-b122-4a6c-8d70-edc9caa4d5f1","local_time":"20210101123420","is_ascension_mode":true,"campfire_choices":[{"floor":10,"key":"REST"},{"floor":15,"key":"REST"},{"data":"Footwork","floor":23,"key":"SMITH"}],"circlet_count":0,"master_deck":["AscendersBane","Strike_G","Strike_G","Defend_G","Defend_G","Defend_G","Defend_G","Defend_G","Survivor","Neutralize","Poisoned Stab","Bouncing Flask+1","PiercingWail","Crippling Poison","Dagger Spray","Dodge and Roll","Die Die Die","Poisoned Stab+1","Infinite Blades+1","Adrenaline+1","Dash","Backflip","Footwork+1","Deadly Poison"],"relics":["Ring of the Snake","NeowsBlessing","Orichalcum","Tiny Chest","Anchor","Boot","Akabeko","Astrolabe","ClockworkSouvenir"],"acts_visited":["Exordium","TheCity"],"potions_floor_usage":[8,12,13,16,24,24],"damage_taken":[{"damage":0,"enemies":"Small Slimes","floor":1,"turns":1},{"damage":0,"enemies":"Jaw Worm","floor":4,"turns":1},{"damage":0,"enemies":"Lagavulin","floor":6,"turns":1},{"damage":0,"enemies":"2 Louse","floor":7,"turns":2},{"damage":38,"enemies":"3 Sentries","floor":8,"turns":14},{"damage":2,"enemies":"Gremlin Nob","floor":12,"turns":4},{"damage":11,"enemies":"Exordium Thugs","floor":13,"turns":5},{"damage":0,"enemies":"Lots of Slimes","floor":14,"turns":1},{"damage":12,"enemies":"The Guardian","floor":16,"turns":10},{"damage":3,"enemies":"Shell Parasite","floor":18,"turns":4},{"damage":0,"enemies":"Spheric Guardian","floor":19,"turns":2},{"damage":0,"enemies":"Snake Plant","floor":20,"turns":4},{"damage":6,"enemies":"Snecko","floor":22,"turns":4},{"damage":48,"enemies":"Book of Stabbing","floor":24,"turns":5}],"seed_played":"-5385377312094628880","potions_obtained":[{"floor":4,"key":"DistilledChaos"},{"floor":7,"key":"GhostInAJar"},{"floor":12,"key":"SpeedPotion"},{"floor":13,"key":"BlessingOfTheForge"},{"floor":14,"key":"ColorlessPotion"},{"floor":20,"key":"LiquidBronze"}],"is_trial":false,"path_per_floor":["M","$","?","M","?","E","M","E","T","R","?","E","M","M","R","B",null,"M","M","M","$","M","R","E"],"character_chosen":"THE_SILENT","items_purchased":["Bouncing Flask","Footwork","ClockworkSouvenir"],"campfire_rested":2,"item_purchase_floors":[2,21,21],"current_hp_per_floor":[59,59,48,48,48,48,48,10,10,29,29,27,16,16,35,23,55,52,52,52,52,46,46,0,0],"gold":84,"neow_bonus":"THREE_ENEMY_KILL","is_daily":false,"chose_seed":false,"campfire_upgraded":1,"win_rate":0.0,"timestamp":1609540460,"path_taken":["M","$","?","M","?","E","M","E","T","R","?","E","M","?","R","BOSS","M","M","?","$","M","R","E"],"items_purchased_type":["Card","Card","Relic"],"build_version":"2020-12-22","purchased_purges":0,"victory":false,"max_hp_per_floor":[66,66,66,66,66,66,66,66,66,66,66,66,66,66,66,66,66,66,66,66,66,66,66,66,66],"card_choices":[{"not_picked":["Outmaneuver","Tactician"],"picked":"Poisoned Stab","floor":1},{"not_picked":["Concentrate","Underhanded Strike","Dodge and Roll"],"picked":"SKIP","floor":4},{"not_picked":["Heel Hook","Accuracy","Prepared"],"picked":"SKIP","floor":6},{"not_picked":["Acrobatics","Setup","Eviscerate"],"picked":"SKIP","floor":7},{"not_picked":["Concentrate","Cloak And Dagger"],"picked":"PiercingWail","floor":8},{"not_picked":["Infinite Blades","Bouncing Flask"],"picked":"Crippling Poison","floor":12},{"not_picked":["Poisoned Stab","Cloak And Dagger"],"picked":"Dagger Spray","floor":13},{"not_picked":["Concentrate","Skewer"],"picked":"Dodge and Roll","floor":14},{"not_picked":["Envenom","Unload"],"picked":"Die Die Die","floor":16},{"not_picked":["Acrobatics","Dagger Throw+1"],"picked":"Dash","floor":18},{"not_picked":["Acrobatics","Skewer"],"picked":"Backflip","floor":19},{"not_picked":["Flechettes","Prepared","Endless Agony"],"picked":"SKIP","floor":20},{"not_picked":["Dodge and Roll","Dagger Throw"],"picked":"Deadly Poison","floor":22}],"player_experience":950348,"relics_obtained":[{"floor":6,"key":"Tiny Chest"},{"floor":8,"key":"Anchor"},{"floor":9,"key":"Boot"},{"floor":12,"key":"Akabeko"}],"event_choices":[{"damage_healed":0,"gold_gain":0,"player_choice":"Success","damage_taken":11,"relics_obtained":["Orichalcum"],"max_hp_gain":0,"max_hp_loss":0,"event_name":"Scrap Ooze","floor":3,"gold_loss":0},{"damage_healed":0,"gold_gain":0,"player_choice":"Grow","damage_taken":0,"max_hp_gain":0,"max_hp_loss":0,"event_name":"Living Wall","floor":5,"gold_loss":0,"cards_upgraded":["Bouncing Flask"]},{"damage_healed":0,"gold_gain":0,"player_choice":"Ignored","damage_taken":0,"max_hp_gain":0,"max_hp_loss":0,"event_name":"Liars Game","floor":11,"gold_loss":0}],"is_beta":false,"boss_relics":[{"not_picked":["Ectoplasm","SacredBark"],"picked":"Astrolabe"}],"items_purged_floors":[],"is_endless":false,"potions_floor_spawned":[4,7,12,13,14,20],"killed_by":"Book of Stabbing","ascension_level":20}}