{"host":"1zfbckszmdcrhnfi","time":1609499589,"event":{"mods":["AchievementEnabler","BaseMod","Colored Map","Downfall","Minty Spire (QoL Compilation)","Quick Restart","Shop Mod","StSLib","The Cursed"],"gold_per_floor":[112,112,112,130,51,77,77,90,90,101,111,111,144,156,168,276,288,313,341,368,390,402,414,456,468,480,492,536,648,670,682,694,807,819,843,868,893,922,948,990,1002,1041,1053,1065,523,552,564,606,606,606,606,606,290,315,315,315],"floor_reached":55,"playtime":2732,"items_purged":["Deadly Poison"],"score":1004,"play_id":"f6b2ff49-5140-426f-88e0-c1df8d4ceb85","local_time":"20210101191309","is_ascension_mode":true,"campfire_choices":[{"floor":7.0,"key":"RECALL"},{"floor":15.0,"key":"REST"},{"floor":23.0,"key":"REST"},{"floor":25.0,"key":"REST"},{"data":"Accuracy","floor":27.0,"key":"SMITH"},{"floor":32.0,"key":"REST"},{"floor":41.0,"key":"REST"},{"data":"Blade Dance","floor":44.0,"key":"SMITH"},{"data":"Night Terror","floor":49.0,"key":"SMITH"},{"data":"Blade Dance","floor":52.0,"key":"SMITH"}],"circlet_count":0,"master_deck":["Survivor","Neutralize","Blade Dance+1","Infinite Blades","Blade Dance+1","Deadly Poison","Deflect","Bullet Time","Night Terror+1","Adrenaline","Underhanded Strike","Phantasmal Killer","Riddle With Holes","Bouncing Flask","Eviscerate","Accuracy+1","Backstab","Cloak And Dagger","PiercingWail+1","Blade Dance+1","Outmaneuver+1","Blade Dance+1","Backstab","Choke+1","Panache","Blade Dance+1","Accuracy"],"relics":["Ring of the Snake","NeowsBlessing","Orichalcum","MawBank","Anchor","Pandora\u0027s Box","Bottled Flame","Ninja Scroll","Ornamental Fan","Thread and Needle","Mercury Hourglass","WristBlade","CeramicFish","Centennial Puzzle","MealTicket","Membership Card","Regal Pillow","Ginger","Bottled Lightning","Frozen Eye","TungstenRod","Shuriken"],"acts_visited":["Exordium","TheCity","TheBeyond","TheEnding"],"potions_floor_usage":[55,55],"damage_taken":[{"damage":0.0,"enemies":"Small Slimes","floor":1.0,"turns":1.0},{"damage":0.0,"enemies":"Jaw Worm","floor":4.0,"turns":1.0},{"damage":0.0,"enemies":"Gremlin Nob","floor":6.0,"turns":1.0},{"damage":0.0,"enemies":"2 Louse","floor":8.0,"turns":3.0},{"damage":5.0,"enemies":"Exordium Wildlife","floor":10.0,"turns":4.0},{"damage":4.0,"enemies":"Red Slaver","floor":11.0,"turns":3.0},{"damage":23.0,"enemies":"3 Sentries","floor":13.0,"turns":8.0},{"damage":37.0,"enemies":"Hexaghost","floor":16.0,"turns":9.0},{"damage":6.0,"enemies":"Shell Parasite","floor":18.0,"turns":3.0},{"damage":16.0,"enemies":"Spheric Guardian","floor":19.0,"turns":4.0},{"damage":16.0,"enemies":"Centurion and Healer","floor":20.0,"turns":4.0},{"damage":0.0,"enemies":"Chosen and Byrds","floor":21.0,"turns":3.0},{"damage":9.0,"enemies":"Slavers","floor":24.0,"turns":5.0},{"damage":37.0,"enemies":"Book of Stabbing","floor":28.0,"turns":5.0},{"damage":0.0,"enemies":"Colosseum Slavers","floor":29.0,"turns":2.0},{"damage":0.0,"enemies":"Colosseum Nobs","floor":29.0,"turns":3.0},{"damage":0.0,"enemies":"3 Cultists","floor":30.0,"turns":3.0},{"damage":0.0,"enemies":"Automaton","floor":33.0,"turns":4.0},{"damage":3.0,"enemies":"3 Darklings","floor":35.0,"turns":4.0},{"damage":0.0,"enemies":"3 Shapes","floor":36.0,"turns":2.0},{"damage":4.0,"enemies":"Writhing Mass","floor":37.0,"turns":4.0},{"damage":0.0,"enemies":"Jaw Worm Horde","floor":38.0,"turns":3.0},{"damage":3.0,"enemies":"4 Shapes","floor":39.0,"turns":2.0},{"damage":3.0,"enemies":"Giant Head","floor":40.0,"turns":4.0},{"damage":8.0,"enemies":"Spire Growth","floor":42.0,"turns":3.0},{"damage":0.0,"enemies":"Reptomancer","floor":46.0,"turns":3.0},{"damage":0.0,"enemies":"3 Darklings","floor":47.0,"turns":3.0},{"damage":3.0,"enemies":"Giant Head","floor":48.0,"turns":5.0},{"damage":30.0,"enemies":"Donu and Deca","floor":50.0,"turns":6.0},{"damage":0.0,"enemies":"Shield and Spear","floor":54.0,"turns":3.0},{"damage":75,"enemies":"The Heart","floor":55,"turns":3}],"seed_played":"-8713065582083928763","potions_obtained":[{"floor":4.0,"key":"LiquidMemories"},{"floor":8.0,"key":"GhostInAJar"},{"floor":10.0,"key":"Slimebound:ThreeZeroPotion"},{"floor":13.0,"key":"Regen Potion"},{"floor":19.0,"key":"Ancient Potion"},{"floor":20.0,"key":"Block Potion"},{"floor":24.0,"key":"Swift Potion"},{"floor":28.0,"key":"SneckoOil"},{"floor":30.0,"key":"Poison Potion"},{"floor":33.0,"key":"hexamod:EctoCoolerPotion"},{"floor":36.0,"key":"Guardian:BlockOnCardUsePotion"},{"floor":38.0,"key":"Fire Potion"},{"floor":40.0,"key":"Strength Potion"},{"floor":48.0,"key":"Guardian:BlockOnCardUsePotion"}],"is_trial":false,"path_per_floor":["M","?","?","M","$","E","R","M","T","M","M","?","E","?","R","B",null,"M","M","M","M","?","R","E","R","T","R","E","?","M","$","R","B",null,"M","M","M","M","M","E","R","M","T","R","$","E","M","E","R","B",null,"R","$","E","B"],"character_chosen":"THE_SILENT","items_purchased":["Infinite Blades","Panache","MealTicket","Membership Card","Regal Pillow","Accuracy","Frozen Eye","TungstenRod","Strength Potion","Fire Potion"],"campfire_rested":5,"item_purchase_floors":[5,45,45,45,45,53,53,53,53,53],"current_hp_per_floor":[70,63,63,63,63,63,63,63,63,58,54,54,31,28,49,27,70,64,48,32,32,32,53,44,65,65,65,28,28,28,28,49,49,70,67,67,63,63,60,57,70,62,62,62,62,62,62,59,59,29,70,70,70,70,0,0],"gold":315,"neow_bonus":"THREE_ENEMY_KILL","is_daily":false,"chose_seed":false,"campfire_upgraded":4,"win_rate":0.0,"timestamp":1609499589,"path_taken":["M","?","?","M","$","E","R","M","T","M","M","?","E","?","R","BOSS","M","M","M","M","?","R","E","R","T","R","E","?","M","?","R","BOSS","M","M","M","M","M","E","R","M","T","R","$","E","M","E","R","BOSS","R","$","E","BOSS"],"items_purchased_type":["Card","Card","Relic","Relic","Relic","Card","Relic","Relic","Potion","Potion"],"build_version":"2020-12-22","purchased_purges":1,"victory":false,"max_hp_per_floor":[70,70,70,70,70,70,70,70,70,70,70,70,70,70,70,70,70,70,70,70,70,70,70,70,70,70,70,70,70,70,70,70,70,70,70,70,70,70,70,70,70,70,70,70,70,70,70,70,70,70,70,70,70,70,70,70],"card_choices":[{"not_picked":["Slice","Poisoned Stab"],"picked":"Deadly Poison","floor":1.0},{"not_picked":["Bane","Dagger Throw"],"picked":"Blade Dance","floor":4.0},{"not_picked":["Crippling Poison","Skewer","Distraction"],"picked":"SKIP","floor":6.0},{"not_picked":["Corpse Explosion","Acrobatics"],"picked":"Blade Dance","floor":8.0},{"not_picked":["Quick Slash","Acrobatics"],"picked":"Deadly Poison","floor":10.0},{"not_picked":["Blur","Dash","Flying Knee"],"picked":"SKIP","floor":11.0},{"not_picked":["Dagger Throw","Poisoned Stab"],"picked":"Deflect","floor":13.0},{"not_picked":["Storm of Steel","Venomology"],"picked":"Bullet Time","floor":16.0},{"not_picked":["Underhanded Strike","Flying Knee"],"picked":"Accuracy","floor":18.0},{"not_picked":["Dagger Spray","PiercingWail"],"picked":"Backstab","floor":19.0},{"not_picked":["Flying Knee+1","Deadly Poison"],"picked":"Cloak And Dagger","floor":20.0},{"not_picked":["Blade Dance+1","Crippling Poison","Dodge and Roll"],"picked":"SKIP","floor":21.0},{"not_picked":["Tactician","Expertise+1","Backflip"],"picked":"SKIP","floor":24.0},{"not_picked":["Bane","Burst"],"picked":"PiercingWail+1","floor":28.0},{"not_picked":["Backflip","Infinite Blades","Cloak And Dagger"],"picked":"SKIP","floor":30.0},{"not_picked":["Backstab","Acrobatics"],"picked":"Blade Dance+1","floor":35.0},{"not_picked":["Tactician+1","Die Die Die"],"picked":"Outmaneuver+1","floor":36.0},{"not_picked":["PiercingWail+1","Sucker Punch+1"],"picked":"Blade Dance+1","floor":37.0},{"not_picked":["Tactician","Dagger Throw+1"],"picked":"Backstab","floor":38.0},{"not_picked":["Bane","Poisoned Stab+1","Acrobatics"],"picked":"SKIP","floor":39.0},{"not_picked":["Adrenaline","Slice","Phantasmal Killer"],"picked":"SKIP","floor":40.0},{"not_picked":["All Out Attack+1","Sucker Punch"],"picked":"Choke+1","floor":42.0},{"not_picked":["Deadly Poison","Dagger Spray+1","Malaise"],"picked":"SKIP","floor":46.0},{"not_picked":["Deflect+1","Riddle With Holes+1","Flying Knee"],"picked":"SKIP","floor":47.0},{"not_picked":["Cloak And Dagger","Night Terror"],"picked":"Blade Dance+1","floor":48.0},{"not_picked":["Slice","Outmaneuver","Calculated Gamble+1"],"picked":"SKIP","floor":54.0}],"player_experience":183611,"relics_obtained":[{"floor":6.0,"key":"Orichalcum"},{"floor":13.0,"key":"MawBank"},{"floor":24.0,"key":"Bottled Flame"},{"floor":26.0,"key":"Ninja Scroll"},{"floor":28.0,"key":"Ornamental Fan"},{"floor":29.0,"key":"Thread and Needle"},{"floor":29.0,"key":"Mercury Hourglass"},{"floor":40.0,"key":"CeramicFish"},{"floor":43.0,"key":"Centennial Puzzle"},{"floor":46.0,"key":"Ginger"},{"floor":48.0,"key":"Bottled Lightning"},{"floor":54.0,"key":"Shuriken"}],"event_choices":[{"cards_removed":["Strike_G"],"damage_healed":0.0,"max_hp_gain":0.0,"max_hp_loss":0.0,"gold_gain":0.0,"event_name":"Golden Wing","player_choice":"Card Removal","floor":2.0,"gold_loss":0.0,"damage_taken":7.0},{"cards_removed":["Defend_G"],"damage_healed":0.0,"max_hp_gain":0.0,"max_hp_loss":0.0,"gold_gain":0.0,"event_name":"Living Wall","player_choice":"Forget","floor":3.0,"gold_loss":0.0,"damage_taken":0.0},{"damage_healed":0.0,"max_hp_gain":0.0,"max_hp_loss":0.0,"gold_gain":0.0,"event_name":"Liars Game","player_choice":"Ignored","floor":12.0,"gold_loss":0.0,"damage_taken":0.0},{"damage_healed":0.0,"max_hp_gain":0.0,"max_hp_loss":0.0,"gold_gain":0.0,"event_name":"Scrap Ooze","player_choice":"Success","floor":14.0,"gold_loss":0.0,"damage_taken":3.0,"relics_obtained":["Anchor"]},{"cards_removed":["Tools of the Trade"],"damage_healed":0.0,"max_hp_gain":0.0,"max_hp_loss":0.0,"gold_gain":0.0,"event_name":"Back to Basics","player_choice":"Elegance","floor":22.0,"gold_loss":0.0,"damage_taken":0.0},{"damage_healed":0.0,"max_hp_gain":0.0,"max_hp_loss":0.0,"gold_gain":0.0,"event_name":"Colosseum","player_choice":"Fight","floor":29.0,"gold_loss":0.0,"damage_taken":0.0},{"damage_healed":0.0,"max_hp_gain":0.0,"max_hp_loss":0.0,"gold_gain":0.0,"event_name":"Colosseum","player_choice":"Fought Nobs","floor":29.0,"gold_loss":0.0,"damage_taken":0.0}],"is_beta":false,"boss_relics":[{"not_picked":["Empty Cage","Tiny House"],"picked":"Pandora\u0027s Box"},{"not_picked":["Runic Dome","Astrolabe"],"picked":"WristBlade"}],"items_purged_floors":[53],"is_endless":false,"potions_floor_spawned":[4,8,10,13,19,20,24,28,30,33,36,38,40,42,48],"killed_by":"The Heart","ascension_level":1}}