{"host":"nqsrckqog5ia9mbo","time":1609535157,"event":{"mods":["AchievementEnabler","BaseMod","Colored Map","Highlight Path","Minty Spire (QoL Compilation)"],"gold_per_floor":[119,42,19,35,35,67,67,98,98,117,143,68,83,83,83,181,181,197,207,207,217,317,317,317],"floor_reached":23,"playtime":1629,"items_purged":["Strike_R"],"score":298,"play_id":"9f01f881-3cea-4d89-83d5-30012247ab4d","local_time":"20210101220557","is_ascension_mode":true,"campfire_choices":[{"data":"Body Slam","floor":7,"key":"SMITH"},{"data":"Armaments","floor":15,"key":"SMITH"}],"circlet_count":0,"master_deck":["Strike_R","Strike_R","Defend_R","Defend_R","Defend_R+1","Defend_R","Bash","Flame Barrier+1","Metallicize","Armaments+1","Body Slam+1","Flame Barrier","Iron Wave","Iron Wave","Battle Trance","Barricade","Body Slam+1"],"relics":["Burning Blood","NeowsBlessing","Mercury Hourglass","HornCleat","War Paint","Question Card","Ice Cream","Empty Cage"],"acts_visited":["Exordium","TheCity"],"potions_floor_usage":[8,16,23,23],"damage_taken":[{"damage":0,"enemies":"Cultist","floor":1,"turns":1},{"damage":0,"enemies":"Jaw Worm","floor":4,"turns":1},{"damage":0,"enemies":"3 Sentries","floor":6,"turns":2},{"damage":38,"enemies":"Gremlin Nob","floor":8,"turns":5},{"damage":0,"enemies":"Small Slimes","floor":10,"turns":2},{"damage":0,"enemies":"Lagavulin","floor":11,"turns":6},{"damage":0,"enemies":"Exordium Wildlife","floor":13,"turns":4},{"damage":17,"enemies":"Slime Boss","floor":16,"turns":14},{"damage":17,"enemies":"2 Thieves","floor":18,"turns":4},{"damage":12,"enemies":"Chosen","floor":19,"turns":4},{"damage":22,"enemies":"3 Cultists","floor":21,"turns":6},{"damage":49,"enemies":"Slavers","floor":23,"turns":4}],"seed_played":"-5628753276422993515","potions_obtained":[{"floor":1,"key":"Fire Potion"},{"floor":11,"key":"Explosive Potion"},{"floor":13,"key":"Energy Potion"},{"floor":16,"key":"BlessingOfTheForge"},{"floor":18,"key":"Fire Potion"},{"floor":19,"key":"EssenceOfSteel"}],"is_trial":false,"path_per_floor":["M","$","$","M","?","E","R","E","T","M","E","$","M","?","R","B",null,"M","M","?","M","?","E"],"character_chosen":"IRONCLAD","items_purchased":["Metallicize","Armaments"],"campfire_rested":0,"item_purchase_floors":[2,3],"current_hp_per_floor":[80,80,80,80,85,85,85,53,53,59,65,65,71,68,68,57,85,74,68,52,36,36,0,0],"gold":317,"neow_bonus":"THREE_ENEMY_KILL","is_daily":false,"chose_seed":false,"campfire_upgraded":2,"win_rate":0.0,"timestamp":1609535157,"path_taken":["M","?","$","M","?","E","R","E","T","M","E","$","M","?","R","BOSS","M","M","?","M","?","E"],"items_purchased_type":["Card","Card"],"build_version":"2020-12-22","purchased_purges":1,"victory":false,"max_hp_per_floor":[80,80,80,80,85,85,85,85,85,85,85,85,85,85,85,85,85,85,85,85,85,85,85,85],"card_choices":[{"not_picked":["Carnage","Sever Soul"],"picked":"Flame Barrier","floor":1},{"not_picked":["Headbutt","Bloodletting"],"picked":"Body Slam","floor":4},{"not_picked":["Warcry","Disarm"],"picked":"Flame Barrier","floor":6},{"not_picked":["Havoc","Body Slam"],"picked":"Iron Wave","floor":8},{"not_picked":["Perfected Strike","Anger","Cleave"],"picked":"SKIP","floor":10},{"not_picked":["Blood for Blood","Brutality"],"picked":"Iron Wave","floor":11},{"not_picked":["Feel No Pain","Warcry","Anger"],"picked":"Battle Trance","floor":13},{"not_picked":["Double Tap","Immolate","Fiend Fire"],"picked":"Barricade","floor":16},{"not_picked":["Thunderclap","Heavy Blade","Ghostly Armor"],"picked":"Body Slam+1","floor":18},{"not_picked":["Spot Weakness","Clothesline","Havoc","Headbutt"],"picked":"SKIP","floor":19},{"not_picked":["Wild Strike","Iron Wave","Burning Pact","Body Slam"],"picked":"SKIP","floor":21}],"player_experience":56647,"relics_obtained":[{"floor":6,"key":"Mercury Hourglass"},{"floor":8,"key":"HornCleat"},{"floor":9,"key":"War Paint"},{"floor":11,"key":"Question Card"}],"event_choices":[{"damage_healed":0,"gold_gain":0,"player_choice":"Donut","damage_taken":0,"max_hp_gain":5,"max_hp_loss":0,"event_name":"Big Fish","floor":5,"gold_loss":0},{"damage_healed":0,"gold_gain":0,"player_choice":"Success","damage_taken":3,"relics_obtained":["Ice Cream"],"max_hp_gain":0,"max_hp_loss":0,"event_name":"Scrap Ooze","floor":14,"gold_loss":0},{"damage_healed":0,"gold_gain":0,"player_choice":"Obtained Book","damage_taken":16,"max_hp_gain":0,"max_hp_loss":0,"event_name":"Cursed Tome","floor":20,"gold_loss":0},{"damage_healed":0,"gold_gain":100,"player_choice":"Pray","damage_taken":0,"max_hp_gain":0,"max_hp_loss":0,"event_name":"Golden Shrine","floor":22,"gold_loss":0}],"is_beta":false,"boss_relics":[{"not_picked":["Fusion Hammer","Astrolabe"],"picked":"Empty Cage"}],"items_purged_floors":[12],"is_endless":false,"potions_floor_spawned":[1,11,13,16,18,19],"killed_by":"Slavers","ascension_level":3}}