{"host":"wha9hktbkslqvblg","time":1609507951,"event":{"mods":["BaseMod","Colored Map","Minty Spire (QoL Compilation)","Relic Stats","SuperFastMode","everything is the same but u backflip on backflip"],"gold_per_floor":[114,114,163,182,182,212,212,230,278,278,296,325,325,12,12,84,84,97,97,97,97,73,73,43,43,43,43,43,63,80,97,97,171,171,185,185,85,97,97,97,107,139,139,36,36,52,64,111,111,111,111,111,111,22,47,47],"floor_reached":57,"playtime":1032,"items_purged":["Strike_R","Carnage+1"],"score":3172,"play_id":"2ae2245d-43b8-47bf-8d3f-1d5f15757bb4","local_time":"20210101223231","is_ascension_mode":true,"campfire_choices":[{"data":"Carnage","floor":7.0,"key":"SMITH"},{"data":"Pommel Strike","floor":10.0,"key":"SMITH"},{"floor":13.0,"key":"REST"},{"data":"Flame Barrier","floor":15.0,"key":"SMITH"},{"data":"Shrug It Off","floor":23.0,"key":"SMITH"},{"data":"Entrench","floor":32.0,"key":"SMITH"},{"data":"Body Slam","floor":40,"key":"SMITH"},{"floor":49,"key":"RECALL"},{"data":"PanicButton","floor":53,"key":"SMITH"}],"circlet_count":0,"master_deck":["AscendersBane","Pommel Strike+1","Barricade+1","Shrug It Off+1","Body Slam+1","Entrench+1","PanicButton+1","Shrug It Off+1","Evolve+1"],"relics":["Burning Blood","NeowsBlessing","Juzu Bracelet","Frozen Egg 2","Singing Bowl","Happy Flower","InkBottle","Bag of Preparation","Pandora\u0027s Box","MutagenicStrength","Velvet Choker","Pen Nib","Mango","FossilizedHelix","HornCleat"],"acts_visited":["Exordium","TheCity","TheBeyond","TheEnding"],"potions_floor_usage":[56],"damage_taken":[{"damage":0.0,"enemies":"Jaw Worm","floor":1.0,"turns":1.0},{"damage":0.0,"enemies":"Cultist","floor":4.0,"turns":1.0},{"damage":0.0,"enemies":"Gremlin Nob","floor":6.0,"turns":1.0},{"damage":0.0,"enemies":"2 Louse","floor":8.0,"turns":2.0},{"damage":20.0,"enemies":"Gremlin Gang","floor":11.0,"turns":5.0},{"damage":46.0,"enemies":"Lagavulin","floor":12.0,"turns":7.0},{"damage":34.0,"enemies":"The Guardian","floor":16.0,"turns":10.0},{"damage":11.0,"enemies":"2 Thieves","floor":18.0,"turns":4.0},{"damage":1.0,"enemies":"Chosen","floor":29.0,"turns":6.0},{"damage":0.0,"enemies":"Snecko","floor":30.0,"turns":3.0},{"damage":23.0,"enemies":"Centurion and Healer","floor":31.0,"turns":5.0},{"damage":0.0,"enemies":"Collector","floor":33.0,"turns":4.0},{"damage":0,"enemies":"Orb Walker","floor":35,"turns":3},{"damage":0,"enemies":"3 Darklings","floor":38,"turns":4},{"damage":7,"enemies":"Jaw Worm Horde","floor":41,"turns":3},{"damage":0,"enemies":"Reptomancer","floor":42,"turns":3},{"damage":0,"enemies":"4 Shapes","floor":46,"turns":3},{"damage":0,"enemies":"3 Darklings","floor":47,"turns":2},{"damage":0,"enemies":"2 Orb Walkers","floor":48,"turns":4},{"damage":0,"enemies":"Time Eater","floor":50,"turns":2},{"damage":0,"enemies":"Donu and Deca","floor":51,"turns":3},{"damage":0,"enemies":"Shield and Spear","floor":55,"turns":2},{"damage":0,"enemies":"The Heart","floor":56,"turns":6}],"seed_played":"-1915653192078281081","potions_obtained":[{"floor":1.0,"key":"Ancient Potion"},{"floor":11.0,"key":"SneckoOil"},{"floor":16.0,"key":"FearPotion"},{"floor":18.0,"key":"SneckoOil"},{"floor":41,"key":"GamblersBrew"},{"floor":42,"key":"ColorlessPotion"}],"is_trial":false,"path_per_floor":["M","?","T","M","?","E","R","M","T","R","M","E","R","$","R","B",null,"M","?","?","?","$","R","$","?","T","$","?","M","M","M","R","B",null,"M","?","$","M","?","R","M","E","T","$","?","M","M","?","R","B","B",null,"R","$","E","B",null],"character_chosen":"IRONCLAD","items_purchased":["Bag of Preparation","Flame Barrier","Shrug It Off","Shrug It Off","PanicButton","Evolve+1"],"campfire_rested":1,"item_purchase_floors":[14,14,22,24,44,54],"current_hp_per_floor":[74,67,67,73,47,55,55,63,63,63,49,11,35,35,35,7,63,60,60,83,83,83,83,83,83,83,83,83,83,83,68,68,76,84,89,84,84,91,91,91,92,95,109,109,104,106,108,108,108,108,108,108,108,108,110,110],"gold":47,"neow_bonus":"THREE_ENEMY_KILL","is_daily":false,"chose_seed":false,"campfire_upgraded":7,"win_rate":0.0,"timestamp":1609507951,"path_taken":["M","?","?","M","?","E","R","M","T","R","M","E","R","$","R","BOSS","M","?","?","?","$","R","$","?","T","?","?","M","M","M","R","BOSS","M","?","$","M","?","R","M","E","T","$","?","M","M","?","R","BOSS","BOSS","R","$","E","BOSS"],"items_purchased_type":["Relic","Card","Card","Card","Card","Card"],"build_version":"2020-12-22","purchased_purges":2,"victory":true,"max_hp_per_floor":[75,75,75,75,75,77,77,79,79,79,79,81,81,81,81,81,81,83,83,83,83,83,83,83,83,83,83,83,83,83,85,85,87,87,89,89,89,91,91,91,93,95,109,109,104,106,108,108,108,108,108,108,108,108,110,110],"relic_stats":{"Singing Bowl":26,"Happy Flower":[26],"counters":[23,84],"Pandora\u0027s Box":["Carnage","Wild Strike","Inflame","Perfected Strike","Heavy Blade","Clothesline","Searing Blow"],"Pen Nib":[4],"Juzu Bracelet":5,"Bag of Preparation":[31],"obtain_stats":[{"NeowsBlessing":0,"Singing Bowl":6,"Happy Flower":9,"Velvet Choker":34,"Mango":43,"Pen Nib":42,"Juzu Bracelet":3,"Bag of Preparation":14,"Frozen Egg 2":5,"Burning Blood":0,"HornCleat":55,"MutagenicStrength":28,"Pandora\u0027s Box":17,"InkBottle":12,"FossilizedHelix":48},{"NeowsBlessing":0,"Singing Bowl":3,"Happy Flower":4,"Velvet Choker":12,"Mango":16,"Pen Nib":16,"Juzu Bracelet":1,"Bag of Preparation":6,"Frozen Egg 2":2,"Burning Blood":0,"HornCleat":22,"MutagenicStrength":8,"Pandora\u0027s Box":7,"InkBottle":6,"FossilizedHelix":19},{"NeowsBlessing":0,"Singing Bowl":3,"Happy Flower":5,"Velvet Choker":49,"Mango":62,"Pen Nib":62,"Juzu Bracelet":1,"Bag of Preparation":17,"Frozen Egg 2":2,"Burning Blood":0,"HornCleat":78,"MutagenicStrength":31,"Pandora\u0027s Box":27,"InkBottle":17,"FossilizedHelix":71}],"Burning Blood":76,"InkBottle":[14]},"card_choices":[{"not_picked":["Reckless Charge","Shockwave"],"picked":"Pommel Strike","floor":1.0},{"not_picked":["Wild Strike","Thunderclap"],"picked":"Carnage","floor":4.0},{"not_picked":["Cleave","Sever Soul","Perfected Strike"],"picked":"Singing Bowl","floor":6.0},{"not_picked":["Metallicize+1","Havoc","Iron Wave"],"picked":"Singing Bowl","floor":8.0},{"not_picked":["Clothesline","Twin Strike"],"picked":"Disarm","floor":11.0},{"not_picked":["Double Tap","Perfected Strike","Shrug It Off"],"picked":"Singing Bowl","floor":12.0},{"not_picked":["Reaper","Bludgeon"],"picked":"Barricade+1","floor":16.0},{"not_picked":["Clash+1","Headbutt","Iron Wave"],"picked":"Singing Bowl","floor":18.0},{"not_picked":["Perfected Strike","Warcry"],"picked":"Body Slam","floor":29.0},{"not_picked":["Perfected Strike","Fire Breathing+1"],"picked":"Entrench","floor":30.0},{"not_picked":["Clash","Fire Breathing+1","Anger"],"picked":"Singing Bowl","floor":31.0},{"not_picked":["Berserk+1","Bludgeon","Impervious"],"picked":"Singing Bowl","floor":33.0},{"not_picked":["Bloodletting+1","True Grit","Carnage+1"],"picked":"Singing Bowl","floor":35},{"not_picked":["Sentinel+1","Bloodletting","Combust+1"],"picked":"Singing Bowl","floor":38},{"not_picked":["Cleave+1","Havoc","Body Slam+1"],"picked":"Singing Bowl","floor":41},{"not_picked":["Pummel+1","Whirlwind","Limit Break"],"picked":"Singing Bowl","floor":42},{"not_picked":["Seeing Red+1","Thunderclap","Reckless Charge"],"picked":"Singing Bowl","floor":46},{"not_picked":["Anger+1","Sentinel+1","Twin Strike"],"picked":"Singing Bowl","floor":47},{"not_picked":["Armaments+1","Headbutt"],"picked":"Shrug It Off+1","floor":48},{"not_picked":["Pommel Strike","Second Wind","True Grit"],"picked":"Singing Bowl","floor":55}],"player_experience":919442,"relics_obtained":[{"floor":3.0,"key":"Juzu Bracelet"},{"floor":6.0,"key":"Singing Bowl"},{"floor":9.0,"key":"Happy Flower"},{"floor":12.0,"key":"InkBottle"},{"floor":42,"key":"Pen Nib"},{"floor":43,"key":"Mango"},{"floor":48,"key":"FossilizedHelix"},{"floor":55,"key":"HornCleat"}],"event_choices":[{"cards_removed":["Strike_R"],"damage_healed":0.0,"max_hp_gain":0.0,"max_hp_loss":0.0,"gold_gain":0.0,"event_name":"Golden Wing","player_choice":"Card Removal","floor":2.0,"gold_loss":0.0,"damage_taken":7.0},{"damage_healed":0.0,"max_hp_gain":0.0,"max_hp_loss":0.0,"gold_gain":0.0,"event_name":"Scrap Ooze","player_choice":"Success","floor":5.0,"gold_loss":0.0,"damage_taken":26.0,"relics_obtained":["Frozen Egg 2"]},{"damage_healed":0.0,"max_hp_gain":0.0,"max_hp_loss":0.0,"gold_gain":0.0,"event_name":"Beggar","player_choice":"Ignored","floor":19.0,"gold_loss":0.0,"damage_taken":0.0},{"cards_removed":["Disarm"],"damage_healed":23.0,"max_hp_gain":0.0,"max_hp_loss":0.0,"gold_gain":0.0,"event_name":"Bonfire Elementals","player_choice":"Offered Uncommon","floor":20.0,"gold_loss":0.0,"damage_taken":0.0},{"cards_removed":["Bash"],"damage_healed":0.0,"max_hp_gain":0.0,"max_hp_loss":0.0,"gold_gain":0.0,"event_name":"Wheel of Change","player_choice":"Card Removal","floor":21.0,"gold_loss":0.0,"damage_taken":0.0},{"cards_removed":["Flame Barrier"],"damage_healed":0.0,"max_hp_gain":0.0,"max_hp_loss":0.0,"gold_gain":0.0,"event_name":"Purifier","player_choice":"Purged","floor":25.0,"gold_loss":0.0,"damage_taken":0.0},{"damage_healed":0.0,"max_hp_gain":0.0,"max_hp_loss":0.0,"gold_gain":0.0,"event_name":"Drug Dealer","player_choice":"Inject Mutagens","floor":28.0,"gold_loss":0.0,"damage_taken":0.0,"relics_obtained":["MutagenicStrength"]},{"damage_healed":0,"gold_gain":0,"player_choice":"Bought 0 Potions","damage_taken":0,"max_hp_gain":0,"max_hp_loss":0,"event_name":"The Woman in Blue","floor":36,"gold_loss":0},{"cards_removed":["Shrug It Off"],"damage_healed":0,"gold_gain":0,"player_choice":"Removed Skill","damage_taken":0,"max_hp_gain":0,"max_hp_loss":0,"event_name":"Falling","floor":39,"gold_loss":0},{"damage_healed":0,"gold_gain":0,"player_choice":"Max HP","damage_taken":0,"max_hp_gain":0,"max_hp_loss":5,"event_name":"Winding Halls","floor":45,"gold_loss":0},{"damage_healed":0,"gold_gain":0,"player_choice":"Fight","damage_taken":0,"max_hp_gain":0,"max_hp_loss":0,"event_name":"Mysterious Sphere","floor":48,"gold_loss":0}],"is_beta":false,"boss_relics":[{"not_picked":["Calling Bell","Black Star"],"picked":"Pandora\u0027s Box"},{"not_picked":["Runic Dome","SacredBark"],"picked":"Velvet Choker"}],"items_purged_floors":[14,37],"is_endless":false,"potions_floor_spawned":[1,11,16,18,41,42,46],"ascension_level":20}}