{"host":"pletss163z7s8pvv","time":1609473421,"event":{"mods":["AchievementEnabler","BaseMod","Colored Map","Colored Powertips","Minty Spire (QoL Compilation)"],"gold_per_floor":[114,129,144,159,174,174,175,205,205,235,310,325,325,325],"floor_reached":13,"playtime":429,"items_purged":[],"score":97,"play_id":"98ee244b-73c7-407f-af11-0913e665374b","local_time":"20201231215701","daily_mods":["Shiny","ControlledChaos","Elite Swarm"],"is_ascension_mode":false,"campfire_choices":[{"floor":6,"key":"REST"}],"circlet_count":0,"master_deck":["Venomology","Corpse Explosion","Malaise","Phantasmal Killer","Die Die Die","Adrenaline","Envenom","Doppelganger","Burst","Wraith Form v2","Tools of the Trade","Night Terror","Unload","After Image","Bullet Time","Storm of Steel","Glass Knife","A Thousand Cuts","Grand Finale","Dagger Spray","Accuracy","Flechettes","Catalyst","Sucker Punch","Eviscerate","Burst","Bouncing Flask","Deadly Poison"],"relics":["Ring of the Snake","Frozen Eye","Odd Mushroom","Prayer Wheel","PreservedInsect","Orichalcum"],"acts_visited":["Exordium"],"potions_floor_usage":[2,8,8,8,10,10,13,13],"damage_taken":[{"damage":3,"enemies":"Cultist","floor":1,"turns":3},{"damage":0,"enemies":"Small Slimes","floor":2,"turns":2},{"damage":6,"enemies":"2 Louse","floor":3,"turns":2},{"damage":19,"enemies":"Blue Slaver","floor":4,"turns":3},{"damage":11,"enemies":"Exordium Wildlife","floor":5,"turns":2},{"damage":3,"enemies":"The Mushroom Lair","floor":7,"turns":2},{"damage":15,"enemies":"3 Sentries","floor":8,"turns":4},{"damage":21,"enemies":"Lagavulin","floor":10,"turns":4},{"damage":0,"enemies":"3 Louse","floor":12,"turns":1},{"damage":0,"enemies":"Gremlin Nob","floor":13,"turns":2}],"seed_played":"-2495295926900846280","potions_obtained":[{"floor":2,"key":"Explosive Potion"},{"floor":5,"key":"AttackPotion"},{"floor":12,"key":"SteroidPotion"}],"is_trial":false,"path_per_floor":["M","M","M","M","M","R","?","E","T","E","?","M","E"],"character_chosen":"THE_SILENT","items_purchased":[],"campfire_rested":1,"item_purchase_floors":[],"current_hp_per_floor":[67,67,61,42,31,52,49,46,46,25,14,14,14,14],"gold":325,"neow_bonus":"","is_daily":true,"chose_seed":false,"campfire_upgraded":0,"win_rate":0.0,"timestamp":1609473421,"path_taken":["M","M","M","?","M","R","?","E","T","E","?","M","E"],"items_purchased_type":[],"build_version":"2020-12-22","purchased_purges":0,"victory":false,"max_hp_per_floor":[70,70,70,70,70,70,70,70,70,70,70,70,70,70],"card_choices":[{"not_picked":["Setup","Underhanded Strike"],"picked":"Dagger Spray","floor":1},{"not_picked":["Bouncing Flask","Dodge and Roll"],"picked":"Accuracy","floor":2},{"not_picked":["Footwork","Bane"],"picked":"Flechettes","floor":3},{"not_picked":["Prepared","Blade Dance"],"picked":"Catalyst","floor":4},{"not_picked":["Underhanded Strike","Blur"],"picked":"Sucker Punch","floor":5},{"not_picked":["Backflip","Heel Hook"],"picked":"Eviscerate","floor":7},{"not_picked":["Storm of Steel","Night Terror"],"picked":"Burst","floor":8},{"not_picked":["Malaise","Tools of the Trade","Wraith Form v2"],"picked":"SKIP","floor":10},{"not_picked":["Predator","Acrobatics"],"picked":"Bouncing Flask","floor":12},{"not_picked":["Underhanded Strike","Leg Sweep"],"picked":"Deadly Poison","floor":12}],"player_experience":404829,"relics_obtained":[{"floor":7,"key":"Odd Mushroom"},{"floor":8,"key":"Prayer Wheel"},{"floor":9,"key":"PreservedInsect"},{"floor":10,"key":"Orichalcum"}],"event_choices":[{"damage_healed":0,"gold_gain":0,"player_choice":"Fought Mushrooms","damage_taken":0,"max_hp_gain":0,"max_hp_loss":0,"event_name":"Mushrooms","floor":7,"gold_loss":0},{"damage_healed":0,"gold_gain":75,"player_choice":"Gather Gold","damage_taken":11,"max_hp_gain":0,"max_hp_loss":0,"event_name":"World of Goop","floor":11,"gold_loss":0}],"is_beta":false,"boss_relics":[],"items_purged_floors":[],"is_endless":false,"potions_floor_spawned":[2,4,5,7,12],"killed_by":"Gremlin Nob","ascension_level":0}}