{"host":"a1u4jo6xlg3w0wsm","time":1609467768,"event":{"mods":["BaseMod","Better Third Choice","DeckTracker","Downfall","Hermit","Hubris","Minty Spire (QoL Compilation)","Rare Cards Sparkle","Replay The Spire","StSLib"],"gold_per_floor":[109,70,70,70,85,85,110,129,129,141,185,218,16,44,44,144,144,159,159,170,25,45,77,77,77,77],"floor_reached":25,"playtime":1844,"items_purged":["hermit:NoHoldsBarred"],"score":304,"play_id":"710a6dc6-b3b3-4236-ab91-206227ca26f3","local_time":"20210101152248","is_ascension_mode":true,"campfire_choices":[{"data":"hermit:Snapshot","floor":6.0,"key":"SMITH"},{"floor":15.0,"key":"REST"},{"data":"hermit:CursedWeapon","floor":24.0,"key":"SMITH"}],"circlet_count":0,"master_deck":["hermit:Strike_Hermit","hermit:Strike_Hermit","hermit:Strike_Hermit","hermit:Strike_Hermit+1","hermit:Defend_Hermit","hermit:Defend_Hermit+1","hermit:Defend_Hermit","hermit:Snapshot+1","hermit:Covet","hermit:Vantage+1","hermit:SprayPray","hermit:Gestalt","hermit:CursedWeapon+1","hermit:FromBeyond","hermit:Quickdraw","Shame","hermit:Desperado","hermit:Showdown","hubris:DuctTapeCard"],"relics":["hermit:Momento","NeowsBlessing","hermit:Horseshoe","Replay:Bottled Flurry","hermit:Spyglass","Dead Branch","Simple Rune","Pen Nib","hubris:ScarierMask","hubris:DuctTape","Letter Opener"],"acts_visited":["Exordium","TheCity"],"potions_floor_usage":[],"damage_taken":[{"damage":0.0,"enemies":"Cultist","floor":1.0,"turns":1.0},{"damage":0.0,"enemies":"2 Louse","floor":5.0,"turns":1.0},{"damage":0.0,"enemies":"Gremlin Nob","floor":7.0,"turns":1.0},{"damage":2.0,"enemies":"Small Slimes","floor":8.0,"turns":2.0},{"damage":10.0,"enemies":"2 Fungi Beasts","floor":10.0,"turns":4.0},{"damage":18.0,"enemies":"Lagavulin","floor":12.0,"turns":7.0},{"damage":5.0,"enemies":"3 Sentries","floor":14.0,"turns":7.0},{"damage":56.0,"enemies":"Hexaghost","floor":16.0,"turns":12.0},{"damage":4.0,"enemies":"Spheric Guardian","floor":18.0,"turns":4.0},{"damage":12.0,"enemies":"Shell Parasite","floor":20.0,"turns":2.0},{"damage":4.0,"enemies":"Snecko","floor":22.0,"turns":4.0},{"damage":3.0,"enemies":"Slavers","floor":23.0,"turns":4.0},{"damage":9,"enemies":"Replay:Snechameleon","floor":25,"turns":4}],"seed_played":"5264826419430439068","potions_obtained":[{"floor":7.0,"key":"champ:CounterPotion"},{"floor":11.0,"key":"Toxic Potion"},{"floor":14.0,"key":"SpeedPotion"},{"floor":16.0,"key":"Block Potion"},{"floor":18.0,"key":"champ:CounterPotion"},{"floor":20.0,"key":"Regen Potion"}],"is_trial":false,"path_per_floor":["M","$","?","?","M","R","E","M","T","M","?","E","$","E","R","B",null,"M","?","M","$","M","E","R","E"],"character_chosen":"HERMIT","items_purchased":["hermit:Vantage+1","Simple Rune","hermit:Quickdraw","hermit:Showdown"],"campfire_rested":1,"item_purchase_floors":[2,13,13,21],"current_hp_per_floor":[75,75,75,75,75,75,75,73,73,63,63,45,45,40,62,6,75,71,71,59,59,55,64,64,55,55],"gold":77,"neow_bonus":"THREE_ENEMY_KILL","is_daily":false,"chose_seed":false,"campfire_upgraded":2,"win_rate":0.0,"timestamp":1609467768,"path_taken":["M","$","?","?","?","R","E","M","T","M","?","E","$","E","R","BOSS","M","?","M","$","M","E","R","E"],"items_purchased_type":["Card","Relic","Card","Card"],"build_version":"2020-12-13","purchased_purges":1,"victory":false,"max_hp_per_floor":[75,75,75,75,75,75,75,75,75,75,75,75,75,75,75,75,75,75,75,75,75,75,75,75,75,75],"card_choices":[{"not_picked":["hermit:Roulette","hermit:Spite"],"picked":"hermit:Quickdraw","floor":1.0},{"not_picked":["hermit:ItchyTrigger","hermit:BodyArmor","hermit:WideOpen"],"picked":"SKIP","floor":5.0},{"not_picked":["hermit:Dive","hermit:Midnight"],"picked":"hermit:NoHoldsBarred","floor":7.0},{"not_picked":["hermit:Dive","hermit:Glare","hermit:Misfire"],"picked":"SKIP","floor":8.0},{"not_picked":["hermit:Headshot","hermit:Glare"],"picked":"hermit:SprayPray","floor":10.0},{"not_picked":["hermit:LowProfile","hermit:Quickdraw"],"picked":"hermit:Gestalt","floor":11.0},{"not_picked":["hermit:Deadeye","hermit:FinalCanter"],"picked":"hermit:CursedWeapon","floor":12.0},{"not_picked":["hermit:HighCaliber","hermit:FlashPowder","hermit:Ricochet"],"picked":"SKIP","floor":14.0},{"not_picked":["hermit:FinalCanter","hermit:EternalForm"],"picked":"hermit:FromBeyond","floor":16.0},{"not_picked":["hermit:Snipe+1","hermit:Glare"],"picked":"hermit:Quickdraw","floor":18.0},{"not_picked":["hermit:LowProfile","hermit:EternalForm"],"picked":"hermit:Desperado","floor":20.0},{"not_picked":["hermit:LowProfile+1","hermit:Manifest","hermit:TrackingShot+1"],"picked":"SKIP","floor":22.0},{"not_picked":["hermit:Dive","hermit:BodyArmor","hermit:ItchyTrigger"],"picked":"SKIP","floor":23.0}],"player_experience":261833,"relics_obtained":[{"floor":7.0,"key":"hermit:Horseshoe"},{"floor":9.0,"key":"Replay:Bottled Flurry"},{"floor":11.0,"key":"hermit:Spyglass"},{"floor":12.0,"key":"Dead Branch"},{"floor":14.0,"key":"Pen Nib"},{"floor":23.0,"key":"Letter Opener"}],"event_choices":[{"damage_healed":0.0,"max_hp_gain":0.0,"max_hp_loss":0.0,"gold_gain":0.0,"event_name":"The Cleric","player_choice":"Leave","floor":3.0,"gold_loss":0.0,"damage_taken":0.0},{"cards_removed":["hermit:Defend_Hermit"],"damage_healed":0.0,"max_hp_gain":0.0,"max_hp_loss":0.0,"gold_gain":0.0,"event_name":"Purifier","player_choice":"Purged","floor":4.0,"gold_loss":0.0,"damage_taken":0.0},{"damage_healed":0.0,"max_hp_gain":0.0,"max_hp_loss":0.0,"gold_gain":0.0,"event_name":"Addict","player_choice":"Stole Relic","floor":19.0,"gold_loss":0.0,"damage_taken":0.0,"relics_obtained":["hubris:DuctTape"],"cards_obtained":["Shame"]}],"is_beta":false,"boss_relics":[{"not_picked":["Ectoplasm","hermit:DentedPlate"],"picked":"hubris:ScarierMask"}],"items_purged_floors":[21],"is_endless":false,"potions_floor_spawned":[7,14,16,18,20],"killed_by":"Replay:Snechameleon","ascension_level":3}}