{"host":"lg1piimdyocafd6j","time":1609516838,"event":{"mods":["AchievementEnabler","BaseMod","Better Third Choice","BetterRewards","Colored Map","Colored Powertips","Downfall","Minty Spire (QoL Compilation)","Quick Restart","Rare Cards Sparkle","Remove Card Discount Mod","Shop Mod","StSLib","SuperFastMode"],"gold_per_floor":[110,110,130,142,62,62,72,72,72,103,103,76,110,167,167,262,562,573,375,375,375,394,260,278,290,290,290,290,290,290,309,309,411,461,479,367,383,383,383,383,383,236,285,313,313,313,323,373,373,373,373,373,117,142,142,142],"floor_reached":55,"playtime":2791,"items_purged":["Strike_B","Dualcast","Zap","Strike_B","Strike_B","Strike_B","Defend_B","Defend_B","Doom and Gloom","Doom and Gloom","Defend_B","Defend_B","Redo","Writhe","Bandage Up","Defragment+1"],"score":774,"play_id":"09995cfb-f0c9-497d-8b83-50c338b574d1","local_time":"20210101170038","is_ascension_mode":false,"campfire_choices":[{"floor":6,"key":"RECALL"},{"floor":11,"key":"REST"},{"floor":15,"key":"REST"},{"data":"Redo","floor":27,"key":"SMITH"},{"floor":30,"key":"REST"},{"data":"Conserve Battery","floor":32,"key":"SMITH"},{"data":"Conserve Battery","floor":40,"key":"SMITH"},{"data":"Conserve Battery","floor":46,"key":"SMITH"},{"floor":49,"key":"REST"},{"data":"Darkness","floor":52,"key":"SMITH"}],"circlet_count":0,"master_deck":["Redo+1","Doom and Gloom","Redo+1","Conserve Battery+1","Conserve Battery+1","Doom and Gloom","Conserve Battery+1","CurseOfTheBell","BootSequence","Conserve Battery+1","Necronomicurse","Conserve Battery","Conserve Battery","Skim","Good Instincts","Conserve Battery+1","Darkness+1","Echo Form","Doom and Gloom","Consume"],"relics":["Cracked Core","Membership Card","Ornamental Fan","DollysMirror","Regal Pillow","Mercury Hourglass","Pear","Bronze Scales","Sundial","Old Coin","War Paint","Toolbox","MutagenicStrength","MerchantsRug","Cables","Necronomicon","Tiny House","Strawberry","Lantern","Orrery","PreservedInsect","Bag of Preparation","Du-Vu Doll","Blue Candle","Blood Vial"],"acts_visited":["Exordium","TheCity","TheBeyond","TheEnding"],"potions_floor_usage":[50,55,55,55],"damage_taken":[{"damage":1,"enemies":"2 Louse","floor":1,"turns":3},{"damage":0,"enemies":"Cultist","floor":3,"turns":3},{"damage":0,"enemies":"Jaw Worm","floor":4,"turns":4},{"damage":5,"enemies":"Looter","floor":7,"turns":3},{"damage":34,"enemies":"Gremlin Nob","floor":10,"turns":5},{"damage":12,"enemies":"Lagavulin","floor":13,"turns":5},{"damage":11,"enemies":"3 Sentries","floor":14,"turns":3},{"damage":11,"enemies":"Slime Boss","floor":16,"turns":7},{"damage":34,"enemies":"Shell Parasite","floor":18,"turns":7},{"damage":2,"enemies":"3 Byrds","floor":22,"turns":2},{"damage":4,"enemies":"Centurion and Healer","floor":24,"turns":5},{"damage":1,"enemies":"Shelled Parasite and Fungi","floor":25,"turns":4},{"damage":4,"enemies":"Snake Plant","floor":31,"turns":2},{"damage":41,"enemies":"Collector","floor":33,"turns":6},{"damage":0,"enemies":"3 Shapes","floor":35,"turns":2},{"damage":0,"enemies":"Orb Walker","floor":37,"turns":3},{"damage":22,"enemies":"Reptomancer","floor":44,"turns":5},{"damage":9,"enemies":"Writhing Mass","floor":47,"turns":4},{"damage":8,"enemies":"Mind Bloom Boss Battle","floor":48,"turns":6},{"damage":48,"enemies":"Donu and Deca","floor":50,"turns":7},{"damage":28,"enemies":"Shield and Spear","floor":54,"turns":4},{"damage":97,"enemies":"The Heart","floor":55,"turns":3}],"seed_played":"-6301406097018129201","potions_obtained":[{"floor":3,"key":"LiquidBronze"},{"floor":4,"key":"EssenceOfDarkness"},{"floor":10,"key":"sneckomod:MuddlingPotion"},{"floor":13,"key":"EssenceOfDarkness"}],"is_trial":false,"path_per_floor":["M","?","M","M","$","R","M","?","T","E","R","$","E","?","R","B",null,"M","$","?","?","M","$","M","M","T","R","?","?","R","M","R","B",null,"M","$","M","?","?","R","?","$","T","E","?","R","M","?","R","B",null,"R","$","E","B"],"character_chosen":"DEFECT","items_purchased":["Membership Card","Doom and Gloom","Loop","Doom and Gloom","Redo","Doom and Gloom","Redo","Conserve Battery","DollysMirror","Redo","War Paint","Toolbox","BootSequence","Conserve Battery","Defragment","MerchantsRug","Conserve Battery","Strawberry","Bandage Up","Lantern","Orrery","Echo Form","Doom and Gloom","Blue Candle","Ancient Potion"],"campfire_rested":4,"item_purchase_floors":[0,0,0,0,0,0,0,0,5,12,19,19,19,23,23,23,36,36,36,42,42,53,53,53,53],"current_hp_per_floor":[74,74,74,74,74,74,69,69,69,35,72,72,60,59,85,74,85,51,51,51,51,49,49,45,44,44,44,28,28,68,64,64,23,90,90,97,97,97,97,97,97,97,97,75,80,80,75,71,97,53,97,97,97,69,0,0],"gold":142,"neow_bonus":"","is_daily":false,"chose_seed":false,"campfire_upgraded":5,"win_rate":0.0,"timestamp":1609516838,"path_taken":["M","?","M","M","$","R","?","?","T","E","R","$","E","?","R","BOSS","M","$","?","?","M","$","M","M","T","R","?","?","R","M","R","BOSS","M","$","M","?","?","R","?","$","T","E","?","R","?","?","R","BOSS","R","$","E","BOSS"],"items_purchased_type":["Relic","Card","Card","Card","Card","Card","Card","Card","Relic","Card","Relic","Relic","Card","Card","Card","Relic","Card","Relic","Card","Relic","Relic","Card","Card","Relic","Potion"],"build_version":"2020-12-22","purchased_purges":16,"victory":false,"max_hp_per_floor":[75,75,75,75,75,75,75,75,75,75,75,75,75,85,85,85,85,85,85,85,85,85,85,85,85,85,85,85,85,85,85,85,85,90,90,97,97,97,97,97,97,97,97,97,97,97,97,97,97,97,97,97,97,97,97,97],"card_choices":[{"not_picked":["Stack","Storm","Auto Shields"],"picked":"SKIP","floor":1},{"not_picked":["Storm","Cold Snap","Rebound"],"picked":"SKIP","floor":3},{"not_picked":["Heatsinks","Compile Driver","Barrage"],"picked":"SKIP","floor":4},{"not_picked":["BootSequence","Beam Cell","Ball Lightning"],"picked":"SKIP","floor":7},{"not_picked":["Go for the Eyes","Hello World","Genetic Algorithm"],"picked":"SKIP","floor":10},{"not_picked":["Turbo","Tempest"],"picked":"Doom and Gloom","floor":13},{"not_picked":["Stack","Skim"],"picked":"Conserve Battery","floor":14},{"not_picked":["Gash","Compile Driver","Cold Snap+1"],"picked":"SKIP","floor":18},{"not_picked":["Compile Driver","Genetic Algorithm+1","Streamline+1"],"picked":"SKIP","floor":22},{"not_picked":["Hologram","Consume+1","Stack"],"picked":"SKIP","floor":24},{"not_picked":["Sunder","Go for the Eyes","Coolheaded"],"picked":"SKIP","floor":25},{"not_picked":["Steam","Fusion","Recycle"],"picked":"SKIP","floor":31},{"not_picked":["Hello World","Steam+1"],"picked":"Conserve Battery","floor":34},{"not_picked":["Sweeping Beam+1","Gash","Rebound"],"picked":"SKIP","floor":35},{"not_picked":["Gash","Coolheaded+1"],"picked":"Skim","floor":37},{"not_picked":["expansioncontent:DecasProtection","Enlightenment"],"picked":"Good Instincts","floor":39},{"not_picked":["All For One","Compile Driver+1"],"picked":"Conserve Battery+1","floor":42},{"not_picked":["Steam+1","Rebound"],"picked":"Conserve Battery","floor":42},{"not_picked":["Loop","Rainbow"],"picked":"Darkness","floor":42},{"not_picked":["Steam","Go for the Eyes+1","Gash"],"picked":"SKIP","floor":44},{"not_picked":["Cold Snap","Genetic Algorithm+1","Sweeping Beam"],"picked":"SKIP","floor":47},{"not_picked":["Sweeping Beam","Heatsinks"],"picked":"Consume","floor":54}],"player_experience":180532,"relics_obtained":[{"floor":10,"key":"Regal Pillow"},{"floor":13,"key":"Mercury Hourglass"},{"floor":14,"key":"Pear"},{"floor":17,"key":"Bronze Scales"},{"floor":17,"key":"Sundial"},{"floor":17,"key":"Old Coin"},{"floor":26,"key":"Cables"},{"floor":28,"key":"Necronomicon"},{"floor":43,"key":"PreservedInsect"},{"floor":44,"key":"Bag of Preparation"},{"floor":48,"key":"Du-Vu Doll"},{"floor":54,"key":"Blood Vial"}],"event_choices":[{"damage_healed":0,"gold_gain":0,"player_choice":"Bought 0 Potions","damage_taken":0,"max_hp_gain":0,"max_hp_loss":0,"event_name":"The Woman in Blue","floor":2,"gold_loss":0},{"damage_healed":0,"gold_gain":0,"player_choice":"Leave","damage_taken":0,"max_hp_gain":0,"max_hp_loss":0,"event_name":"The Cleric","floor":8,"gold_loss":0},{"damage_healed":0,"gold_gain":30,"player_choice":"Searched \u00272\u0027 times","damage_taken":0,"max_hp_gain":0,"max_hp_loss":0,"event_name":"Dead Adventurer","floor":14,"gold_loss":0},{"damage_healed":0,"gold_gain":0,"player_choice":"Ignored","damage_taken":0,"max_hp_gain":0,"max_hp_loss":0,"event_name":"Ghosts","floor":20,"gold_loss":0},{"damage_healed":0,"gold_gain":0,"player_choice":"Inject Mutagens","damage_taken":0,"relics_obtained":["MutagenicStrength"],"max_hp_gain":0,"max_hp_loss":0,"event_name":"Drug Dealer","floor":21,"gold_loss":0},{"damage_healed":0,"gold_gain":0,"player_choice":"Obtained Book","damage_taken":16,"max_hp_gain":0,"max_hp_loss":0,"event_name":"Cursed Tome","floor":28,"gold_loss":0},{"damage_healed":0,"gold_gain":0,"player_choice":"Ignored","damage_taken":0,"max_hp_gain":0,"max_hp_loss":0,"event_name":"Vampires","floor":29,"gold_loss":0},{"damage_healed":24,"gold_gain":0,"player_choice":"Writhe","damage_taken":0,"max_hp_gain":0,"max_hp_loss":0,"event_name":"Winding Halls","floor":38,"gold_loss":0,"cards_obtained":["Writhe"]},{"damage_healed":0,"gold_gain":0,"player_choice":"Memory 1","damage_taken":0,"max_hp_gain":0,"max_hp_loss":0,"event_name":"SensoryStone","floor":39,"gold_loss":0},{"cards_removed":["Loop"],"damage_healed":0,"gold_gain":0,"player_choice":"Removed Power","damage_taken":0,"max_hp_gain":0,"max_hp_loss":0,"event_name":"Falling","floor":41,"gold_loss":0},{"cards_removed":["Conserve Battery"],"damage_healed":5,"gold_gain":0,"player_choice":"Offered Common","damage_taken":0,"max_hp_gain":0,"max_hp_loss":0,"event_name":"Bonfire Elementals","floor":45,"gold_loss":0},{"cards_removed":["Conserve Battery"],"damage_healed":5,"gold_gain":0,"player_choice":"Offered Special","damage_taken":0,"max_hp_gain":0,"max_hp_loss":0,"event_name":"Bonfire Elementals","floor":45,"gold_loss":0},{"damage_healed":0,"gold_gain":0,"player_choice":"Fight","damage_taken":0,"max_hp_gain":0,"max_hp_loss":0,"event_name":"MindBloom","floor":48,"gold_loss":0}],"is_beta":false,"boss_relics":[{"not_picked":["Philosopher\u0027s Stone","Ectoplasm"],"picked":"Calling Bell"},{"not_picked":["Astrolabe","Runic Dome"],"picked":"Tiny House"}],"items_purged_floors":[0,0,0,0,0,0,0,5,19,19,19,19,19,42,53,53],"is_endless":false,"potions_floor_spawned":[3,4,10,13,22,31,37,47,48],"killed_by":"The Heart","ascension_level":0}}