{"host":"3jpwrwmmgyabjceh","time":1609518709,"event":{"mods":["AchievementEnabler","BaseMod","Colored Map","Colored Powertips","Highlight Path","Minty Spire (QoL Compilation)","Quick Restart","Relic Stats","StSLib","SuperFastMode"],"gold_per_floor":[118,118,137,152,56,91,91,125,125,155,173,21,40,57,57,158,158,172,172,188,88,108,108,143,143,143,143,154,189,204,204,204,304,304,314,9,9,23,43,43,43,43,67,92,92,102,13,13,13,13,13,13,13,40,40,40],"floor_reached":55,"playtime":2351,"items_purged":["Strike_B","Thunder Strike+1","Force Field+1"],"score":1051,"play_id":"ae6302d8-abcd-48ec-bddf-b676464c0881","local_time":"20210101193149","is_ascension_mode":true,"campfire_choices":[{"data":"Redo","floor":7.0,"key":"SMITH"},{"floor":15.0,"key":"REST"},{"floor":23.0,"key":"REST"},{"floor":25.0,"key":"REST"},{"data":"Zap","floor":27.0,"key":"SMITH"},{"data":"Creative AI+1","floor":32.0,"key":"PURGE"},{"data":"Steam","floor":40.0,"key":"SMITH"},{"floor":42.0,"key":"RECALL"},{"data":"Dualcast","floor":45.0,"key":"SMITH"},{"data":"Beam Cell","floor":49.0,"key":"SMITH"},{"data":"Conserve Battery","floor":52.0,"key":"SMITH"}],"circlet_count":0,"master_deck":["Defend_B","Defend_B","Defend_B","Zap+1","Dualcast+1","Conserve Battery+1","Gash","Steam+1","Beam Cell+1","Rebound","Redo+1","All For One","Rebound","Gash","Reboot+1","Gash","Beam Cell","All For One","Steam Power+1","Steam+1","Gash","Reprogram+1","Go for the Eyes+1","BootSequence+1","Reboot+1","FTL+1","Steam+1","Panacea+1"],"relics":["Runic Pyramid","Peace Pipe","StoneCalendar","CaptainsWheel","Toxic Egg 2","Astrolabe","Kunai","Meat on the Bone","Eternal Feather","Busted Crown","ClockworkSouvenir","Bottled Flame","Akabeko"],"acts_visited":["Exordium","TheCity","TheBeyond","TheEnding"],"potions_floor_usage":[54,54],"damage_taken":[{"damage":1.0,"enemies":"2 Louse","floor":1.0,"turns":3.0},{"damage":1.0,"enemies":"Cultist","floor":3.0,"turns":4.0},{"damage":0.0,"enemies":"Jaw Worm","floor":4.0,"turns":3.0},{"damage":12.0,"enemies":"Lagavulin","floor":6.0,"turns":7.0},{"damage":29.0,"enemies":"3 Sentries","floor":8.0,"turns":10.0},{"damage":9.0,"enemies":"Lagavulin","floor":10.0,"turns":5.0},{"damage":5.0,"enemies":"Gremlin Gang","floor":11.0,"turns":5.0},{"damage":0.0,"enemies":"Blue Slaver","floor":13.0,"turns":3.0},{"damage":0.0,"enemies":"3 Louse","floor":14.0,"turns":3.0},{"damage":0.0,"enemies":"Slime Boss","floor":16.0,"turns":5.0},{"damage":23.0,"enemies":"Shell Parasite","floor":18.0,"turns":5.0},{"damage":16.0,"enemies":"2 Thieves","floor":20.0,"turns":4.0},{"damage":0.0,"enemies":"Snecko","floor":22.0,"turns":5.0},{"damage":17.0,"enemies":"Gremlin Leader","floor":24.0,"turns":4.0},{"damage":18.0,"enemies":"Snake Plant","floor":28.0,"turns":3.0},{"damage":18.0,"enemies":"Book of Stabbing","floor":29.0,"turns":3.0},{"damage":0.0,"enemies":"Centurion and Healer","floor":30.0,"turns":6.0},{"damage":11.0,"enemies":"Collector","floor":33.0,"turns":7.0},{"damage":0.0,"enemies":"Orb Walker","floor":35.0,"turns":2.0},{"damage":0.0,"enemies":"3 Darklings","floor":38.0,"turns":2.0},{"damage":6.0,"enemies":"4 Shapes","floor":39.0,"turns":4.0},{"damage":0.0,"enemies":"Giant Head","floor":44.0,"turns":4.0},{"damage":26.0,"enemies":"Jaw Worm Horde","floor":46.0,"turns":3.0},{"damage":0.0,"enemies":"Time Eater","floor":50.0,"turns":7.0},{"damage":1,"enemies":"Shield and Spear","floor":54,"turns":4},{"damage":71,"enemies":"The Heart","floor":55,"turns":6}],"seed_played":"9103618928397814311","potions_obtained":[{"floor":1.0,"key":"SteroidPotion"},{"floor":14.0,"key":"Swift Potion"},{"floor":16.0,"key":"Swift Potion"},{"floor":20.0,"key":"SpeedPotion"},{"floor":22.0,"key":"DuplicationPotion"},{"floor":39.0,"key":"DuplicationPotion"}],"is_trial":false,"path_per_floor":["M","?","M","M","$","E","R","E","T","E","M","$","M","M","R","B",null,"M","?","M","$","M","R","E","R","T","R","M","E","M","?","R","B",null,"M","$","?","M","M","R","$","R","T","E","R","M","$","?","R","B",null,"R","$","E","B"],"character_chosen":"DEFECT","items_purchased":["Beam Cell","Rebound","Reboot+1","FTL","ClockworkSouvenir","Panacea+1"],"campfire_rested":3,"item_purchase_floors":[5,5,12,36,36,47],"current_hp_per_floor":[74,74,73,73,73,61,61,32,32,23,18,18,18,18,40,40,75,52,52,36,36,36,58,41,63,63,63,45,39,39,39,54,43,75,75,75,75,75,69,75,75,75,75,75,75,49,49,49,64,64,71,71,71,70,0,0],"gold":40,"neow_bonus":"BOSS_RELIC","is_daily":false,"chose_seed":false,"campfire_upgraded":6,"win_rate":0.0,"timestamp":1609518709,"path_taken":["M","?","M","M","$","E","R","E","T","E","M","$","?","M","R","BOSS","M","?","M","$","M","R","E","R","T","R","?","E","M","?","R","BOSS","M","$","?","?","M","R","?","R","T","E","R","?","$","?","R","BOSS","R","$","E","BOSS"],"items_purchased_type":["Card","Card","Card","Card","Relic","Card"],"build_version":"2020-12-22","purchased_purges":3,"victory":false,"max_hp_per_floor":[75,75,75,75,75,75,75,75,75,75,75,75,75,75,75,75,75,75,75,75,75,75,75,75,75,75,75,75,75,75,75,75,75,75,75,75,75,75,75,75,75,75,75,75,75,75,75,71,71,71,71,71,71,71,71,71],"relic_stats":{"Peace Pipe":2,"Busted Crown":12,"counters":[26,117],"Astrolabe":["Thunder Strike","Creative AI","Force Field"],"StoneCalendar":[82],"Eternal Feather":36,"Kunai":[68],"obtain_stats":[{"Astrolabe":17,"StoneCalendar":8,"Eternal Feather":29,"Akabeko":54,"ClockworkSouvenir":36,"Peace Pipe":6,"CaptainsWheel":9,"Bottled Flame":44,"Busted Crown":34,"Kunai":24,"Toxic Egg 2":10,"Cracked Core":0,"Runic Pyramid":0,"Meat on the Bone":26},{"Astrolabe":10,"StoneCalendar":5,"Eternal Feather":16,"Akabeko":25,"ClockworkSouvenir":19,"Peace Pipe":4,"CaptainsWheel":5,"Bottled Flame":22,"Busted Crown":18,"Kunai":14,"Toxic Egg 2":6,"Cracked Core":0,"Runic Pyramid":0,"Meat on the Bone":14},{"Astrolabe":48,"StoneCalendar":27,"Eternal Feather":72,"Akabeko":111,"ClockworkSouvenir":87,"Peace Pipe":17,"CaptainsWheel":27,"Bottled Flame":97,"Busted Crown":85,"Kunai":66,"Toxic Egg 2":32,"Cracked Core":0,"Runic Pyramid":0,"Meat on the Bone":66}],"Meat on the Bone":12},"card_choices":[{"not_picked":["Steam","Melter"],"picked":"Conserve Battery","floor":1.0},{"not_picked":["Beam Cell","Ball Lightning"],"picked":"Gash","floor":3.0},{"not_picked":["Consume","Defragment"],"picked":"Steam","floor":4.0},{"not_picked":["Conserve Battery","Rebound"],"picked":"Redo","floor":6.0},{"not_picked":["Scrape","Reinforced Body"],"picked":"All For One","floor":8.0},{"not_picked":["Hello World","Redo+1"],"picked":"Rebound","floor":10.0},{"not_picked":["Cold Snap","Streamline"],"picked":"Gash","floor":11.0},{"not_picked":["Stack+1","Turbo+1"],"picked":"Gash","floor":13.0},{"not_picked":["Turbo+1","Steam+1"],"picked":"Beam Cell","floor":14.0},{"not_picked":["Reboot+1","Seek+1"],"picked":"All For One","floor":16.0},{"not_picked":["Turbo+1","Cold Snap+1"],"picked":"Steam Power+1","floor":18.0},{"not_picked":["Reprogram+1","BootSequence+1"],"picked":"Steam+1","floor":20.0},{"not_picked":["Turbo+1","Genetic Algorithm+1"],"picked":"Gash","floor":22.0},{"not_picked":["Coolheaded+1","Machine Learning"],"picked":"Reprogram+1","floor":24.0},{"not_picked":["Barrage","Auto Shields+1"],"picked":"Go for the Eyes+1","floor":28.0},{"not_picked":["Storm","Chaos+1"],"picked":"BootSequence+1","floor":29.0},{"not_picked":["Consume+1","Glacier+1","Genetic Algorithm+1"],"picked":"SKIP","floor":30.0},{"not_picked":["Electrodynamics","Biased Cognition"],"picked":"Reboot+1","floor":33.0},{"not_picked":["Sweeping Beam+1"],"picked":"SKIP","floor":35.0},{"not_picked":["Darkness+1"],"picked":"SKIP","floor":38.0},{"not_picked":[],"picked":"Steam+1","floor":39.0},{"not_picked":["Coolheaded+1"],"picked":"SKIP","floor":44.0},{"not_picked":["Hello World+1"],"picked":"SKIP","floor":46.0},{"not_picked":["Compile Driver"],"picked":"SKIP","floor":54}],"player_experience":233803,"relics_obtained":[{"floor":6.0,"key":"Peace Pipe"},{"floor":8.0,"key":"StoneCalendar"},{"floor":9.0,"key":"CaptainsWheel"},{"floor":10.0,"key":"Toxic Egg 2"},{"floor":24.0,"key":"Kunai"},{"floor":26.0,"key":"Meat on the Bone"},{"floor":29.0,"key":"Eternal Feather"},{"floor":44.0,"key":"Bottled Flame"},{"floor":54,"key":"Akabeko"}],"event_choices":[{"cards_removed":["Strike_B"],"damage_healed":0.0,"max_hp_gain":0.0,"max_hp_loss":0.0,"gold_gain":0.0,"event_name":"Bonfire Elementals","player_choice":"Offered Basic","floor":2.0,"gold_loss":0.0,"damage_taken":0.0},{"damage_healed":0.0,"max_hp_gain":0.0,"max_hp_loss":0.0,"gold_gain":0.0,"event_name":"Match and Keep!","player_choice":"0 cards matched","floor":19.0,"gold_loss":0.0,"damage_taken":0.0,"cards_obtained":[]},{"damage_healed":0.0,"max_hp_gain":0.0,"max_hp_loss":0.0,"gold_gain":0.0,"event_name":"Ghosts","player_choice":"Ignored","floor":31.0,"gold_loss":0.0,"damage_taken":0.0},{"damage_healed":0.0,"max_hp_gain":0.0,"max_hp_loss":0.0,"gold_gain":0.0,"event_name":"Upgrade Shrine","player_choice":"Upgraded","floor":37.0,"gold_loss":0.0,"damage_taken":0.0,"cards_upgraded":["FTL"]},{"damage_healed":0.0,"max_hp_gain":0.0,"max_hp_loss":4.0,"gold_gain":0.0,"event_name":"Winding Halls","player_choice":"Max HP","floor":48.0,"gold_loss":0.0,"damage_taken":0.0}],"is_beta":false,"boss_relics":[{"not_picked":["Tiny House","Inserter"],"picked":"Astrolabe"},{"not_picked":["Black Star","Runic Dome"],"picked":"Busted Crown"}],"items_purged_floors":[12,21,36],"is_endless":false,"potions_floor_spawned":[1,14,16,20,22,39],"killed_by":"The Heart","ascension_level":4}}