{"host":"1ltt377nc7aury4n","time":1609469563,"event":{"mods":["AchievementEnabler","BaseMod","Best Route Mod","Colored Powertips","Minty Spire (QoL Compilation)","StSLib"],"gold_per_floor":[115,134,146,156,175,175,205,223,223,323,335,37,37,56,56,56,56],"floor_reached":16,"playtime":2097,"items_purged":[],"score":119,"play_id":"12434ed7-6138-42ba-a582-6c4f9123fafc","local_time":"20201231215243","is_ascension_mode":true,"campfire_choices":[{"floor":6.0,"key":"REST"},{"floor":15,"key":"REST"}],"circlet_count":0,"master_deck":["Strike_P","Strike_P","Strike_P","Strike_P","Defend_P","Defend_P","Defend_P","Defend_P","Eruption","Vigilance","FollowUp","BowlingBash","Devotion","Evaluate","ReachHeaven","ClearTheMind"],"relics":["PureWater","Ginger","Matryoshka","Membership Card","Shovel"],"acts_visited":["Exordium"],"potions_floor_usage":[8,13,14,16],"damage_taken":[{"damage":4.0,"enemies":"Jaw Worm","floor":1.0,"turns":3.0},{"damage":7.0,"enemies":"Cultist","floor":2.0,"turns":3.0},{"damage":2.0,"enemies":"2 Louse","floor":3.0,"turns":2.0},{"damage":7.0,"enemies":"Exordium Thugs","floor":4.0,"turns":3.0},{"damage":18.0,"enemies":"Looter","floor":5.0,"turns":3.0},{"damage":45,"enemies":"3 Sentries","floor":7,"turns":8},{"damage":0,"enemies":"Large Slime","floor":8,"turns":1},{"damage":0,"enemies":"Exordium Wildlife","floor":11,"turns":2},{"damage":4,"enemies":"Lots of Slimes","floor":13,"turns":2},{"damage":4,"enemies":"Exordium Thugs","floor":14,"turns":4},{"damage":23,"enemies":"Hexaghost","floor":16,"turns":9}],"seed_played":"-7659442858814574631","potions_obtained":[{"floor":0.0,"key":"Explosive Potion"},{"floor":0.0,"key":"SmokeBomb"},{"floor":0.0,"key":"SkillPotion"},{"floor":5.0,"key":"Ambrosia"},{"floor":7,"key":"BottledMiracle"},{"floor":8,"key":"SmokeBomb"},{"floor":14,"key":"Dexterity Potion"}],"is_trial":false,"path_per_floor":["M","M","M","M","M","R","E","M","T","?","M","$","M","M","R","B"],"character_chosen":"WATCHER","items_purchased":["Membership Card","Shovel"],"campfire_rested":2,"item_purchase_floors":[12,12],"current_hp_per_floor":[68,61,59,52,34,55,10,10,10,10,10,10,6,2,23,0,0],"gold":56,"neow_bonus":"THREE_SMALL_POTIONS","is_daily":false,"chose_seed":false,"campfire_upgraded":0,"win_rate":0.0,"timestamp":1609469563,"path_taken":["M","M","M","M","M","R","E","M","T","?","M","$","M","M","R","BOSS"],"items_purchased_type":["Relic","Relic"],"build_version":"2020-12-22","purchased_purges":0,"victory":false,"max_hp_per_floor":[72,72,72,72,72,72,72,72,72,72,72,72,72,72,72,72,72],"card_choices":[{"not_picked":["Swivel","Consecrate"],"picked":"FollowUp","floor":1.0},{"not_picked":["Swivel","Conclude"],"picked":"BowlingBash","floor":2.0},{"not_picked":["Protect","EmptyBody","Halt"],"picked":"SKIP","floor":3.0},{"not_picked":["BowlingBash","EmptyFist"],"picked":"Devotion","floor":4.0},{"not_picked":["Vengeance","JustLucky","EmptyFist"],"picked":"SKIP","floor":5.0},{"not_picked":["PathToVictory","WindmillStrike"],"picked":"Evaluate","floor":7},{"not_picked":["ThirdEye","Sanctity","EmptyBody"],"picked":"SKIP","floor":8},{"not_picked":["BowlingBash","Wallop"],"picked":"ReachHeaven","floor":11},{"not_picked":["DeceiveReality","Weave"],"picked":"ClearTheMind","floor":14}],"player_experience":257898,"relics_obtained":[{"floor":7,"key":"Ginger"},{"floor":9,"key":"Matryoshka"}],"event_choices":[{"damage_healed":0,"gold_gain":100,"player_choice":"Pray","damage_taken":0,"max_hp_gain":0,"max_hp_loss":0,"event_name":"Golden Shrine","floor":10,"gold_loss":0}],"is_beta":false,"boss_relics":[],"items_purged_floors":[],"is_endless":false,"potions_floor_spawned":[5,7,8,14],"killed_by":"Hexaghost","ascension_level":2}}