{"host":"sy26bfguqtls01um","time":1609515268,"event":{"mods":["BaseMod","DeckTracker","Hermit","Minty Spire (QoL Compilation)","Random Character Button","StSLib","SuperFastMode","The Hierophant","The Necromancer","The Servant 0.9.4","The Wild Card"],"gold_per_floor":[119,119,44,55,65,65,92,108,108,123,138,155,155,185,185,263,313,331,331,331,331,331,342,342,418,418,22,54,54,54,73,73,150,150,169,169,182,196,196,196,230,230,230,230,230],"floor_reached":44,"playtime":3958,"items_purged":["Strike_S"],"score":1012,"play_id":"35e19c18-fd14-4d9a-89aa-be461d1d3203","local_time":"20210102003428","is_ascension_mode":true,"campfire_choices":[{"data":"Potential","floor":6.0,"key":"SMITH"},{"floor":13.0,"key":"REST"},{"data":"Defy","floor":15.0,"key":"SMITH"},{"data":"Hightail","floor":24.0,"key":"SMITH"},{"data":"DualDimension","floor":29.0,"key":"SMITH"},{"floor":32.0,"key":"REST"},{"floor":40,"key":"REST"},{"data":"KillingDoll","floor":42,"key":"SMITH"}],"circlet_count":0,"master_deck":["AscendersBane","Strike_S","Defend_S","Defend_S","KidneyShot","Exchange+1","Defy+1","ShatteredReality","Defy","Potential+1","TimeWarp","Comet","Rearm+1","Hightail+1","Dilation","MurderousAura","Ricochet","Misdirection","Writhe","DualDimension+1","Sunlight","Manipulate","KillingDoll+1","Reset+1","Deny+1","BestPractice+1","TimeWarp","Flash of Steel","Finesse","Bandage Up","SilverBlades+1"],"relics":["Uniform","NeowsBlessing","Pen Nib","Potion Belt","Odd Mushroom","Tiny House","HornCleat","Meat on the Bone","StrikeDummy","Ice Cream","Frozen Egg 2","Astrolabe","Smiling Mask","Blue Candle"],"acts_visited":["TheCity","TheBeyond"],"potions_floor_usage":[38,44],"damage_taken":[{"damage":0.0,"enemies":"2 Louse","floor":1.0,"turns":1.0},{"damage":0.0,"enemies":"Cultist","floor":4.0,"turns":1.0},{"damage":0.0,"enemies":"Small Slimes","floor":5.0,"turns":2.0},{"damage":21.0,"enemies":"Gremlin Nob","floor":7.0,"turns":5.0},{"damage":3.0,"enemies":"Exordium Wildlife","floor":8.0,"turns":3.0},{"damage":17.0,"enemies":"Large Slime","floor":10.0,"turns":5.0},{"damage":3.0,"enemies":"Looter","floor":11.0,"turns":3.0},{"damage":6.0,"enemies":"Lots of Slimes","floor":12.0,"turns":3.0},{"damage":15.0,"enemies":"The Mushroom Lair","floor":14.0,"turns":4.0},{"damage":0.0,"enemies":"The Guardian","floor":16.0,"turns":15.0},{"damage":23.0,"enemies":"Shell Parasite","floor":18.0,"turns":7.0},{"damage":0.0,"enemies":"Spheric Guardian","floor":23.0,"turns":9.0},{"damage":16.0,"enemies":"Slavers","floor":28.0,"turns":5.0},{"damage":14.0,"enemies":"Shelled Parasite and Fungi","floor":31.0,"turns":6.0},{"damage":31.0,"enemies":"Automaton","floor":33.0,"turns":15.0},{"damage":5.0,"enemies":"3 Shapes","floor":35.0,"turns":5.0},{"damage":7.0,"enemies":"Orb Walker","floor":37.0,"turns":4.0},{"damage":28,"enemies":"Spire Growth","floor":38,"turns":8},{"damage":22,"enemies":"Nemesis","floor":41,"turns":14},{"damage":33,"enemies":"Jaw Worm Horde","floor":44,"turns":1}],"seed_played":"1176338051893385868","potions_obtained":[{"floor":4.0,"key":"Regen Potion"},{"floor":7.0,"key":"Strength Potion"},{"floor":10.0,"key":"ColorlessPotion"},{"floor":17.0,"key":"Fire Potion"},{"floor":31.0,"key":"SpeedPotion"},{"floor":35.0,"key":"Weak Potion"},{"floor":38,"key":"AttackPotion"}],"is_trial":false,"path_per_floor":["M","?","$","M","M","R","E","M","T","M","M","M","R","?","R","B",null,"M","?","?","?","?","M","R","T","T","$","E","R","$","M","R","B",null,"M","?","M","M","?","R","E","R","T","M"],"character_chosen":"THE_SERVANT","items_purchased":["ShatteredReality","Defy","Ice Cream"],"campfire_rested":3,"item_purchase_floors":[3,3,27],"current_hp_per_floor":[54,54,54,54,54,54,33,30,30,27,24,18,36,21,21,21,55,32,32,32,32,32,32,32,32,32,32,28,28,28,26,45,26,55,50,40,33,21,21,39,33,33,33,0,0],"gold":230,"neow_bonus":"THREE_ENEMY_KILL","is_daily":false,"chose_seed":false,"campfire_upgraded":5,"win_rate":0.0,"timestamp":1609515268,"path_taken":["M","?","$","?","M","R","E","M","T","?","M","M","R","?","R","BOSS","M","?","?","?","?","M","R","?","T","$","E","R","$","?","R","BOSS","M","?","M","M","?","R","E","R","T","M"],"items_purchased_type":["Card","Card","Relic"],"build_version":"2020-12-22","purchased_purges":1,"victory":false,"max_hp_per_floor":[60,60,60,60,60,60,60,60,60,60,60,60,60,60,60,60,65,65,65,65,65,65,65,65,65,65,65,65,65,65,65,65,65,65,65,65,65,65,62,62,62,62,62,62,62],"card_choices":[{"not_picked":["FastForward","Rewind"],"picked":"Defy","floor":1.0},{"not_picked":["Ricochet","Starlight"],"picked":"Potential","floor":4.0},{"not_picked":["Revamp","Collapse","Alleviate"],"picked":"SKIP","floor":5.0},{"not_picked":["Alleviate","FastForward"],"picked":"TimeWarp","floor":7.0},{"not_picked":["Replace","Starlight"],"picked":"Comet","floor":8.0},{"not_picked":["Defy","Replace"],"picked":"Rearm","floor":10.0},{"not_picked":["Starlight","StarChef","TimeTheft"],"picked":"SKIP","floor":11.0},{"not_picked":["ShatteredReality","FastForward"],"picked":"Hightail","floor":12.0},{"not_picked":["DoubleEdge","Replace"],"picked":"Dilation","floor":14.0},{"not_picked":["Duplication","Solidify"],"picked":"MurderousAura","floor":16.0},{"not_picked":["Defy","Replace"],"picked":"Ricochet","floor":17.0},{"not_picked":["SpecialFormula","SurpressingFire+1"],"picked":"Misdirection","floor":18.0},{"not_picked":["Rearm","Alleviate"],"picked":"DualDimension","floor":23.0},{"not_picked":["TimeWarp","Alleviate"],"picked":"Sunlight","floor":28.0},{"not_picked":["ShatteredReality","Ricochet"],"picked":"Manipulate","floor":31.0},{"not_picked":["MurderousAura+1","SilverMatrix+1"],"picked":"KillingDoll","floor":33.0},{"not_picked":["DoubleEdge","Defy+1"],"picked":"TimeWarp","floor":35.0},{"not_picked":["Purity","Madness"],"picked":"Flash of Steel","floor":36.0},{"not_picked":["Discovery","Good Instincts"],"picked":"Finesse","floor":36.0},{"not_picked":["Jack Of All Trades","Blind"],"picked":"Bandage Up","floor":36.0},{"not_picked":["SurpressingFire+1","TimeWarp","Foresight+1"],"picked":"SKIP","floor":37.0},{"not_picked":["Moonlight","DoubleEdge"],"picked":"SilverBlades+1","floor":38},{"not_picked":["ReturningBlade","Revamp","ShatteredReality+1"],"picked":"SKIP","floor":41}],"player_experience":1862633,"relics_obtained":[{"floor":7.0,"key":"Pen Nib"},{"floor":9.0,"key":"Potion Belt"},{"floor":14.0,"key":"Odd Mushroom"},{"floor":25.0,"key":"Meat on the Bone"},{"floor":26.0,"key":"StrikeDummy"},{"floor":28.0,"key":"Frozen Egg 2"},{"floor":41,"key":"Smiling Mask"},{"floor":43,"key":"Blue Candle"}],"event_choices":[{"damage_healed":0.0,"max_hp_gain":0.0,"max_hp_loss":0.0,"gold_gain":0.0,"event_name":"Upgrade Shrine","player_choice":"Upgraded","floor":2.0,"gold_loss":0.0,"damage_taken":0.0,"cards_upgraded":["Exchange"]},{"damage_healed":0.0,"max_hp_gain":0.0,"max_hp_loss":0.0,"gold_gain":0.0,"event_name":"Mushrooms","player_choice":"Fought Mushrooms","floor":14.0,"gold_loss":0.0,"damage_taken":0.0},{"cards_removed":["Defend_S"],"damage_healed":0.0,"max_hp_gain":0.0,"max_hp_loss":0.0,"gold_gain":0.0,"event_name":"Back to Basics","player_choice":"Elegance","floor":19.0,"gold_loss":0.0,"damage_taken":0.0},{"damage_healed":0.0,"max_hp_gain":0.0,"max_hp_loss":0.0,"gold_gain":0.0,"event_name":"Ghosts","player_choice":"Ignored","floor":20.0,"gold_loss":0.0,"damage_taken":0.0},{"damage_healed":0.0,"max_hp_gain":0.0,"max_hp_loss":0.0,"gold_gain":0.0,"event_name":"The Mausoleum","player_choice":"Opened","floor":21.0,"gold_loss":0.0,"damage_taken":0.0,"relics_obtained":["HornCleat"],"cards_obtained":["Writhe"]},{"damage_healed":0.0,"max_hp_gain":0.0,"max_hp_loss":0.0,"gold_gain":0.0,"event_name":"Cursed Tome","player_choice":"Ignored","floor":22.0,"gold_loss":0.0,"damage_taken":0.0},{"damage_healed":0.0,"max_hp_gain":0.0,"max_hp_loss":0.0,"gold_gain":0.0,"event_name":"SensoryStone","player_choice":"Memory 3","floor":36.0,"gold_loss":0.0,"damage_taken":10.0},{"damage_healed":0,"gold_gain":0,"player_choice":"Max HP","damage_taken":0,"max_hp_gain":0,"max_hp_loss":3,"event_name":"Winding Halls","floor":39,"gold_loss":0}],"is_beta":false,"boss_relics":[{"not_picked":["Runic Dome","Calling Bell"],"picked":"Tiny House"},{"not_picked":["SplendidAttire","MysterySword"],"picked":"Astrolabe"}],"items_purged_floors":[27],"is_endless":false,"potions_floor_spawned":[4,7,8,10,31,35,38],"killed_by":"Jaw Worm Horde","ascension_level":20}}