{"host":"1hyzy7ndnud2osw4","time":1609537276,"event":{"mods":["2.2 Compatiblity","Act Like it!","Arknights The Spire","Art Attack!","Aspiration","Astrologer","Bard","BaseMod","Beaked The Cultist","Better Third Choice","BetterRewards","Chen","Colored Map","Colored Powertips","Conspire","Decade(èÝá³Ù¥)","Dota2Spire","Elementarium","Gensokyo","GifTheSpireLib","GungeonMod","Hallownest","Hermit","Hero for Fun","Highlight Path","Hubris","Infinite Spire","Jorbs\u0027s Wanderer Trilogy","KinomotoSakuraMod(ÙÊñýÜâ?)","Koishi","KomeijiMod","Lobotomy","LobotomyExtend","Menagerie","Minty Spire (QoL Compilation)","Quick Restart","SOS£¨ÞÙ÷é?ñýí­£©","Shop Mod","Spicy Shops","StSLib","The Administrix","The Bladedancer","The Bug Knight","The Construct","The Cursed","The Death Knight","The Disciple","The Dragon Tamer","The Factory","The Forsaken","The Gatherer","The Hierophant","The Jungle","The Marked","The Mystic","The Poker Player","The Runesmith","The Sage","The Saiyan","The Senshi","The Wild Card","TheBandit","Uncapped","WarShipGirlsR/??á´Ò³R mod","Yuri Mod","Yuyuko","[IsaacMod]ì¤ß®ôÓ÷²","vexMod","¡¼ÍíÒöMod¡½?Ù¥îÜõÌ?Boss"],"gold_per_floor":[117,133,108,119,119,151,151,181,207,238,238,266,284,284,284,387,1053,1053,1053,1053,1066,1,34,34,68,94,122,122,149,223,249,249,346,346,361,37,37,53,63,63,88,106,106,131,151,185,60,60,60,159,159,169,169,175,20,20,20,20,29,100,152,152,167,183,183,183,126,126],"floor_reached":67,"playtime":6558,"items_purged":["Pride","Pride","Pride","Shame"],"score":1383,"play_id":"89f09649-636d-4842-8815-4768c81a01a1","local_time":"20210102064116","daily_mods":["Draft","Heirloom","Time Dilation","Elite Swarm"],"is_ascension_mode":true,"campfire_choices":[{"data":"Fission","floor":7.0,"key":"SMITH"},{"data":"Genetic Algorithm","floor":11.0,"key":"SMITH"},{"data":"Storm","floor":15.0,"key":"SMITH"},{"data":"infinitespire:Menacing","floor":24.0,"key":"SMITH"},{"data":"Genetic Algorithm","floor":28,"key":"SMITH"},{"data":"Fission","floor":32,"key":"SMITH"},{"data":"Consume","floor":40,"key":"SMITH"},{"data":"Storm","floor":49,"key":"SMITH"},{"data":"Amplify","floor":57,"key":"SMITH"},{"data":"infinitespire:Starlight","floor":62,"key":"SMITH"},{"data":"Hello World","floor":66,"key":"SMITH"}],"circlet_count":0,"master_deck":["Storm+1","Hello World+1","conspire:SharedLibrary","Go for the Eyes+1","Static Discharge","Genetic Algorithm+1","Scrape+1","Rebound+1","Capacitor","Hologram","Conserve Battery","Tempest","Ball Lightning","Turbo","aspiration:Polymerization","Consume+1","Turbo+1","Pulse","Fission+1","Buffer","Echo Form","Electrodynamics","Static Discharge","Electrodynamics","infinitespire:Starlight+1","infinitespire:Menacing+1","Genetic Algorithm+1","Heatsinks","Seek","Fission+1","Buffer","Echo Form","Creative AI","Coolheaded+1","Storm+1","Heatsinks+1","Compile Driver","Creative AI","Barrage+1","Amplify+1","Tempest+1","Fission","Searching","Magnetism","Sadistic Nature","Echo Form","Undo","Electrodynamics","Multi-Cast","Fission+1","Creative AI","Thunder Strike","Coolheaded","Self Repair"],"relics":["Cracked Core","HushsDoor","KeepersGift","Dota2Spire:ShivaGuard","LetterFromLob","aspiration:EnhancedActuators","Dota2Spire:BattleFury","theForsaken:Gavel","infinitespire:Eraser","aspiration:AnachronicSnailShell","ThirstyCross","vexMod:MysteryBossChallenge","vexMod:RockOfEvil","InspiredRelic","aspiration:Lifesprig","Habit","aspiration:SeaSaltIceCream","Chemical X","Chemical X","conspire:Boomerang","Orichalcum","HoshigumaDish","HollowMod:QueensCombRelic","Dota2Spire:MagicBottle","HowToJump","DemoMod:GundromedaStrain","DemoMod:WhiteGuonStone","hubris:BlackHole","Omamori","InspiredRelic","hubris:BallOfYels","Dota2Spire:UrnOfShadows","Toy Ornithopter","aspiration:HiddenCompartment","Nuclear Battery","DemoMod:GlassGuonStoneRelic","conspire:TopHat","Dota2Spire:Butterfly","DollysMirror","Gensokyo:LunaticRedEyes","Clue","Potion Belt","infinitespire:WardingShard","The Courier","Clue","DemoMod:SuperHotWatch"],"acts_visited":["Exordium","TheCity","TheBeyond","TheBeyond"],"potions_floor_usage":[27,29,33,33,35,35,41,45,50,54],"damage_taken":[{"damage":12.0,"enemies":"2 Louse","floor":1.0,"turns":2.0},{"damage":7.0,"enemies":"Small Slimes","floor":2.0,"turns":3.0},{"damage":0.0,"enemies":"Jaw Worm","floor":4.0,"turns":2.0},{"damage":4.0,"enemies":"Lagavulin","floor":6.0,"turns":5.0},{"damage":3.0,"enemies":"HollowMod:MossKnight","floor":8.0,"turns":5.0},{"damage":0.0,"enemies":"Lagavulin","floor":10.0,"turns":4.0},{"damage":28.0,"enemies":"Gremlin Nob","floor":12.0,"turns":5.0},{"damage":0.0,"enemies":"3 Louse","floor":13.0,"turns":1.0},{"damage":12.0,"enemies":"The Guardian","floor":16.0,"turns":5.0},{"damage":17.0,"enemies":"Chosen","floor":21.0,"turns":3.0},{"damage":4.0,"enemies":"HollowMod:Nosk","floor":23.0,"turns":4.0},{"damage":6.0,"enemies":"conspire:Head Lice","floor":25.0,"turns":3.0},{"damage":14,"enemies":"Nightmare","floor":27,"turns":4},{"damage":3,"enemies":"HollowMod:Nosk","floor":29,"turns":4},{"damage":6,"enemies":"Collector","floor":33,"turns":5},{"damage":3,"enemies":"3 Darklings","floor":35,"turns":2},{"damage":0,"enemies":"3 Shapes","floor":38,"turns":2},{"damage":0,"enemies":"Writhing Mass","floor":39,"turns":2},{"damage":0,"enemies":"Nemesis","floor":41,"turns":3},{"damage":0,"enemies":"Transient","floor":42,"turns":4},{"damage":8,"enemies":"Nightmare","floor":44,"turns":5},{"damage":0,"enemies":"Spire Growth","floor":45,"turns":2},{"damage":0,"enemies":"Reptomancer","floor":46,"turns":1},{"damage":8,"enemies":"conspire:OrnateMirror","floor":50,"turns":2},{"damage":3,"enemies":"Gensokyo:2_Kodama","floor":52,"turns":2},{"damage":6,"enemies":"Gensokyo:Cirno","floor":54,"turns":4},{"damage":41,"enemies":"Gensokyo:Cirno","floor":59,"turns":4},{"damage":3,"enemies":"Gensokyo:Aya","floor":61,"turns":2},{"damage":0,"enemies":"Gensokyo:Gryphon","floor":63,"turns":1},{"damage":0,"enemies":"Gensokyo:Python","floor":64,"turns":1},{"damage":51,"enemies":"Delirium","floor":67,"turns":2}],"seed_played":"2477546481268877915","potions_obtained":[{"floor":4.0,"key":"BlessingOfTheForge"},{"floor":8.0,"key":"Dexterity Potion"},{"floor":16.0,"key":"LiquidBronze"},{"floor":23.0,"key":"PowerPotion"},{"floor":25.0,"key":"Swift Potion"},{"floor":27,"key":"FocusPotion"},{"floor":33,"key":"GamblersBrew"},{"floor":35,"key":"DistilledChaos"},{"floor":39,"key":"sagemod:Wine"},{"floor":44,"key":"SkillPotion"},{"floor":45,"key":"AttackPotion"},{"floor":46,"key":"Swift Potion"},{"floor":54,"key":"FocusPotion"},{"floor":64,"key":"Explosive Potion"}],"is_trial":true,"path_per_floor":["M","M","?","M","$","E","R","E","T","E","R","E","M","?","R","B",null,"M","AVR","?","M","$","E","R","E","T","NM","R","E","?","T","R","B",null,"M","$","?","M","M","R","E","M","T","NM","M","E","$","?","R","B",null,"M","?","?","$","?","R","COS","E","T","E","R","M","M","AVR","R","B"],"character_chosen":"DEFECT","items_purchased":["Habit","aspiration:SeaSaltIceCream","Chemical X","conspire:Boomerang","Orichalcum","Heatsinks","Storm","Omamori","DollysMirror"],"campfire_rested":0,"item_purchase_floors":[22,22,22,22,22,22,36,36,55],"current_hp_per_floor":[63,56,56,56,56,52,52,49,49,49,49,21,21,21,21,9,75,75,75,75,67,67,73,73,50,50,42,42,50,35,35,35,43,50,47,47,45,45,45,45,45,45,45,37,45,45,45,35,35,36,45,42,27,39,39,39,39,39,22,22,23,23,27,31,31,31,0,0],"gold":126,"neow_bonus":"","is_daily":false,"chose_seed":false,"campfire_upgraded":11,"win_rate":0.0,"timestamp":1609537276,"path_taken":["M","M","?","M","$","E","R","E","T","E","R","E","M","?","R","BOSS","M","AVR","?","M","$","E","R","E","T","NM","R","E","?","?","R","BOSS","M","$","?","M","M","R","E","M","T","NM","M","E","$","?","R","BOSS","M","?","?","?","?","R","COS","E","T","E","R","?","M","AVR","R","BOSS"],"items_purchased_type":["Relic","Relic","Relic","Relic","Relic","Card","Card","Relic","Relic"],"build_version":"2020-12-22","purchased_purges":4,"victory":false,"max_hp_per_floor":[75,75,75,75,75,75,75,75,75,75,75,75,75,75,75,75,75,75,75,75,75,75,75,75,50,50,50,50,50,50,50,50,50,50,50,50,45,45,45,45,45,45,45,45,45,45,45,45,45,45,45,45,45,45,45,45,45,45,45,45,45,45,45,45,45,45,45,45],"card_choices":[{"not_picked":["Stack","Distribution"],"picked":"Storm","floor":0.0},{"not_picked":["Lockon","Darkness"],"picked":"Hello World","floor":0.0},{"not_picked":["Rip and Tear","Doom and Gloom"],"picked":"conspire:SharedLibrary","floor":0.0},{"not_picked":["FTL","Steam"],"picked":"Go for the Eyes","floor":0.0},{"not_picked":["White Noise","Rebound"],"picked":"Static Discharge","floor":0.0},{"not_picked":["Glacier","Hello World"],"picked":"Genetic Algorithm","floor":0.0},{"not_picked":["Stack","Leap"],"picked":"Scrape","floor":0.0},{"not_picked":["Cold Snap","Streamline"],"picked":"Rebound","floor":0.0},{"not_picked":["Distribution","Streamline"],"picked":"Capacitor","floor":0.0},{"not_picked":["Redo","Ball Lightning"],"picked":"Hologram","floor":0.0},{"not_picked":["Sweeping Beam","Doom and Gloom"],"picked":"Conserve Battery","floor":0.0},{"not_picked":["Redo","Cold Snap"],"picked":"Tempest","floor":0.0},{"not_picked":["Sweeping Beam","BootSequence"],"picked":"Ball Lightning","floor":0.0},{"not_picked":["Tempest","conspire:Rain"],"picked":"Turbo","floor":0.0},{"not_picked":["Scrape","Rebound"],"picked":"aspiration:Polymerization","floor":0.0},{"not_picked":["Conserve Battery","Tempest"],"picked":"Consume","floor":1.0},{"not_picked":["Coolheaded","Doom and Gloom"],"picked":"Turbo","floor":2.0},{"not_picked":["Coolheaded","Redo"],"picked":"Pulse","floor":4.0},{"not_picked":["Echo Form","Hyperbeam"],"picked":"Fission","floor":6.0},{"not_picked":["Rainbow","Amplify"],"picked":"Buffer","floor":8.0},{"not_picked":["hubris:DoWhile","Rainbow"],"picked":"Echo Form","floor":10.0},{"not_picked":["Buffer","Creative AI"],"picked":"Electrodynamics","floor":12.0},{"not_picked":["Conserve Battery","Barrage"],"picked":"Static Discharge","floor":13.0},{"not_picked":["ElectricPowerLearning","hubris:Prefetch"],"picked":"Electrodynamics","floor":16.0},{"not_picked":["Streamline+1","Scrape+1"],"picked":"Genetic Algorithm","floor":21.0},{"not_picked":["All For One","Biased Cognition"],"picked":"Seek","floor":23.0},{"not_picked":["Amplify","Seek"],"picked":"Fission","floor":25.0},{"not_picked":["Creative AI","Machine Learning"],"picked":"Buffer","floor":27},{"not_picked":["Buffer","Fission"],"picked":"Echo Form","floor":29},{"not_picked":["hubris:DoWhile","Core Surge"],"picked":"Creative AI","floor":33},{"not_picked":["Fusion+1","Steam Power+1"],"picked":"Coolheaded+1","floor":35},{"not_picked":["Streamline+1","Reprogram+1"],"picked":"Heatsinks+1","floor":38},{"not_picked":["Redo+1","Go for the Eyes"],"picked":"Compile Driver","floor":39},{"not_picked":["Seek","hubris:Prefetch"],"picked":"Creative AI","floor":41},{"not_picked":["Rebound","Coolheaded"],"picked":"Barrage+1","floor":42},{"not_picked":["hubris:SpecializedCircuitry","Hyperbeam"],"picked":"Amplify","floor":44},{"not_picked":["Compile Driver+1","Ball Lightning+1"],"picked":"Tempest+1","floor":45},{"not_picked":["Reboot","hubris:DoWhile"],"picked":"Fission","floor":46},{"not_picked":["Forethought","Bomb"],"picked":"Searching","floor":48},{"not_picked":["Forethought","Blind"],"picked":"Magnetism","floor":48},{"not_picked":["sagemod:Refine","Deep Breath"],"picked":"Sadistic Nature","floor":48},{"not_picked":["Reboot","Electrodynamics"],"picked":"Echo Form","floor":50},{"not_picked":["Hologram","Distribution"],"picked":"Undo","floor":52},{"not_picked":["Amplify","Rainbow"],"picked":"Electrodynamics","floor":54},{"not_picked":["hubris:SpecializedCircuitry","Rainbow"],"picked":"Multi-Cast","floor":54},{"not_picked":["Machine Learning","Electrodynamics"],"picked":"Creative AI","floor":59},{"not_picked":["Buffer","Fission"],"picked":"Thunder Strike","floor":61},{"not_picked":["Gash","Ball Lightning"],"picked":"Coolheaded","floor":63},{"not_picked":["Compile Driver","Redo"],"picked":"Self Repair","floor":64}],"player_experience":995491,"relics_obtained":[{"floor":1.0,"key":"LetterFromLob"},{"floor":6.0,"key":"aspiration:EnhancedActuators"},{"floor":8.0,"key":"Dota2Spire:BattleFury"},{"floor":9.0,"key":"theForsaken:Gavel"},{"floor":10.0,"key":"infinitespire:Eraser"},{"floor":12.0,"key":"aspiration:AnachronicSnailShell"},{"floor":23.0,"key":"HoshigumaDish"},{"floor":25.0,"key":"HollowMod:QueensCombRelic"},{"floor":26,"key":"Dota2Spire:MagicBottle"},{"floor":27,"key":"HowToJump"},{"floor":29,"key":"DemoMod:GundromedaStrain"},{"floor":31,"key":"DemoMod:WhiteGuonStone"},{"floor":41,"key":"hubris:BallOfYels"},{"floor":43,"key":"Dota2Spire:UrnOfShadows"},{"floor":44,"key":"Toy Ornithopter"},{"floor":46,"key":"aspiration:HiddenCompartment"},{"floor":54,"key":"Dota2Spire:Butterfly"},{"floor":59,"key":"Clue"},{"floor":59,"key":"Potion Belt"},{"floor":60,"key":"infinitespire:WardingShard"},{"floor":61,"key":"The Courier"},{"floor":64,"key":"Clue"}],"event_choices":[{"damage_healed":0,"gold_gain":0,"player_choice":"Memory 3","damage_taken":10,"max_hp_gain":0,"max_hp_loss":0,"event_name":"SensoryStone","floor":48,"gold_loss":0}],"is_beta":false,"boss_relics":[{"not_picked":["vexMod:RockOfEvil","Astrolabe"],"picked":"vexMod:MysteryBossChallenge"},{"not_picked":[]},{"not_picked":["infinitespire:Cupcake","sagemod:Falmels_Amulet"],"picked":"hubris:BlackHole"},{"not_picked":[]},{"not_picked":["conspire:RunicOctahedron","hubris:GrandSneckoEye"],"picked":"Nuclear Battery"},{"not_picked":[]}],"items_purged_floors":[22,36,47,65],"is_endless":true,"potions_floor_spawned":[4,8,16,23,25,27,33,35,39,44,45,46,52,54,64],"killed_by":"Delirium","ascension_level":1}}