{"host":"zhec3g4cvsmevugl","time":1609521501,"event":{"mods":["BaseMod","BetterRewards","Curses Come First","Minty Spire (QoL Compilation)","Relic Stats","Slay-I","StSLib"],"gold_per_floor":[112,174,192,42,117,148,159,190,190,190,204,204,204,227,227,332,332,346,363,438,132,132,150,150,150,150],"floor_reached":25,"playtime":1459,"items_purged":[],"score":257,"play_id":"09aed1bd-4b5d-4697-93e7-87998ea3aafb","local_time":"20210102011821","is_ascension_mode":true,"campfire_choices":[{"data":"Carnage","floor":10,"key":"SMITH"},{"data":"Hemokinesis","floor":15,"key":"SMITH"},{"floor":24,"key":"DIG"}],"circlet_count":0,"master_deck":["Strike_R","Strike_R","Strike_R+1","Strike_R","Strike_R","Defend_R","Defend_R","Defend_R","Defend_R","Bash+1","Wild Strike","Clash","Barricade","Carnage+1","Hemokinesis+1","Iron Wave","Parasite","Fiend Fire","Headbutt+1","Body Slam","Shame","Sentinel"],"relics":["Burning Blood","NeowsBlessing","Tiny Chest","Pantograph","Self Forming Clay","Pear","Whetstone","Velvet Choker","Letter Opener","Shovel","Matryoshka","Anchor"],"acts_visited":["Exordium","TheCity"],"potions_floor_usage":[8,16,18,25],"damage_taken":[{"damage":0,"enemies":"Jaw Worm","floor":1,"turns":1},{"damage":0,"enemies":"2 Louse","floor":3,"turns":1},{"damage":0,"enemies":"3 Sentries","floor":6,"turns":2},{"damage":3,"enemies":"Small Slimes","floor":7,"turns":3},{"damage":11,"enemies":"Gremlin Nob","floor":8,"turns":3},{"damage":13,"enemies":"Looter","floor":11,"turns":2},{"damage":36,"enemies":"The Guardian","floor":16,"turns":9},{"damage":4,"enemies":"Chosen","floor":18,"turns":3},{"damage":24,"enemies":"2 Thieves","floor":19,"turns":3},{"damage":30,"enemies":"Snecko","floor":23,"turns":4},{"damage":49,"enemies":"Gremlin Leader","floor":25,"turns":9}],"seed_played":"-6656643127384462492","potions_obtained":[{"floor":6,"key":"AttackPotion"},{"floor":11,"key":"LiquidMemories"},{"floor":16,"key":"ColorlessPotion"},{"floor":23,"key":"HeartOfIron"}],"is_trial":false,"path_per_floor":["M","?","M","$","?","E","M","E","T","R","M","?","?","T","R","B",null,"M","M","T","$","?","M","R","E"],"character_chosen":"IRONCLAD","items_purchased":["Tiny Chest","Shovel"],"campfire_rested":0,"item_purchase_floors":[4,21],"current_hp_per_floor":[80,80,80,80,69,75,78,73,83,83,76,76,90,90,90,60,90,90,72,72,72,72,48,48,0,0],"gold":150,"neow_bonus":"THREE_ENEMY_KILL","is_daily":false,"chose_seed":false,"campfire_upgraded":2,"win_rate":0.0,"timestamp":1609521501,"path_taken":["M","?","M","$","?","E","M","E","T","R","M","?","?","?","R","BOSS","M","?","?","$","?","M","R","E"],"items_purchased_type":["Relic","Relic"],"build_version":"2020-12-22","purchased_purges":0,"victory":false,"max_hp_per_floor":[80,80,80,80,80,80,80,80,90,90,90,90,90,90,90,90,90,90,90,90,90,90,90,90,90,90],"relic_stats":{"Shovel":1,"counters":[13,49],"Self Forming Clay":[63],"Pantograph":0,"Tiny Chest":1,"Whetstone":["Bash","Strike_R"],"Letter Opener":[0],"obtain_stats":[{"Pear":9,"NeowsBlessing":0,"Self Forming Clay":8,"Velvet Choker":17,"Whetstone":14,"Letter Opener":20,"Burning Blood":0,"Anchor":24,"Shovel":21,"Matryoshka":22,"Pantograph":6,"Tiny Chest":4,"Runic Cube":0},{"Pear":7,"NeowsBlessing":2,"Self Forming Clay":7,"Velvet Choker":9,"Whetstone":8,"Letter Opener":11,"Burning Blood":0,"Anchor":12,"Shovel":11,"Matryoshka":11,"Pantograph":5,"Tiny Chest":4,"Runic Cube":0},{"Pear":19,"NeowsBlessing":9,"Self Forming Clay":19,"Velvet Choker":30,"Whetstone":21,"Letter Opener":36,"Burning Blood":0,"Anchor":40,"Shovel":36,"Matryoshka":36,"Pantograph":13,"Tiny Chest":11,"Runic Cube":0}],"Burning Blood":46},"card_choices":[{"not_picked":["Sword Boomerang","Heavy Blade"],"picked":"Wild Strike","floor":1},{"not_picked":["Pummel","Thunderclap"],"picked":"Clash","floor":3},{"not_picked":["Pommel Strike","Sentinel"],"picked":"Barricade","floor":6},{"not_picked":["Body Slam","Armaments"],"picked":"Carnage","floor":7},{"not_picked":["Sentinel","Cleave"],"picked":"Hemokinesis","floor":8},{"not_picked":["Dual Wield","Carnage"],"picked":"Iron Wave","floor":11},{"not_picked":["Juggernaut","Reaper"],"picked":"Fiend Fire","floor":16},{"not_picked":["Shrug It Off","Havoc"],"picked":"Headbutt+1","floor":18},{"not_picked":["Twin Strike","Cleave"],"picked":"Body Slam","floor":19},{"not_picked":["Headbutt","Shrug It Off"],"picked":"Sentinel","floor":23}],"player_experience":203418,"relics_obtained":[{"floor":6,"key":"Pantograph"},{"floor":8,"key":"Self Forming Clay"},{"floor":9,"key":"Pear"},{"floor":14,"key":"Whetstone"},{"floor":20,"key":"Letter Opener"},{"floor":24,"key":"Anchor"}],"event_choices":[{"damage_healed":0,"gold_gain":62,"player_choice":"Gained Gold","damage_taken":0,"max_hp_gain":0,"max_hp_loss":0,"event_name":"Golden Wing","floor":2,"gold_loss":0},{"damage_healed":0,"gold_gain":75,"player_choice":"Gather Gold","damage_taken":11,"max_hp_gain":0,"max_hp_loss":0,"event_name":"World of Goop","floor":5,"gold_loss":0},{"damage_healed":0,"gold_gain":0,"player_choice":"Leave","damage_taken":0,"max_hp_gain":0,"max_hp_loss":0,"event_name":"The Cleric","floor":12,"gold_loss":0},{"damage_healed":22,"gold_gain":0,"player_choice":"Healed and dodged fight","damage_taken":0,"max_hp_gain":0,"max_hp_loss":0,"event_name":"Mushrooms","floor":13,"gold_loss":0,"cards_obtained":["Parasite"]},{"damage_healed":0,"gold_gain":0,"player_choice":"Stole Relic","damage_taken":0,"relics_obtained":["Matryoshka"],"max_hp_gain":0,"max_hp_loss":0,"event_name":"Addict","floor":22,"gold_loss":0,"cards_obtained":["Shame"]}],"is_beta":false,"boss_relics":[{"not_picked":["Snecko Eye","Cursed Key"],"picked":"Velvet Choker"}],"items_purged_floors":[],"is_endless":false,"potions_floor_spawned":[6,11,16,23],"killed_by":"Gremlin Leader","ascension_level":2}}