{"host":"yiit85oc4oi3nqs8","time":1609517351,"event":{"mods":["AchievementEnabler","BaseMod","Better Third Choice","Block Reminder","DeckTracker","Highlight Path","Keyboard Shortcuts","Minty Spire (QoL Compilation)","MonsterHotkey","Quick Restart","Random Character Button","Relic Stats","StSLib"],"gold_per_floor":[113,113,38,57,57,57,132,132,32,32,32,59,59,59,59,130,130,147,147,22,41,41,56,82,82,82,156,206,218,237,237,87,87,87,97,132,148,148,181,231,270,282,133,133,133,147,147,147,165,165,165,165,242,242,261,286,286,300,300,315,330,330,365,365,190,190,190,190,190,216,216,216,216,232,232,242,252,252,52,52,52,52,52,52,52,52,52,85,85,85],"floor_reached":89,"playtime":1900,"items_purged":["Strike_R","Strike_R","Strike_R","Strike_R","Strike_R","Defend_R"],"score":1797,"play_id":"08cbc6ae-a1dd-42a1-beb3-6858ea425b67","local_time":"20210102010911","is_ascension_mode":true,"campfire_choices":[{"data":"Searing Blow","floor":10.0,"key":"SMITH"},{"data":"Searing Blow+1","floor":11.0,"key":"SMITH"},{"data":"Searing Blow+2","floor":13.0,"key":"SMITH"},{"data":"Searing Blow+3","floor":14.0,"key":"SMITH"},{"data":"Searing Blow+4","floor":25.0,"key":"SMITH"},{"floor":26.0,"key":"REST"},{"data":"Searing Blow+5","floor":44.0,"key":"SMITH"},{"data":"Searing Blow+6","floor":45.0,"key":"SMITH"},{"data":"Searing Blow+7","floor":50.0,"key":"SMITH"},{"floor":51.0,"key":"REST"},{"floor":52.0,"key":"RECALL"},{"data":"Searing Blow+8","floor":62.0,"key":"SMITH"},{"floor":66,"key":"REST"},{"data":"Searing Blow+9","floor":68,"key":"SMITH"},{"data":"Double Tap","floor":71,"key":"SMITH"},{"data":"Searing Blow+10","floor":73,"key":"SMITH"},{"data":"Searing Blow+11","floor":80,"key":"SMITH"},{"floor":81,"key":"REST"},{"data":"Searing Blow+12","floor":82,"key":"SMITH"},{"data":"Searing Blow+13","floor":85,"key":"SMITH"}],"circlet_count":0,"master_deck":["AscendersBane","Defend_R","Defend_R+1","Searing Blow+14","Headbutt","Double Tap+1"],"relics":["Burning Blood","Paper Frog","Strawberry","Orichalcum","Tiny House","Nloth\u0027s Gift","Mango","Oddly Smooth Stone","MawBank","Blood Vial","Medical Kit","Runic Cube","Magic Flower","Mummified Hand","Shuriken","Bronze Scales","Gremlin Horn"],"acts_visited":["Exordium","TheCity","TheBeyond","TheEnding"],"potions_floor_usage":[63,63,77,89],"damage_taken":[{"damage":8.0,"enemies":"Cultist","floor":1.0,"turns":5.0},{"damage":4.0,"enemies":"2 Louse","floor":4.0,"turns":3.0},{"damage":55.0,"enemies":"Gremlin Nob","floor":12.0,"turns":5.0},{"damage":19.0,"enemies":"Exordium Thugs","floor":18.0,"turns":4.0},{"damage":8.0,"enemies":"Red Slaver","floor":21.0,"turns":3.0},{"damage":12.0,"enemies":"2 Fungi Beasts","floor":23.0,"turns":4.0},{"damage":10.0,"enemies":"3 Sentries","floor":24.0,"turns":5.0},{"damage":45.0,"enemies":"Hexaghost","floor":27.0,"turns":9.0},{"damage":20.0,"enemies":"Shell Parasite","floor":29.0,"turns":3.0},{"damage":5.0,"enemies":"2 Thieves","floor":30.0,"turns":2.0},{"damage":0.0,"enemies":"Snake Plant","floor":35.0,"turns":1.0},{"damage":17.0,"enemies":"Gremlin Leader","floor":36.0,"turns":3.0},{"damage":0.0,"enemies":"Centurion and Healer","floor":37.0,"turns":4.0},{"damage":62.0,"enemies":"Book of Stabbing","floor":39.0,"turns":5.0},{"damage":0.0,"enemies":"Snecko","floor":46.0,"turns":2.0},{"damage":0.0,"enemies":"Cultist and Chosen","floor":49.0,"turns":2.0},{"damage":77.0,"enemies":"Automaton","floor":53.0,"turns":8.0},{"damage":21.0,"enemies":"3 Darklings","floor":55.0,"turns":6.0},{"damage":0.0,"enemies":"Mind Bloom Boss Battle","floor":56.0,"turns":2.0},{"damage":5.0,"enemies":"Orb Walker","floor":58.0,"turns":2.0},{"damage":21.0,"enemies":"Sphere and 2 Shapes","floor":60.0,"turns":5.0},{"damage":20.0,"enemies":"4 Shapes","floor":61.0,"turns":5.0},{"damage":38,"enemies":"Giant Head","floor":63,"turns":5},{"damage":0,"enemies":"Maw","floor":74,"turns":2},{"damage":2,"enemies":"Sphere and 2 Shapes","floor":76,"turns":3},{"damage":13,"enemies":"3 Darklings","floor":77,"turns":6},{"damage":18,"enemies":"Time Eater","floor":83,"turns":2},{"damage":18,"enemies":"Shield and Spear","floor":88,"turns":3},{"damage":100,"enemies":"The Heart","floor":89,"turns":5}],"seed_played":"-2782051411067803009","potions_obtained":[{"floor":4.0,"key":"ElixirPotion"},{"floor":12.0,"key":"GamblersBrew"},{"floor":21.0,"key":"Energy Potion"},{"floor":24.0,"key":"ColorlessPotion"},{"floor":28.0,"key":"Swift Potion"},{"floor":37.0,"key":"BlessingOfTheForge"},{"floor":46.0,"key":"SkillPotion"},{"floor":49.0,"key":"BloodPotion"},{"floor":56.0,"key":"BlessingOfTheForge"},{"floor":63,"key":"ColorlessPotion"},{"floor":74,"key":"Weak Potion"},{"floor":76,"key":"Swift Potion"}],"is_trial":false,"path_per_floor":["M","$","?","M","?","?","?","$","?","R","R","E","R","R","T","T","T","M","$","$","M","?","M","E","R","R","B",null,"M","M","$","$","?","$","M","E","M","?","E","T","T","$","?","R","R","M","$","$","M","R","R","R","B",null,"M","?","?","M","?","M","M","R","E","$","$","R","?","R","T","T","R","?","R","M","?","M","M","$","$","R","R","R","B",null,"R","$","$","E","B"],"character_chosen":"IRONCLAD","items_purchased":["Medical Kit"],"campfire_rested":4,"item_purchase_floors":[43],"current_hp_per_floor":[66,66,66,68,68,73,62,62,62,62,62,13,13,13,13,13,20,7,7,7,49,49,43,39,39,65,26,77,63,64,64,64,64,64,70,73,79,79,23,23,23,23,23,23,23,31,31,31,39,39,70,70,22,85,72,80,80,87,72,63,55,55,29,29,29,60,60,60,60,60,60,60,60,72,66,76,75,75,75,75,106,106,97,104,104,104,104,97,0,0],"gold":85,"neow_bonus":"REMOVE_CARD","is_daily":false,"chose_seed":false,"campfire_upgraded":15,"win_rate":0.0,"timestamp":1609517351,"path_taken":["M","?","?","?","?","?","?","?","?","R","R","E","R","R","T","T","T","M","$","$","?","?","M","E","R","R","BOSS","M","M","$","$","?","?","M","E","?","?","E","T","T","?","?","R","R","M","$","$","M","R","R","R","BOSS","M","?","?","M","?","?","M","R","E","$","$","R","?","R","T","T","R","?","R","M","?","?","M","$","$","R","R","R","BOSS","R","$","$","E","BOSS"],"items_purchased_type":["Relic"],"build_version":"2020-12-22","purchased_purges":6,"victory":false,"max_hp_per_floor":[75,75,75,75,75,80,80,80,80,80,80,80,80,80,80,80,87,87,87,87,87,87,87,87,87,87,87,92,92,92,92,92,92,92,92,106,106,106,106,106,106,106,106,106,106,106,106,106,106,106,106,106,106,106,106,106,106,106,106,106,106,106,106,106,106,106,106,106,106,106,106,106,106,106,106,106,106,106,106,106,106,106,106,106,106,106,106,106,106,106],"relic_stats":{"Gremlin Horn":[0,0],"counters":[29,114],"Magic Flower":[35],"Orichalcum":[210],"MawBank":36,"Medical Kit":[6],"Burning Blood":195,"Blood Vial":36,"Mummified Hand":[0],"Shuriken":[0],"Bronze Scales":[75],"Nloth\u0027s Gift":6,"obtain_stats":[{"Tiny House":28,"Gremlin Horn":88,"Oddly Smooth Stone":39,"Magic Flower":56,"Mango":36,"Orichalcum":24,"MawBank":40,"Medical Kit":43,"Burning Blood":0,"Blood Vial":41,"Lizard Tail":12,"Mummified Hand":63,"Shuriken":69,"Strawberry":17,"Bronze Scales":70,"Nloth\u0027s Gift":33,"Paper Frog":16,"Runic Cube":54},{"Tiny House":8,"Gremlin Horn":28,"Oddly Smooth Stone":14,"Magic Flower":19,"Mango":12,"Orichalcum":7,"MawBank":14,"Medical Kit":14,"Burning Blood":0,"Blood Vial":14,"Lizard Tail":3,"Mummified Hand":23,"Shuriken":23,"Strawberry":3,"Bronze Scales":23,"Nloth\u0027s Gift":10,"Paper Frog":3,"Runic Cube":17},{"Tiny House":38,"Gremlin Horn":109,"Oddly Smooth Stone":56,"Magic Flower":76,"Mango":47,"Orichalcum":29,"MawBank":56,"Medical Kit":56,"Burning Blood":0,"Blood Vial":56,"Lizard Tail":13,"Mummified Hand":93,"Shuriken":93,"Strawberry":13,"Bronze Scales":93,"Nloth\u0027s Gift":43,"Paper Frog":13,"Runic Cube":68}],"Runic Cube":[39]},"card_choices":[{"not_picked":["Havoc","Clothesline"],"picked":"Searing Blow","floor":1.0},{"not_picked":["Clash","Spot Weakness","Ghostly Armor"],"picked":"SKIP","floor":4.0},{"not_picked":["Searing Blow","Offering"],"picked":"Headbutt","floor":12.0},{"not_picked":["Heavy Blade","Armaments","Flame Barrier"],"picked":"SKIP","floor":18.0},{"not_picked":["Thunderclap","Warcry","Heavy Blade"],"picked":"SKIP","floor":21.0},{"not_picked":["Warcry","Havoc","Twin Strike"],"picked":"SKIP","floor":23.0},{"not_picked":["Rampage","Perfected Strike","Armaments"],"picked":"SKIP","floor":24.0},{"not_picked":["Juggernaut","Bludgeon"],"picked":"Double Tap","floor":27.0},{"not_picked":["Heavy Blade","Wild Strike","Clash"],"picked":"SKIP","floor":29.0},{"not_picked":["Clothesline+1","Demon Form","Cleave"],"picked":"SKIP","floor":30.0},{"not_picked":["Sentinel","Anger","Pummel+1"],"picked":"SKIP","floor":35.0},{"not_picked":["Reaper","Limit Break","Fire Breathing+1"],"picked":"SKIP","floor":36.0},{"not_picked":["Rage","True Grit","Second Wind+1"],"picked":"SKIP","floor":37.0},{"not_picked":["Offering","Corruption","Sentinel"],"picked":"SKIP","floor":39.0},{"not_picked":["Havoc","Infernal Blade","Searing Blow"],"picked":"SKIP","floor":46.0},{"not_picked":["Burning Pact","Twin Strike+1","Clash"],"picked":"SKIP","floor":49.0},{"not_picked":["Entrench","Reckless Charge+1","Dark Embrace+1"],"picked":"SKIP","floor":55.0},{"not_picked":["Thunderclap","Heavy Blade","Sword Boomerang"],"picked":"SKIP","floor":58.0},{"not_picked":["Fiend Fire","Dark Embrace","Infernal Blade"],"picked":"SKIP","floor":60.0},{"not_picked":["Fiend Fire","Dark Embrace","Infernal Blade"],"picked":"SKIP","floor":60.0},{"not_picked":["Sentinel+1","Carnage","Cleave+1"],"picked":"SKIP","floor":61.0},{"not_picked":["Pummel","Barricade","Warcry"],"picked":"SKIP","floor":63},{"not_picked":["Headbutt","Pommel Strike","Sword Boomerang"],"picked":"SKIP","floor":74},{"not_picked":["Dropkick+1","Pommel Strike","True Grit"],"picked":"SKIP","floor":77},{"not_picked":["Limit Break","Blood for Blood","Perfected Strike+1"],"picked":"SKIP","floor":88}],"player_experience":426894,"relics_obtained":[{"floor":12.0,"key":"Lizard Tail"},{"floor":16.0,"key":"Paper Frog"},{"floor":17.0,"key":"Strawberry"},{"floor":24.0,"key":"Orichalcum"},{"floor":36.0,"key":"Mango"},{"floor":39.0,"key":"Oddly Smooth Stone"},{"floor":40.0,"key":"MawBank"},{"floor":41.0,"key":"Blood Vial"},{"floor":56.0,"key":"Magic Flower"},{"floor":63,"key":"Mummified Hand"},{"floor":69,"key":"Shuriken"},{"floor":70,"key":"Bronze Scales"},{"floor":88,"key":"Gremlin Horn"}],"event_choices":[{"damage_healed":0.0,"max_hp_gain":5.0,"max_hp_loss":0.0,"gold_gain":0.0,"event_name":"Big Fish","player_choice":"Donut","floor":6.0,"gold_loss":0.0,"damage_taken":0.0},{"damage_healed":0.0,"max_hp_gain":0.0,"max_hp_loss":0.0,"gold_gain":75.0,"event_name":"betterThird:BetterGoop","player_choice":"Gold","floor":7.0,"gold_loss":0.0,"damage_taken":11.0},{"damage_healed":0.0,"max_hp_gain":0.0,"max_hp_loss":0.0,"gold_gain":0.0,"event_name":"N\u0027loth","player_choice":"Traded Relic","floor":33.0,"relics_lost":["Lizard Tail"],"gold_loss":0.0,"damage_taken":0.0,"relics_obtained":["Nloth\u0027s Gift"]},{"damage_healed":0.0,"max_hp_gain":0.0,"max_hp_loss":0.0,"gold_gain":0.0,"event_name":"MindBloom","player_choice":"Fight","floor":56.0,"gold_loss":0.0,"damage_taken":0.0},{"damage_healed":0.0,"max_hp_gain":0.0,"max_hp_loss":0.0,"gold_gain":0.0,"event_name":"SensoryStone","player_choice":"Memory 1","floor":57.0,"gold_loss":0.0,"damage_taken":0.0},{"damage_healed":0.0,"max_hp_gain":0.0,"max_hp_loss":0.0,"gold_gain":0.0,"event_name":"Wheel of Change","player_choice":"Damaged","floor":59.0,"gold_loss":0.0,"damage_taken":15.0},{"damage_healed":0,"gold_gain":0,"player_choice":"Ignored","damage_taken":0,"max_hp_gain":0,"max_hp_loss":0,"event_name":"Mysterious Sphere","floor":67,"gold_loss":0},{"cards_removed":["Defend_R"],"damage_healed":0,"gold_gain":0,"player_choice":"Removed Skill","damage_taken":0,"max_hp_gain":0,"max_hp_loss":0,"event_name":"Falling","floor":72,"gold_loss":0},{"damage_healed":0,"gold_gain":0,"player_choice":"Bought 0 Potions","damage_taken":0,"max_hp_gain":0,"max_hp_loss":0,"event_name":"The Woman in Blue","floor":75,"gold_loss":0}],"is_beta":false,"boss_relics":[{"not_picked":["Runic Dome","Ectoplasm"],"picked":"Tiny House"},{"not_picked":["Fusion Hammer","Calling Bell"],"picked":"Runic Cube"}],"items_purged_floors":[3,9,20,32,65,79],"is_endless":false,"potions_floor_spawned":[4,12,21,24,37,46,49,56,63,74,76],"killed_by":"The Heart","ascension_level":19}}