{"host":"r53pw7z744tg3fxg","time":1609518096,"event":{"mods":["AchievementEnabler","BaseMod","Colored Map","Colored Powertips","Highlight Path","Minty Spire (QoL Compilation)","Quick Restart","Transform Curses"],"gold_per_floor":[112,112,129,143,40,40,66,66,66,66,66,98,98,117,117,117,117],"floor_reached":16,"playtime":445,"items_purged":[],"score":167,"play_id":"1a306959-7dbd-4c0f-baa4-6d4d5fb6ed15","local_time":"20210101092136","is_ascension_mode":true,"campfire_choices":[{"data":"Eruption","floor":6,"key":"SMITH"},{"floor":8,"key":"REST"},{"data":"Crescendo","floor":10,"key":"SMITH"},{"data":"Judgement","floor":15,"key":"SMITH"}],"circlet_count":0,"master_deck":["AscendersBane","Strike_P","Strike_P","Strike_P","Strike_P","Defend_P","Defend_P","Defend_P","Defend_P","Eruption+1","Vigilance","Crescendo+1","CarveReality","BowlingBash","Consecrate+1","Evaluate","Judgement+1","FollowUp"],"relics":["PureWater","Anchor","Boot","Letter Opener","InkBottle"],"acts_visited":["Exordium"],"potions_floor_usage":[7,12,16],"damage_taken":[{"damage":0,"enemies":"Small Slimes","floor":1,"turns":4},{"damage":0,"enemies":"2 Louse","floor":3,"turns":2},{"damage":0,"enemies":"Cultist","floor":4,"turns":2},{"damage":33,"enemies":"Lagavulin","floor":7,"turns":5},{"damage":15,"enemies":"3 Sentries","floor":12,"turns":3},{"damage":7,"enemies":"Exordium Thugs","floor":14,"turns":3},{"damage":70,"enemies":"Hexaghost","floor":16,"turns":7}],"seed_played":"8016269109237401013","potions_obtained":[{"floor":1,"key":"Dexterity Potion"},{"floor":7,"key":"Swift Potion"},{"floor":12,"key":"BlessingOfTheForge"}],"is_trial":false,"path_per_floor":["M","?","M","M","$","R","E","R","T","R","?","E","?","M","R","B"],"character_chosen":"WATCHER","items_purchased":["Consecrate","Evaluate"],"campfire_rested":1,"item_purchase_floors":[5,5],"current_hp_per_floor":[65,65,65,65,65,65,32,53,53,53,53,38,72,65,65,0,0],"gold":117,"neow_bonus":"RANDOM_COMMON_RELIC","is_daily":false,"chose_seed":false,"campfire_upgraded":3,"win_rate":0.0,"timestamp":1609518096,"path_taken":["M","?","M","M","$","R","E","R","T","R","?","E","?","?","R","BOSS"],"items_purchased_type":["Card","Card"],"build_version":"2020-12-22","purchased_purges":0,"victory":false,"max_hp_per_floor":[72,72,72,72,72,72,72,72,72,72,72,72,72,72,72,72,72],"card_choices":[{"not_picked":["Adaptation","CrushJoints"],"picked":"Crescendo","floor":1},{"not_picked":["SignatureMove","CrushJoints"],"picked":"CarveReality","floor":3},{"not_picked":["Pray","Perseverance"],"picked":"BowlingBash","floor":4},{"not_picked":["FlurryOfBlows","CrushJoints"],"picked":"InnerPeace","floor":7},{"not_picked":["Halt","CrushJoints"],"picked":"Judgement","floor":12},{"not_picked":["JustLucky","Evaluate"],"picked":"FollowUp","floor":14}],"player_experience":1176049,"relics_obtained":[{"floor":7,"key":"Boot"},{"floor":9,"key":"Letter Opener"},{"floor":12,"key":"InkBottle"}],"event_choices":[{"damage_healed":0,"gold_gain":0,"player_choice":"Leave","damage_taken":0,"max_hp_gain":0,"max_hp_loss":0,"event_name":"The Cleric","floor":2,"gold_loss":0},{"damage_healed":0,"gold_gain":0,"player_choice":"Grow","damage_taken":0,"max_hp_gain":0,"max_hp_loss":0,"event_name":"Living Wall","floor":11,"gold_loss":0,"cards_upgraded":["Consecrate"]},{"cards_removed":["InnerPeace"],"damage_healed":34,"gold_gain":0,"player_choice":"Offered Uncommon","damage_taken":0,"max_hp_gain":0,"max_hp_loss":0,"event_name":"Bonfire Elementals","floor":13,"gold_loss":0}],"is_beta":false,"boss_relics":[],"items_purged_floors":[],"is_endless":false,"potions_floor_spawned":[1,7,12],"killed_by":"Hexaghost","ascension_level":11}}