{"host":"y76clbnovzmw9ubx","time":1609529355,"event":{"mods":["AchievementEnabler","BaseMod","Minty Spire (QoL Compilation)","Permanent Neow","Relic Stats"],"gold_per_floor":[110,121,46,56,74,108,108,140,140,140,157,174,189,189,189,189,189],"floor_reached":16,"playtime":1162,"items_purged":[],"score":248,"play_id":"4c1085b7-1263-4bcb-9f37-d646532d1f09","local_time":"20210101142914","is_ascension_mode":true,"campfire_choices":[{"data":"Carnage","floor":10.0,"key":"SMITH"},{"floor":15,"key":"REST"}],"circlet_count":0,"master_deck":["AscendersBane","Strike_R","Strike_R","Strike_R","Strike_R","Defend_R","Defend_R","Defend_R","Defend_R","Bash","Blood for Blood","Ghostly Armor","Spot Weakness","Carnage+1","Shrug It Off","Heavy Blade","Flex"],"relics":["Burning Blood","White Beast Statue","MealTicket","Orichalcum"],"acts_visited":["Exordium"],"potions_floor_usage":[12,14,14],"damage_taken":[{"damage":7.0,"enemies":"Jaw Worm","floor":1.0,"turns":3.0},{"damage":3.0,"enemies":"Small Slimes","floor":2.0,"turns":4.0},{"damage":0.0,"enemies":"2 Louse","floor":4.0,"turns":3.0},{"damage":20.0,"enemies":"Exordium Thugs","floor":5.0,"turns":6.0},{"damage":56.0,"enemies":"Gremlin Nob","floor":6.0,"turns":5.0},{"damage":15.0,"enemies":"3 Sentries","floor":8.0,"turns":6.0},{"damage":18.0,"enemies":"Gremlin Gang","floor":11.0,"turns":7.0},{"damage":6,"enemies":"Lots of Slimes","floor":12,"turns":3},{"damage":10,"enemies":"Looter","floor":13,"turns":3},{"damage":5,"enemies":"Gremlin Nob","floor":14,"turns":3},{"damage":36,"enemies":"The Guardian","floor":16,"turns":6}],"seed_played":"-1102140679922250310","potions_obtained":[{"floor":6.0,"key":"DuplicationPotion"},{"floor":8.0,"key":"SmokeBomb"},{"floor":11.0,"key":"Explosive Potion"},{"floor":12,"key":"GamblersBrew"},{"floor":13,"key":"ColorlessPotion"}],"is_trial":false,"path_per_floor":["M","M","?","M","M","E","?","E","T","R","M","M","M","E","R","B"],"character_chosen":"IRONCLAD","items_purchased":[],"campfire_rested":1,"item_purchase_floors":[],"current_hp_per_floor":[67,70,70,75,61,11,36,27,27,27,15,15,11,12,34,0,0],"gold":189,"neow_bonus":"THREE_CARDS","is_daily":false,"chose_seed":false,"campfire_upgraded":1,"win_rate":0.0,"timestamp":1609529354,"path_taken":["M","M","?","M","M","E","?","E","T","R","M","M","M","E","R","BOSS"],"items_purchased_type":[],"build_version":"2020-12-22","purchased_purges":0,"victory":false,"max_hp_per_floor":[75,75,75,75,75,75,75,75,75,75,75,75,75,75,75,75,75],"relic_stats":{"counters":[11,49],"MealTicket":0,"Orichalcum":[66],"obtain_stats":[{"MealTicket":8,"Orichalcum":9,"Burning Blood":0,"White Beast Statue":6},{"MealTicket":6,"Orichalcum":6,"Burning Blood":0,"White Beast Statue":5},{"MealTicket":27,"Orichalcum":27,"Burning Blood":0,"White Beast Statue":21}],"Burning Blood":59},"card_choices":[{"not_picked":["Flex","Sentinel"],"picked":"Blood for Blood","floor":0.0},{"not_picked":["Anger","Pommel Strike"],"picked":"Ghostly Armor","floor":1.0},{"not_picked":["Clothesline","Wild Strike"],"picked":"Spot Weakness","floor":2.0},{"not_picked":["Wild Strike","Warcry","Flex"],"picked":"SKIP","floor":4.0},{"not_picked":["True Grit","Power Through"],"picked":"Carnage","floor":5.0},{"not_picked":["Exhume","Metallicize","Rupture"],"picked":"SKIP","floor":6.0},{"not_picked":["Entrench","Wild Strike"],"picked":"Shrug It Off","floor":8.0},{"not_picked":["Clothesline","Sword Boomerang"],"picked":"Heavy Blade","floor":11.0},{"not_picked":["Shockwave","Heavy Blade","Thunderclap"],"picked":"SKIP","floor":12},{"not_picked":["Clash","Clothesline"],"picked":"Flex","floor":13}],"player_experience":3026432,"relics_obtained":[{"floor":6.0,"key":"White Beast Statue"},{"floor":8.0,"key":"MealTicket"},{"floor":9.0,"key":"Orichalcum"}],"event_choices":[{"cards_removed":["Strike_R"],"damage_healed":0.0,"max_hp_gain":0.0,"max_hp_loss":0.0,"gold_gain":0.0,"event_name":"The Cleric","player_choice":"Card Removal","floor":3.0,"gold_loss":75.0,"damage_taken":0.0},{"damage_healed":25.0,"max_hp_gain":0.0,"max_hp_loss":0.0,"gold_gain":0.0,"event_name":"Big Fish","player_choice":"Banana","floor":7.0,"gold_loss":0.0,"damage_taken":0.0}],"is_beta":false,"boss_relics":[],"items_purged_floors":[],"is_endless":false,"potions_floor_spawned":[6,8,11,12,13,14],"killed_by":"The Guardian","ascension_level":20}}