{"host":"ltca6yxwulbhza25","time":1609500770,"event":{"mods":["BaseMod","Colored Map","Colored Powertips","Minty Spire (QoL Compilation)","Quick Restart","StSLib","The Blue Laboratory"],"gold_per_floor":[109,34,53,71,20,52,52,62,62,91,118,118,133,147,147,242,242,256,156,156,81,93,125,87,102,156,166,166,183,183,194,194,295,295,314,333,333,346,364,395,395,421,467,509,541,564,629,226,226,226,226,226,31,66,66],"floor_reached":56,"playtime":5117,"items_purged":["Defend_B","Defend_B","Defend_B"],"score":1426,"play_id":"fe2d8190-af20-4344-99b1-4a4ce70d352a","local_time":"20210101193250","is_ascension_mode":true,"campfire_choices":[{"data":"Chaos","floor":7.0,"key":"SMITH"},{"floor":12.0,"key":"RECALL"},{"data":"Streamline","floor":15.0,"key":"SMITH"},{"floor":28.0,"key":"REST"},{"floor":32.0,"key":"REST"},{"data":"Thunder Strike","floor":41.0,"key":"SMITH"},{"data":"Capacitor","floor":49.0,"key":"SMITH"},{"data":"Defragment","floor":52.0,"key":"SMITH"}],"circlet_count":0,"master_deck":["Strike_B","Zap+1","Dualcast+1","Chaos+1","Streamline+1","Double Energy","Auto Shields","Creative AI","Glacier+1","Genetic Algorithm+1","Heatsinks+1","Force Field","Machine Learning","Loop","Thunder Strike+1","White Noise+1","Self Repair+1","Double Energy","White Noise","Defragment+1","Capacitor","Capacitor+1","Echo Form","Redo+1","Force Field","Ball Lightning","Double Energy+1"],"relics":["Cracked Core","TungstenRod","Vajra","Mango","Gremlin Horn","Odd Mushroom","MealTicket","Astrolabe","White Beast Statue","Snecko Eye","Bird Faced Urn","MawBank","Anchor","Unceasing Top","DollysMirror","Orrery","Pocketwatch"],"acts_visited":["TheCity","TheBeyond","TheEnding"],"potions_floor_usage":[55,55,55],"damage_taken":[{"damage":0.0,"enemies":"Cultist","floor":1.0,"turns":3.0},{"damage":0.0,"enemies":"2 Louse","floor":3.0,"turns":2.0},{"damage":0.0,"enemies":"Small Slimes","floor":4.0,"turns":2.0},{"damage":7.0,"enemies":"Lagavulin","floor":6.0,"turns":5.0},{"damage":2.0,"enemies":"Blue Slaver","floor":8.0,"turns":2.0},{"damage":0.0,"enemies":"The Mushroom Lair","floor":10.0,"turns":2.0},{"damage":7.0,"enemies":"Gremlin Nob","floor":11.0,"turns":3.0},{"damage":0.0,"enemies":"Exordium Wildlife","floor":13.0,"turns":3.0},{"damage":0.0,"enemies":"Exordium Thugs","floor":14.0,"turns":3.0},{"damage":22.0,"enemies":"Hexaghost","floor":16.0,"turns":9.0},{"damage":5.0,"enemies":"Spheric Guardian","floor":18.0,"turns":5.0},{"damage":16.0,"enemies":"2 Thieves","floor":22.0,"turns":4.0},{"damage":46.0,"enemies":"Slavers","floor":23.0,"turns":8.0},{"damage":21.0,"enemies":"Centurion and Healer","floor":25.0,"turns":6.0},{"damage":20.0,"enemies":"Snake Plant","floor":27.0,"turns":3.0},{"damage":0.0,"enemies":"Snecko","floor":29.0,"turns":6.0},{"damage":9.0,"enemies":"Centurion and Healer","floor":31.0,"turns":4.0},{"damage":0.0,"enemies":"Collector","floor":33.0,"turns":10.0},{"damage":23.0,"enemies":"3 Darklings","floor":35.0,"turns":4.0},{"damage":0.0,"enemies":"Orb Walker","floor":36.0,"turns":4.0},{"damage":3.0,"enemies":"Transient","floor":38.0,"turns":5.0},{"damage":0.0,"enemies":"Writhing Mass","floor":39.0,"turns":4.0},{"damage":0.0,"enemies":"Giant Head","floor":40.0,"turns":4.0},{"damage":21.0,"enemies":"Nemesis","floor":42.0,"turns":9.0},{"damage":59.0,"enemies":"Reptomancer","floor":44.0,"turns":7.0},{"damage":0.0,"enemies":"3 Darklings","floor":45.0,"turns":4.0},{"damage":0.0,"enemies":"Maw","floor":46.0,"turns":6.0},{"damage":10.0,"enemies":"2 Orb Walkers","floor":47.0,"turns":3.0},{"damage":55.0,"enemies":"Awakened One","floor":50.0,"turns":10.0},{"damage":60,"enemies":"Shield and Spear","floor":54,"turns":23},{"damage":16,"enemies":"The Heart","floor":55,"turns":7}],"seed_played":"-6769603783586127872","potions_obtained":[{"floor":6.0,"key":"blueLaboratory:PlasmaFuel"},{"floor":10.0,"key":"Swift Potion"},{"floor":11.0,"key":"SpeedPotion"},{"floor":18.0,"key":"blueLaboratory:TrueEctoplasm"},{"floor":25.0,"key":"blueLaboratory:PlasmaFuel"},{"floor":27.0,"key":"FocusPotion"},{"floor":29.0,"key":"blueLaboratory:HorrorPotion"},{"floor":33.0,"key":"FocusPotion"},{"floor":38.0,"key":"blueLaboratory:FruitPunch"},{"floor":39.0,"key":"blueLaboratory:BiasPotion"},{"floor":40.0,"key":"blueLaboratory:CoolantVial"},{"floor":42.0,"key":"Block Potion"},{"floor":44.0,"key":"blueLaboratory:EnragingPotion"},{"floor":45.0,"key":"SteroidPotion"},{"floor":46.0,"key":"blueLaboratory:PolymorphPotion"},{"floor":47.0,"key":"blueLaboratory:BottledHope"},{"floor":54,"key":"blueLaboratory:RecallPotion"}],"is_trial":false,"path_per_floor":["M","$","M","M","?","E","R","M","T","?","E","R","M","M","R","B",null,"M","$","?","?","M","E","$","M","T","M","R","M","?","M","R","B",null,"M","M","?","M","M","E","R","E","T","E","M","M","?","$","R","B",null,"R","$","E","B",null],"character_chosen":"DEFECT","items_purchased":["Loop","Capacitor","DollysMirror","blueLaboratory:PyrophylliteBrew","SkillPotion","Orrery"],"campfire_rested":2,"item_purchase_floors":[24,48,48,48,53,53],"current_hp_per_floor":[54,54,54,54,54,61,61,59,59,59,52,52,52,52,52,30,89,84,89,89,89,73,27,42,21,21,1,27,27,27,18,44,44,89,66,66,66,63,65,65,65,74,74,57,83,91,91,91,91,91,91,91,91,91,91],"gold":66,"neow_bonus":"ONE_RARE_RELIC","is_daily":false,"chose_seed":false,"campfire_upgraded":5,"win_rate":0.0,"timestamp":1609500770,"path_taken":["M","$","?","M","?","E","R","?","T","?","E","R","M","M","R","BOSS","M","$","?","?","M","E","$","M","T","M","R","M","?","M","R","BOSS","M","M","?","M","M","E","R","E","T","E","M","M","?","?","R","BOSS","R","$","E","BOSS"],"items_purchased_type":["Card","Card","Relic","Potion","Potion","Relic"],"build_version":"2020-12-22","purchased_purges":3,"victory":true,"max_hp_per_floor":[75,75,75,75,75,89,89,89,89,89,89,89,89,89,89,89,89,89,89,89,89,89,89,89,89,89,89,89,89,89,89,89,89,89,89,89,89,89,91,91,91,91,91,91,91,91,91,91,91,91,91,91,91,91,91],"card_choices":[{"not_picked":["Steam","Go for the Eyes"],"picked":"Chaos","floor":1.0},{"not_picked":["Redo","Leap","Steam"],"picked":"SKIP","floor":3.0},{"not_picked":["Chaos","Reprogram","Tempest"],"picked":"SKIP","floor":4.0},{"not_picked":["Sweeping Beam","Rebound","Steam Power"],"picked":"SKIP","floor":6.0},{"not_picked":["Skim","Conserve Battery"],"picked":"Streamline","floor":8.0},{"not_picked":["Cold Snap","Streamline"],"picked":"Double Energy","floor":10.0},{"not_picked":["BootSequence","Sunder","Streamline"],"picked":"SKIP","floor":11.0},{"not_picked":["Cold Snap","Coolheaded","Hyperbeam"],"picked":"SKIP","floor":13.0},{"not_picked":["Turbo","Coolheaded"],"picked":"Auto Shields","floor":14.0},{"not_picked":["Electrodynamics","All For One"],"picked":"Creative AI","floor":16.0},{"not_picked":["Undo","Tempest+1","Streamline"],"picked":"SKIP","floor":18.0},{"not_picked":["Static Discharge","Go for the Eyes"],"picked":"Force Field","floor":22.0},{"not_picked":["Redo","Steam Power"],"picked":"Machine Learning","floor":23.0},{"not_picked":["Barrage","Sweeping Beam","Rebound"],"picked":"SKIP","floor":25.0},{"not_picked":["Recycle","Ball Lightning+1","Redo"],"picked":"SKIP","floor":27.0},{"not_picked":["Darkness","Consume","Beam Cell"],"picked":"SKIP","floor":29.0},{"not_picked":["Turbo","Consume+1","Coolheaded"],"picked":"SKIP","floor":31.0},{"not_picked":["All For One","Buffer"],"picked":"Thunder Strike","floor":33.0},{"not_picked":["Darkness+1","Coolheaded","Rebound"],"picked":"SKIP","floor":35.0},{"not_picked":["Force Field+1","Barrage+1","Reinforced Body"],"picked":"SKIP","floor":36.0},{"not_picked":["Recycle","Leap+1","Steam"],"picked":"SKIP","floor":38.0},{"not_picked":["Turbo","Rebound+1"],"picked":"White Noise+1","floor":39.0},{"not_picked":["Rebound","Conserve Battery"],"picked":"Self Repair+1","floor":40.0},{"not_picked":["Auto Shields","Steam","Creative AI"],"picked":"SKIP","floor":42.0},{"not_picked":["Stack+1","Fusion+1"],"picked":"Double Energy","floor":44.0},{"not_picked":["Glacier","Hologram+1","Compile Driver+1"],"picked":"SKIP","floor":45.0},{"not_picked":["BootSequence+1","Redo"],"picked":"White Noise","floor":46.0},{"not_picked":["Consume","Static Discharge+1"],"picked":"Defragment","floor":47.0},{"not_picked":["Turbo","Sunder"],"picked":"Echo Form","floor":53.0},{"not_picked":["Cold Snap","Turbo+1"],"picked":"Redo+1","floor":53.0},{"not_picked":["Turbo","Heatsinks"],"picked":"Force Field","floor":53.0},{"not_picked":["Conserve Battery","Beam Cell+1"],"picked":"Ball Lightning","floor":53.0},{"not_picked":["Coolheaded","Darkness+1"],"picked":"Double Energy+1","floor":54}],"player_experience":15905,"relics_obtained":[{"floor":6.0,"key":"Mango"},{"floor":9.0,"key":"Gremlin Horn"},{"floor":10.0,"key":"Odd Mushroom"},{"floor":11.0,"key":"MealTicket"},{"floor":23.0,"key":"White Beast Statue"},{"floor":40.0,"key":"Bird Faced Urn"},{"floor":43.0,"key":"MawBank"},{"floor":44.0,"key":"Anchor"},{"floor":47.0,"key":"Unceasing Top"},{"floor":54,"key":"Pocketwatch"}],"event_choices":[{"damage_healed":0.0,"max_hp_gain":0.0,"max_hp_loss":0.0,"gold_gain":0.0,"event_name":"WeMeetAgain","player_choice":"Paid Gold","floor":5.0,"gold_loss":51.0,"damage_taken":0.0,"relics_obtained":["Vajra"]},{"damage_healed":0.0,"max_hp_gain":0.0,"max_hp_loss":0.0,"gold_gain":0.0,"event_name":"Mushrooms","player_choice":"Fought Mushrooms","floor":10.0,"gold_loss":0.0,"damage_taken":0.0},{"damage_healed":0.0,"max_hp_gain":0.0,"max_hp_loss":0.0,"gold_gain":0.0,"event_name":"Vampires","player_choice":"Ignored","floor":20.0,"gold_loss":0.0,"damage_taken":0.0},{"cards_removed":["Strike_B"],"damage_healed":0.0,"max_hp_gain":0.0,"max_hp_loss":0.0,"gold_gain":0.0,"event_name":"Beggar","player_choice":"Gave Gold","floor":21.0,"gold_loss":75.0,"damage_taken":0.0},{"damage_healed":0.0,"max_hp_gain":0.0,"max_hp_loss":0.0,"gold_gain":0.0,"event_name":"Lab","player_choice":"Got Potions","floor":30.0,"gold_loss":0.0,"damage_taken":0.0},{"damage_healed":0.0,"max_hp_gain":0.0,"max_hp_loss":0.0,"gold_gain":0.0,"event_name":"Tomb of Lord Red Mask","player_choice":"Ignored","floor":37.0,"gold_loss":0.0,"damage_taken":0.0},{"damage_healed":0.0,"max_hp_gain":0.0,"max_hp_loss":0.0,"gold_gain":0.0,"event_name":"Mysterious Sphere","player_choice":"Fight","floor":47.0,"gold_loss":0.0,"damage_taken":0.0}],"is_beta":false,"boss_relics":[{"not_picked":["SacredBark","Philosopher\u0027s Stone"],"picked":"Astrolabe"},{"not_picked":["FrozenCore","Velvet Choker"],"picked":"Snecko Eye"}],"items_purged_floors":[2,19,48],"is_endless":false,"potions_floor_spawned":[6,10,11,18,25,27,29,31,33,35,36,38,39,40,42,44,45,46,47,54],"ascension_level":2}}