{"host":"lkyw40t68mxhwfjf","time":1609512487,"event":{"mods":["2.2 Compatiblity","Act Like it!","Arknights The Spire","BaseMod","Hallownest","HololiveMod","Hubris","Koishi","Lobotomy","Marisa¡]Ãú«B¡@Å]²z¨F¡^","Minty Spire (QoL Compilation)","Prisma Mod","Reimu¡]³Õ???¡^","Remilia¡]Á¢¦Ì²ú?¡^","Replay The Spire","RumiaBox-ÅS¦Ì?ªº¯«¯µ²°¤l","StSLib","The Animator","The Servant 0.9.4","TheSwordswoman","WarShipGirlsR/??¤Ö¤kR mod","Youmu¡]»î¾z§¯?¡^","Yuyuko"],"gold_per_floor":[111,121,131,131,56,56,81,81,128,128,141,151,151,162,162,162,162],"floor_reached":16,"playtime":728,"items_purged":[],"score":127,"play_id":"cefcd21d-39d6-49fc-a26e-00fe656eb2ce","local_time":"20210101224807","is_ascension_mode":false,"campfire_choices":[{"data":"ats:Emotion Absorption","floor":6,"key":"SMITH"},{"data":"ats:Beaten Up","floor":8,"key":"SMITH"},{"data":"ats:Leaping Hammer","floor":10,"key":"SMITH"},{"floor":15,"key":"REST"}],"circlet_count":0,"master_deck":["ats:Strike C","ats:Strike G","ats:Strike S","ats:Armor Crushing Shot","ats:Emotion Absorption+1","ats:Powerful Strike","ats:Leaping Hammer+1","ats:Apocalypse","ats:Fractured Body","Hallownest:skillSlugHide","Hallownest:skillSlugHide","Hallownest:skillSlugHide","Hallownest:skillSlugHide","Hallownest:skillSlugHide","Hallownest:skillGreenpathMap","ats:Beaten Up+1","ats:Collapsing Strike","ats:Explosion Area Strengthen"],"relics":["ats:Sanity","ats:Originium","RuthlessExorcism:ReiMu","Chameleon Ring"],"acts_visited":["Hallownest:Greenpath"],"potions_floor_usage":[16,16],"damage_taken":[{"damage":0,"enemies":"Hallownest:monsterHuskGuard","floor":1,"turns":4},{"damage":9,"enemies":"Hallownest:monsterHuskWarrior","floor":2,"turns":3},{"damage":3,"enemies":"Hallownest:2_MossCreeps","floor":3,"turns":6},{"damage":22,"enemies":"Hallownest:eliteMossKnight","floor":7,"turns":11},{"damage":14,"enemies":"Hallownest:Guard_and_Warrior","floor":11,"turns":7},{"damage":14,"enemies":"Hallownest:1_Ooma_and_2_Uuma","floor":12,"turns":6},{"damage":12,"enemies":"Hallownest:Wandering_and_Horned","floor":14,"turns":6},{"damage":73,"enemies":"Hallownest:BossBrokenVessel","floor":16,"turns":12}],"seed_played":"-6579497062041693236","potions_obtained":[{"floor":1,"key":"Weak Potion"},{"floor":3,"key":"Weak Potion"},{"floor":14,"key":"Swift Potion"}],"is_trial":false,"path_per_floor":["M","M","M","?","?","R","E","R","T","R","M","M","T","M","R","B"],"character_chosen":"DOCTOR_CLASS","items_purchased":[],"campfire_rested":1,"item_purchase_floors":[],"current_hp_per_floor":[72,63,68,68,68,68,62,62,62,62,56,46,46,38,59,0,0],"gold":162,"neow_bonus":"RANDOM_EVENT","is_daily":false,"chose_seed":false,"campfire_upgraded":3,"win_rate":0.0,"timestamp":1609512487,"path_taken":["M","M","M","?","?","R","E","R","T","R","M","M","?","?","R","BOSS"],"items_purchased_type":[],"build_version":"2020-12-22","purchased_purges":0,"victory":false,"max_hp_per_floor":[72,72,72,72,72,72,72,72,72,72,72,72,72,72,72,72,72],"card_choices":[{"not_picked":["ats:Soul Absorption","ats:Curse Doll"],"picked":"ats:Leaping Hammer","floor":1},{"not_picked":["ats:Powerful Strike","ats:Spore Proliferation"],"picked":"ats:Apocalypse","floor":2},{"not_picked":["ats:Childhood Dance","ats:Apocalypse"],"picked":"ats:Fractured Body","floor":3},{"not_picked":["ats:Curse Doll","ats:Spore Proliferation"],"picked":"ats:Beaten Up","floor":7},{"not_picked":["ats:Poison Spread","ats:Thermite Blade"],"picked":"ats:Collapsing Strike","floor":11},{"not_picked":["ats:Song Of Battle","ats:Apocalypse","ats:Curse Doll"],"picked":"SKIP","floor":12},{"not_picked":["ats:Thermite Blade","ats:Powerful Strike"],"picked":"ats:Explosion Area Strengthen","floor":14}],"player_experience":395781,"relics_obtained":[{"floor":7,"key":"ats:Originium"},{"floor":7,"key":"RuthlessExorcism:ReiMu"},{"floor":13,"key":"Chameleon Ring"}],"event_choices":[],"is_beta":false,"boss_relics":[],"items_purged_floors":[],"is_endless":false,"potions_floor_spawned":[1,3,14],"killed_by":"Hallownest:BossBrokenVessel","ascension_level":0}}