{"host":"v0n6ky7dmveherv3","time":1609527883,"event":{"mods":["BaseMod","Better Third Choice","Downfall","Minty Spire (QoL Compilation)","StSLib"],"gold_per_floor":[110,35,51,51,61,61,87,87,111,131,143,143,168,184,184,281,281,299,318,338,338,350,350,381,395,395,320,320,347,359,384,396,512,524,546,96,107,17,17,17,37,70,70,120,140,158,185,203,203,203],"floor_reached":51,"playtime":5088,"items_purged":["Defend_B","Strike_B"],"score":836,"play_id":"92e07d00-de68-47d3-ac3b-264eda2ee544","local_time":"20210101120443","is_ascension_mode":false,"campfire_choices":[{"data":"Zap","floor":6.0,"key":"SMITH"},{"data":"Dualcast","floor":12.0,"key":"SMITH"},{"data":"Skim","floor":15.0,"key":"SMITH"},{"data":"Skim","floor":23.0,"key":"SMITH"},{"data":"Machine Learning","floor":30.0,"key":"SMITH"},{"floor":32,"key":"REST"},{"floor":40,"key":"REST"},{"floor":49,"key":"REST"}],"circlet_count":0,"master_deck":["Defend_B","Zap+1","Dualcast+1","Leap","Gash","Go for the Eyes","Genetic Algorithm","Skim+1","FTL","Reboot","Gash","Beam Cell","Genetic Algorithm","Beam Cell+1","Skim+1","Self Repair","Machine Learning+1","Machine Learning+1","expansioncontent:CaCaw+1","Skim","Streamline+1","Capacitor+1","Scrape"],"relics":["Cracked Core","Vajra","Smiling Mask","Letter Opener","Black Star","Juzu Bracelet","Toy Ornithopter","Ornamental Fan","MawBank","Bronze Scales","Fusion Hammer","Frozen Egg 2","Anchor","Thread and Needle","Bottled Tornado","Lizard Tail","Dream Catcher","Ice Cream"],"acts_visited":["Exordium","TheCity","TheBeyond"],"potions_floor_usage":[31,33,37,45,50,50],"damage_taken":[{"damage":0.0,"enemies":"Cultist","floor":1.0,"turns":2.0},{"damage":0.0,"enemies":"Small Slimes","floor":3.0,"turns":3.0},{"damage":1.0,"enemies":"2 Louse","floor":5.0,"turns":2.0},{"damage":17.0,"enemies":"3 Sentries","floor":7.0,"turns":6.0},{"damage":0.0,"enemies":"2 Fungi Beasts","floor":10.0,"turns":3.0},{"damage":0.0,"enemies":"Exordium Thugs","floor":11.0,"turns":4.0},{"damage":3.0,"enemies":"Lagavulin","floor":13.0,"turns":6.0},{"damage":0.0,"enemies":"Blue Slaver","floor":14.0,"turns":2.0},{"damage":10.0,"enemies":"Slime Boss","floor":16.0,"turns":7.0},{"damage":0.0,"enemies":"Spheric Guardian","floor":18.0,"turns":2.0},{"damage":7.0,"enemies":"2 Thieves","floor":19.0,"turns":3.0},{"damage":23.0,"enemies":"Cultist and Chosen","floor":20.0,"turns":5.0},{"damage":0.0,"enemies":"Snake Plant","floor":22.0,"turns":2.0},{"damage":9.0,"enemies":"Slavers","floor":24.0,"turns":4.0},{"damage":0.0,"enemies":"Centurion and Healer","floor":25.0,"turns":4.0},{"damage":4.0,"enemies":"Book of Stabbing","floor":29.0,"turns":4.0},{"damage":0,"enemies":"Snecko","floor":31,"turns":3},{"damage":0,"enemies":"Automaton","floor":33,"turns":7},{"damage":0,"enemies":"3 Shapes","floor":35,"turns":3},{"damage":14,"enemies":"3 Darklings","floor":37,"turns":3},{"damage":0,"enemies":"Sphere and 2 Shapes","floor":41,"turns":4},{"damage":5,"enemies":"Giant Head","floor":42,"turns":5},{"damage":0,"enemies":"Mind Bloom Boss Battle","floor":44,"turns":4},{"damage":0,"enemies":"Transient","floor":45,"turns":5},{"damage":5,"enemies":"4 Shapes","floor":46,"turns":5},{"damage":0,"enemies":"Nemesis","floor":47,"turns":5},{"damage":4,"enemies":"Sphere and 2 Shapes","floor":48,"turns":3},{"damage":0,"enemies":"Awakened One","floor":50,"turns":5}],"seed_played":"8182721630247410058","potions_obtained":[{"floor":1.0,"key":"Explosive Potion"},{"floor":5.0,"key":"SneckoOil"},{"floor":7.0,"key":"Block Potion"},{"floor":14.0,"key":"Strength Potion"},{"floor":20.0,"key":"Ancient Potion"},{"floor":29.0,"key":"SpeedPotion"},{"floor":31,"key":"Fire Potion"},{"floor":33,"key":"AttackPotion"},{"floor":37,"key":"Block Potion"},{"floor":44,"key":"EssenceOfDarkness"},{"floor":45,"key":"FearPotion"},{"floor":48,"key":"Block Potion"}],"is_trial":false,"path_per_floor":["M","$","M","$","M","R","E","?","T","M","M","R","E","M","R","B",null,"M","M","M","?","M","R","E","M","T","?","?","E","R","M","R","B",null,"M","$","M","?","$","R","M","E","T","?","M","M","E","M","R","B",null],"character_chosen":"DEFECT","items_purchased":["Frozen Egg 2","expansioncontent:CaCaw+1","Skim"],"campfire_rested":3,"item_purchase_floors":[36,36,36],"current_hp_per_floor":[68,68,68,68,67,67,50,50,50,50,50,50,47,47,47,37,68,68,61,38,38,38,38,29,29,29,29,29,32,32,37,57,68,68,68,68,61,61,61,68,68,68,68,68,68,68,68,68,68,68],"gold":203,"neow_bonus":"REMOVE_TWO","is_daily":false,"chose_seed":false,"campfire_upgraded":5,"win_rate":0.0,"timestamp":1609527883,"path_taken":["M","$","M","?","M","R","E","?","T","M","M","R","E","M","R","BOSS","M","M","M","?","M","R","E","M","T","?","?","E","R","M","R","BOSS","M","$","M","?","?","R","M","E","T","?","M","M","E","M","R","BOSS"],"items_purchased_type":["Relic","Card","Card"],"build_version":"2020-12-22","purchased_purges":2,"victory":true,"max_hp_per_floor":[68,68,68,68,68,68,68,68,68,68,68,68,68,68,68,68,68,68,68,68,68,68,68,68,68,68,68,68,68,68,68,68,68,68,68,68,68,68,68,68,68,68,68,68,68,68,68,68,68,68],"card_choices":[{"not_picked":["Storm","Blizzard"],"picked":"Leap","floor":1.0},{"not_picked":["Hello World","Reprogram"],"picked":"Gash","floor":3.0},{"not_picked":["Hologram","Stack"],"picked":"Go for the Eyes","floor":5.0},{"not_picked":["Tempest","Loop"],"picked":"Genetic Algorithm","floor":7.0},{"not_picked":["Go for the Eyes","Redo"],"picked":"FTL","floor":10.0},{"not_picked":["Sweeping Beam","Redo"],"picked":"Reboot","floor":11.0},{"not_picked":["Streamline","Coolheaded"],"picked":"Gash","floor":13.0},{"not_picked":["Barrage","Hologram"],"picked":"Beam Cell","floor":14.0},{"not_picked":["Heatsinks","Redo"],"picked":"Genetic Algorithm","floor":18.0},{"not_picked":["Leap","Cold Snap"],"picked":"Beam Cell+1","floor":19.0},{"not_picked":["Doom and Gloom","Leap","Beam Cell"],"picked":"SKIP","floor":20.0},{"not_picked":["Melter","Beam Cell"],"picked":"Skim","floor":22.0},{"not_picked":["Hello World","Force Field","Compile Driver"],"picked":"SKIP","floor":24.0},{"not_picked":["Ball Lightning+1","FTL"],"picked":"Self Repair","floor":25.0},{"not_picked":["Hologram","Tempest+1"],"picked":"Machine Learning","floor":29.0},{"not_picked":["Loop","Compile Driver+1","Consume+1"],"picked":"SKIP","floor":31},{"not_picked":["Multi-Cast","Fission"],"picked":"Machine Learning","floor":33},{"not_picked":["Ball Lightning","Consume+1","Self Repair+1"],"picked":"SKIP","floor":35},{"not_picked":["Compile Driver","Chill+1","Steam+1"],"picked":"SKIP","floor":37},{"not_picked":["Go for the Eyes+1","Sweeping Beam"],"picked":"Streamline+1","floor":41},{"not_picked":["Biased Cognition+1","Stack+1","Coolheaded"],"picked":"SKIP","floor":42},{"not_picked":["Hologram","Melter+1"],"picked":"Capacitor+1","floor":44},{"not_picked":["Ball Lightning","Streamline+1","Fusion"],"picked":"SKIP","floor":45},{"not_picked":["Redo+1","Loop+1","Stack"],"picked":"SKIP","floor":46},{"not_picked":["Stack+1","Aggregate","Chill+1"],"picked":"SKIP","floor":47},{"not_picked":["Sweeping Beam","Ball Lightning+1"],"picked":"Scrape","floor":48}],"player_experience":101739,"relics_obtained":[{"floor":7.0,"key":"Vajra"},{"floor":9.0,"key":"Smiling Mask"},{"floor":13.0,"key":"Letter Opener"},{"floor":24.0,"key":"Juzu Bracelet"},{"floor":24.0,"key":"Toy Ornithopter"},{"floor":26.0,"key":"Ornamental Fan"},{"floor":29.0,"key":"MawBank"},{"floor":29.0,"key":"Bronze Scales"},{"floor":42,"key":"Anchor"},{"floor":42,"key":"Thread and Needle"},{"floor":43,"key":"Bottled Tornado"},{"floor":44,"key":"Lizard Tail"},{"floor":47,"key":"Dream Catcher"},{"floor":47,"key":"Ice Cream"}],"event_choices":[{"damage_healed":0.0,"max_hp_gain":0.0,"max_hp_loss":0.0,"gold_gain":0.0,"cards_transformed":["Strike_B"],"event_name":"Transmorgrifier","player_choice":"Transformed","floor":8.0,"gold_loss":0.0,"damage_taken":0.0,"cards_obtained":["Skim"]},{"damage_healed":0.0,"max_hp_gain":0.0,"max_hp_loss":0.0,"gold_gain":0.0,"event_name":"Match and Keep!","player_choice":"0 cards matched","floor":21.0,"gold_loss":0.0,"damage_taken":0.0,"cards_obtained":[]},{"cards_removed":["Strike_B"],"damage_healed":0.0,"max_hp_gain":0.0,"max_hp_loss":0.0,"gold_gain":0.0,"event_name":"Beggar","player_choice":"Gave Gold","floor":27.0,"gold_loss":75.0,"damage_taken":0.0},{"cards_removed":["Defend_B"],"damage_healed":0,"gold_gain":0,"player_choice":"Upgrade and Remove","damage_taken":0,"max_hp_gain":0,"max_hp_loss":0,"event_name":"Designer","floor":38,"gold_loss":90,"cards_upgraded":["Machine Learning"]},{"damage_healed":0,"gold_gain":0,"player_choice":"Fight","damage_taken":0,"max_hp_gain":0,"max_hp_loss":0,"event_name":"MindBloom","floor":44,"gold_loss":0}],"is_beta":false,"boss_relics":[{"not_picked":["Inserter","Runic Dome"],"picked":"Black Star"},{"not_picked":["Sozu","Cursed Key"],"picked":"Fusion Hammer"}],"items_purged_floors":[2,36],"is_endless":false,"potions_floor_spawned":[1,5,7,14,20,29,31,33,37,44,45,48],"ascension_level":0}}