{"host":"oigynbtg272c19pw","time":1609492373,"event":{"mods":["BaseMod","Colored Map","Minty Spire (QoL Compilation)","Relic Stats","StSLib"],"gold_per_floor":[115,165,2,12,30,56,73,89,89,89,5,5,30,49,49,123,123,140,140,155,155,169,201,215,33,33,49,49,49,49,49],"floor_reached":30,"playtime":1739,"items_purged":["Strike_P"],"score":624,"play_id":"065890c4-7730-436d-baec-b93d1ef660c3","local_time":"20210101101253","is_ascension_mode":true,"campfire_choices":[{"data":"Wallop","floor":10.0,"key":"SMITH"},{"floor":12.0,"key":"REST"},{"data":"Meditate","floor":15.0,"key":"SMITH"},{"floor":29,"key":"REST"}],"circlet_count":0,"master_deck":["AscendersBane","Eruption","Vigilance","Wallop+1","SandsOfTime","BowlingBash","DeceiveReality","Meditate+1","EmptyFist","Brilliance","MentalFortress","CutThroughFate","Prostrate","DevaForm","Worship+1","FollowUp+1","LikeWater+1","WindmillStrike","CutThroughFate+1","Fasting2","Adaptation","Panacea","Sanctity","PathToVictory","Collect"],"relics":["PureWater","NeowsBlessing","Incense Burner","Mummified Hand","Letter Opener","Astrolabe","Strawberry","Kunai"],"acts_visited":["Exordium","TheCity"],"potions_floor_usage":[27],"damage_taken":[{"damage":0.0,"enemies":"Small Slimes","floor":1.0,"turns":2.0},{"damage":0.0,"enemies":"Cultist","floor":4.0,"turns":1.0},{"damage":0.0,"enemies":"Jaw Worm","floor":5.0,"turns":1.0},{"damage":4.0,"enemies":"3 Sentries","floor":6.0,"turns":9.0},{"damage":22.0,"enemies":"Exordium Thugs","floor":7.0,"turns":4.0},{"damage":13.0,"enemies":"Blue Slaver","floor":8.0,"turns":2.0},{"damage":0.0,"enemies":"Lagavulin","floor":13.0,"turns":8.0},{"damage":2.0,"enemies":"Looter","floor":14.0,"turns":3.0},{"damage":5.0,"enemies":"Hexaghost","floor":16.0,"turns":11.0},{"damage":11.0,"enemies":"Spheric Guardian","floor":18.0,"turns":4.0},{"damage":23.0,"enemies":"2 Thieves","floor":20.0,"turns":5.0},{"damage":23.0,"enemies":"Snake Plant","floor":22.0,"turns":5.0},{"damage":0.0,"enemies":"Gremlin Leader","floor":23.0,"turns":8.0},{"damage":13.0,"enemies":"3 Cultists","floor":24.0,"turns":4.0},{"damage":0,"enemies":"Snecko","floor":27,"turns":4},{"damage":29,"enemies":"Slavers","floor":30,"turns":1}],"seed_played":"-6316119221159598036","potions_obtained":[{"floor":1.0,"key":"BlessingOfTheForge"},{"floor":5.0,"key":"Fruit Juice"},{"floor":13.0,"key":"ColorlessPotion"},{"floor":14.0,"key":"Dexterity Potion"},{"floor":16.0,"key":"StancePotion"},{"floor":23.0,"key":"BottledMiracle"}],"is_trial":false,"path_per_floor":["M","?","$","M","M","E","M","M","T","R","$","R","E","M","R","B",null,"M","?","M","?","M","E","M","$","T","M","?","R","E"],"character_chosen":"WATCHER","items_purchased":["SandsOfTime","MentalFortress","Panacea","Sanctity"],"campfire_rested":2,"item_purchase_floors":[3,11,25,25],"current_hp_per_floor":[61,61,61,61,66,62,40,27,27,27,27,48,48,46,46,41,65,54,54,31,31,8,15,2,2,2,2,2,26,0,0],"gold":49,"neow_bonus":"THREE_ENEMY_KILL","is_daily":false,"chose_seed":false,"campfire_upgraded":2,"win_rate":0.0,"timestamp":1609492373,"path_taken":["M","?","$","?","?","E","M","M","T","R","?","R","E","M","R","BOSS","M","?","?","?","M","E","M","?","T","M","?","R","E"],"items_purchased_type":["Card","Card","Card","Card"],"build_version":"2020-12-13","purchased_purges":1,"victory":false,"max_hp_per_floor":[68,68,68,68,73,73,73,73,73,73,73,73,73,73,73,73,73,73,73,73,73,73,80,80,80,80,80,80,80,80,80],"relic_stats":{"counters":[16,72],"Mummified Hand":[46],"Astrolabe":["Worship","FollowUp","LikeWater"],"Letter Opener":[56],"Kunai":[2],"obtain_stats":[{"NeowsBlessing":0,"Mummified Hand":9,"Astrolabe":17,"Strawberry":23,"Incense Burner":6,"Letter Opener":13,"Kunai":26,"PureWater":0},{"NeowsBlessing":0,"Mummified Hand":6,"Astrolabe":9,"Strawberry":13,"Incense Burner":4,"Letter Opener":7,"Kunai":14,"PureWater":0},{"NeowsBlessing":0,"Mummified Hand":19,"Astrolabe":41,"Strawberry":63,"Incense Burner":13,"Letter Opener":27,"Kunai":67,"PureWater":0}]},"card_choices":[{"not_picked":["FlurryOfBlows","Pray"],"picked":"Wallop","floor":1.0},{"not_picked":["Prostrate","ThirdEye"],"picked":"BowlingBash","floor":4.0},{"not_picked":["Indignation","ClearTheMind"],"picked":"DeceiveReality","floor":5.0},{"not_picked":["InnerPeace","ClearTheMind"],"picked":"Meditate","floor":6.0},{"not_picked":["ThirdEye","Consecrate"],"picked":"EmptyFist","floor":7.0},{"not_picked":["Crescendo","EmptyBody"],"picked":"Brilliance","floor":8.0},{"not_picked":["PathToVictory","BowlingBash"],"picked":"CutThroughFate","floor":13.0},{"not_picked":["ForeignInfluence","Protect"],"picked":"Prostrate","floor":14.0},{"not_picked":["Brilliance","Scrawl"],"picked":"DevaForm","floor":16.0},{"not_picked":["CutThroughFate","Evaluate"],"picked":"WindmillStrike","floor":18.0},{"not_picked":["DeceiveReality","FollowUp","ForeignInfluence"],"picked":"SKIP","floor":20.0},{"not_picked":["CrushJoints","Consecrate"],"picked":"CutThroughFate+1","floor":22.0},{"not_picked":["WaveOfTheHand","Prostrate+1"],"picked":"Fasting2","floor":23.0},{"not_picked":["Conclude","LikeWater"],"picked":"Adaptation","floor":24.0},{"not_picked":["FlyingSleeves","Blasphemy","Protect"],"picked":"SKIP","floor":27}],"player_experience":1317064,"relics_obtained":[{"floor":6.0,"key":"Incense Burner"},{"floor":9.0,"key":"Mummified Hand"},{"floor":13.0,"key":"Letter Opener"},{"floor":23.0,"key":"Strawberry"},{"floor":26.0,"key":"Kunai"}],"event_choices":[{"damage_healed":0.0,"max_hp_gain":0.0,"max_hp_loss":0.0,"gold_gain":50.0,"event_name":"Golden Shrine","player_choice":"Pray","floor":2.0,"gold_loss":0.0,"damage_taken":0.0},{"cards_removed":["Defend_P"],"damage_healed":0.0,"max_hp_gain":0.0,"max_hp_loss":0.0,"gold_gain":0.0,"event_name":"Bonfire Elementals","player_choice":"Offered Basic","floor":19.0,"gold_loss":0.0,"damage_taken":0.0},{"cards_removed":["Defend_P"],"damage_healed":0.0,"max_hp_gain":0.0,"max_hp_loss":0.0,"gold_gain":0.0,"event_name":"Wheel of Change","player_choice":"Card Removal","floor":21.0,"gold_loss":0.0,"damage_taken":0.0},{"damage_healed":0,"gold_gain":0,"cards_transformed":["Defend_P","Defend_P"],"player_choice":"Became Test Subject","damage_taken":0,"max_hp_gain":0,"max_hp_loss":0,"event_name":"Drug Dealer","floor":28,"gold_loss":0,"cards_obtained":["PathToVictory","Collect"]}],"is_beta":false,"boss_relics":[{"not_picked":["Sozu","Ectoplasm"],"picked":"Astrolabe"}],"items_purged_floors":[3],"is_endless":false,"potions_floor_spawned":[1,5,13,14,16,20,23],"killed_by":"Slavers","ascension_level":20}}