{"host":"7wmszz0w4jucpwgw","time":1609484295,"event":{"mods":["Act Like it!","BaseMod","Best Route Mod","Minty Spire (QoL Compilation)","Prisma Mod","Shop Mod","StSLib","Waifu the Spire"],"gold_per_floor":[111,111,33,51,68,100,111,144,144,69,79,79,79,79,79,177,177,194,104,122,37,48,48,147,72,72,72,72,88,104,116,116,116,116],"floor_reached":33,"playtime":1743,"items_purged":["Defend_R"],"score":257,"play_id":"d9d1ba56-0e66-48b8-b49e-0045b1974f41","local_time":"20201231225815","is_ascension_mode":false,"campfire_choices":[{"data":"Flame Barrier","floor":12,"key":"SMITH"},{"data":"Iron Wave","floor":15,"key":"SMITH"},{"data":"Berserk","floor":23,"key":"SMITH"},{"data":"Rage","floor":27,"key":"SMITH"},{"data":"Iron Wave","floor":32,"key":"SMITH"}],"circlet_count":0,"master_deck":["Strike_R+1","Strike_R","Strike_R","Strike_R","Defend_R","Defend_R","Bash","Rage+1","Bash","Flame Barrier+1","Sword Boomerang","Iron Wave+1","Rage+1","Shrug It Off+1","Berserk+1","Shrug It Off+1","Dropkick","Intimidate+1","Intimidate+1","Iron Wave+1"],"relics":["Burning Blood","NeowsBlessing","Boot","Juzu Bracelet","Toxic Egg 2","Runic Cube","StoneCalendar","InkBottle"],"acts_visited":["Exordium","TheCity"],"potions_floor_usage":[6,8,16,29,30,33,33],"damage_taken":[{"damage":0,"enemies":"Cultist","floor":1,"turns":1},{"damage":0,"enemies":"Jaw Worm","floor":4,"turns":1},{"damage":0,"enemies":"2 Louse","floor":5,"turns":1},{"damage":43,"enemies":"Lagavulin","floor":6,"turns":8},{"damage":5,"enemies":"Red Slaver","floor":7,"turns":3},{"damage":21,"enemies":"3 Sentries","floor":8,"turns":7},{"damage":10,"enemies":"Looter","floor":11,"turns":3},{"damage":15,"enemies":"The Guardian","floor":16,"turns":14},{"damage":22,"enemies":"2 Thieves","floor":18,"turns":5},{"damage":9,"enemies":"Chosen","floor":20,"turns":5},{"damage":11,"enemies":"Snake Plant","floor":22,"turns":6},{"damage":16,"enemies":"Sentry and Sphere","floor":29,"turns":7},{"damage":28,"enemies":"3 Cultists","floor":30,"turns":7},{"damage":2,"enemies":"Snake Plant","floor":31,"turns":5},{"damage":22,"enemies":"Champ","floor":33,"turns":15}],"seed_played":"-5700379584271684816","potions_obtained":[{"floor":1,"key":"AttackPotion"},{"floor":5,"key":"Explosive Potion"},{"floor":6,"key":"SneckoOil"},{"floor":16,"key":"SkillPotion"},{"floor":18,"key":"Explosive Potion"},{"floor":20,"key":"LiquidBronze"},{"floor":31,"key":"BlessingOfTheForge"}],"is_trial":false,"path_per_floor":["M","?","$","M","M","E","M","E","T","$","M","R","?","?","R","B",null,"M","?","M","?","M","R","?","$","T","R","?","M","M","M","R","B"],"character_chosen":"IRONCLAD","items_purchased":["Flame Barrier","Rage+1"],"campfire_rested":0,"item_purchase_floors":[3,10],"current_hp_per_floor":[80,80,80,80,80,43,44,29,29,29,25,25,25,30,30,21,85,69,69,66,66,61,61,61,61,61,61,45,35,13,17,17,0,0],"gold":116,"neow_bonus":"THREE_ENEMY_KILL","is_daily":false,"chose_seed":false,"campfire_upgraded":5,"win_rate":0.0,"timestamp":1609484295,"path_taken":["M","?","$","M","M","E","M","E","T","$","M","R","?","?","R","BOSS","M","?","M","?","M","R","?","$","T","R","?","M","M","M","R","BOSS"],"items_purchased_type":["Card","Card"],"build_version":"2020-12-22","purchased_purges":1,"victory":false,"max_hp_per_floor":[80,80,80,80,80,80,80,80,80,80,80,80,80,85,85,85,85,85,85,85,85,85,85,85,85,85,85,90,90,90,90,90,90,90],"card_choices":[{"not_picked":["Second Wind","Wild Strike"],"picked":"Rage","floor":1},{"not_picked":["Headbutt","Searing Blow"],"picked":"Sword Boomerang","floor":4},{"not_picked":["Feel No Pain","Seeing Red","Cleave"],"picked":"SKIP","floor":5},{"not_picked":["Clothesline","Double Tap"],"picked":"Iron Wave","floor":6},{"not_picked":["Heavy Blade","Havoc","Wild Strike"],"picked":"SKIP","floor":7},{"not_picked":["Clash","Flex","Hemokinesis"],"picked":"SKIP","floor":8},{"not_picked":["Twin Strike","Feel No Pain"],"picked":"Shrug It Off+1","floor":11},{"not_picked":["Reaper","Limit Break+1"],"picked":"Berserk","floor":16},{"not_picked":["Ghostly Armor+1","Carnage"],"picked":"Shrug It Off+1","floor":18},{"not_picked":["Perfected Strike+1","Thunderclap"],"picked":"Dropkick","floor":20},{"not_picked":["Flex+1","Spot Weakness+1","Carnage"],"picked":"SKIP","floor":22},{"not_picked":["Warcry+1","Sever Soul"],"picked":"Intimidate+1","floor":29},{"not_picked":["Anger","Clothesline"],"picked":"Intimidate+1","floor":30},{"not_picked":["Wild Strike","Offering+1"],"picked":"Iron Wave","floor":31}],"player_experience":297016,"relics_obtained":[{"floor":6,"key":"Boot"},{"floor":8,"key":"Juzu Bracelet"},{"floor":9,"key":"Toxic Egg 2"},{"floor":26,"key":"InkBottle"}],"event_choices":[{"damage_healed":0,"gold_gain":0,"player_choice":"1 cards matched","damage_taken":0,"max_hp_gain":0,"max_hp_loss":0,"event_name":"Match and Keep!","floor":2,"gold_loss":0,"cards_obtained":["Bash"]},{"cards_removed":["Strike_R"],"damage_healed":0,"gold_gain":0,"player_choice":"Forget","damage_taken":0,"max_hp_gain":0,"max_hp_loss":0,"event_name":"Living Wall","floor":13,"gold_loss":0},{"damage_healed":0,"gold_gain":0,"player_choice":"Donut","damage_taken":0,"max_hp_gain":5,"max_hp_loss":0,"event_name":"Big Fish","floor":14,"gold_loss":0},{"cards_removed":["Defend_R"],"damage_healed":0,"gold_gain":0,"player_choice":"Upgrade and Remove","damage_taken":0,"max_hp_gain":0,"max_hp_loss":0,"event_name":"Designer","floor":19,"gold_loss":90,"cards_upgraded":["Strike_R"]},{"damage_healed":0,"gold_gain":0,"player_choice":"Obtained Relic","damage_taken":0,"relics_obtained":["StoneCalendar"],"max_hp_gain":0,"max_hp_loss":0,"event_name":"Addict","floor":21,"gold_loss":85},{"damage_healed":0,"gold_gain":99,"player_choice":"Stole From Cult","damage_taken":0,"max_hp_gain":0,"max_hp_loss":0,"event_name":"Nest","floor":24,"gold_loss":0},{"damage_healed":0,"gold_gain":0,"player_choice":"Shed Blood","damage_taken":21,"max_hp_gain":5,"max_hp_loss":0,"event_name":"Forgotten Altar","floor":28,"gold_loss":0}],"is_beta":false,"boss_relics":[{"not_picked":["Calling Bell","Runic Pyramid"],"picked":"Runic Cube"}],"items_purged_floors":[25],"is_endless":false,"potions_floor_spawned":[1,5,6,16,18,20,31],"killed_by":"Champ","ascension_level":0}}