{"host":"uv231blk40vjdojr","time":1609509692,"event":{"mods":["BaseMod","Minty Spire (QoL Compilation)","Relic Stats"],"gold_per_floor":[116,116,126,143,68,93,104,104,104,104,104,121,86,118,118,118,118],"floor_reached":16,"playtime":339,"items_purged":["Strike_R"],"score":209,"play_id":"1c5bbe90-0f12-45a5-962e-b83a4e81adb4","local_time":"20210101150132","is_ascension_mode":true,"campfire_choices":[{"data":"Anger","floor":8.0,"key":"SMITH"},{"data":"Rampage","floor":10.0,"key":"SMITH"},{"data":"Bash","floor":15,"key":"SMITH"}],"circlet_count":0,"master_deck":["AscendersBane","Strike_R","Strike_R","Strike_R","Strike_R","Defend_R","Defend_R","Defend_R","Defend_R","Bash+1","Rampage+1","Double Tap","Anger+1","Headbutt","Offering"],"relics":["Burning Blood","NeowsBlessing","Question Card","Darkstone Periapt","Oddly Smooth Stone","Boot"],"acts_visited":["Exordium"],"potions_floor_usage":[16],"damage_taken":[{"damage":0.0,"enemies":"Jaw Worm","floor":1.0,"turns":1.0},{"damage":0.0,"enemies":"Cultist","floor":3.0,"turns":1.0},{"damage":0.0,"enemies":"Small Slimes","floor":4.0,"turns":1.0},{"damage":35.0,"enemies":"3 Sentries","floor":6.0,"turns":10.0},{"damage":21.0,"enemies":"Looter","floor":7.0,"turns":4.0},{"damage":12.0,"enemies":"3 Louse","floor":12.0,"turns":3.0},{"damage":11,"enemies":"Gremlin Nob","floor":14,"turns":3},{"damage":39,"enemies":"The Guardian","floor":16,"turns":4}],"seed_played":"1771655565956001324","potions_obtained":[{"floor":3.0,"key":"Energy Potion"},{"floor":7.0,"key":"Energy Potion"},{"floor":12.0,"key":"LiquidBronze"}],"is_trial":false,"path_per_floor":["M","?","M","M","$","E","M","R","T","R","T","M","?","E","R","B"],"character_chosen":"IRONCLAD","items_purchased":[],"campfire_rested":0,"item_purchase_floors":[],"current_hp_per_floor":[74,75,75,75,75,46,31,31,31,31,31,25,43,38,38,0,0],"gold":118,"neow_bonus":"THREE_ENEMY_KILL","is_daily":false,"chose_seed":false,"campfire_upgraded":3,"win_rate":0.0,"timestamp":1609509692,"path_taken":["M","?","M","?","$","E","M","R","T","R","?","?","?","E","R","BOSS"],"items_purchased_type":[],"build_version":"2020-12-22","purchased_purges":1,"victory":false,"max_hp_per_floor":[75,75,75,75,75,75,75,75,75,75,75,75,75,75,75,75,75],"relic_stats":{"Darkstone Periapt":0,"counters":[8,27],"Question Card":3,"Boot":[0],"obtain_stats":[{"Darkstone Periapt":9,"NeowsBlessing":0,"Oddly Smooth Stone":11,"Question Card":6,"Boot":14,"Burning Blood":0},{"Darkstone Periapt":5,"NeowsBlessing":0,"Oddly Smooth Stone":5,"Question Card":4,"Boot":7,"Burning Blood":0},{"Darkstone Periapt":17,"NeowsBlessing":0,"Oddly Smooth Stone":17,"Question Card":13,"Boot":23,"Burning Blood":0}],"Burning Blood":30},"card_choices":[{"not_picked":["Perfected Strike","Battle Trance"],"picked":"Rampage","floor":1.0},{"not_picked":["Iron Wave","Rupture","Body Slam"],"picked":"SKIP","floor":3.0},{"not_picked":["Rage","Sword Boomerang"],"picked":"Double Tap","floor":4.0},{"not_picked":["Armaments","Flex"],"picked":"Anger","floor":6.0},{"not_picked":["Combust","Clothesline","Warcry"],"picked":"Headbutt","floor":7.0},{"not_picked":["Clash","Havoc","Warcry","Iron Wave"],"picked":"SKIP","floor":12.0},{"not_picked":["Dark Embrace","Sentinel","Clash"],"picked":"Offering","floor":14}],"player_experience":546295,"relics_obtained":[{"floor":6.0,"key":"Question Card"},{"floor":9.0,"key":"Darkstone Periapt"},{"floor":11.0,"key":"Oddly Smooth Stone"},{"floor":14,"key":"Boot"}],"event_choices":[{"damage_healed":1.0,"max_hp_gain":0.0,"max_hp_loss":0.0,"gold_gain":0.0,"event_name":"Wheel of Change","player_choice":"Full Heal","floor":2.0,"gold_loss":0.0,"damage_taken":0.0},{"damage_healed":18.0,"max_hp_gain":0.0,"max_hp_loss":0.0,"gold_gain":0.0,"event_name":"The Cleric","player_choice":"Healed","floor":13.0,"gold_loss":35.0,"damage_taken":0.0}],"is_beta":false,"boss_relics":[],"items_purged_floors":[5],"is_endless":false,"potions_floor_spawned":[3,7,12],"killed_by":"The Guardian","ascension_level":18}}