{"host":"4w8ocelhatf0iefc","time":1609489365,"event":{"mods":["AchievementEnabler","Act Like it!","Aspiration","BaseMod","Colored Map","Colored Powertips","Downfall","GifTheSpireLib","Hubris","Minty Spire (QoL Compilation)","Replay The Spire","StSLib","The Cursed","vexMod"],"gold_per_floor":[113,127,127,212,231,262,262,293,293,311,311,326,336,73,73,177,177,195,212,225,225,274,274,304,318,318,338,367,367,385,385,385,487,487,500,500,70,70,81,81,116,132,208,248,275,302,330,342,354,366,366],"floor_reached":50,"playtime":21470,"items_purged":["Strike_B"],"score":722,"play_id":"edfd83be-3ad2-45a5-9a5b-b489c5ed907f","local_time":"20210101162245","is_ascension_mode":true,"campfire_choices":[{"floor":7,"key":"REST"},{"floor":23,"key":"REST"},{"floor":29,"key":"REST"},{"floor":32,"key":"REST"},{"data":"Apotheosis","floor":40,"key":"SMITH"},{"floor":49,"key":"REST"}],"circlet_count":0,"master_deck":["Strike_B","Strike_B","Strike_B","Defend_B","Defend_B","Defend_B","Defend_B","Zap","Dualcast","Sweeping Beam","Static Discharge","Glacier+1","Streamline+1","Time Bomb","BowlingBash","Go for the Eyes+1","Leap","Whirlwind","Seek+1","Capacitor","Rainbow","Loop","White Noise+1","Streamline+1","Creative AI","Go for the Eyes+1","Mirror Shield","Melter+1","Barrage+1","hubris:DoWhile","Lockon+1","Sickly","Apotheosis+1","Core Surge","Darkness+1","Sweeping Beam+1","White Noise+1","hubris:Gluttony"],"relics":["Cracked Core","aspiration:Nostalgia","Replay:M_SmolderingBlood","Tiny Chest","Turnip","aspiration:FaultyCoupler","aspiration:StickyExplosives_weak","expansioncontent:StudyCardRelic","hubris:Towel","sneckomod:BlankCard","Anchor","Pen Nib","aspiration:PoetsPen_weak","Ring of Peace","ReplayTheSpireMod:Ring of Collecting","Shuriken","Incense Burner","Bronze Scales","Ring of Greed","MawBank","Replay:Wax Seal","Art of War","hexamod:BolsterEngine"],"acts_visited":["Exordium","TheCity","TheBeyond"],"potions_floor_usage":[6,12,16,18,19,30,33,33,33,39,44,44,47],"damage_taken":[{"damage":6,"enemies":"2 Louse","floor":1,"turns":3},{"damage":9,"enemies":"Jaw Worm","floor":2,"turns":3},{"damage":9,"enemies":"Small Slimes","floor":5,"turns":3},{"damage":24,"enemies":"Lagavulin","floor":6,"turns":7},{"damage":24,"enemies":"3 Sentries","floor":8,"turns":6},{"damage":6,"enemies":"Looter","floor":10,"turns":3},{"damage":8,"enemies":"Large Slime","floor":12,"turns":6},{"damage":0,"enemies":"Red Slaver","floor":13,"turns":4},{"damage":24,"enemies":"Fading Forest","floor":16,"turns":11},{"damage":12,"enemies":"3 Byrds","floor":18,"turns":1},{"damage":3,"enemies":"Spheric Guardian","floor":19,"turns":3},{"damage":32,"enemies":"3 Cultists","floor":20,"turns":5},{"damage":25,"enemies":"Book of Stabbing","floor":24,"turns":3},{"damage":0,"enemies":"Cultist and Chosen","floor":25,"turns":5},{"damage":0,"enemies":"Shelled Parasite and Fungi","floor":27,"turns":4},{"damage":7,"enemies":"Gremlin Leader","floor":28,"turns":8},{"damage":31,"enemies":"Centurion and Healer","floor":30,"turns":6},{"damage":31,"enemies":"Champ","floor":33,"turns":8},{"damage":14,"enemies":"3 Shapes","floor":35,"turns":2},{"damage":0,"enemies":"3 Darklings","floor":39,"turns":5},{"damage":0,"enemies":"R_Hoarder","floor":41,"turns":5},{"damage":15,"enemies":"4 Shapes","floor":42,"turns":3},{"damage":74,"enemies":"Giant Head","floor":44,"turns":11},{"damage":14,"enemies":"Writhing Mass","floor":45,"turns":4},{"damage":0,"enemies":"3 Darklings","floor":46,"turns":3},{"damage":0,"enemies":"Jaw Worm Horde","floor":47,"turns":3},{"damage":48,"enemies":"Donu and Deca","floor":50,"turns":6}],"seed_played":"9033354755583569579","potions_obtained":[{"floor":2,"key":"SmokeBomb"},{"floor":4,"key":"SpeedPotion"},{"floor":4,"key":"Swift Potion"},{"floor":5,"key":"LiquidMemories"},{"floor":8,"key":"SkillPotion"},{"floor":10,"key":"Explosive Potion"},{"floor":16,"key":"ColorlessPotion"},{"floor":18,"key":"PowerPotion"},{"floor":20,"key":"SteroidPotion"},{"floor":28,"key":"Energy Potion"},{"floor":30,"key":"LifebloodPotion"},{"floor":33,"key":"LiquidBronze"},{"floor":35,"key":"ColorlessPotion"},{"floor":39,"key":"ColorlessPotion"},{"floor":45,"key":"Block Potion"}],"is_trial":false,"path_per_floor":["M","M","?","?","M","E","R","E","T","M","?","M","M","$","R_BF","B",null,"M","M","M","?","T","R","E","M","T","M","E","R","M","?","R","B",null,"M","?","$","T","M","R","E","M","T","E","M","M","M","?","R","B"],"character_chosen":"DEFECT","items_purchased":["Seek+1","Capacitor","Shuriken","Apotheosis"],"campfire_rested":5,"item_purchase_floors":[14,14,37,37],"current_hp_per_floor":[69,60,67,67,58,34,56,32,32,26,26,18,18,18,40,24,75,63,60,28,28,28,50,25,25,25,25,18,40,9,17,39,8,75,61,61,61,61,61,61,61,46,46,30,16,16,26,26,48,0,0],"gold":366,"neow_bonus":"NOSTALGIA","is_daily":false,"chose_seed":false,"campfire_upgraded":1,"win_rate":0.0,"timestamp":1609489365,"path_taken":["M","M","?","?","M","E","R","E","T","M","?","M","M","$","R_BF","BOSS","M","?","M","?","?","R","E","?","T","M","E","R","M","?","R","BOSS","M","?","$","?","M","R","E","M","T","E","M","?","M","?","R","BOSS"],"items_purchased_type":["Card","Card","Relic","Card"],"build_version":"2020-12-22","purchased_purges":1,"victory":false,"max_hp_per_floor":[75,75,75,75,75,75,75,75,75,75,75,75,75,75,75,75,75,75,75,75,75,75,75,75,75,75,75,75,75,75,75,75,75,75,75,75,75,75,75,75,75,75,75,75,75,75,75,75,75,75,75],"card_choices":[{"not_picked":["Rebound","ReplaySort"],"picked":"Sweeping Beam","floor":1},{"not_picked":["EmptyFist","Halt"],"picked":"Static Discharge","floor":2},{"not_picked":["Panic Button","Reprogram"],"picked":"Glacier","floor":4},{"not_picked":["Thunder Strike","FlyingSleeves"],"picked":"Streamline","floor":5},{"not_picked":["Go for the Eyes","FlyingSleeves"],"picked":"Time Bomb","floor":6},{"not_picked":["ReplayTheSpireMod:Repulse","Undo"],"picked":"BowlingBash","floor":8},{"not_picked":["Double Energy","Stack"],"picked":"Go for the Eyes","floor":10},{"not_picked":["Headbutt","Go for the Eyes"],"picked":"Leap","floor":12},{"not_picked":["Compile Driver","Redo"],"picked":"Whirlwind","floor":13},{"not_picked":["ReplayTheSpireMod:Fabricate Wheel","ReplayTheSpireMod:Omega Cannon"],"picked":"Rainbow","floor":16},{"not_picked":["Hologram","Turbo"],"picked":"Loop","floor":18},{"not_picked":["Capacitor","Sweeping Beam"],"picked":"White Noise+1","floor":19},{"not_picked":["Coolheaded","Lockon"],"picked":"Streamline+1","floor":20},{"not_picked":["Melter","Chaos"],"picked":"Creative AI","floor":24},{"not_picked":["Hologram","hubris:Ukulele+1"],"picked":"Go for the Eyes+1","floor":25},{"not_picked":["Barrage","Ball Lightning"],"picked":"Mirror Shield","floor":27},{"not_picked":["Barrage","ReplayTheSpireMod:GoodbyeWorld"],"picked":"Melter+1","floor":28},{"not_picked":["Ball Lightning","Compile Driver"],"picked":"Barrage+1","floor":30},{"not_picked":["Creative AI","Rainbow"],"picked":"hubris:DoWhile","floor":33},{"not_picked":["Stack","Chaos"],"picked":"Lockon+1","floor":35},{"not_picked":["Ball Lightning","Stack+1"],"picked":"Core Surge","floor":39},{"not_picked":["Barrage+1","Cold Snap+1"],"picked":"Darkness+1","floor":41},{"not_picked":["Aggregate","White Noise"],"picked":"Sweeping Beam+1","floor":42},{"not_picked":["Cold Snap+1","BasicCrystalCard","Sunder+1"],"picked":"SKIP","floor":44},{"not_picked":["Ball Lightning","Creative AI"],"picked":"White Noise+1","floor":45},{"not_picked":["Gash+1","Melter","Reprogram"],"picked":"SKIP","floor":46},{"not_picked":["Gash+1","Compile Driver+1","hubris:SpecializedCircuitry"],"picked":"SKIP","floor":47}],"player_experience":514214,"relics_obtained":[{"floor":4,"key":"Tiny Chest"},{"floor":6,"key":"Turnip"},{"floor":8,"key":"aspiration:FaultyCoupler"},{"floor":9,"key":"aspiration:StickyExplosives_weak"},{"floor":22,"key":"sneckomod:BlankCard"},{"floor":24,"key":"Anchor"},{"floor":28,"key":"Pen Nib"},{"floor":36,"key":"Ring of Peace"},{"floor":36,"key":"ReplayTheSpireMod:Ring of Collecting"},{"floor":38,"key":"Incense Burner"},{"floor":41,"key":"Bronze Scales"},{"floor":43,"key":"Ring of Greed"},{"floor":43,"key":"MawBank"},{"floor":43,"key":"Replay:Wax Seal"},{"floor":43,"key":"Art of War"},{"floor":44,"key":"hexamod:BolsterEngine"}],"event_choices":[{"damage_healed":0,"gold_gain":0,"player_choice":"Forge","damage_taken":0,"max_hp_gain":0,"max_hp_loss":0,"event_name":"Accursed Blacksmith","floor":11,"gold_loss":0,"cards_upgraded":["Streamline"]}],"is_beta":false,"boss_relics":[{"not_picked":["hubris:BlackHole","Kintsugi"],"picked":"expansioncontent:StudyCardRelic"},{"not_picked":["Runic Pyramid","hubris:Stopwatch"],"picked":"aspiration:PoetsPen_weak"}],"items_purged_floors":[14],"is_endless":false,"potions_floor_spawned":[2,5,8,10,16,18,20,28,30,33,35,39,45],"killed_by":"Donu and Deca","ascension_level":3}}