{"host":"jwvz9sqego1wo43x","time":1609544115,"event":{"mods":["AchievementEnabler","BaseMod","Colored Map","Downfall","GifTheSpireLib","Minty Spire (QoL Compilation)","StSLib"],"gold_per_floor":[99,110,127,140,153,186,186,205,221,249,174,274,298,325,344,440,440,440,459,476,476,476,476,476],"floor_reached":22,"playtime":977,"items_purged":[],"score":243,"play_id":"516043c5-5b64-41a1-8cfa-45a6a992dd1b","local_time":"20210101233515","is_ascension_mode":true,"campfire_choices":[{"data":"champ:Taunt","floor":1,"key":"SMITH"},{"floor":11,"key":"REST"},{"data":"champ:PerfectForm","floor":18,"key":"SMITH"}],"circlet_count":0,"master_deck":["champ:Strike","champ:Strike","champ:Strike","champ:Strike","champ:Defend","champ:Defend","champ:Defend","champ:Defend","champ:Execute","champ:Taunt+1","Writhe","champ:RageSigil","champ:Balance","champ:VampiricStrike","champ:PreciseThrust","champ:GladiatorsShout","champ:Balance","champ:ViciousMockery","champ:RisingSlash","champ:StrikeOfGenius","champ:PerfectForm+1","champ:Aggression+1"],"relics":["champ:ChampionCrown","Prayer Wheel","Mummified Hand","Letter Opener","downfall:HeartBlessingBlue","Strawberry","Dream Catcher","Busted Crown","champ:FightingForDummies"],"acts_visited":["Exordium","TheCity"],"potions_floor_usage":[6,10,16,16,16],"damage_taken":[{"damage":7,"enemies":"2 Louse","floor":2,"turns":2},{"damage":5,"enemies":"Jaw Worm","floor":3,"turns":2},{"damage":6,"enemies":"Cultist","floor":4,"turns":4},{"damage":8,"enemies":"Large Slime","floor":5,"turns":8},{"damage":34,"enemies":"Gremlin Nob","floor":6,"turns":4},{"damage":14,"enemies":"2 Fungi Beasts","floor":8,"turns":4},{"damage":23,"enemies":"Gremlin Gang","floor":9,"turns":4},{"damage":41,"enemies":"3 Sentries","floor":10,"turns":9},{"damage":42,"enemies":"Gremlin Nob","floor":14,"turns":5},{"damage":1,"enemies":"3 Louse","floor":15,"turns":3},{"damage":38,"enemies":"downfall:Ironclad","floor":16,"turns":9},{"damage":47,"enemies":"Chosen","floor":19,"turns":5},{"damage":22,"enemies":"3 Byrds","floor":20,"turns":5},{"damage":101,"enemies":"3 Byrds","floor":22,"turns":7}],"seed_played":"-2607734083280157678","potions_obtained":[{"floor":3,"key":"Strength Potion"},{"floor":6,"key":"Block Potion"},{"floor":8,"key":"DistilledChaos"},{"floor":10,"key":"champ:CounterPotion"},{"floor":14,"key":"DuplicationPotion"},{"floor":20,"key":"CultistPotion"}],"is_trial":false,"path_per_floor":["R","M","M","M","M","E","T","M","M","E","R","?","T","E","M","B",null,"R","M","M","?","?"],"character_chosen":"THE_CHAMP","items_purchased":[],"campfire_rested":1,"item_purchase_floors":[],"current_hp_per_floor":[90,88,88,87,90,76,76,67,49,25,65,65,72,47,46,20,107,107,80,80,80,0,0,0],"gold":476,"neow_bonus":"ONE_RARE_RELIC","is_daily":false,"chose_seed":false,"campfire_upgraded":2,"win_rate":0.0,"timestamp":1609544115,"path_taken":["R","M","M","M","M","E","T","M","M","E","R","?","?","E","M","BOSS","R","?","M","?","?"],"items_purchased_type":[],"build_version":"2020-12-22","purchased_purges":0,"victory":false,"max_hp_per_floor":[90,90,90,90,90,90,90,90,90,90,100,100,107,107,107,107,107,107,107,107,107,107,107,107],"card_choices":[{"not_picked":["champ:EndlessRage","champ:BladeFlurry"],"picked":"champ:RageSigil","floor":2},{"not_picked":["champ:FalseCounter","champ:Lariat","champ:RageSigil"],"picked":"SKIP","floor":2},{"not_picked":["champ:BringItOn","champ:CrookedStrike"],"picked":"champ:Balance","floor":3},{"not_picked":["champ:GladiatorsShout","champ:FlashCut"],"picked":"champ:VampiricStrike","floor":3},{"not_picked":["champ:Backstep","champ:FocusedBerserking"],"picked":"champ:PreciseThrust","floor":4},{"not_picked":["champ:CrookedStrike","champ:FanOfKnives"],"picked":"champ:GladiatorsShout","floor":4},{"not_picked":["champ:PerfectedStrike","champ:Backstep","champ:RecklessLeap"],"picked":"SKIP","floor":5},{"not_picked":["champ:RapidStrikes","champ:Circumvent","champ:AdrenalArmor"],"picked":"SKIP","floor":5},{"not_picked":["champ:DeathBlow","champ:Backstep"],"picked":"champ:Balance","floor":6},{"not_picked":["champ:TornadoPunch","champ:GutPunch","champ:DefensiveShout"],"picked":"SKIP","floor":8},{"not_picked":["champ:Shatter","champ:GladiatorsShout","champ:Backstep"],"picked":"SKIP","floor":8},{"not_picked":["champ:CrookedStrike","champ:SteelEdge"],"picked":"champ:ViciousMockery","floor":9},{"not_picked":["champ:FlashCut","champ:FanOfKnives","champ:GladiatorsShout"],"picked":"SKIP","floor":9},{"not_picked":["champ:FanOfKnives","champ:FaceSlap","champ:DefensiveShout"],"picked":"SKIP","floor":10},{"not_picked":["champ:Backstep","champ:Balance"],"picked":"champ:RisingSlash","floor":14},{"not_picked":["champ:FlashCut","champ:RageSigil"],"picked":"champ:StrikeOfGenius","floor":15},{"not_picked":["champ:Control","champ:Circumvent","champ:SkillfulDodge"],"picked":"SKIP","floor":15},{"not_picked":["champ:ShieldSlam","champ:HeavySlash"],"picked":"champ:PerfectForm","floor":16},{"not_picked":[],"picked":"champ:Aggression+1","floor":19},{"not_picked":["champ:Balance"],"picked":"SKIP","floor":19},{"not_picked":["champ:CrookedStrike+1"],"picked":"SKIP","floor":20},{"not_picked":["champ:PerfectedStrike"],"picked":"SKIP","floor":20}],"player_experience":496258,"relics_obtained":[{"floor":6,"key":"Mummified Hand"},{"floor":10,"key":"Letter Opener"},{"floor":13,"key":"Strawberry"},{"floor":14,"key":"Dream Catcher"}],"event_choices":[],"is_beta":false,"boss_relics":[{"not_picked":["Coffee Dripper","Runic Dome"],"picked":"Busted Crown"}],"items_purged_floors":[],"is_endless":false,"potions_floor_spawned":[3,6,8,10,14,20],"killed_by":"3 Byrds","ascension_level":1}}