{"host":"ko4b5atusvmax52d","time":1609516882,"event":{"mods":["AchievementEnabler","Act Like it!","BaseMod","Better Third Choice","BetterRewards","Friendly Minions","Hermit","Hubris","Marisa????????","Minty Spire (QoL Compilation)","Permanent Neow","Prisma Mod","Quick Restart","Rare Cards Sparkle","Shade Mod","Spicy Shops","Spikes Relics","StSLib","SuperFastMode","The Animator","The Bug Knight","The Runesmith","vexMod"],"gold_per_floor":[290,565,591,614,637,637,544,544,593,603,603],"floor_reached":10,"playtime":308,"items_purged":[],"score":58,"play_id":"a577e301-c00c-45d7-91be-fd03eee45347","local_time":"20210101170122","is_ascension_mode":false,"campfire_choices":[{"data":"animator:Shimakaze","floor":6,"key":"SMITH"},{"floor":8,"key":"REST"}],"circlet_count":0,"master_deck":["animator:Strike_Kancolle","animator:Defend_Kancolle","animator:Shimakaze+1","animator:Saitama","animator:Shuna","Regret","animator:ElricEdward","animator:ElricEdward","animator:Strike_HitsugiNoChaika","animator:Strike_Overlord","animator:Strike_Fate","animator:Defend_AccelWorld","animator:Defend_FullmetalAlchemist","animator:Defend_NoGameNoLife"],"relics":["animator:LivingPicture","animator:TheMissingPiece","animator:PurgingStone"],"acts_visited":["Exordium"],"potions_floor_usage":[],"damage_taken":[{"damage":5,"enemies":"Jaw Worm","floor":1,"turns":6},{"damage":8,"enemies":"Cultist","floor":3,"turns":6},{"damage":7,"enemies":"Small Slimes","floor":4,"turns":4},{"damage":10,"enemies":"3 Louse","floor":5,"turns":5},{"damage":14,"enemies":"3 Sentries","floor":10,"turns":4}],"seed_played":"7123002042745747294","potions_obtained":[{"floor":5,"key":"DuplicationPotion"}],"is_trial":false,"path_per_floor":["M","?","M","M","M","R","?","R","T","E"],"character_chosen":"THE_ANIMATOR","items_purchased":[],"campfire_rested":1,"item_purchase_floors":[],"current_hp_per_floor":[43,43,35,28,18,18,18,37,37,23,23],"gold":603,"neow_bonus":"THREE_RARE_CARDS","is_daily":false,"chose_seed":false,"campfire_upgraded":1,"win_rate":0.0,"timestamp":1609516882,"path_taken":["M","?","?","M","M","R","?","R","T","E"],"items_purchased_type":[],"build_version":"2020-12-22","purchased_purges":0,"victory":false,"max_hp_per_floor":[66,66,66,66,66,66,66,66,66,66,66],"card_choices":[{"not_picked":["animator:Greed","animator:Rimuru"],"picked":"animator:Saitama","floor":0},{"not_picked":["animator:Alexander","animator:DolaCouronne"],"picked":"animator:Shuna","floor":1},{"not_picked":["animator:SakuraMatou","animator:YunYun"],"picked":"animator:ElricEdward","floor":3},{"not_picked":["animator:Scar","animator:MaesHughes"],"picked":"animator:ElricEdward","floor":4}],"player_experience":266070,"relics_obtained":[],"event_choices":[{"damage_healed":0,"gold_gain":275,"player_choice":"Desecrate","damage_taken":0,"max_hp_gain":0,"max_hp_loss":0,"event_name":"Golden Shrine","floor":2,"gold_loss":0,"cards_obtained":["Regret"]}],"is_beta":false,"boss_relics":[],"items_purged_floors":[],"is_endless":false,"potions_floor_spawned":[5],"killed_by":"3 Sentries","ascension_level":0}}