{"host":"g1wmg2w41xhsnw8g","time":1609539408,"event":{"mods":["2.2 Compatiblity","Act Like it!","Aspiration","BaseMod","Better Altar","Better Match","Better Note","Better Sensory Stone","Better Skull","Better Third Choice","BetterRewards","Booster Modes","CapriCore","ChefMod","Clawfect","Colored Map","Colored Powertips","Curses Come First","Defuse TimeMaze Blight","Displayed Cursed Tome","Evolution","Friendly Minions","GifTheSpireLib","Googly Eyes","Infinite Spire","Minty Spire (QoL Compilation)","Red Circlet Mod","Relic Sorter","SCP261 Mod","Shop Mod","Spicy Shops","StSLib","The Sage","Transform Curses","Wandering Minibosses","????"],"gold_per_floor":[113,133,133,133,153,153,188,184,184,212,212,285,13,13,13,106,156,164,164,174,174,183,205,185,215,215,205,205],"floor_reached":27,"playtime":2098,"items_purged":["chefmod:Defend"],"score":454,"play_id":"e7a6ec23-f482-499c-b48e-11e7b336e58b","local_time":"20210101171648","is_ascension_mode":true,"campfire_choices":[{"data":"chefmod:TodaysSpecial","floor":6,"key":"SMITH"},{"data":"chefmod:DimSum","floor":11,"key":"SMITH"},{"data":"chefmod:Bruschetta","floor":15,"key":"SMITH"}],"circlet_count":0,"master_deck":["chefmod:FireUp","chefmod:FireUp","chefmod:FireUp","chefmod:Strike","chefmod:Strike","chefmod:Defend","chefmod:QuickThaw","chefmod:TodaysSpecial+1","chefmod:IcePick+1","chefmod:CandyBowl+1","chefmod:Bruschetta+1","chefmod:SearedScallops","chefmod:DimSum+1","chefmod:Julienne","chefmod:FryPan","chefmod:BaoBuns+1","chefmod:Granita","chefmod:FreezeSolid"],"relics":["chefmod:TrustyPot","EVO:Axolotl","MerchantsRug","sagemod:Singing_Vial","Juzu Bracelet","aspiration:FetidBarrel","PreservedInsect","Orichalcum","Tiny House","Bottled Lightning","Toxic Egg 2","MealTicket"],"acts_visited":["Exordium","TheCity"],"potions_floor_usage":[18,23,23,25,27],"damage_taken":[{"damage":0,"enemies":"Jaw Worm","floor":1,"turns":2},{"damage":0,"enemies":"2 Louse","floor":2,"turns":2},{"damage":0,"enemies":"Cultist","floor":5,"turns":2},{"damage":1,"enemies":"Lagavulin","floor":7,"turns":4},{"damage":0,"enemies":"Exordium Wildlife","floor":8,"turns":6},{"damage":15,"enemies":"Gremlin Nob","floor":10,"turns":4},{"damage":0,"enemies":"Slime Boss","floor":16,"turns":4},{"damage":0,"enemies":"Spheric Guardian","floor":18,"turns":4},{"damage":10,"enemies":"2 Thieves","floor":20,"turns":3},{"damage":15,"enemies":"Shelled Parasite and Fungi","floor":22,"turns":5},{"damage":7,"enemies":"Gremlin Leader","floor":23,"turns":3},{"damage":2,"enemies":"Slavers","floor":25,"turns":4},{"damage":72,"enemies":"Nightmare","floor":27,"turns":14}],"seed_played":"5829800931062341910","potions_obtained":[{"floor":7,"key":"SteroidPotion"},{"floor":16,"key":"SteroidPotion"},{"floor":17,"key":"infinitespire:BlackPotion"},{"floor":18,"key":"SCP261:SweetSwarmPotion"},{"floor":23,"key":"SkillPotion"},{"floor":24,"key":"SCP261:BlastolaColaPotion"}],"is_trial":false,"path_per_floor":["M","M","?","?","M","R","E","M","T","E","R","T","$","?","R","B",null,"M","?","M","?","M","E","?","E","T","NM"],"character_chosen":"THE_CHEF","items_purchased":["MerchantsRug","PreservedInsect","Orichalcum"],"campfire_rested":0,"item_purchase_floors":[0,13,13],"current_hp_per_floor":[68,68,68,68,68,68,67,67,67,52,52,52,52,52,52,52,81,81,81,71,91,76,69,69,67,67,0,0],"gold":205,"neow_bonus":"","is_daily":false,"chose_seed":false,"campfire_upgraded":3,"win_rate":0.0,"timestamp":1609539408,"path_taken":["M","M","?","?","M","R","E","?","T","E","R","?","$","?","R","BOSS","M","?","M","?","M","E","?","E","T","NM"],"items_purchased_type":["Relic","Relic","Relic"],"build_version":"2020-12-22","purchased_purges":1,"victory":false,"max_hp_per_floor":[76,76,76,76,76,76,76,76,76,76,76,76,76,76,76,76,81,81,81,81,91,91,91,91,91,91,91,91],"card_choices":[{"not_picked":["chefmod:SliceAndDice","chefmod:Chop"],"picked":"chefmod:IcePick","floor":1},{"not_picked":["chefmod:PotatoGratin","chefmod:Chop"],"picked":"chefmod:CandyBowl","floor":2},{"not_picked":["chefmod:FryPan","chefmod:Omelette"],"picked":"chefmod:Bruschetta","floor":5},{"not_picked":["chefmod:IceCreamCone","chefmod:BaoBuns"],"picked":"chefmod:SearedScallops","floor":7},{"not_picked":["chefmod:CapreseSalad","chefmod:ColdSteel"],"picked":"chefmod:DimSum","floor":8},{"not_picked":["chefmod:FryPan","chefmod:FreezeSolid","chefmod:DinoKale"],"picked":"Singing Bowl","floor":10},{"not_picked":["chefmod:FrozenTuna","chefmod:TwoForOne"],"picked":"chefmod:TastyDistraction","floor":16},{"not_picked":["chefmod:LocoMoco","chefmod:HotSoup"],"picked":"chefmod:Julienne","floor":17},{"not_picked":["chefmod:AlooGobi","chefmod:ZaruSoba+1"],"picked":"chefmod:FryPan","floor":18},{"not_picked":["chefmod:Sorbet+1","chefmod:PotatoGratin+1","chefmod:AlooGobi"],"picked":"Singing Bowl","floor":20},{"not_picked":["chefmod:AlooGobi","chefmod:Julienne"],"picked":"chefmod:BaoBuns+1","floor":22},{"not_picked":["chefmod:MonsterBait","chefmod:Chop"],"picked":"chefmod:Granita","floor":23},{"not_picked":["chefmod:GremlinGoulash","chefmod:NeowNuggets","chefmod:FriedLagavulin"],"picked":"Singing Bowl","floor":25},{"not_picked":["chefmod:Escargot","chefmod:BaoBuns+1"],"picked":"chefmod:FreezeSolid","floor":25}],"player_experience":845966,"relics_obtained":[{"floor":7,"key":"aspiration:DSix"},{"floor":9,"key":"sagemod:Singing_Vial"},{"floor":10,"key":"Juzu Bracelet"},{"floor":12,"key":"aspiration:FetidBarrel"},{"floor":23,"key":"Bottled Lightning"},{"floor":25,"key":"Toxic Egg 2"},{"floor":26,"key":"MealTicket"}],"event_choices":[{"cards_removed":["chefmod:Defend"],"damage_healed":0,"gold_gain":0,"player_choice":"Purged","damage_taken":0,"max_hp_gain":0,"max_hp_loss":0,"event_name":"Purifier","floor":4,"gold_loss":0},{"damage_healed":0,"gold_gain":0,"player_choice":"Grow","damage_taken":0,"max_hp_gain":0,"max_hp_loss":0,"event_name":"Living Wall","floor":14,"gold_loss":0,"cards_upgraded":["chefmod:CandyBowl"]},{"damage_healed":0,"gold_gain":0,"player_choice":"Upgraded","damage_taken":0,"max_hp_gain":0,"max_hp_loss":0,"event_name":"Upgrade Shrine","floor":19,"gold_loss":0,"cards_upgraded":["chefmod:TastyDistraction"]},{"cards_removed":["chefmod:TastyDistraction"],"damage_healed":10,"gold_gain":0,"player_choice":"Offered Rare","damage_taken":0,"max_hp_gain":10,"max_hp_loss":0,"event_name":"Bonfire Elementals","floor":21,"gold_loss":0},{"damage_healed":0,"gold_gain":0,"player_choice":"Bought 1 Potion","damage_taken":0,"max_hp_gain":0,"max_hp_loss":0,"event_name":"The Woman in Blue","floor":24,"gold_loss":0}],"is_beta":false,"boss_relics":[{"not_picked":["aspiration:SilentSkillbook","Calling Bell"],"picked":"Tiny House"}],"items_purged_floors":[13],"is_endless":false,"potions_floor_spawned":[7,16,18,23],"killed_by":"Nightmare","ascension_level":1}}