{"host":"51qmnr9isyv85d0p","time":1609515716,"event":{"mods":["AchievementEnabler","BaseMod","Colored Map","Colored Powertips","Curses Come First","Downfall","Minty Spire (QoL Compilation)","Red Circlet Mod","Relic Stats","StSLib","TestMod","vexMod"],"gold_per_floor":[99,9999,8986,9005,8247,8247,8247,8262,8278,8278,8335,8347,8361,8396,8415,8510,8510,8510,8525,7800,7800,7811,7839,7839,7839,7853,6520,6445,6463,6463,6483,6494,6599,6599,6599,6599,6599,6599,5913,5913,5913,5913,5913,5913,5913,5913,5251,5251,5251,5251],"floor_reached":51,"playtime":3207,"items_purged":["sneckomod:Defend","sneckomod:Strike","sneckomod:Strike","sneckomod:Strike","sneckomod:TailWhip"],"score":956,"play_id":"0ffc45a9-a140-49a1-bde2-8fe4bda35160","local_time":"20210101234156","is_ascension_mode":false,"campfire_choices":[{"data":"sneckomod:SnekBite","floor":1,"key":"SMITH"},{"data":"sneckomod:CheapStock","floor":10,"key":"SMITH"},{"floor":18,"key":"RECALL"},{"floor":28,"key":"REST"},{"floor":35,"key":"REST"}],"circlet_count":0,"master_deck":["sneckomod:Unknown","sneckomod:Unknown","sneckomod:UnknownVulnerable+1","sneckomod:UnknownRarePower+1","sneckomod:UnknownClassRED+1","sneckomod:UnknownUncommonAttack","sneckomod:CheapStock+1","sneckomod:Unknown0Cost+1","sneckomod:SoulExchange","sneckomod:UnknownClassRED","sneckomod:UnknownUncommonSkill","sneckomod:UnknownUncommonAttack+1","sneckomod:Unknown0Cost","sneckomod:UnknownClassGUARDIAN","sneckomod:UnknownRareSkill+1","sneckomod:SnakeSap","sneckomod:UnknownRarePower+1","sneckomod:Unknown0Cost+1","sneckomod:UnknownUncommonAttack+1","sneckomod:UnknownUncommonPower+1","sneckomod:UnknownClassSLIMEBOUND","sneckomod:Unknown0Cost","sneckomod:UnknownRareAttack+1","sneckomod:SnakeSap+1","sneckomod:UnlimitedRolls+1","sneckomod:UnknownClassSLIMEBOUND+1","sneckomod:UnknownRarePower+1","sneckomod:SoulRoll+1","sneckomod:SnekBeam+1","sneckomod:SnakeSap+1","sneckomod:UnknownUncommonAttack+1","sneckomod:UnknownRareAttack+1","sneckomod:UnknownUncommonSkill+1"],"relics":["sneckomod:SneckoSoul","testmod-TestBox","testmod-BatchProcessingSystem","vexMod:ScavengeHelm","Pen Nib","ClockworkSouvenir","vexMod:BarristanHead","testmod-TurbochargingSystem","vexMod:Cooldron","Frozen Egg 2","Potion Belt","Shuriken","Fusion Hammer","Regal Pillow","Pantograph","vexMod:PaidLearning","Toy Ornithopter","War Paint","MutagenicStrength","Molten Egg 2","sneckomod:ConfusingCodex","Chemical X","downfall:HeartBlessingRed","vexMod:MysteryBossChallenge","downfall:Hecktoplasm","Strawberry","Bag of Preparation","Guardian:BottledAnomaly","Mummified Hand","Meat on the Bone","sneckomod:LoadedDie"],"acts_visited":["Exordium","TheCity","TheBeyond"],"potions_floor_usage":[5,5,8,9,9,9,9,11,11,11,11,11,12,12,13,13,13,13,14,14,14,14,15,15,15,15,15,15,15,15,15,15,16,16,16,16,19,20,20,20,20,20,22,22,22,22,22,22,22,22,23,23,23,23,23,23,23,23,29,29,31,31,31,31,32,32,32,32,32,32,32,32,32,32,32,32,32,33,33,33,34,36,36,36,36,38,38,38,40,40,42,42,42,42,42,42,43,43,43,43,44,44,44,44,45,45,45,45,45,45,45,45,45,46,46,46,46,46,46,46,46,48,48,48,48,48,48,49,50,50,50,50,50,50,50,50,50,50,50],"damage_taken":[{"damage":0,"enemies":"Small Slimes","floor":2,"turns":2},{"damage":0,"enemies":"downfall:FleeingMerchant","floor":3,"turns":4},{"damage":1,"enemies":"Cultist","floor":4,"turns":4},{"damage":0,"enemies":"downfall:FleeingMerchant","floor":5,"turns":4},{"damage":7,"enemies":"Jaw Worm","floor":8,"turns":2},{"damage":0,"enemies":"3 Louse","floor":9,"turns":2},{"damage":0,"enemies":"3 Sentries","floor":11,"turns":4},{"damage":0,"enemies":"Blue Slaver","floor":12,"turns":2},{"damage":0,"enemies":"2 Fungi Beasts","floor":13,"turns":1},{"damage":0,"enemies":"Lagavulin","floor":14,"turns":4},{"damage":0,"enemies":"Gremlin Gang","floor":15,"turns":1},{"damage":48,"enemies":"downfall:Ironclad","floor":16,"turns":5},{"damage":5,"enemies":"Chosen","floor":19,"turns":3},{"damage":13,"enemies":"downfall:FleeingMerchant","floor":20,"turns":4},{"damage":0,"enemies":"Centurion and Healer","floor":22,"turns":5},{"damage":5,"enemies":"Book of Stabbing","floor":23,"turns":2},{"damage":9,"enemies":"Sentry and Sphere","floor":26,"turns":4},{"damage":12,"enemies":"Snecko","floor":29,"turns":2},{"damage":0,"enemies":"Snake Plant","floor":31,"turns":2},{"damage":4,"enemies":"Cultist and Chosen","floor":32,"turns":3},{"damage":3,"enemies":"downfall:Defect","floor":33,"turns":3},{"damage":0,"enemies":"3 Shapes","floor":36,"turns":2},{"damage":1,"enemies":"3 Darklings","floor":38,"turns":3},{"damage":4,"enemies":"Spire Growth","floor":40,"turns":2},{"damage":0,"enemies":"4 Shapes","floor":42,"turns":2},{"damage":3,"enemies":"Jaw Worm Horde","floor":43,"turns":2},{"damage":6,"enemies":"Transient","floor":44,"turns":5},{"damage":1,"enemies":"Spire Growth","floor":45,"turns":3},{"damage":4,"enemies":"Writhing Mass","floor":46,"turns":1},{"damage":2,"enemies":"4 Shapes","floor":48,"turns":3},{"damage":0,"enemies":"Sphere and 2 Shapes","floor":49,"turns":2},{"damage":4,"enemies":"downfall:Silent","floor":50,"turns":2}],"seed_played":"4468303701853552915","potions_obtained":[{"floor":8,"key":"EntropicBrew"},{"floor":9,"key":"EntropicBrew"},{"floor":11,"key":"EntropicBrew"},{"floor":12,"key":"EntropicBrew"},{"floor":14,"key":"EntropicBrew"},{"floor":19,"key":"EntropicBrew"},{"floor":29,"key":"EntropicBrew"},{"floor":31,"key":"EntropicBrew"},{"floor":32,"key":"EntropicBrew"},{"floor":33,"key":"EntropicBrew"},{"floor":38,"key":"EntropicBrew"},{"floor":43,"key":"EntropicBrew"},{"floor":44,"key":"EntropicBrew"},{"floor":45,"key":"EntropicBrew"},{"floor":46,"key":"EntropicBrew"}],"is_trial":false,"path_per_floor":["R","M","$","M","$","?","T","M","M","R","?","M","M","E","M","B",null,"R","M","$","?","M","E","T","?","M","$","R","M","?","M","M","B",null,"R","M","?","M","$","M","T","M","M","M","M","M","$","M","M","B",null],"character_chosen":"THE_SNECKO","items_purchased":["vexMod:ScavengeHelm","Pen Nib","ClockworkSouvenir","sneckomod:UnknownClassRED","sneckomod:UnknownUncommonAttack","sneckomod:CheapStock","Swift Potion","SpeedPotion","ColorlessPotion","vexMod:BarristanHead","testmod-TurbochargingSystem","vexMod:Cooldron","sneckomod:UnknownClassRED","Fruit Juice","Explosive Potion","Regal Pillow","Pantograph","vexMod:PaidLearning","EntropicBrew","EntropicBrew","EntropicBrew","sneckomod:UnknownUncommonPower+1","Molten Egg 2","sneckomod:ConfusingCodex","Chemical X","sneckomod:UnknownRareAttack+1","sneckomod:SnakeSap+1","EntropicBrew","EntropicBrew","EntropicBrew","Strawberry","Bag of Preparation","Guardian:BottledAnomaly","sneckomod:SnakeSap+1","Meat on the Bone","sneckomod:LoadedDie","sneckomod:UnknownRareAttack+1","EntropicBrew"],"campfire_rested":2,"item_purchase_floors":[3,3,3,3,3,3,3,3,3,5,5,5,5,5,5,20,20,20,20,20,20,20,27,27,27,27,27,27,27,27,39,39,39,39,47,47,47,47],"current_hp_per_floor":[99,100,103,103,109,109,109,103,104,104,104,105,106,107,107,84,116,116,112,115,115,116,111,111,111,103,104,122,122,114,122,123,124,124,124,124,124,123,130,131,131,131,131,131,132,132,133,133,134,134],"gold":5251,"neow_bonus":"TEN_PERCENT_HP_BONUS","is_daily":false,"chose_seed":false,"campfire_upgraded":2,"win_rate":0.0,"timestamp":1609515716,"path_taken":["R","M","$","M","$","?","T","?","M","R","?","M","M","E","M","BOSS","R","M","$","?","M","E","T","?","M","$","R","M","?","?","M","BOSS","R","M","?","M","$","M","T","M","M","M","M","M","$","M","M","BOSS"],"items_purchased_type":["Relic","Relic","Relic","Card","Card","Card","Potion","Potion","Potion","Relic","Relic","Relic","Card","Potion","Potion","Relic","Relic","Relic","Potion","Potion","Potion","Card","Relic","Relic","Relic","Card","Card","Potion","Potion","Potion","Relic","Relic","Relic","Card","Relic","Relic","Card","Potion"],"build_version":"2020-12-22","purchased_purges":5,"victory":true,"max_hp_per_floor":[99,100,103,104,110,110,110,111,112,112,112,113,114,115,115,116,116,116,117,119,119,120,120,120,120,121,122,122,122,122,122,123,124,124,124,124,124,124,131,131,131,131,131,131,132,132,133,133,134,134],"relic_stats":{"Regal Pillow":0,"counters":[32,90],"Shuriken":[35],"Mummified Hand":[40],"Pantograph":0,"Pen Nib":[22],"Bag of Preparation":[18],"Chemical X":[3],"War Paint":["sneckomod:Unknown0Cost","sneckomod:UnknownClassRED"],"obtain_stats":[{"Regal Pillow":20,"sneckomod:LoadedDie":47,"testmod-BatchProcessingSystem":0,"Bag of Preparation":39,"sneckomod:SneckoSoul":0,"ClockworkSouvenir":3,"sneckomod:ConfusingCodex":27,"Mummified Hand":41,"Pantograph":20,"Strawberry":39,"Fusion Hammer":17,"downfall:Hecktoplasm":34,"Chemical X":27,"Guardian:BottledAnomaly":39,"Potion Belt":11,"testmod-TestBox":0,"downfall:HeartBlessingRed":28,"vexMod:ScavengeHelm":3,"vexMod:MysteryBossChallenge":34,"Pen Nib":3,"vexMod:PaidLearning":20,"testmod-TurbochargingSystem":5,"Frozen Egg 2":7,"War Paint":24,"vexMod:Cooldron":5,"vexMod:BarristanHead":5,"Shuriken":14,"MutagenicStrength":25,"Molten Egg 2":27,"Toy Ornithopter":23,"Meat on the Bone":47},{"Regal Pillow":14,"sneckomod:LoadedDie":29,"testmod-BatchProcessingSystem":0,"Bag of Preparation":23,"sneckomod:SneckoSoul":0,"ClockworkSouvenir":2,"sneckomod:ConfusingCodex":17,"Mummified Hand":24,"Pantograph":14,"Strawberry":23,"Fusion Hammer":12,"downfall:Hecktoplasm":21,"Chemical X":17,"Guardian:BottledAnomaly":23,"Potion Belt":6,"testmod-TestBox":0,"downfall:HeartBlessingRed":17,"vexMod:ScavengeHelm":2,"vexMod:MysteryBossChallenge":21,"Pen Nib":2,"vexMod:PaidLearning":14,"testmod-TurbochargingSystem":4,"Frozen Egg 2":4,"War Paint":16,"vexMod:Cooldron":4,"vexMod:BarristanHead":4,"Shuriken":10,"MutagenicStrength":16,"Molten Egg 2":17,"Toy Ornithopter":16,"Meat on the Bone":29},{"Regal Pillow":42,"sneckomod:LoadedDie":83,"testmod-BatchProcessingSystem":0,"Bag of Preparation":68,"sneckomod:SneckoSoul":0,"ClockworkSouvenir":6,"sneckomod:ConfusingCodex":53,"Mummified Hand":70,"Pantograph":42,"Strawberry":68,"Fusion Hammer":35,"downfall:Hecktoplasm":63,"Chemical X":53,"Guardian:BottledAnomaly":68,"Potion Belt":18,"testmod-TestBox":0,"downfall:HeartBlessingRed":53,"vexMod:ScavengeHelm":6,"vexMod:MysteryBossChallenge":63,"Pen Nib":6,"vexMod:PaidLearning":42,"testmod-TurbochargingSystem":14,"Frozen Egg 2":14,"War Paint":49,"vexMod:Cooldron":14,"vexMod:BarristanHead":14,"Shuriken":29,"MutagenicStrength":49,"Molten Egg 2":53,"Toy Ornithopter":49,"Meat on the Bone":83}],"Toy Ornithopter":19,"Meat on the Bone":0},"card_choices":[{"not_picked":["sneckomod:DiceCrush","sneckomod:SoulDraw"],"picked":"sneckomod:UnknownVulnerable","floor":2},{"not_picked":["sneckomod:WideSting","sneckomod:SoulDraw"],"picked":"sneckomod:UnknownRarePower","floor":3},{"not_picked":["sneckomod:UnknownClassPURPLE","sneckomod:UnknownCommonSkill"],"picked":"sneckomod:Unknown0Cost","floor":4},{"not_picked":["sneckomod:DiceCrush","sneckomod:DiceBlock"],"picked":"sneckomod:SoulExchange","floor":5},{"not_picked":["sneckomod:TrashToTreasure","sneckomod:UnknownStrike"],"picked":"sneckomod:UnknownUncommonSkill","floor":8},{"not_picked":["sneckomod:UnknownCommonSkill","sneckomod:WideSting"],"picked":"sneckomod:UnknownUncommonAttack","floor":9},{"not_picked":["sneckomod:QuickBite","sneckomod:UnknownClassBLUE"],"picked":"sneckomod:Unknown0Cost","floor":12},{"not_picked":["sneckomod:UnknownUncommonAttack","sneckomod:UnknownEthereal"],"picked":"sneckomod:UnknownClassGUARDIAN","floor":13},{"not_picked":["sneckomod:QuickBite","sneckomod:DiceBoulder"],"picked":"sneckomod:UnknownRareSkill","floor":14},{"not_picked":["sneckomod:UnknownBlock","sneckomod:QuickMove"],"picked":"sneckomod:SnakeSap","floor":15},{"not_picked":["sneckomod:UnlimitedRolls+1","sneckomod:SerpentMind+1"],"picked":"sneckomod:UnknownRarePower+1","floor":16},{"not_picked":["sneckomod:QuickBite+1","sneckomod:CheapStock+1"],"picked":"sneckomod:Unknown0Cost+1","floor":19},{"not_picked":["sneckomod:DiceBlock","sneckomod:DangerNoodle"],"picked":"sneckomod:UnknownUncommonAttack+1","floor":20},{"not_picked":["sneckomod:UnknownCommonSkill","sneckomod:RainOfDice+1"],"picked":"sneckomod:UnknownClassSLIMEBOUND","floor":22},{"not_picked":["sneckomod:QuickMove","sneckomod:RainOfDice","sneckomod:MasterEye+1"],"picked":"SKIP","floor":23},{"not_picked":["sneckomod:UnknownClassBLUE","sneckomod:UnknownStrike+1"],"picked":"sneckomod:Unknown0Cost","floor":26},{"not_picked":["sneckomod:DiceBlock","sneckomod:UnknownWeak"],"picked":"sneckomod:UnlimitedRolls+1","floor":29},{"not_picked":["sneckomod:UnknownCommonAttack+1","sneckomod:DiceBoulder+1","sneckomod:IronFang+1"],"picked":"SKIP","floor":31},{"not_picked":["sneckomod:SerpentIdol","sneckomod:ImprovisedGuard"],"picked":"sneckomod:UnknownClassSLIMEBOUND+1","floor":32},{"not_picked":["sneckomod:MorePower+1","sneckomod:Mudshield+1"],"picked":"sneckomod:UnknownRarePower+1","floor":33},{"not_picked":["sneckomod:UnknownClassHEXA_GHOST_PURPLE","sneckomod:DiceCrush+1"],"picked":"sneckomod:SoulRoll+1","floor":36},{"not_picked":["sneckomod:SnakeSap+1","sneckomod:SoulDraw"],"picked":"sneckomod:SnekBeam+1","floor":38},{"not_picked":["sneckomod:DiceBlock","sneckomod:UnknownStrike+1","sneckomod:ImprovisedGuard+1"],"picked":"SKIP","floor":40},{"not_picked":["sneckomod:DiceCrush+1","sneckomod:UnknownCommonAttack+1","sneckomod:UnknownStrike+1"],"picked":"SKIP","floor":42},{"not_picked":["sneckomod:RainOfDice+1","sneckomod:UnknownVulnerable","sneckomod:Nope"],"picked":"SKIP","floor":43},{"not_picked":["sneckomod:UnknownWeak","sneckomod:SoulRoll+1","sneckomod:Nope"],"picked":"SKIP","floor":44},{"not_picked":["sneckomod:UnknownBlock+1","sneckomod:UnknownStrike+1"],"picked":"sneckomod:UnknownUncommonAttack+1","floor":45},{"not_picked":["sneckomod:DiceBoulder+1","sneckomod:SerpentMind+1","sneckomod:QuickMove+1"],"picked":"SKIP","floor":46},{"not_picked":["sneckomod:QuickMove+1","sneckomod:UnknownCommonAttack+1","sneckomod:Unknown2Cost"],"picked":"SKIP","floor":48},{"not_picked":["sneckomod:SnakeSap+1","sneckomod:DiceBlock+1"],"picked":"sneckomod:UnknownUncommonSkill+1","floor":49}],"player_experience":67295,"relics_obtained":[{"floor":7,"key":"Frozen Egg 2"},{"floor":14,"key":"Shuriken"},{"floor":23,"key":"Toy Ornithopter"},{"floor":24,"key":"War Paint"},{"floor":41,"key":"Mummified Hand"}],"event_choices":[{"cards_removed":["sneckomod:Defend"],"damage_healed":0,"gold_gain":0,"player_choice":"Purged","damage_taken":0,"max_hp_gain":0,"max_hp_loss":0,"event_name":"Purifier","floor":6,"gold_loss":0},{"damage_healed":0,"gold_gain":0,"player_choice":"Inject Mutagens","damage_taken":0,"relics_obtained":["MutagenicStrength"],"max_hp_gain":0,"max_hp_loss":0,"event_name":"Drug Dealer","floor":25,"gold_loss":0},{"cards_removed":["sneckomod:SnekBite"],"damage_healed":0,"gold_gain":0,"player_choice":"Removed Attack","damage_taken":0,"max_hp_gain":0,"max_hp_loss":0,"event_name":"Falling","floor":37,"gold_loss":0}],"is_beta":false,"boss_relics":[{"not_picked":["SacredBark","testmod-KeyOfTheVoid"],"picked":"Fusion Hammer"},{"not_picked":["testmod-IncinerationGenerator","vexMod:BigBerry"],"picked":"vexMod:MysteryBossChallenge"}],"items_purged_floors":[3,5,20,27,39],"is_endless":false,"potions_floor_spawned":[8,9,11,12,14,19,29,31,32,33,38,43,44,45,46],"ascension_level":0}}