{"host":"d8d3jqle49sogkjv","time":1609527701,"event":{"mods":["BaseMod","Colored Map","Colored Powertips","Minty Spire (QoL Compilation)","StSLib"],"gold_per_floor":[115,134,134,10,185,212,212,212,235,252,252,283,300,311,311,415,415,425,425,350,625,258,286,286,321,375,409,423,118,145,161,161,261,261,277,287,90,101,120,120,152,152,152,164,191,104,154,185,185,185,185,185,60,93,93],"floor_reached":56,"playtime":3570,"items_purged":["Regret","Defend_G+1","Strike_G+1"],"score":1757,"play_id":"472dbd50-6a7b-47be-9a66-93424baa4417","local_time":"20210101200141","is_ascension_mode":true,"campfire_choices":[{"data":"Blade Dance","floor":7.0,"key":"SMITH"},{"floor":15.0,"key":"REST"},{"data":"Phantasmal Killer","floor":24.0,"key":"SMITH"},{"data":"Footwork","floor":32,"key":"SMITH"},{"data":"Caltrops","floor":40,"key":"SMITH"},{"data":"Acrobatics","floor":42,"key":"SMITH"},{"floor":49,"key":"RECALL"},{"data":"Accuracy","floor":52,"key":"SMITH"}],"circlet_count":0,"master_deck":["Strike_G+1","Strike_G+1","Defend_G+1","Defend_G+1","Defend_G+1","Defend_G+1","Survivor","Neutralize+1","Backstab+1","Blade Dance+1","Footwork+1","Caltrops+1","Acrobatics+1","Phantasmal Killer+1","Escape Plan","Adrenaline","Noxious Fumes+1","Cloak And Dagger+1","Calculated Gamble+1","Dodge and Roll","Dodge and Roll","Backflip+1","Infinite Blades","Accuracy+1","Acrobatics","Footwork","Acrobatics"],"relics":["Ring of the Snake","NeowsBlessing","Oddly Smooth Stone","Strawberry","Torii","Busted Crown","Thread and Needle","Bag of Marbles","Ice Cream","Tiny Chest","Bronze Scales","Whetstone","Black Star","Ancient Tea Set","Art of War","Shuriken","Centennial Puzzle","Gambling Chip","Bottled Flame","Anchor","Orichalcum","Kunai"],"acts_visited":["Exordium","TheCity","TheBeyond","TheEnding"],"potions_floor_usage":[36,44,55],"damage_taken":[{"damage":0.0,"enemies":"Jaw Worm","floor":1.0,"turns":1.0},{"damage":0.0,"enemies":"2 Louse","floor":2.0,"turns":1.0},{"damage":0.0,"enemies":"Lagavulin","floor":6.0,"turns":1.0},{"damage":0.0,"enemies":"Cultist","floor":10.0,"turns":3.0},{"damage":27.0,"enemies":"Gremlin Nob","floor":12.0,"turns":4.0},{"damage":16.0,"enemies":"Exordium Wildlife","floor":13.0,"turns":5.0},{"damage":2.0,"enemies":"Red Slaver","floor":14.0,"turns":5.0},{"damage":4.0,"enemies":"The Guardian","floor":16.0,"turns":13.0},{"damage":0.0,"enemies":"Shell Parasite","floor":18.0,"turns":7.0},{"damage":26.0,"enemies":"Gremlin Leader","floor":23.0,"turns":7.0},{"damage":2.0,"enemies":"Slavers","floor":25.0,"turns":7.0},{"damage":0,"enemies":"Book of Stabbing","floor":27,"turns":6},{"damage":0,"enemies":"3 Byrds","floor":28,"turns":3},{"damage":1,"enemies":"Slavers","floor":30,"turns":6},{"damage":0,"enemies":"Centurion and Healer","floor":31,"turns":4},{"damage":10,"enemies":"Champ","floor":33,"turns":11},{"damage":0,"enemies":"3 Shapes","floor":35,"turns":5},{"damage":1,"enemies":"3 Darklings","floor":36,"turns":5},{"damage":1,"enemies":"Spire Growth","floor":38,"turns":5},{"damage":0,"enemies":"4 Shapes","floor":39,"turns":7},{"damage":9,"enemies":"Nemesis","floor":41,"turns":9},{"damage":0,"enemies":"Transient","floor":44,"turns":5},{"damage":0,"enemies":"Mind Bloom Boss Battle","floor":47,"turns":2},{"damage":0,"enemies":"Giant Head","floor":48,"turns":5},{"damage":1,"enemies":"Time Eater","floor":50,"turns":8},{"damage":12,"enemies":"Shield and Spear","floor":54,"turns":5},{"damage":29,"enemies":"The Heart","floor":55,"turns":8}],"seed_played":"4140701201282001408","potions_obtained":[{"floor":2.0,"key":"Dexterity Potion"},{"floor":6.0,"key":"Swift Potion"},{"floor":10.0,"key":"LiquidBronze"},{"floor":18.0,"key":"FairyPotion"},{"floor":27,"key":"SteroidPotion"},{"floor":28,"key":"DistilledChaos"},{"floor":30,"key":"SkillPotion"},{"floor":33,"key":"FairyPotion"},{"floor":36,"key":"Explosive Potion"},{"floor":47,"key":"GhostInAJar"}],"is_trial":false,"path_per_floor":["M","M","?","$","?","E","R","?","T","M","?","E","M","M","R","B",null,"M","?","?","?","$","E","R","E","T","E","M","$","E","M","R","B",null,"M","M","$","M","M","R","E","R","T","M","T","$","?","E","R","B",null,"R","$","E","B",null],"character_chosen":"THE_SILENT","items_purchased":["Blade Dance","Footwork","Thread and Needle","Dodge and Roll","Bronze Scales","Infinite Blades","Accuracy","Acrobatics","Footwork","Acrobatics"],"campfire_rested":1,"item_purchase_floors":[4,4,22,29,29,37,46,46,53,53],"current_hp_per_floor":[63,63,56,56,56,56,56,56,63,63,77,50,34,32,55,51,71,71,71,71,71,71,45,45,43,43,43,43,43,42,42,42,32,66,66,65,65,64,64,64,55,55,55,55,55,55,55,55,55,54,71,71,71,59,30],"gold":93,"neow_bonus":"THREE_ENEMY_KILL","is_daily":false,"chose_seed":false,"campfire_upgraded":6,"win_rate":0.0,"timestamp":1609527701,"path_taken":["M","M","?","$","?","E","R","?","T","?","?","E","M","?","R","BOSS","M","?","?","?","$","E","R","E","T","E","?","?","E","M","R","BOSS","M","M","$","M","M","R","E","R","T","?","?","$","?","E","R","BOSS","R","$","E","BOSS"],"items_purchased_type":["Card","Card","Relic","Card","Relic","Card","Card","Card","Card","Card"],"build_version":"2020-12-22","purchased_purges":3,"victory":true,"max_hp_per_floor":[70,70,70,70,70,70,70,70,77,77,77,77,77,77,77,77,77,77,77,77,77,77,77,77,77,77,77,77,77,77,77,77,77,77,77,77,77,77,77,77,77,77,77,77,77,77,77,77,77,77,77,77,77,77,77],"card_choices":[{"not_picked":["Dagger Spray","Underhanded Strike"],"picked":"Backstab","floor":1.0},{"not_picked":["Skewer","Predator","Dagger Spray"],"picked":"SKIP","floor":2.0},{"not_picked":["PiercingWail","Die Die Die"],"picked":"Caltrops","floor":6.0},{"not_picked":["Choke","Expertise"],"picked":"Acrobatics","floor":10.0},{"not_picked":["Backflip","Terror"],"picked":"Phantasmal Killer","floor":12.0},{"not_picked":["Dagger Spray","Underhanded Strike","Dagger Throw"],"picked":"SKIP","floor":13.0},{"not_picked":["Bane","Underhanded Strike"],"picked":"Escape Plan","floor":14.0},{"not_picked":["Wraith Form v2","Unload"],"picked":"Adrenaline","floor":16.0},{"not_picked":[],"picked":"Noxious Fumes+1","floor":18.0},{"not_picked":[],"picked":"Cloak And Dagger+1","floor":23.0},{"not_picked":["Distraction"],"picked":"SKIP","floor":25.0},{"not_picked":["Outmaneuver"],"picked":"SKIP","floor":27},{"not_picked":[],"picked":"Calculated Gamble+1","floor":28},{"not_picked":[],"picked":"Dodge and Roll","floor":30},{"not_picked":["Flying Knee+1"],"picked":"SKIP","floor":31},{"not_picked":[],"picked":"Backflip+1","floor":35},{"not_picked":["Underhanded Strike"],"picked":"SKIP","floor":36},{"not_picked":["Quick Slash+1"],"picked":"SKIP","floor":38},{"not_picked":["Slice+1"],"picked":"SKIP","floor":39},{"not_picked":["Deadly Poison"],"picked":"SKIP","floor":41},{"not_picked":["Sucker Punch"],"picked":"SKIP","floor":44},{"not_picked":["Sucker Punch"],"picked":"SKIP","floor":48},{"not_picked":["Endless Agony"],"picked":"SKIP","floor":54}],"player_experience":350140,"relics_obtained":[{"floor":6.0,"key":"Oddly Smooth Stone"},{"floor":9.0,"key":"Strawberry"},{"floor":12.0,"key":"Torii"},{"floor":23.0,"key":"Bag of Marbles"},{"floor":25.0,"key":"Ice Cream"},{"floor":27,"key":"Tiny Chest"},{"floor":30,"key":"Whetstone"},{"floor":41,"key":"Ancient Tea Set"},{"floor":41,"key":"Art of War"},{"floor":43,"key":"Shuriken"},{"floor":45,"key":"Centennial Puzzle"},{"floor":47,"key":"Gambling Chip"},{"floor":48,"key":"Bottled Flame"},{"floor":48,"key":"Anchor"},{"floor":54,"key":"Orichalcum"},{"floor":54,"key":"Kunai"}],"event_choices":[{"cards_removed":["Strike_G"],"damage_healed":0.0,"max_hp_gain":0.0,"max_hp_loss":0.0,"gold_gain":0.0,"event_name":"Golden Wing","player_choice":"Card Removal","floor":3.0,"gold_loss":0.0,"damage_taken":7.0},{"damage_healed":0.0,"max_hp_gain":0.0,"max_hp_loss":0.0,"gold_gain":175.0,"event_name":"Liars Game","player_choice":"AGREE","floor":5.0,"gold_loss":0.0,"damage_taken":0.0,"cards_obtained":["Doubt"]},{"cards_removed":["Doubt"],"damage_healed":0.0,"max_hp_gain":0.0,"max_hp_loss":0.0,"gold_gain":0.0,"event_name":"Fountain of Cleansing","player_choice":"Removed Curses","floor":8.0,"gold_loss":0.0,"damage_taken":0.0},{"damage_healed":14.0,"max_hp_gain":0.0,"max_hp_loss":0.0,"gold_gain":0.0,"event_name":"Wheel of Change","player_choice":"Full Heal","floor":11.0,"gold_loss":0.0,"damage_taken":0.0},{"damage_healed":0.0,"max_hp_gain":0.0,"max_hp_loss":0.0,"gold_gain":0.0,"event_name":"Back to Basics","player_choice":"Simplicity","floor":19.0,"gold_loss":0.0,"damage_taken":0.0,"cards_upgraded":["Strike_G","Strike_G","Strike_G","Strike_G","Defend_G","Defend_G","Defend_G","Defend_G","Defend_G"]},{"cards_removed":["Strike_G"],"damage_healed":0.0,"max_hp_gain":0.0,"max_hp_loss":0.0,"gold_gain":0.0,"event_name":"Beggar","player_choice":"Gave Gold","floor":20.0,"gold_loss":75.0,"damage_taken":0.0},{"damage_healed":0.0,"max_hp_gain":0.0,"max_hp_loss":0.0,"gold_gain":275.0,"event_name":"Golden Shrine","player_choice":"Desecrate","floor":21.0,"gold_loss":0.0,"damage_taken":0.0,"cards_obtained":["Regret"]},{"damage_healed":0,"gold_gain":0,"player_choice":"Fight","damage_taken":0,"max_hp_gain":0,"max_hp_loss":0,"event_name":"MindBloom","floor":47,"gold_loss":0}],"is_beta":false,"boss_relics":[{"not_picked":["Astrolabe","Pandora\u0027s Box"],"picked":"Busted Crown"},{"not_picked":["SacredBark","Tiny House"],"picked":"Black Star"}],"items_purged_floors":[22,29,37],"is_endless":false,"potions_floor_spawned":[2,6,10,18,27,28,30,33,35,36,41,47],"ascension_level":8}}