{"host":"6pfj0wha12yu6wq3","time":1609484799,"event":{"mods":["BaseMod","Colored Map","Colored Powertips","Curses Come First","DeckTracker","Minty Spire (QoL Compilation)","RNG Fix","Relic Sorter","Relic Stats","StSLib","ojb\u0027s Better Paths Mod","ojb\u0027s Info Mod"],"gold_per_floor":[18,33,49,26,26,26,42,42,69,69,69],"floor_reached":10,"playtime":727,"items_purged":[],"score":120,"play_id":"8b1e461b-c14f-43b1-ac9a-0865ad57a6e7","local_time":"20210101020639","is_ascension_mode":true,"campfire_choices":[{"data":"Flechettes","floor":6,"key":"SMITH"},{"data":"Flechettes","floor":8,"key":"SMITH"}],"circlet_count":0,"master_deck":["AscendersBane","Strike_G","Strike_G","Strike_G","Defend_G","Defend_G","Defend_G","Defend_G","Defend_G","Survivor","Neutralize","Reflex","Leg Sweep","Dash","Crippling Poison","Flechettes+1","Flechettes+1","Poisoned Stab"],"relics":["Ring of the Snake","Gambling Chip","Snake Skull"],"acts_visited":["Exordium"],"potions_floor_usage":[7,7],"damage_taken":[{"damage":0,"enemies":"2 Louse","floor":1,"turns":4},{"damage":1,"enemies":"Cultist","floor":2,"turns":5},{"damage":2,"enemies":"Jaw Worm","floor":3,"turns":10},{"damage":4,"enemies":"Exordium Thugs","floor":4,"turns":4},{"damage":0,"enemies":"Gremlin Gang","floor":7,"turns":4},{"damage":38,"enemies":"3 Sentries","floor":10,"turns":8}],"seed_played":"-503107743564161658","potions_obtained":[{"floor":1,"key":"LiquidMemories"},{"floor":2,"key":"SkillPotion"}],"is_trial":false,"path_per_floor":["M","M","M","M","?","R","M","R","T","E"],"character_chosen":"THE_SILENT","items_purchased":[],"campfire_rested":0,"item_purchase_floors":[],"current_hp_per_floor":[59,58,56,52,34,34,34,34,34,0,0],"gold":69,"neow_bonus":"TRANSFORM_TWO_CARDS","is_daily":false,"chose_seed":false,"campfire_upgraded":2,"win_rate":0.0,"timestamp":1609484799,"path_taken":["M","M","M","M","?","R","M","R","T","E"],"items_purchased_type":[],"build_version":"2020-12-22","purchased_purges":0,"victory":false,"max_hp_per_floor":[66,66,66,66,66,66,66,66,66,66,66],"relic_stats":{"counters":[6,35],"Gambling Chip":[9],"Snake Skull":[3],"obtain_stats":[{"Gambling Chip":5,"Snake Skull":9,"Ring of the Snake":0},{"Gambling Chip":4,"Snake Skull":5,"Ring of the Snake":0},{"Gambling Chip":23,"Snake Skull":27,"Ring of the Snake":0}],"Ring of the Snake":[12]},"card_choices":[{"not_picked":["Dagger Spray","Accuracy"],"picked":"Dash","floor":1},{"not_picked":["Dodge and Roll","PiercingWail"],"picked":"Crippling Poison","floor":2},{"not_picked":["Accuracy","Bane"],"picked":"Flechettes","floor":3},{"not_picked":["PiercingWail","Heel Hook"],"picked":"Flechettes","floor":4},{"not_picked":["Phantasmal Killer","Setup"],"picked":"Poisoned Stab","floor":7}],"player_experience":54707,"relics_obtained":[{"floor":9,"key":"Snake Skull"}],"event_choices":[{"damage_healed":0,"gold_gain":0,"player_choice":"Success","damage_taken":18,"relics_obtained":["Gambling Chip"],"max_hp_gain":0,"max_hp_loss":0,"event_name":"Scrap Ooze","floor":5,"gold_loss":0}],"is_beta":false,"boss_relics":[],"items_purged_floors":[],"is_endless":false,"potions_floor_spawned":[1,2,4],"killed_by":"3 Sentries","ascension_level":20}}