{"host":"851hhqouejqwzba1","time":1609487640,"event":{"mods":["BaseMod","Minty Spire (QoL Compilation)","Permanent Neow","Quick Restart","Shop Mod","StSLib","óô»ðÖ¸ÄÏ"],"gold_per_floor":[15,30,30,30,40,40,57,57,57,57,12,26,176,211,211,289,289,307,318,318,332,72,72,99,99,125,135,35,35,64,64,64,137,137,152,170,170,45,45,75,75,105,105,105,105,124,124,178,178,178],"floor_reached":51,"playtime":3253,"items_purged":["Strike_R","Doubt","Bash"],"score":1537,"play_id":"02ab5dd8-3c59-484c-9634-7791c7b5ae58","local_time":"20210101155400","is_ascension_mode":true,"campfire_choices":[{"data":"Corruption","floor":6.0,"key":"SMITH"},{"data":"Second Wind","floor":8.0,"key":"SMITH"},{"data":"Power Through","floor":10.0,"key":"SMITH"},{"data":"Armaments","floor":15.0,"key":"SMITH"},{"data":"True Grit","floor":23.0,"key":"SMITH"},{"data":"Apotheosis","floor":25.0,"key":"SMITH"},{"data":"Bloodletting","floor":32.0,"key":"SMITH"},{"data":"Body Slam","floor":41.0,"key":"SMITH"},{"data":"Flame Barrier","floor":47,"key":"SMITH"},{"data":"Flex","floor":49,"key":"SMITH"}],"circlet_count":0,"master_deck":["AscendersBane","Defend_R","Defend_R","Defend_R","Defend_R","Pummel","Second Wind+1","Flame Barrier+1","Corruption+1","Power Through+1","Barricade+1","Impervious","True Grit+1","Apotheosis+1","Body Slam+1","Bloodletting+1","Flex+1","Burning Pact","Body Slam+1","The Bomb","Second Wind+1"],"relics":["Burning Blood","Dead Branch","MealTicket","Frozen Egg 2","Runic Pyramid","Paper Frog","Orichalcum","Bag of Marbles","SlaversCollar","Shuriken","Bag of Preparation","Meat on the Bone","Red Skull"],"acts_visited":["Exordium","TheCity","TheBeyond"],"potions_floor_usage":[],"damage_taken":[{"damage":5.0,"enemies":"Cultist","floor":1.0,"turns":5.0},{"damage":0.0,"enemies":"2 Louse","floor":2.0,"turns":4.0},{"damage":13.0,"enemies":"Jaw Worm","floor":5.0,"turns":4.0},{"damage":3.0,"enemies":"Red Slaver","floor":7.0,"turns":5.0},{"damage":13.0,"enemies":"Exordium Wildlife","floor":12.0,"turns":4.0},{"damage":28.0,"enemies":"Gremlin Nob","floor":14.0,"turns":6.0},{"damage":3.0,"enemies":"Slime Boss","floor":16.0,"turns":10.0},{"damage":3.0,"enemies":"Spheric Guardian","floor":18.0,"turns":3.0},{"damage":6.0,"enemies":"3 Byrds","floor":19.0,"turns":2.0},{"damage":3.0,"enemies":"Snecko","floor":21.0,"turns":6.0},{"damage":18.0,"enemies":"Gremlin Leader","floor":24.0,"turns":7.0},{"damage":8.0,"enemies":"Centurion and Healer","floor":27.0,"turns":6.0},{"damage":3.0,"enemies":"Book of Stabbing","floor":30.0,"turns":2.0},{"damage":9.0,"enemies":"Automaton","floor":33.0,"turns":6.0},{"damage":4.0,"enemies":"3 Darklings","floor":35.0,"turns":2.0},{"damage":0.0,"enemies":"3 Shapes","floor":36.0,"turns":5.0},{"damage":9.0,"enemies":"Reptomancer","floor":40.0,"turns":3.0},{"damage":3.0,"enemies":"Giant Head","floor":42.0,"turns":2.0},{"damage":9.0,"enemies":"Transient","floor":46.0,"turns":5.0},{"damage":3,"enemies":"Donu and Deca","floor":50,"turns":2}],"seed_played":"4834104253999790027","potions_obtained":[{"floor":1.0,"key":"BloodPotion"},{"floor":5.0,"key":"LiquidMemories"},{"floor":30.0,"key":"Dexterity Potion"},{"floor":33.0,"key":"SteroidPotion"},{"floor":42.0,"key":"SkillPotion"}],"is_trial":false,"path_per_floor":["M","M","?","?","M","R","M","R","T","R","$","M","?","E","R","B",null,"M","M","?","M","$","R","E","R","T","M","$","?","E","?","R","B",null,"M","M","?","$","?","E","R","E","T","?","?","M","R","T","R","B",null],"character_chosen":"IRONCLAD","items_purchased":["Armaments","Apotheosis"],"campfire_rested":0,"item_purchase_floors":[11,22],"current_hp_per_floor":[69,75,75,75,68,68,71,71,71,71,75,68,68,46,46,49,69,72,72,68,71,75,75,63,63,63,61,75,75,75,75,75,72,74,75,75,75,75,71,68,68,71,71,71,71,68,68,68,68,71],"gold":178,"neow_bonus":"ONE_RARE_RELIC","is_daily":false,"chose_seed":false,"campfire_upgraded":10,"win_rate":0.0,"timestamp":1609487640,"path_taken":["M","M","?","?","M","R","?","R","T","R","?","M","?","E","R","BOSS","M","M","?","?","$","R","E","R","T","M","$","?","E","?","R","BOSS","M","M","?","$","?","E","R","E","T","?","?","M","R","?","R","BOSS"],"items_purchased_type":["Card","Card"],"build_version":"2020-12-22","purchased_purges":3,"victory":true,"max_hp_per_floor":[75,75,75,75,75,75,75,75,75,75,75,75,75,75,75,75,75,75,75,75,75,75,75,75,75,75,75,75,75,75,75,75,75,75,75,75,75,75,71,71,71,71,71,71,71,71,71,71,71,71],"card_choices":[{"not_picked":["Disarm","Wild Strike"],"picked":"Pummel","floor":1.0},{"not_picked":["Perfected Strike","Iron Wave"],"picked":"Second Wind","floor":2.0},{"not_picked":["Shrug It Off","Perfected Strike"],"picked":"Corruption","floor":5.0},{"not_picked":["Second Wind","Clash"],"picked":"Power Through","floor":7.0},{"not_picked":["Headbutt","Flame Barrier","Sword Boomerang"],"picked":"SKIP","floor":12.0},{"not_picked":["Cleave","Clash"],"picked":"Barricade+1","floor":14.0},{"not_picked":["Reaper","Exhume"],"picked":"Impervious","floor":16.0},{"not_picked":["Perfected Strike","Warcry","Cleave"],"picked":"SKIP","floor":18.0},{"not_picked":["Impervious","Pommel Strike"],"picked":"True Grit","floor":19.0},{"not_picked":["Hemokinesis","Armaments","Infernal Blade"],"picked":"SKIP","floor":21.0},{"not_picked":["Warcry","True Grit"],"picked":"Body Slam+1","floor":24.0},{"not_picked":["Searing Blow","Reckless Charge"],"picked":"Bloodletting","floor":27.0},{"not_picked":["Dark Embrace+1","Headbutt","Twin Strike"],"picked":"SKIP","floor":30.0},{"not_picked":["Armaments","Sword Boomerang"],"picked":"Body Slam","floor":35.0},{"not_picked":["Twin Strike","Wild Strike+1","True Grit"],"picked":"SKIP","floor":36.0},{"not_picked":["PanicButton","Panacea"],"picked":"The Bomb","floor":37.0},{"not_picked":["Bludgeon","Headbutt"],"picked":"Second Wind+1","floor":40.0},{"not_picked":["Bludgeon","Intimidate","Uppercut+1"],"picked":"SKIP","floor":42.0},{"not_picked":["Sword Boomerang","Ghostly Armor+1","Iron Wave"],"picked":"SKIP","floor":46.0}],"player_experience":288685,"relics_obtained":[{"floor":9.0,"key":"MealTicket"},{"floor":14.0,"key":"Frozen Egg 2"},{"floor":24.0,"key":"Paper Frog"},{"floor":26.0,"key":"Orichalcum"},{"floor":30.0,"key":"Bag of Marbles"},{"floor":40.0,"key":"Shuriken"},{"floor":42.0,"key":"Bag of Preparation"},{"floor":43.0,"key":"Meat on the Bone"},{"floor":48,"key":"Red Skull"}],"event_choices":[{"damage_healed":0.0,"max_hp_gain":0.0,"max_hp_loss":0.0,"gold_gain":0.0,"cards_transformed":["Strike_R"],"event_name":"Living Wall","player_choice":"Change","floor":3.0,"gold_loss":0.0,"damage_taken":0.0,"cards_obtained":["Flame Barrier"]},{"cards_removed":["Strike_R"],"damage_healed":0.0,"max_hp_gain":0.0,"max_hp_loss":0.0,"gold_gain":0.0,"event_name":"Bonfire Elementals","player_choice":"Offered Basic","floor":4.0,"gold_loss":0.0,"damage_taken":0.0},{"damage_healed":0.0,"max_hp_gain":0.0,"max_hp_loss":0.0,"gold_gain":150.0,"event_name":"Liars Game","player_choice":"AGREE","floor":13.0,"gold_loss":0.0,"damage_taken":0.0,"cards_obtained":["Doubt"]},{"damage_healed":0.0,"max_hp_gain":0.0,"max_hp_loss":0.0,"gold_gain":0.0,"event_name":"The Woman in Blue","player_choice":"Bought 0 Potions","floor":20.0,"gold_loss":0.0,"damage_taken":0.0},{"damage_healed":15.0,"max_hp_gain":0.0,"max_hp_loss":0.0,"gold_gain":0.0,"event_name":"The Library","player_choice":"Heal","floor":29.0,"gold_loss":0.0,"damage_taken":0.0},{"damage_healed":0.0,"max_hp_gain":0.0,"max_hp_loss":0.0,"gold_gain":0.0,"cards_transformed":["Strike_R","Strike_R"],"event_name":"Drug Dealer","player_choice":"Became Test Subject","floor":31.0,"gold_loss":0.0,"damage_taken":0.0,"cards_obtained":["Flex","Burning Pact"]},{"damage_healed":0.0,"max_hp_gain":0.0,"max_hp_loss":0.0,"gold_gain":0.0,"event_name":"SensoryStone","player_choice":"Memory 1","floor":37.0,"gold_loss":0.0,"damage_taken":0.0},{"damage_healed":0.0,"max_hp_gain":0.0,"max_hp_loss":4.0,"gold_gain":0.0,"event_name":"Winding Halls","player_choice":"Max HP","floor":39.0,"gold_loss":0.0,"damage_taken":0.0},{"damage_healed":0.0,"max_hp_gain":0.0,"max_hp_loss":0.0,"gold_gain":0.0,"event_name":"Tomb of Lord Red Mask","player_choice":"Ignored","floor":44.0,"gold_loss":0.0,"damage_taken":0.0},{"cards_removed":["Armaments"],"damage_healed":0.0,"max_hp_gain":0.0,"max_hp_loss":0.0,"gold_gain":0.0,"event_name":"Falling","player_choice":"Removed Skill","floor":45.0,"gold_loss":0.0,"damage_taken":0.0}],"is_beta":false,"boss_relics":[{"not_picked":["Empty Cage","Cursed Key"],"picked":"Runic Pyramid"},{"not_picked":["Busted Crown","Black Blood"],"picked":"SlaversCollar"}],"items_purged_floors":[22,28,38],"is_endless":false,"potions_floor_spawned":[1,5,18,30,33,42],"ascension_level":15}}