{"host":"ygfasg9u7olr7skw","time":1609542696,"event":{"mods":["AchievementEnabler","BaseMod","Better Note","Better Vampires","Colored Powertips","Minty Spire (QoL Compilation)","Replay The Spire","Spicy Shops","StSLib","The IronCluck"],"gold_per_floor":[109,109,7,20,20,20,36,93,93,112,112,87,99,116,116,212,212],"floor_reached":16,"playtime":1560,"items_purged":["Doubt","Biased Cognition"],"score":156,"play_id":"50f1f33a-b912-49f9-ad94-0fb9ed90873f","local_time":"20210101181136","is_ascension_mode":true,"campfire_choices":[{"data":"Cold Snap","floor":6,"key":"SMITH"},{"floor":15,"key":"REST"}],"circlet_count":0,"master_deck":["Strike_B","Defend_B","Defend_B","Defend_B","Defend_B","Zap+1","Dualcast+1","Auto Shields+1","Scrape+1","Ball Lightning","Sweeping Beam","Go for the Eyes","Cold Snap+1","Go for the Eyes","Beam Cell","ReplayTheSpireMod:Faulty Equipment"],"relics":["Astrolabe","Question Card","FossilizedHelix","Iron Hammer","ReplayTheSpireMod:CursedCoin"],"acts_visited":["Exordium"],"potions_floor_usage":[],"damage_taken":[{"damage":0,"enemies":"Small Slimes","floor":1,"turns":3},{"damage":0,"enemies":"Jaw Worm","floor":4,"turns":3},{"damage":0,"enemies":"2 Louse","floor":7,"turns":2},{"damage":0,"enemies":"Gremlin Nob","floor":8,"turns":4},{"damage":0,"enemies":"Large Slime","floor":10,"turns":4},{"damage":0,"enemies":"Looter","floor":13,"turns":3},{"damage":0,"enemies":"2 Fungi Beasts","floor":14,"turns":3},{"damage":5,"enemies":"Fading Forest","floor":16,"turns":11}],"seed_played":"-6022140028666872653","potions_obtained":[{"floor":7,"key":"Weak Potion"},{"floor":10,"key":"Venom Potion"},{"floor":13,"key":"Milkshake"}],"is_trial":false,"path_per_floor":["M","?","$","M","?","R","M","?","T","M","?","$","M","M","R","B"],"character_chosen":"DEFECT","items_purchased":["Sweeping Beam","Go for the Eyes","ReplayTheSpireMod:CursedCoin"],"campfire_rested":1,"item_purchase_floors":[3,3,12],"current_hp_per_floor":[75,75,75,75,68,68,68,68,68,68,53,53,53,53,75,70,70],"gold":212,"neow_bonus":"BOSS_RELIC","is_daily":false,"chose_seed":false,"campfire_upgraded":1,"win_rate":0.0,"timestamp":1609542696,"path_taken":["M","?","$","M","?","R","M","?","T","M","?","?","M","M","R","BOSS"],"items_purchased_type":["Card","Card","Relic"],"build_version":"2020-12-22","purchased_purges":2,"victory":false,"max_hp_per_floor":[75,75,75,75,75,75,75,75,75,75,75,75,75,75,75,75,75],"card_choices":[{"not_picked":["Compile Driver","BasicCrystalCard"],"picked":"Ball Lightning","floor":1},{"not_picked":["Steam Power","Rebound"],"picked":"Cold Snap","floor":4},{"not_picked":["Streamline","Storm","Double Energy"],"picked":"Go for the Eyes","floor":7},{"not_picked":["Hologram","Storm","Compile Driver"],"picked":"Beam Cell","floor":10},{"not_picked":["Undo","Self Repair","Turbo","BasicCrystalCard"],"picked":"SKIP","floor":13},{"not_picked":["Stack","Conserve Battery","BasicCrystalCard","Go for the Eyes"],"picked":"SKIP","floor":14}],"player_experience":199621,"relics_obtained":[{"floor":9,"key":"Iron Hammer"}],"event_choices":[{"damage_healed":0,"gold_gain":0,"cards_transformed":["Reprogram"],"player_choice":"Change","damage_taken":0,"max_hp_gain":0,"max_hp_loss":0,"event_name":"Living Wall","floor":2,"gold_loss":0,"cards_obtained":["Biased Cognition"]},{"damage_healed":0,"gold_gain":0,"player_choice":"Success","damage_taken":7,"relics_obtained":["Question Card"],"max_hp_gain":0,"max_hp_loss":0,"event_name":"Scrap Ooze","floor":5,"gold_loss":0},{"damage_healed":0,"gold_gain":30,"player_choice":"Searched \u00273\u0027 times","damage_taken":0,"relics_obtained":["FossilizedHelix"],"max_hp_gain":0,"max_hp_loss":0,"event_name":"Dead Adventurer","floor":8,"gold_loss":0},{"damage_healed":0,"gold_gain":0,"player_choice":"Entered Light","damage_taken":15,"max_hp_gain":0,"max_hp_loss":0,"event_name":"Shining Light","floor":11,"gold_loss":0,"cards_upgraded":["Zap","Dualcast"]}],"is_beta":false,"boss_relics":[],"items_purged_floors":[12,12],"is_endless":false,"potions_floor_spawned":[7,10,13,14],"killed_by":"Fading Forest","ascension_level":2}}