{"host":"u2zgzag0koeblr9v","time":1609461303,"event":{"mods":["AchievementEnabler","BaseMod","Colored Map","Key Reminder","Minty Spire (QoL Compilation)"],"gold_per_floor":[109,109,59,59,59,99,99,99,99],"floor_reached":8,"playtime":152,"items_purged":[],"score":81,"play_id":"cf6dad5a-228f-4abc-9863-70d0b1f96ed1","local_time":"20201231193503","is_ascension_mode":true,"campfire_choices":[{"data":"TalkToTheHand","floor":7,"key":"SMITH"}],"circlet_count":0,"master_deck":["AscendersBane","Strike_P","Strike_P","Strike_P","Strike_P","Defend_P","Defend_P","Eruption","Vigilance","TalkToTheHand+1","Sanctity"],"relics":["Philosopher\u0027s Stone","Golden Idol","Oddly Smooth Stone"],"acts_visited":["Exordium"],"potions_floor_usage":[],"damage_taken":[{"damage":16,"enemies":"Jaw Worm","floor":1,"turns":2},{"damage":14,"enemies":"Lagavulin","floor":6,"turns":7},{"damage":22,"enemies":"Gremlin Nob","floor":8,"turns":2}],"seed_played":"-2217703579804136386","potions_obtained":[],"is_trial":false,"path_per_floor":["M","?","?","?","$","E","R","E"],"character_chosen":"WATCHER","items_purchased":[],"campfire_rested":0,"item_purchase_floors":[],"current_hp_per_floor":[49,42,42,24,24,10,10,0,0],"gold":99,"neow_bonus":"BOSS_RELIC","is_daily":false,"chose_seed":false,"campfire_upgraded":1,"win_rate":0.0,"timestamp":1609461303,"path_taken":["M","?","?","?","?","E","R","E"],"items_purchased_type":[],"build_version":"2020-12-22","purchased_purges":0,"victory":false,"max_hp_per_floor":[72,72,72,72,72,72,72,72,72],"card_choices":[{"not_picked":["Evaluate","BowlingBash"],"picked":"TalkToTheHand","floor":1},{"not_picked":["Halt","ReachHeaven"],"picked":"Sanctity","floor":6}],"player_experience":380103,"relics_obtained":[{"floor":6,"key":"Oddly Smooth Stone"}],"event_choices":[{"cards_removed":["Defend_P"],"damage_healed":0,"gold_gain":0,"player_choice":"Card Removal","damage_taken":7,"max_hp_gain":0,"max_hp_loss":0,"event_name":"Golden Wing","floor":2,"gold_loss":0},{"cards_removed":["Defend_P"],"damage_healed":0,"gold_gain":0,"player_choice":"Card Removal","damage_taken":0,"max_hp_gain":0,"max_hp_loss":0,"event_name":"The Cleric","floor":3,"gold_loss":50},{"damage_healed":0,"gold_gain":0,"player_choice":"Take Damage","damage_taken":18,"relics_obtained":["Golden Idol"],"max_hp_gain":0,"max_hp_loss":0,"event_name":"Golden Idol","floor":4,"gold_loss":0}],"is_beta":false,"boss_relics":[],"items_purged_floors":[],"is_endless":false,"potions_floor_spawned":[],"killed_by":"Gremlin Nob","ascension_level":11}}