{"host":"i19jjmeqmvseha12","time":1609472212,"event":{"mods":["BaseMod","Colored Powertips","Dota2Spire","Minty Spire (QoL Compilation)","Replay The Spire","StSLib","The Cursed"],"gold_per_floor":[111,43,54,72,72,103,121,121,144,144,144,155,155,170,170,269,269,285,304,244,244,96,131,131,108,108,108,108,108,126,151,151,262,262,284,217,271,195,195,195,212,236,263,263,43,61,0,24,24,38,38],"floor_reached":50,"playtime":1373,"items_purged":[],"score":460,"play_id":"f5def230-eceb-4414-8ab4-e543d0364b9d","local_time":"20201231193652","is_ascension_mode":false,"campfire_choices":[{"floor":11,"key":"REST"},{"floor":13,"key":"REST"},{"data":"Loop","floor":15,"key":"SMITH"},{"data":"Electrodynamics","floor":24,"key":"SMITH"},{"data":"Defragment","floor":27,"key":"SMITH"},{"floor":29,"key":"REST"},{"data":"Buffer","floor":32,"key":"SMITH"},{"data":"Creative AI","floor":40,"key":"SMITH"},{"floor":44,"key":"REST"},{"floor":49,"key":"REST"}],"circlet_count":0,"master_deck":["Strike_B+1","Strike_B+1","Strike_B","Strike_B+1","Defend_B","Defend_B+1","Defend_B","Zap+1","Dualcast+1","Buffer+1","Core Surge","Defragment+1","BasicCrystalCard+1","Loop+1","Electrodynamics+1","Ball Lightning","Defragment","Turbo+1","Machine Learning","Creative AI+1","Self Repair","Crystallizer","Loop+1","Lockon"],"relics":["Cracked Core","Gremlin Food","Busted Crown","ReplayTheSpireMod:Ring of Collecting","Lee\u0027s Waffle","Replay:Bandana","Ring of Peace","Replay:Kaleidoscope","Nloth\u0027s Gift","Dota2Spire:RefresherOrb","Counterbalance","Ring of Hypnosis","Dota2Spire:PhaseBoots","Dota2Spire:BladeMail","Red Mask"],"acts_visited":["Exordium","TheCity","TheBeyond"],"potions_floor_usage":[23,33,33,46,50],"damage_taken":[{"damage":9,"enemies":"Cultist","floor":1,"turns":4},{"damage":1,"enemies":"2 Louse","floor":3,"turns":3},{"damage":6,"enemies":"Jaw Worm","floor":4,"turns":2},{"damage":21,"enemies":"Gremlin Nob","floor":6,"turns":5},{"damage":10,"enemies":"Looter","floor":7,"turns":2},{"damage":4,"enemies":"Exordium Wildlife","floor":12,"turns":4},{"damage":11,"enemies":"Gremlin Gang","floor":14,"turns":4},{"damage":19,"enemies":"Slime Boss","floor":16,"turns":10},{"damage":20,"enemies":"Shell Parasite","floor":18,"turns":6},{"damage":20,"enemies":"2 Thieves","floor":19,"turns":3},{"damage":21,"enemies":"Gremlin Leader","floor":23,"turns":5},{"damage":0,"enemies":"Snecko","floor":30,"turns":4},{"damage":2,"enemies":"Centurion and Healer","floor":31,"turns":6},{"damage":36,"enemies":"Champ","floor":33,"turns":10},{"damage":28,"enemies":"3 Darklings","floor":35,"turns":5},{"damage":0,"enemies":"Mind Bloom Boss Battle","floor":37,"turns":8},{"damage":8,"enemies":"3 Shapes","floor":41,"turns":3},{"damage":25,"enemies":"Sphere and 2 Shapes","floor":42,"turns":6},{"damage":30,"enemies":"4 Shapes","floor":46,"turns":6},{"damage":0,"enemies":"Maw","floor":48,"turns":5},{"damage":83,"enemies":"Awakened One","floor":50,"turns":5}],"seed_played":"-5852399379699402923","potions_obtained":[{"floor":12,"key":"PowerPotion"},{"floor":14,"key":"Energy Potion"},{"floor":19,"key":"FearPotion"},{"floor":30,"key":"Languid Potion"},{"floor":33,"key":"SpeedPotion"},{"floor":37,"key":"GamblersBrew"},{"floor":46,"key":"CultistPotion"}],"is_trial":false,"path_per_floor":["M","$","M","M","?","E","M","$","T","?","R","M","R","M","R","B",null,"M","M","?","?","$","E","R","$","T","R","?","R","M","M","R","B",null,"M","$","?","$","?","R","M","M","T","R","$","M","?","M","R","B"],"character_chosen":"DEFECT","items_purchased":["Core Surge","Lee\u0027s Waffle","Ball Lightning","Self Repair","Loop","Dota2Spire:BladeMail","Lockon"],"campfire_rested":5,"item_purchase_floors":[2,22,25,36,38,45,45],"current_hp_per_floor":[66,66,65,59,59,38,28,28,28,28,50,46,68,57,57,38,75,55,35,35,35,82,61,61,61,61,61,61,82,82,80,80,44,82,54,54,61,61,61,61,60,42,42,66,66,43,43,50,74,0,0],"gold":38,"neow_bonus":"TRANSFORM_CARD","is_daily":false,"chose_seed":false,"campfire_upgraded":5,"win_rate":0.0,"timestamp":1609472212,"path_taken":["M","$","M","?","?","E","M","$","T","?","R","M","R","M","R","BOSS","M","M","?","?","?","E","R","$","T","R","?","R","?","M","R","BOSS","M","$","?","$","?","R","M","M","T","R","?","?","?","M","R","BOSS"],"items_purchased_type":["Card","Relic","Card","Card","Card","Relic","Card"],"build_version":"2020-12-22","purchased_purges":0,"victory":false,"max_hp_per_floor":[75,75,75,75,75,75,75,75,75,75,75,75,75,75,75,75,75,75,75,75,75,82,82,82,82,82,82,82,82,82,82,82,82,82,82,82,82,82,82,82,82,82,82,82,82,82,82,82,82,82,82],"card_choices":[{"not_picked":["Cold Snap","Compile Driver","Coolheaded"],"picked":"SKIP","floor":1},{"not_picked":["Coolheaded","ReplayTheSpireMod:System Scan"],"picked":"Defragment","floor":3},{"not_picked":["Compile Driver","Steam"],"picked":"BasicCrystalCard","floor":4},{"not_picked":["Compile Driver","Melter"],"picked":"Loop","floor":6},{"not_picked":["Rebound","Reinforced Body","Cold Snap"],"picked":"SKIP","floor":7},{"not_picked":["Aggregate","Sweeping Beam","Leap"],"picked":"SKIP","floor":12},{"not_picked":["Gash","Cold Snap","Coolheaded"],"picked":"SKIP","floor":14},{"not_picked":["Thunder Strike","Hyperbeam"],"picked":"Electrodynamics","floor":16},{"not_picked":["Panic Button"],"picked":"SKIP","floor":18},{"not_picked":["BasicCrystalCard"],"picked":"SKIP","floor":19},{"not_picked":["Rebound"],"picked":"SKIP","floor":23},{"not_picked":[],"picked":"Defragment","floor":30},{"not_picked":[],"picked":"Turbo+1","floor":31},{"not_picked":[],"picked":"Machine Learning","floor":33},{"not_picked":[],"picked":"Creative AI","floor":35},{"not_picked":[],"picked":"Crystallizer","floor":37},{"not_picked":["ReplaySolidLightProjector"],"picked":"SKIP","floor":41},{"not_picked":["Stack+1"],"picked":"SKIP","floor":42},{"not_picked":["Leap"],"picked":"SKIP","floor":46},{"not_picked":["Beam Cell"],"picked":"SKIP","floor":48}],"player_experience":124377,"relics_obtained":[{"floor":6,"key":"Gremlin Food"},{"floor":9,"key":"Whetstone"},{"floor":21,"key":"ReplayTheSpireMod:Ring of Collecting"},{"floor":23,"key":"Replay:Bandana"},{"floor":26,"key":"Ring of Peace"},{"floor":26,"key":"Replay:Kaleidoscope"},{"floor":37,"key":"Counterbalance"},{"floor":43,"key":"Ring of Hypnosis"},{"floor":43,"key":"Dota2Spire:PhaseBoots"}],"event_choices":[{"damage_healed":0,"gold_gain":0,"player_choice":"Traded Relic","damage_taken":0,"relics_obtained":["Nloth\u0027s Gift"],"max_hp_gain":0,"max_hp_loss":0,"event_name":"N\u0027loth","floor":28,"relics_lost":["Whetstone"],"gold_loss":0},{"damage_healed":0,"gold_gain":0,"player_choice":"Fight","damage_taken":0,"max_hp_gain":0,"max_hp_loss":0,"event_name":"MindBloom","floor":37,"gold_loss":0},{"damage_healed":0,"gold_gain":0,"player_choice":"Memory 1","damage_taken":0,"max_hp_gain":0,"max_hp_loss":0,"event_name":"SensoryStone","floor":39,"gold_loss":0},{"damage_healed":0,"gold_gain":0,"player_choice":"Paid","damage_taken":0,"relics_obtained":["Red Mask"],"max_hp_gain":0,"max_hp_loss":0,"event_name":"Tomb of Lord Red Mask","floor":47,"gold_loss":61}],"is_beta":false,"boss_relics":[{"not_picked":["Cursed Key","Astrolabe"],"picked":"Busted Crown"},{"not_picked":["ChewingGum","Nuclear Battery"],"picked":"Dota2Spire:RefresherOrb"}],"items_purged_floors":[],"is_endless":false,"potions_floor_spawned":[12,14,19,30,31,33,37,42,46],"killed_by":"Awakened One","ascension_level":0}}