{"host":"d1za9dvx43o9v494","time":1609513250,"event":{"mods":["2.2 Compatiblity","BaseMod","Better-Laid Plans","Colored Map","Downfall","Emptier Cage","Marked Mod","Minty Spire (QoL Compilation)","Permanent Neow","Robot Space Explorer","StSLib","The Caster","The Dragon Tamer","The Marked"],"gold_per_floor":[111,111,126,126,151,151,171,171,171,171,207,230,230,253,253,384,384,402,402,415,62,87,118,118,157,157,157,8,8,8,8,8,137,137,157,178,178,178,203,203,203,203],"floor_reached":41,"playtime":2289,"items_purged":["caster:strike"],"score":429,"play_id":"10f4954c-4564-4938-aa77-85ed2b1e1026","local_time":"20210101180050","is_ascension_mode":false,"campfire_choices":[{"data":"caster:Tundra","floor":6,"key":"SMITH"},{"data":"caster:defend","floor":10,"key":"SMITH"},{"data":"caster:FrostDriver","floor":15,"key":"SMITH"},{"data":"expansioncontent:DashGenerateEvil","floor":24,"key":"SMITH"},{"data":"caster:EchoingVoice","floor":27,"key":"SMITH"},{"data":"caster:Inferno","floor":32,"key":"SMITH"},{"floor":40,"key":"RECALL"}],"circlet_count":0,"master_deck":["caster:Meteor+1","caster:strike","caster:strike","caster:strike","caster:defend+1","caster:defend","caster:defend","caster:defend","caster:defend","caster:NaturalChaos+1","caster:Eruption","caster:Tundra+1","caster:Inferno+1","caster:FrostDriver+1","caster:EchoingVoice+1","caster:Tundra+1","expansioncontent:DashGenerateEvil+1","caster:FrostDriver","caster:MagicWeapon","caster:EchoingVoice"],"relics":["caster:MagicBook","Golden Idol","Vajra","Kunai","Letter Opener","SlaversCollar","Membership Card","Anchor","Potion Belt","Darkstone Periapt","HornCleat","sneckomod:BlankCard","Juzu Bracelet","MutagenicStrength","Runic Dome"],"acts_visited":["Exordium","TheCity","TheBeyond"],"potions_floor_usage":[25,41,41],"damage_taken":[{"damage":0,"enemies":"2 Louse","floor":1,"turns":2},{"damage":2,"enemies":"Cultist","floor":3,"turns":4},{"damage":0,"enemies":"Jaw Worm","floor":5,"turns":4},{"damage":3,"enemies":"Red Slaver","floor":7,"turns":4},{"damage":15,"enemies":"3 Sentries","floor":11,"turns":5},{"damage":17,"enemies":"Lots of Slimes","floor":12,"turns":4},{"damage":11,"enemies":"Large Slime","floor":14,"turns":5},{"damage":6,"enemies":"Hexaghost","floor":16,"turns":9},{"damage":27,"enemies":"Spheric Guardian","floor":18,"turns":4},{"damage":8,"enemies":"3 Byrds","floor":20,"turns":3},{"damage":9,"enemies":"Cultist and Chosen","floor":22,"turns":7},{"damage":44,"enemies":"Slavers","floor":23,"turns":6},{"damage":3,"enemies":"Book of Stabbing","floor":25,"turns":5},{"damage":64,"enemies":"Automaton","floor":33,"turns":9},{"damage":3,"enemies":"3 Shapes","floor":35,"turns":7},{"damage":28,"enemies":"3 Darklings","floor":36,"turns":5},{"damage":13,"enemies":"Jaw Worm Horde","floor":39,"turns":3},{"damage":41,"enemies":"Reptomancer","floor":41,"turns":2}],"seed_played":"-8663983602550487588","potions_obtained":[{"floor":3,"key":"BlessingOfTheForge"},{"floor":7,"key":"Ancient Potion"},{"floor":11,"key":"sneckomod:MuddlingPotion"},{"floor":23,"key":"Swift Potion"},{"floor":25,"key":"Weak Potion"},{"floor":29,"key":"EntropicBrew"},{"floor":29,"key":"Regen Potion"},{"floor":29,"key":"FairyPotion"},{"floor":33,"key":"GamblersBrew"}],"is_trial":false,"path_per_floor":["M","?","M","?","M","R","M","?","T","R","E","M","T","M","R","B",null,"M","?","M","$","M","E","R","E","T","R","$","?","$","?","R","B",null,"M","M","?","?","M","R","E"],"character_chosen":"THE_CASTER","items_purchased":["Membership Card","Anchor","expansioncontent:DashGenerateEvil","sneckomod:BlankCard","Juzu Bracelet"],"campfire_rested":0,"item_purchase_floors":[21,21,21,28,28],"current_hp_per_floor":[64,48,48,48,48,48,49,49,49,49,34,19,19,14,14,14,64,37,37,29,29,22,22,22,23,23,23,23,23,23,23,23,9,64,61,37,37,37,24,24,0,0],"gold":203,"neow_bonus":"UPGRADE_CARD","is_daily":false,"chose_seed":false,"campfire_upgraded":6,"win_rate":0.0,"timestamp":1609513250,"path_taken":["M","?","M","?","?","R","M","?","T","R","E","M","?","M","R","BOSS","M","?","?","?","M","E","R","E","T","R","$","?","?","?","R","BOSS","M","M","?","?","M","R","E"],"items_purchased_type":["Relic","Relic","Card","Relic","Relic"],"build_version":"2020-12-22","purchased_purges":1,"victory":false,"max_hp_per_floor":[64,64,64,64,64,64,64,64,64,64,64,64,64,64,64,64,64,64,64,64,64,64,64,64,64,64,64,64,64,64,64,64,64,64,64,64,64,64,64,64,64,64],"card_choices":[{"not_picked":["caster:FrigidBeam","caster:GlacialShield"],"picked":"caster:NaturalChaos","floor":1},{"not_picked":["caster:FlashSpeed","caster:LightningBolt"],"picked":"caster:Eruption","floor":3},{"not_picked":["caster:FlashFrost","caster:DiablosFlame"],"picked":"caster:Tundra","floor":5},{"not_picked":["caster:Eruption","caster:WallOfRocks","caster:Embers"],"picked":"SKIP","floor":7},{"not_picked":["caster:LAZER","caster:FrostDriver"],"picked":"caster:Inferno","floor":11},{"not_picked":["caster:PyroclasticTide","caster:WallOfThorns","caster:Unearth"],"picked":"SKIP","floor":12},{"not_picked":["caster:Fireball","caster:Discharge"],"picked":"caster:FrostDriver","floor":14},{"not_picked":["caster:GateOfBabylon","caster:Inferno"],"picked":"caster:EchoingVoice","floor":16},{"not_picked":["caster:Cryogenesis","caster:Sandstorm","caster:Discharge"],"picked":"SKIP","floor":18},{"not_picked":["caster:IcicleLance","caster:MagicResonance","caster:FrigidBeam+1"],"picked":"SKIP","floor":20},{"not_picked":["caster:MagicResonance","caster:FireWall","caster:MagicBarrier"],"picked":"SKIP","floor":22},{"not_picked":["caster:Sandstorm","caster:GlacialShield"],"picked":"caster:FrostDriver","floor":23},{"not_picked":["caster:Explosion","caster:DiamondDust","caster:FlashFrost"],"picked":"SKIP","floor":25},{"not_picked":["caster:FireWall","caster:Fireball+1","caster:LightningBolt"],"picked":"SKIP","floor":35},{"not_picked":["caster:FireWall+1","caster:AbsoluteZero+1"],"picked":"caster:MagicWeapon","floor":36},{"not_picked":["caster:MagicWeapon","caster:FrigidBeam+1","caster:Charge"],"picked":"SKIP","floor":39}],"player_experience":608993,"relics_obtained":[{"floor":11,"key":"Kunai"},{"floor":13,"key":"Letter Opener"},{"floor":23,"key":"Potion Belt"},{"floor":25,"key":"Darkstone Periapt"},{"floor":26,"key":"HornCleat"}],"event_choices":[{"damage_healed":0,"gold_gain":0,"player_choice":"Take Damage","damage_taken":16,"relics_obtained":["Golden Idol"],"max_hp_gain":0,"max_hp_loss":0,"event_name":"Golden Idol","floor":2,"gold_loss":0},{"damage_healed":0,"gold_gain":0,"player_choice":"Upgraded","damage_taken":0,"max_hp_gain":0,"max_hp_loss":0,"event_name":"Upgrade Shrine","floor":4,"gold_loss":0,"cards_upgraded":["caster:NaturalChaos"]},{"damage_healed":0,"gold_gain":0,"player_choice":"Copied","damage_taken":0,"max_hp_gain":0,"max_hp_loss":0,"event_name":"Duplicator","floor":19,"gold_loss":0,"cards_obtained":["caster:Tundra"]},{"damage_healed":0,"gold_gain":0,"player_choice":"Got Potions","damage_taken":0,"max_hp_gain":0,"max_hp_loss":0,"event_name":"Lab","floor":29,"gold_loss":0},{"damage_healed":0,"gold_gain":0,"player_choice":"Inject Mutagens","damage_taken":0,"relics_obtained":["MutagenicStrength"],"max_hp_gain":0,"max_hp_loss":0,"event_name":"Drug Dealer","floor":31,"gold_loss":0},{"damage_healed":0,"gold_gain":0,"cards_transformed":["caster:DivertFocus"],"player_choice":"Transformed","damage_taken":0,"max_hp_gain":0,"max_hp_loss":0,"event_name":"Transmorgrifier","floor":37,"gold_loss":0,"cards_obtained":["caster:EchoingVoice"]},{"damage_healed":0,"gold_gain":0,"player_choice":"Ignored","damage_taken":0,"max_hp_gain":0,"max_hp_loss":0,"event_name":"Tomb of Lord Red Mask","floor":38,"gold_loss":0}],"is_beta":false,"boss_relics":[{"not_picked":["Runic Pyramid","Black Star"],"picked":"SlaversCollar"},{"not_picked":["Sozu","expansioncontent:StudyCardRelic"],"picked":"Runic Dome"}],"items_purged_floors":[21],"is_endless":false,"potions_floor_spawned":[3,7,11,22,23,25,33,36],"killed_by":"Reptomancer","ascension_level":0}}