{"host":"vhvm1b4sel61ztfv","time":1609537277,"event":{"mods":["BaseMod","BetterRewards","Displayed Cursed Tome","Minty Spire (QoL Compilation)","Replay The Spire","StSLib","The Blue Laboratory"],"gold_per_floor":[112,81,46,62,80,80,93,15,42,65,110,122,150,179,191,305,317,340,364,119,139,156,156,156,175,201,228,228,241,91,106,106,206,256,269,16,33,33,45,45,45,45],"floor_reached":41,"playtime":2120,"items_purged":["Atom Bomb+1","Strike_G"],"score":574,"play_id":"bf0c910b-2f2a-400a-a2a7-d9d9cf2feab4","local_time":"20210101164117","is_ascension_mode":false,"campfire_choices":[{"data":"ReplayTheSpireMod:Tripwire","floor":6,"key":"SMITH"},{"data":"Storm of Steel","floor":15,"key":"SMITH"},{"floor":23,"key":"REST"},{"floor":28,"key":"REST"},{"data":"ReplayTheSpireMod:Scrap Shanks","floor":32,"key":"SMITH"},{"floor":40,"key":"REST"}],"circlet_count":0,"master_deck":["Strike_G","Strike_G+1","Strike_G+1","Strike_G","Defend_G","Defend_G+1","Defend_G","Defend_G","Defend_G","Survivor","Neutralize","Cloak And Dagger","ReplayTheSpireMod:Tripwire+1","Adrenaline+1","Slice","Underhanded Strike+1","Prepared","All Out Attack+1","Dagger Throw+1","PiercingWail+1","Storm of Steel+1","Backstab+1","Underhanded Strike+1","Blade Dance+1","Slice+1","Riddle With Holes+1","ReplayTheSpireMod:Scrap Shanks+1","Blade Dance+1","Underhanded Strike+1","Tools of the Trade","Dagger Spray+1","Accuracy","Bullet Time","Finisher+1"],"relics":["Ring of the Serpent","Orrery","Molten Egg 2","MawBank","Whetstone","Juzu Bracelet","Omamori","Red Mask","Tiny House","War Paint"],"acts_visited":["TheCity","TheBeyond"],"potions_floor_usage":[13,18,25,27,29,33,39],"damage_taken":[{"damage":0,"enemies":"Jaw Worm","floor":1,"turns":4},{"damage":0,"enemies":"Small Slimes","floor":4,"turns":2},{"damage":0,"enemies":"2 Louse","floor":5,"turns":1},{"damage":0,"enemies":"2 Fungi Beasts","floor":7,"turns":2},{"damage":0,"enemies":"3 Louse","floor":10,"turns":2},{"damage":0,"enemies":"Gremlin Nob","floor":11,"turns":3},{"damage":1,"enemies":"Large Slime","floor":13,"turns":3},{"damage":0,"enemies":"2 Fungi Beasts","floor":14,"turns":1},{"damage":23,"enemies":"Slime Boss","floor":16,"turns":5},{"damage":0,"enemies":"2 Thieves","floor":18,"turns":3},{"damage":2,"enemies":"Chosen","floor":19,"turns":2},{"damage":10,"enemies":"3 Cultists","floor":21,"turns":4},{"damage":5,"enemies":"Centurion and Healer","floor":22,"turns":5},{"damage":12,"enemies":"Shelled Parasite and Fungi","floor":25,"turns":3},{"damage":4,"enemies":"Masked Bandits","floor":27,"turns":3},{"damage":0,"enemies":"Snecko","floor":29,"turns":3},{"damage":4,"enemies":"Cultist and Chosen","floor":31,"turns":4},{"damage":62,"enemies":"Collector","floor":33,"turns":8},{"damage":45,"enemies":"3 Shapes","floor":35,"turns":3},{"damage":6,"enemies":"Orb Walker","floor":37,"turns":3},{"damage":0,"enemies":"3 Darklings","floor":39,"turns":3},{"damage":56,"enemies":"Spire Growth","floor":41,"turns":3}],"seed_played":"1075032360162859915","potions_obtained":[{"floor":7,"key":"blueLaboratory:BubblePotion"},{"floor":10,"key":"GhostInAJar"},{"floor":11,"key":"Toxic Potion"},{"floor":13,"key":"Languid Potion"},{"floor":18,"key":"blueLaboratory:CorrosionFlask"},{"floor":27,"key":"Adrenaline Potion"},{"floor":34,"key":"blueLaboratory:PyrophylliteBrew"}],"is_trial":false,"path_per_floor":["M","?","?","M","M","R","M","$","T","M","E","?","M","M","R","B",null,"M","M","$","M","M","R","?","M","T","?","R","M","$","M","R","B",null,"M","$","M","?","M","R","M"],"character_chosen":"THE_SILENT","items_purchased":["Orrery","Molten Egg 2","Underhanded Strike+1","Backstab+1","ReplayTheSpireMod:Scrap Shanks","Juzu Bracelet","Blade Dance+1","Accuracy","War Paint"],"campfire_rested":3,"item_purchase_floors":[0,0,0,8,20,20,20,30,36],"current_hp_per_floor":[52,52,69,69,69,69,69,69,69,69,69,69,68,68,68,45,70,70,68,68,58,53,70,70,58,58,54,70,70,70,66,66,4,75,30,30,24,24,24,46,0,0],"gold":45,"neow_bonus":"","is_daily":false,"chose_seed":false,"campfire_upgraded":3,"win_rate":0.0,"timestamp":1609537277,"path_taken":["M","?","?","M","M","R","M","$","T","M","E","?","M","M","R","BOSS","M","M","$","M","M","R","?","M","T","?","R","M","$","M","R","BOSS","M","$","M","?","M","R","M"],"items_purchased_type":["Relic","Relic","Card","Card","Card","Relic","Card","Card","Relic"],"build_version":"2020-12-22","purchased_purges":2,"victory":false,"max_hp_per_floor":[70,70,70,70,70,70,70,70,70,70,70,70,70,70,70,70,70,70,70,70,70,70,70,70,70,70,70,70,70,70,70,70,70,75,75,75,75,75,75,75,75,75],"card_choices":[{"not_picked":["Crippling Poison","All Out Attack"],"picked":"Cloak And Dagger","floor":0},{"not_picked":["Outmaneuver","Fluid Movement"],"picked":"ReplayTheSpireMod:Tripwire","floor":0},{"not_picked":["Flying Knee","Outmaneuver"],"picked":"Adrenaline","floor":0},{"not_picked":["PiercingWail","Dodge and Roll"],"picked":"Slice","floor":0},{"not_picked":["PiercingWail","Hidden Blade"],"picked":"All Out Attack+1","floor":1},{"not_picked":["Poisoned Stab+1","Outmaneuver"],"picked":"Dagger Throw+1","floor":4},{"not_picked":["Setup","Hidden Blade"],"picked":"PiercingWail","floor":5},{"not_picked":["Prepared","PiercingWail"],"picked":"Storm of Steel","floor":7},{"not_picked":["Setup","Accuracy"],"picked":"Underhanded Strike+1","floor":10},{"not_picked":["Eviscerate+1","Slice+1"],"picked":"Blade Dance","floor":11},{"not_picked":["Acrobatics","Dagger Throw+1"],"picked":"Slice+1","floor":13},{"not_picked":["All Out Attack+1","Leg Sweep"],"picked":"Riddle With Holes+1","floor":14},{"not_picked":["Grand Finale+1","Glass Knife+1"],"picked":"Atom Bomb+1","floor":16},{"not_picked":["PiercingWail","Slice+1","Dagger Throw+1"],"picked":"SKIP","floor":18},{"not_picked":["Deadly Poison","Expertise","Escape Plan+1"],"picked":"SKIP","floor":19},{"not_picked":["Quick Slash+1","Sucker Punch+1"],"picked":"Underhanded Strike+1","floor":21},{"not_picked":["PiercingWail","Poisoned Stab+1","Prepared+1"],"picked":"SKIP","floor":22},{"not_picked":["Prepared","Draining Mist"],"picked":"Tools of the Trade","floor":25},{"not_picked":["Flying Knee+1","PiercingWail"],"picked":"Dagger Spray+1","floor":27},{"not_picked":["Dodge and Roll","Flying Knee+1","Bane+1"],"picked":"SKIP","floor":29},{"not_picked":["Backstab+1","Poisoned Stab+1"],"picked":"Bullet Time","floor":31},{"not_picked":["Dagger Spray+1","Catalyst"],"picked":"Finisher+1","floor":34},{"not_picked":["Dagger Spray+1","Caltrops","Toxin Wave"],"picked":"SKIP","floor":35},{"not_picked":["Deflect","Dagger Spray+1","Flechettes+1"],"picked":"SKIP","floor":37},{"not_picked":["Skewer+1","Cloak And Dagger","Deflect+1"],"picked":"SKIP","floor":39}],"player_experience":104700,"relics_obtained":[{"floor":9,"key":"MawBank"},{"floor":11,"key":"Whetstone"},{"floor":26,"key":"Omamori"},{"floor":27,"key":"Red Mask"}],"event_choices":[{"damage_healed":0,"gold_gain":0,"player_choice":"Left Gold","damage_taken":0,"max_hp_gain":0,"max_hp_loss":0,"event_name":"World of Goop","floor":2,"gold_loss":31},{"damage_healed":17,"gold_gain":0,"player_choice":"Healed","damage_taken":0,"max_hp_gain":0,"max_hp_loss":0,"event_name":"The Cleric","floor":3,"gold_loss":35},{"damage_healed":0,"gold_gain":0,"player_choice":"Grow","damage_taken":0,"max_hp_gain":0,"max_hp_loss":0,"event_name":"Living Wall","floor":12,"gold_loss":0,"cards_upgraded":["Blade Dance"]},{"damage_healed":0,"gold_gain":0,"player_choice":"Ignored","damage_taken":0,"max_hp_gain":0,"max_hp_loss":0,"event_name":"Vampires","floor":24,"gold_loss":0},{"damage_healed":0,"gold_gain":0,"player_choice":"Fought Bandits","damage_taken":0,"max_hp_gain":0,"max_hp_loss":0,"event_name":"Masked Bandits","floor":27,"gold_loss":0},{"damage_healed":0,"gold_gain":0,"player_choice":"Ignored","damage_taken":0,"max_hp_gain":0,"max_hp_loss":0,"event_name":"Mysterious Sphere","floor":38,"gold_loss":0}],"is_beta":false,"boss_relics":[{"not_picked":["Coffee Dripper","Cursed Key"],"picked":"Ring of the Serpent"},{"not_picked":["Pandora\u0027s Box","Velvet Choker"],"picked":"Tiny House"}],"items_purged_floors":[30,36],"is_endless":false,"potions_floor_spawned":[7,10,11,13,18,25,27,37],"killed_by":"Spire Growth","ascension_level":0}}