{"host":"rmsq46plbpwfbxcc","time":1609526641,"event":{"mods":["AchievementEnabler","BaseMod","Colored Map","Colored Powertips","DeckTracker","KOR Keyword Fix","Minty Spire (QoL Compilation)","Permanent Neow","Quick Restart","SuperFastMode"],"gold_per_floor":[113,136,136,136,154,154,184,184,184,198,208,208,222,237,237,335,335,352,368,382,226,244,276,276,302,302,63,75,75,106,121,121,225,225,236,153,153,168,93,93,123,123,171,171,171,60,88,88,88,88],"floor_reached":51,"playtime":1208,"items_purged":["Strike_G","Strike_G","Defend_G","Strike_G","Defend_G"],"score":748,"play_id":"d5e47de5-c972-45bf-9747-f4f2aa2c1704","local_time":"20210102034401","is_ascension_mode":false,"campfire_choices":[{"data":"Blade Dance","floor":6.0,"key":"SMITH"},{"data":"Terror","floor":8.0,"key":"SMITH"},{"data":"Neutralize","floor":12.0,"key":"SMITH"},{"data":"Swift Strike","floor":15.0,"key":"SMITH"},{"data":"Flash of Steel","floor":24.0,"key":"SMITH"},{"data":"Accuracy","floor":29.0,"key":"SMITH"},{"data":"Cloak And Dagger","floor":32.0,"key":"SMITH"},{"data":"Footwork","floor":40.0,"key":"SMITH"},{"data":"Choke","floor":45,"key":"SMITH"},{"floor":49,"key":"DIG"}],"circlet_count":0,"master_deck":["Strike_G","Strike_G","Defend_G","Defend_G","Defend_G","Survivor","Neutralize+1","Blade Dance+1","Swift Strike+1","Acrobatics","Terror+1","PiercingWail","Blur","Die Die Die","Flash of Steel+1","Backstab+1","Accuracy+1","Blade Dance+1","Choke+1","Adrenaline","Well Laid Plans+1","Footwork+1","Accuracy+1","Backflip","Escape Plan+1"],"relics":["Coffee Dripper","Tiny Chest","Potion Belt","Pen Nib","WristBlade","Juzu Bracelet","Omamori","Shovel","Membership Card","Red Mask","SlaversCollar","Letter Opener","Bag of Marbles","Happy Flower","StrikeDummy","Bag of Preparation"],"acts_visited":["Exordium","TheCity","TheBeyond"],"potions_floor_usage":[47,50,50,50],"damage_taken":[{"damage":4.0,"enemies":"Cultist","floor":1.0,"turns":4.0},{"damage":3.0,"enemies":"Jaw Worm","floor":5.0,"turns":4.0},{"damage":8.0,"enemies":"Lagavulin","floor":7.0,"turns":6.0},{"damage":0.0,"enemies":"Small Slimes","floor":10.0,"turns":3.0},{"damage":1.0,"enemies":"Gremlin Gang","floor":11.0,"turns":4.0},{"damage":3.0,"enemies":"Exordium Thugs","floor":13.0,"turns":4.0},{"damage":0.0,"enemies":"Exordium Wildlife","floor":14.0,"turns":3.0},{"damage":29.0,"enemies":"Slime Boss","floor":16.0,"turns":12.0},{"damage":0.0,"enemies":"2 Thieves","floor":18.0,"turns":1.0},{"damage":0.0,"enemies":"3 Byrds","floor":19.0,"turns":4.0},{"damage":0.0,"enemies":"Snake Plant","floor":20.0,"turns":2.0},{"damage":11.0,"enemies":"Shelled Parasite and Fungi","floor":22.0,"turns":4.0},{"damage":2.0,"enemies":"Book of Stabbing","floor":23.0,"turns":4.0},{"damage":0.0,"enemies":"Centurion and Healer","floor":28.0,"turns":4.0},{"damage":0.0,"enemies":"Masked Bandits","floor":30.0,"turns":2.0},{"damage":0.0,"enemies":"Cultist and Chosen","floor":31.0,"turns":3.0},{"damage":20.0,"enemies":"Collector","floor":33.0,"turns":6.0},{"damage":0.0,"enemies":"Orb Walker","floor":35.0,"turns":1.0},{"damage":3.0,"enemies":"3 Darklings","floor":38.0,"turns":3.0},{"damage":0.0,"enemies":"Nemesis","floor":41.0,"turns":3.0},{"damage":1,"enemies":"Giant Head","floor":47,"turns":3},{"damage":3,"enemies":"Awakened One","floor":50,"turns":5}],"seed_played":"-2417149828260808362","potions_obtained":[{"floor":5.0,"key":"SteroidPotion"},{"floor":7.0,"key":"Poison Potion"},{"floor":13.0,"key":"DuplicationPotion"},{"floor":18.0,"key":"Energy Potion"},{"floor":22.0,"key":"Strength Potion"},{"floor":23.0,"key":"Dexterity Potion"},{"floor":28.0,"key":"Strength Potion"},{"floor":31.0,"key":"Swift Potion"},{"floor":38.0,"key":"SpeedPotion"},{"floor":41.0,"key":"FearPotion"}],"is_trial":false,"path_per_floor":["M","T","?","?","M","R","E","R","T","M","M","R","M","M","R","B",null,"M","M","M","$","M","E","R","T","T","$","M","R","?","M","R","B",null,"M","$","?","M","$","R","E","?","T","T","R","$","E","?","R","B",null],"character_chosen":"THE_SILENT","items_purchased":["Flash of Steel","Membership Card","Cloak And Dagger","Accuracy","Footwork","Backflip"],"campfire_rested":0,"item_purchase_floors":[21,27,27,27,36,46],"current_hp_per_floor":[66,66,66,66,63,63,55,55,55,55,54,54,51,51,51,22,70,70,70,70,70,59,57,57,57,57,57,57,57,57,57,57,37,70,70,70,70,67,67,67,67,67,67,67,67,67,66,70,70,67],"gold":88,"neow_bonus":"BOSS_RELIC","is_daily":false,"chose_seed":false,"campfire_upgraded":9,"win_rate":0.0,"timestamp":1609526641,"path_taken":["M","?","?","?","M","R","E","R","T","M","?","R","M","M","R","BOSS","M","M","M","$","M","E","R","?","T","$","M","R","?","M","R","BOSS","M","$","?","M","$","R","E","?","T","?","R","?","E","?","R","BOSS"],"items_purchased_type":["Card","Relic","Card","Card","Card","Card"],"build_version":"2020-12-22","purchased_purges":5,"victory":true,"max_hp_per_floor":[70,70,70,70,70,70,70,70,70,70,70,70,70,70,70,70,70,70,70,70,70,70,70,70,70,70,70,70,70,70,70,70,70,70,70,70,70,70,70,70,70,70,70,70,70,70,70,70,70,70],"card_choices":[{"not_picked":["Deadly Poison","Terror"],"picked":"Blade Dance","floor":1.0},{"not_picked":["Dagger Spray","Masterful Stab"],"picked":"Acrobatics","floor":5.0},{"not_picked":["Choke","Calculated Gamble"],"picked":"Terror","floor":7.0},{"not_picked":["Quick Slash","Calculated Gamble"],"picked":"PiercingWail","floor":10.0},{"not_picked":["Deadly Poison","PiercingWail"],"picked":"Blur","floor":11.0},{"not_picked":["Outmaneuver","Wraith Form v2","Distraction"],"picked":"SKIP","floor":13.0},{"not_picked":["Deflect","Expertise","All Out Attack"],"picked":"SKIP","floor":14.0},{"not_picked":["Wraith Form v2","Tools of the Trade"],"picked":"Die Die Die","floor":16.0},{"not_picked":["Dagger Spray","Deflect","Terror"],"picked":"SKIP","floor":18.0},{"not_picked":["Bane+1","Quick Slash+1","Acrobatics"],"picked":"SKIP","floor":19.0},{"not_picked":["Malaise","Dash","PiercingWail"],"picked":"SKIP","floor":20.0},{"not_picked":["Acrobatics","Dodge and Roll+1","Heel Hook"],"picked":"SKIP","floor":22.0},{"not_picked":["Tactician","Flying Knee"],"picked":"Backstab+1","floor":23.0},{"not_picked":["Bane+1","Slice+1"],"picked":"Blade Dance","floor":28.0},{"not_picked":["Flying Knee","Unload"],"picked":"Choke","floor":31.0},{"not_picked":["Corpse Explosion","Venomology"],"picked":"Adrenaline","floor":33.0},{"not_picked":["Prepared+1","Finisher"],"picked":"Well Laid Plans+1","floor":35.0},{"not_picked":["Dash","Dagger Spray"],"picked":"Accuracy+1","floor":38.0},{"not_picked":["Acrobatics","Grand Finale","Reflex"],"picked":"SKIP","floor":41.0},{"not_picked":["Cloak And Dagger","Prepared"],"picked":"Escape Plan+1","floor":47}],"player_experience":630992,"relics_obtained":[{"floor":2.0,"key":"Tiny Chest"},{"floor":7.0,"key":"Potion Belt"},{"floor":9.0,"key":"Pen Nib"},{"floor":23.0,"key":"Juzu Bracelet"},{"floor":25.0,"key":"Omamori"},{"floor":26.0,"key":"Shovel"},{"floor":30.0,"key":"Red Mask"},{"floor":41.0,"key":"Letter Opener"},{"floor":43.0,"key":"Bag of Marbles"},{"floor":44.0,"key":"Happy Flower"},{"floor":47,"key":"StrikeDummy"},{"floor":49,"key":"Bag of Preparation"}],"event_choices":[{"damage_healed":0.0,"max_hp_gain":0.0,"max_hp_loss":0.0,"gold_gain":0.0,"event_name":"Shining Light","player_choice":"Ignored","floor":3.0,"gold_loss":0.0,"damage_taken":0.0},{"damage_healed":0.0,"max_hp_gain":0.0,"max_hp_loss":0.0,"gold_gain":0.0,"event_name":"Match and Keep!","player_choice":"1 cards matched","floor":4.0,"gold_loss":0.0,"damage_taken":0.0,"cards_obtained":["Swift Strike"]},{"damage_healed":0.0,"max_hp_gain":0.0,"max_hp_loss":0.0,"gold_gain":0.0,"event_name":"Masked Bandits","player_choice":"Fought Bandits","floor":30.0,"gold_loss":0.0,"damage_taken":0.0},{"damage_healed":0.0,"max_hp_gain":0.0,"max_hp_loss":0.0,"gold_gain":0.0,"event_name":"Upgrade Shrine","player_choice":"Upgraded","floor":37.0,"gold_loss":0.0,"damage_taken":0.0,"cards_upgraded":["Blade Dance"]},{"cards_removed":["Cloak And Dagger"],"damage_healed":0.0,"max_hp_gain":0.0,"max_hp_loss":0.0,"gold_gain":0.0,"event_name":"Falling","player_choice":"Removed Skill","floor":42.0,"gold_loss":0.0,"damage_taken":0.0},{"damage_healed":18,"gold_gain":0,"player_choice":"Writhe","damage_taken":0,"max_hp_gain":0,"max_hp_loss":0,"event_name":"Winding Halls","floor":48,"gold_loss":0,"cards_obtained":["Writhe"]}],"is_beta":false,"boss_relics":[{"not_picked":["Cursed Key","Fusion Hammer"],"picked":"WristBlade"},{"not_picked":["Sozu","Philosopher\u0027s Stone"],"picked":"SlaversCollar"}],"items_purged_floors":[21,27,36,39,46],"is_endless":false,"potions_floor_spawned":[5,7,13,18,22,23,28,31,38,41],"ascension_level":0}}