{"host":"ormi09wwzv7sq47a","time":1609524168,"event":{"mods":["2.2 Compatiblity","AchievementEnabler","Act Like it!","BaseMod","Bestiary","Better Altar","Better Note","Better Sensory Stone","Better Skull","Better Third Choice","Better Vampires","BetterRewards","Block Reminder","Card Forge","Colored Map","Colored Powertips","Curses Come First","DeckTracker","Downfall","Highlight Path","Minty Spire (QoL Compilation)","Permanent Neow","Quick Restart","Rare Cards Sparkle","Relic Stats","Shop Mod","StSLib","The Jungle","The Servant 0.9.4"],"gold_per_floor":[110,110,124,124,144,144,178,15,15,28,28,28,28,28,28,105,105,123,137,37,54,54,54,81,93,93,109,23,23,57,67,67,143,143,153,153,171,224,224,224,224,224],"floor_reached":40,"playtime":1993,"items_purged":["Guardian:Strike_Guardian","Guardian:Strike_Guardian"],"score":784,"play_id":"05ad07ff-17ed-428e-91a7-29c1730032d7","local_time":"20210101150248","is_ascension_mode":true,"campfire_choices":[{"data":"Guardian:RollAttack","floor":6.0,"key":"SMITH"},{"data":"Guardian:GuardianWhirl","floor":11.0,"key":"SMITH"},{"data":"Guardian:CurlUp","floor":13.0,"key":"SMITH"},{"data":"Guardian:SentryBeam","floor":15.0,"key":"SMITH"},{"data":"Guardian:StasisField","floor":23,"key":"SMITH"},{"data":"Guardian:BronzeArmor","floor":29,"key":"SMITH"},{"data":"Guardian:TwinSlam","floor":32,"key":"SMITH"}],"circlet_count":0,"master_deck":["AscendersBane","Guardian:Defend_Guardian","Guardian:Defend_Guardian","Guardian:Defend_Guardian","Guardian:Defend_Guardian","Guardian:CurlUp+1","Guardian:TwinSlam+1","Guardian:GuardianWhirl+1","Guardian:RollAttack+1","Guardian:FloatingOrbs","Guardian:EvasiveProtocol","Guardian:SentryBeam+1","Guardian:StasisField+1","Guardian:FuturePlans","Guardian:SpikerProtocol","Guardian:BronzeArmor+1","Injury","Guardian:Repulse","Guardian:Gem_Orange","Guardian:FloatingOrbs+1","Guardian:Gem_Red","Guardian:PrismaticBarrier","Finesse","Master of Strategy"],"relics":["Guardian:ModeShifter","Hammer of Thor","Seething Fire","Anvil of the Gods","MealTicket","Toy Ornithopter","Oddly Smooth Stone","Akabeko","Mercury Hourglass","Eternal Feather","Cursed Key","MutagenicStrength","Tiny Chest","Sundial","Philosopher\u0027s Stone","StoneCalendar"],"acts_visited":["Exordium","TheCity","TheBeyond"],"potions_floor_usage":[21,24,33,33,40],"damage_taken":[{"damage":0.0,"enemies":"2 Louse","floor":1.0,"turns":2.0},{"damage":7.0,"enemies":"Cultist","floor":3.0,"turns":4.0},{"damage":8.0,"enemies":"Jaw Worm","floor":5.0,"turns":5.0},{"damage":18.0,"enemies":"3 Sentries","floor":7.0,"turns":4.0},{"damage":13.0,"enemies":"Blue Slaver","floor":10.0,"turns":4.0},{"damage":11.0,"enemies":"Slime Boss","floor":16.0,"turns":7.0},{"damage":3,"enemies":"Spheric Guardian","floor":18,"turns":4},{"damage":0,"enemies":"3 Byrds","floor":19,"turns":5},{"damage":14,"enemies":"Shelled Parasite and Fungi","floor":21,"turns":5},{"damage":10,"enemies":"Slavers","floor":24,"turns":3},{"damage":0,"enemies":"Sentry and Sphere","floor":25,"turns":4},{"damage":0,"enemies":"Centurion and Healer","floor":27,"turns":5},{"damage":5,"enemies":"Book of Stabbing","floor":30,"turns":4},{"damage":0,"enemies":"Snecko","floor":31,"turns":4},{"damage":18,"enemies":"Collector","floor":33,"turns":10},{"damage":6,"enemies":"Orb Walker","floor":35,"turns":4},{"damage":11,"enemies":"3 Shapes","floor":37,"turns":7},{"damage":46,"enemies":"2 Orb Walkers","floor":38,"turns":5},{"damage":24,"enemies":"Reptomancer","floor":40,"turns":2}],"seed_played":"-1235784102464043164","potions_obtained":[{"floor":5.0,"key":"Fire Potion"},{"floor":16.0,"key":"Block Potion"},{"floor":18,"key":"SpeedPotion"},{"floor":24,"key":"SneckoOil"},{"floor":27,"key":"EssenceOfSteel"},{"floor":38,"key":"Regen Potion"}],"is_trial":false,"path_per_floor":["M","?","M","T","M","R","E","$","T","M","R","?","R","T","R","B",null,"M","M","$","M","?","R","E","M","T","M","$","R","E","M","R","B",null,"M","?","M","?","?","E"],"character_chosen":"GUARDIAN","items_purchased":["MealTicket","Akabeko","Guardian:Repulse"],"campfire_rested":0,"item_purchase_floors":[0,8,28],"current_hp_per_floor":[65,65,58,58,50,50,37,52,52,39,39,44,44,44,50,39,68,65,65,77,63,63,72,67,67,67,67,77,77,72,72,77,59,73,67,67,56,10,10,0,0,0],"gold":224,"neow_bonus":"","is_daily":false,"chose_seed":false,"campfire_upgraded":7,"win_rate":0.0,"timestamp":1609524168,"path_taken":["M","?","?","?","M","R","E","$","T","M","R","?","R","?","R","BOSS","M","M","$","M","?","R","E","M","T","M","$","R","E","M","R","BOSS","M","?","M","?","?","E"],"items_purchased_type":["Relic","Relic","Card"],"build_version":"2020-12-22","purchased_purges":2,"victory":false,"max_hp_per_floor":[72,72,72,72,72,72,72,72,72,72,72,77,77,77,77,77,77,77,77,77,77,77,77,77,77,77,77,77,77,77,77,77,77,77,77,77,77,77,77,77,77,77],"relic_stats":{"counters":[190,863],"Sundial":[6],"MealTicket":37,"Eternal Feather":92,"Tiny Chest":0,"StoneCalendar":[0],"Cursed Key":1,"obtain_stats":[{"Calipers":30,"Gremlin Horn":26,"Nilry\u0027s Codex":25,"Vajra":31,"Hammer of Thor":0,"Ginger":0,"Sling":0,"Guardian:PickAxe":14,"Blood Vial":23,"Lizard Tail":0,"Centennial Puzzle":29,"HornCleat":22,"Sundial":30,"DollysMirror":31,"Strawberry":10,"Prayer Wheel":17,"MealTicket":0,"Philosopher\u0027s Stone":34,"Kunai":53,"Girya":10,"MerchantsRug":21,"Happy Flower":54,"Astrolabe":17,"Dead Branch":0,"Blue Candle":0,"Guardian:ModeShifter":0,"Oddly Smooth Stone":37,"Eternal Feather":9,"Pen Nib":44,"Guardian:PocketSentry":6,"War Paint":9,"Akabeko":0,"OrangePellets":0,"Bottled Flame":26,"Shuriken":26,"Anvil of the Gods":0,"Bronze Scales":0,"MutagenicStrength":22,"Pandora\u0027s Box":34,"Black Star":34,"Unceasing Top":7,"Pocketwatch":7,"Darkstone Periapt":17,"Guardian:StasisSlotReductionRelic":17,"Lantern":29,"Guardian:ModeShifterPlus":34,"Torii":12,"Guardian:StasisCodex":54,"StoneCalendar":38,"Incense Burner":7,"Bag of Preparation":21,"Juzu Bracelet":7,"Ancient Tea Set":26,"Smiling Mask":30,"Cursed Key":17,"Dream Catcher":14,"Nunchaku":0,"Mummified Hand":8,"Tiny Chest":25,"InkBottle":47,"Lee\u0027s Waffle":0,"Golden Idol":13,"PreservedInsect":17,"Omamori":46,"Seething Fire":0,"Orichalcum":43,"Frozen Egg 2":9,"Medical Kit":0,"White Beast Statue":21,"Mercury Hourglass":45,"Calling Bell":17,"Peace Pipe":0,"Guardian:StasisUpgradeRelic":53,"CaptainsWheel":9,"Anchor":9,"betterThird:SlimedRelic":2,"Turnip":0,"Bag of Marbles":48,"Art of War":48,"Bottled Lightning":26,"Membership Card":21,"hexamod:BolsterEngine":13,"FossilizedHelix":38,"Toy Ornithopter":44},{"Calipers":124,"Gremlin Horn":52,"Nilry\u0027s Codex":149,"Vajra":30,"Hammer of Thor":0,"Ginger":39,"Sling":39,"Guardian:PickAxe":24,"Blood Vial":51,"Lizard Tail":17,"Centennial Puzzle":53,"HornCleat":50,"Sundial":12,"DollysMirror":99,"Strawberry":90,"Prayer Wheel":25,"MealTicket":171,"Philosopher\u0027s Stone":186,"Kunai":109,"Girya":80,"MerchantsRug":96,"Happy Flower":110,"Astrolabe":47,"Dead Branch":111,"Blue Candle":136,"Guardian:ModeShifter":0,"Oddly Smooth Stone":32,"Eternal Feather":44,"Pen Nib":35,"Guardian:PocketSentry":44,"War Paint":69,"Akabeko":84,"OrangePellets":111,"Bottled Flame":123,"Shuriken":97,"Anvil of the Gods":0,"Bronze Scales":162,"MutagenicStrength":180,"Pandora\u0027s Box":14,"Black Star":100,"Unceasing Top":69,"Pocketwatch":116,"Darkstone Periapt":25,"Guardian:StasisSlotReductionRelic":7,"Lantern":29,"Guardian:ModeShifterPlus":55,"Torii":143,"Guardian:StasisCodex":65,"StoneCalendar":189,"Incense Burner":4,"Bag of Preparation":96,"Juzu Bracelet":168,"Ancient Tea Set":28,"Smiling Mask":99,"Cursed Key":177,"Dream Catcher":6,"Nunchaku":66,"Mummified Hand":141,"Tiny Chest":123,"InkBottle":37,"Lee\u0027s Waffle":162,"Golden Idol":5,"PreservedInsect":25,"Omamori":106,"Seething Fire":0,"Orichalcum":34,"Frozen Egg 2":89,"Medical Kit":66,"White Beast Statue":96,"Mercury Hourglass":157,"Calling Bell":25,"Peace Pipe":76,"Guardian:StasisUpgradeRelic":109,"CaptainsWheel":4,"Anchor":21,"betterThird:SlimedRelic":40,"Turnip":66,"Bag of Marbles":63,"Art of War":133,"Bottled Lightning":10,"Membership Card":96,"hexamod:BolsterEngine":45,"FossilizedHelix":58,"Toy Ornithopter":105},{"Calipers":565,"Gremlin Horn":274,"Nilry\u0027s Codex":664,"Vajra":154,"Hammer of Thor":0,"Ginger":211,"Sling":211,"Guardian:PickAxe":121,"Blood Vial":270,"Lizard Tail":91,"Centennial Puzzle":277,"HornCleat":266,"Sundial":61,"DollysMirror":485,"Strawberry":460,"Prayer Wheel":130,"MealTicket":775,"Philosopher\u0027s Stone":845,"Kunai":521,"Girya":426,"MerchantsRug":476,"Happy Flower":525,"Astrolabe":259,"Dead Branch":532,"Blue Candle":609,"Guardian:ModeShifter":0,"Oddly Smooth Stone":167,"Eternal Feather":237,"Pen Nib":184,"Guardian:PocketSentry":237,"War Paint":367,"Akabeko":446,"OrangePellets":532,"Bottled Flame":561,"Shuriken":479,"Anvil of the Gods":0,"Bronze Scales":727,"MutagenicStrength":815,"Pandora\u0027s Box":75,"Black Star":490,"Unceasing Top":367,"Pocketwatch":545,"Darkstone Periapt":130,"Guardian:StasisSlotReductionRelic":38,"Lantern":150,"Guardian:ModeShifterPlus":288,"Torii":640,"Guardian:StasisCodex":340,"StoneCalendar":861,"Incense Burner":18,"Bag of Preparation":476,"Juzu Bracelet":761,"Ancient Tea Set":145,"Smiling Mask":485,"Cursed Key":801,"Dream Catcher":28,"Nunchaku":349,"Mummified Hand":631,"Tiny Chest":561,"InkBottle":196,"Lee\u0027s Waffle":727,"Golden Idol":22,"PreservedInsect":130,"Omamori":510,"Seething Fire":0,"Orichalcum":177,"Frozen Egg 2":456,"Medical Kit":349,"White Beast Statue":476,"Mercury Hourglass":698,"Calling Bell":130,"Peace Pipe":412,"Guardian:StasisUpgradeRelic":521,"CaptainsWheel":18,"Anchor":107,"betterThird:SlimedRelic":214,"Turnip":349,"Bag of Marbles":326,"Art of War":591,"Bottled Lightning":50,"Membership Card":476,"hexamod:BolsterEngine":240,"FossilizedHelix":296,"Toy Ornithopter":504}],"Toy Ornithopter":15,"Mercury Hourglass":[314]},"card_choices":[{"not_picked":["Guardian:PrimingBeam","Guardian:ArmoredProtocol"],"picked":"Guardian:GuardianWhirl","floor":1.0},{"not_picked":["Guardian:Gem_Lightblue","Guardian:RefractedBeam"],"picked":"Guardian:FloatingOrbs","floor":3.0},{"not_picked":["Guardian:RefractedBeam","Guardian:Incinerate"],"picked":"Guardian:EvasiveProtocol","floor":5.0},{"not_picked":["Guardian:HyperBeam_Guardian","Guardian:TemporalShield"],"picked":"Guardian:Gem_Purple","floor":7.0},{"not_picked":["Guardian:CrystalBeam","Guardian:PrimingBeam"],"picked":"Guardian:SentryBeam","floor":10.0},{"not_picked":["Guardian:AncientConstruct","Guardian:Gem_Orange"],"picked":"Guardian:StasisField","floor":16.0},{"not_picked":["Guardian:CrystalBeam","Guardian:PrismaticBarrier"],"picked":"Guardian:Gem_Crimson","floor":18},{"not_picked":["Guardian:SentryBeam","Guardian:TimeCapacitor"],"picked":"Guardian:FuturePlans","floor":19},{"not_picked":["Guardian:FloatingOrbs","Guardian:PrimingBeam"],"picked":"Guardian:SpikerProtocol","floor":21},{"not_picked":["Guardian:Emergency","Guardian:PolyBeam"],"picked":"Guardian:BronzeArmor","floor":24},{"not_picked":["Guardian:FuturePlans","Guardian:VentSteam","Guardian:ChargeCore"],"picked":"SKIP","floor":25},{"not_picked":["Guardian:TemporalStrike","Guardian:RollAttack"],"picked":"Guardian:Gem_Cyan","floor":27},{"not_picked":["Guardian:DecasProtection","Guardian:BronzeArmor"],"picked":"Guardian:Gem_Yellow","floor":30},{"not_picked":["Guardian:Emergency","Guardian:FuturePlans"],"picked":"Guardian:Gem_Yellow","floor":31},{"not_picked":["Guardian:StasisField","Guardian:StasisStrike"],"picked":"Guardian:Gem_Orange","floor":33},{"not_picked":["Guardian:CrystalBeam","Guardian:WalkerClaw"],"picked":"Guardian:FloatingOrbs+1","floor":35},{"not_picked":["Guardian:TemporalStrike","Guardian:TemporalShield"],"picked":"Guardian:Gem_Red","floor":37},{"not_picked":["Guardian:Reroute","Guardian:TemporalShield"],"picked":"Guardian:PrismaticBarrier","floor":38},{"not_picked":["Forethought","expansioncontent:GoopSpray"],"picked":"Finesse","floor":39},{"not_picked":["Jack Of All Trades","Secret Technique"],"picked":"Master of Strategy","floor":39}],"player_experience":850252,"relics_obtained":[{"floor":4.0,"key":"Toy Ornithopter"},{"floor":7.0,"key":"Oddly Smooth Stone"},{"floor":9.0,"key":"Mercury Hourglass"},{"floor":14.0,"key":"Eternal Feather"},{"floor":24,"key":"Tiny Chest"},{"floor":30,"key":"Sundial"},{"floor":38,"key":"StoneCalendar"}],"event_choices":[{"damage_healed":0.0,"max_hp_gain":0.0,"max_hp_loss":0.0,"gold_gain":0.0,"cards_transformed":["Guardian:Strike_Guardian"],"event_name":"Transmorgrifier","player_choice":"Transformed","floor":2.0,"gold_loss":0.0,"damage_taken":0.0,"cards_obtained":["Guardian:RollAttack"]},{"damage_healed":0.0,"max_hp_gain":5.0,"max_hp_loss":0.0,"gold_gain":0.0,"event_name":"Big Fish","player_choice":"Donut","floor":12.0,"gold_loss":0.0,"damage_taken":0.0},{"damage_healed":0,"gold_gain":0,"player_choice":"Inject Mutagens","damage_taken":0,"relics_obtained":["MutagenicStrength"],"max_hp_gain":0,"max_hp_loss":0,"event_name":"Drug Dealer","floor":22,"gold_loss":0},{"cards_removed":["Guardian:Strike_Guardian"],"damage_healed":0,"gold_gain":0,"player_choice":"Removed Attack","damage_taken":0,"max_hp_gain":0,"max_hp_loss":0,"event_name":"Falling","floor":36,"gold_loss":0},{"damage_healed":0,"gold_gain":0,"player_choice":"Fight","damage_taken":0,"max_hp_gain":0,"max_hp_loss":0,"event_name":"Mysterious Sphere","floor":38,"gold_loss":0},{"damage_healed":0,"gold_gain":3,"player_choice":"1","damage_taken":0,"max_hp_gain":0,"max_hp_loss":0,"event_name":"betterStone:BetterStone","floor":39,"gold_loss":0}],"is_beta":false,"boss_relics":[{"not_picked":["Calling Bell","SlaversCollar"],"picked":"Cursed Key"},{"not_picked":["Busted Crown","Velvet Choker"],"picked":"Philosopher\u0027s Stone"}],"items_purged_floors":[0,20],"is_endless":false,"potions_floor_spawned":[5,16,18,19,24,27,38],"killed_by":"Reptomancer","ascension_level":17}}