{"host":"m77rrhbqzv44va4v","time":1609532652,"event":{"mods":["AchievementEnabler","BaseMod","Colored Map","DeckTracker","Keyboard Shortcuts","Minty Spire (QoL Compilation)","StSLib","SuperFastMode","everything is the same but u backflip on backflip"],"gold_per_floor":[218,235,2,2,2,28,28,28,96,96,96,107,124,104,104,182,182,182,102,102,52,52,52,52,52,52,2,2,2,2,2,2,2,2],"floor_reached":33,"playtime":706,"items_purged":["Strike_R","Strike_R"],"score":564,"play_id":"e3a5be2f-89b3-4f6a-9dc3-cfab6a111f82","local_time":"20210102052412","is_ascension_mode":true,"campfire_choices":[{"data":"Blood for Blood","floor":7.0,"key":"SMITH"},{"data":"Flame Barrier","floor":10.0,"key":"SMITH"},{"data":"Body Slam","floor":15.0,"key":"SMITH"},{"floor":32,"key":"REST"}],"circlet_count":0,"master_deck":["AscendersBane","Strike_R","Strike_R","Defend_R","Defend_R","Defend_R","Defend_R","Bash+1","Flame Barrier+1","Cleave","Wild Strike","Blood for Blood+1","True Grit","Body Slam+1","Immolate+1","Battle Trance","Infernal Blade+1","Intimidate+1","Metallicize","Inflame","Shrug It Off"],"relics":["Burning Blood","Membership Card","Strawberry","InkBottle","Ectoplasm","Smiling Mask","MealTicket","MawBank","Centennial Puzzle"],"acts_visited":["Exordium","TheCity"],"potions_floor_usage":[33,33],"damage_taken":[{"damage":6.0,"enemies":"Jaw Worm","floor":1.0,"turns":4.0},{"damage":4.0,"enemies":"2 Louse","floor":2.0,"turns":4.0},{"damage":47.0,"enemies":"Gremlin Nob","floor":6.0,"turns":5.0},{"damage":10.0,"enemies":"Small Slimes","floor":12.0,"turns":2.0},{"damage":4.0,"enemies":"Red Slaver","floor":13.0,"turns":4.0},{"damage":2.0,"enemies":"Exordium Thugs","floor":14.0,"turns":4.0},{"damage":19.0,"enemies":"Hexaghost","floor":16.0,"turns":9.0},{"damage":0.0,"enemies":"3 Byrds","floor":18.0,"turns":1.0},{"damage":17.0,"enemies":"2 Thieves","floor":19.0,"turns":4.0},{"damage":9.0,"enemies":"Snake Plant","floor":20.0,"turns":3.0},{"damage":0.0,"enemies":"Chosen and Byrds","floor":22.0,"turns":5.0},{"damage":5,"enemies":"Gremlin Leader","floor":23,"turns":4},{"damage":24,"enemies":"Centurion and Healer","floor":24,"turns":7},{"damage":15,"enemies":"Snake Plant","floor":25,"turns":4},{"damage":34,"enemies":"Book of Stabbing","floor":28,"turns":5},{"damage":15,"enemies":"Sentry and Sphere","floor":29,"turns":5},{"damage":79,"enemies":"Champ","floor":33,"turns":10}],"seed_played":"6693014864721964986","potions_obtained":[{"floor":2.0,"key":"EssenceOfSteel"},{"floor":6.0,"key":"Block Potion"},{"floor":13.0,"key":"BlessingOfTheForge"},{"floor":19.0,"key":"ColorlessPotion"},{"floor":20.0,"key":"LiquidMemories"},{"floor":29,"key":"CultistPotion"}],"is_trial":false,"path_per_floor":["M","M","$","?","$","E","R","?","T","R","?","M","M","M","R","B",null,"M","M","M","?","M","E","M","M","T","$","E","M","T","?","R","B"],"character_chosen":"IRONCLAD","items_purchased":["Membership Card","Wild Strike"],"campfire_rested":1,"item_purchase_floors":[3,3],"current_hp_per_floor":[68,70,70,75,75,41,41,41,41,41,41,37,39,43,43,30,73,79,68,65,65,71,72,54,45,45,60,32,23,23,23,49,0,0],"gold":2,"neow_bonus":"HUNDRED_GOLD","is_daily":false,"chose_seed":false,"campfire_upgraded":3,"win_rate":0.0,"timestamp":1609532652,"path_taken":["M","M","$","?","$","E","R","?","T","R","?","?","M","M","R","BOSS","M","M","M","?","?","E","M","M","T","?","E","M","?","?","R","BOSS"],"items_purchased_type":["Relic","Card"],"build_version":"2020-12-22","purchased_purges":2,"victory":false,"max_hp_per_floor":[75,75,75,80,80,87,87,87,87,87,87,87,87,87,87,87,87,87,87,87,87,87,87,87,87,87,87,87,87,87,87,87,87,87],"card_choices":[{"not_picked":["Iron Wave","Heavy Blade"],"picked":"Flame Barrier","floor":1.0},{"not_picked":["Headbutt","Warcry"],"picked":"Cleave","floor":2.0},{"not_picked":["Combust","Battle Trance"],"picked":"Blood for Blood","floor":6.0},{"not_picked":["Clothesline","Flex","Thunderclap"],"picked":"SKIP","floor":12.0},{"not_picked":["Entrench","Iron Wave"],"picked":"True Grit","floor":13.0},{"not_picked":["Sentinel","Ghostly Armor"],"picked":"Body Slam","floor":14.0},{"not_picked":["Brutality","Reaper"],"picked":"Immolate","floor":16.0},{"not_picked":["Twin Strike","Havoc"],"picked":"Battle Trance","floor":18.0},{"not_picked":["Sword Boomerang+1","Thunderclap"],"picked":"Infernal Blade+1","floor":19.0},{"not_picked":["Sever Soul","Headbutt"],"picked":"Intimidate","floor":20.0},{"not_picked":["Searing Blow","True Grit","Whirlwind"],"picked":"SKIP","floor":22.0},{"not_picked":["Warcry+1","Perfected Strike"],"picked":"Metallicize","floor":23},{"not_picked":["Pommel Strike","Disarm"],"picked":"Inflame","floor":24},{"not_picked":["Entrench","Armaments"],"picked":"Shrug It Off","floor":25},{"not_picked":["Cleave","Double Tap","Burning Pact"],"picked":"SKIP","floor":28},{"not_picked":["Body Slam+1","Perfected Strike","Flex"],"picked":"SKIP","floor":29}],"player_experience":875684,"relics_obtained":[{"floor":6.0,"key":"Strawberry"},{"floor":9.0,"key":"InkBottle"},{"floor":23,"key":"Smiling Mask"},{"floor":26,"key":"MealTicket"},{"floor":28,"key":"MawBank"},{"floor":30,"key":"Centennial Puzzle"}],"event_choices":[{"damage_healed":0.0,"max_hp_gain":5.0,"max_hp_loss":0.0,"gold_gain":0.0,"event_name":"Big Fish","player_choice":"Donut","floor":4.0,"gold_loss":0.0,"damage_taken":0.0},{"cards_removed":["Strike_R"],"damage_healed":0.0,"max_hp_gain":0.0,"max_hp_loss":0.0,"gold_gain":0.0,"event_name":"Living Wall","player_choice":"Forget","floor":8.0,"gold_loss":0.0,"damage_taken":0.0},{"damage_healed":0.0,"max_hp_gain":0.0,"max_hp_loss":0.0,"gold_gain":0.0,"event_name":"Upgrade Shrine","player_choice":"Upgraded","floor":11.0,"gold_loss":0.0,"damage_taken":0.0,"cards_upgraded":["Bash"]},{"damage_healed":0.0,"max_hp_gain":0.0,"max_hp_loss":0.0,"gold_gain":0.0,"event_name":"Designer","player_choice":"Upgraded Two","floor":21.0,"gold_loss":50.0,"damage_taken":0.0,"cards_upgraded":["Immolate","Intimidate"]},{"damage_healed":0,"gold_gain":0,"player_choice":"Ignored","damage_taken":0,"max_hp_gain":0,"max_hp_loss":0,"event_name":"Vampires","floor":31,"gold_loss":0}],"is_beta":false,"boss_relics":[{"not_picked":["Coffee Dripper","Snecko Eye"],"picked":"Ectoplasm"}],"items_purged_floors":[3,27],"is_endless":false,"potions_floor_spawned":[2,6,13,19,20,23,29],"killed_by":"Champ","ascension_level":19}}