{"host":"9ndbo4kgsfoemf7y","time":1609492142,"event":{"mods":["AchievementEnabler","BaseMod","Colored Map","DeckTracker","Keyboard Shortcuts","Minty Spire (QoL Compilation)","Permanent Neow","Quick Restart","Relic Stats","StSLib","SuperFastMode"],"gold_per_floor":[119,138,138,138,138,53,53,53],"floor_reached":7,"playtime":149,"items_purged":[],"score":76,"play_id":"d290502f-ec9a-45e2-b70e-a9156e2cdfa5","local_time":"20210101180902","is_ascension_mode":true,"campfire_choices":[],"circlet_count":0,"master_deck":["AscendersBane","Strike_G","Strike_G","Strike_G","Strike_G","Strike_G","Defend_G","Defend_G","Defend_G","Defend_G","Defend_G+1","Survivor+1","Neutralize","Corpse Explosion","Calculated Gamble","Backflip","Tactician+1"],"relics":["Ring of the Snake","Toxic Egg 2","Golden Idol"],"acts_visited":["Exordium"],"potions_floor_usage":[2],"damage_taken":[{"damage":0,"enemies":"Jaw Worm","floor":1,"turns":5},{"damage":3,"enemies":"Small Slimes","floor":2,"turns":3},{"damage":7,"enemies":"3 Sentries","floor":7,"turns":3}],"seed_played":"-4085795883062677445","potions_obtained":[{"floor":1,"key":"DistilledChaos"},{"floor":2,"key":"Dexterity Potion"}],"is_trial":false,"path_per_floor":["M","M","?","?","?","$","E"],"character_chosen":"THE_SILENT","items_purchased":["Tactician+1"],"campfire_rested":0,"item_purchase_floors":[6],"current_hp_per_floor":[59,56,21,3,3,3,0,0],"gold":53,"neow_bonus":"THREE_RARE_CARDS","is_daily":false,"chose_seed":false,"campfire_upgraded":0,"win_rate":0.0,"timestamp":1609492142,"path_taken":["M","M","?","?","?","$","E"],"items_purchased_type":["Card"],"build_version":"2020-12-22","purchased_purges":0,"victory":false,"max_hp_per_floor":[60,60,60,60,54,54,54,54],"relic_stats":{"counters":[3,11],"Golden Idol":0,"obtain_stats":[{"Golden Idol":5,"Toxic Egg 2":3,"Ring of the Snake":0},{"Golden Idol":2,"Toxic Egg 2":2,"Ring of the Snake":0},{"Golden Idol":8,"Toxic Egg 2":8,"Ring of the Snake":0}],"Ring of the Snake":[6]},"card_choices":[{"not_picked":["Malaise","Storm of Steel"],"picked":"Corpse Explosion","floor":0.0},{"not_picked":["Reflex","Dash"],"picked":"Calculated Gamble","floor":1},{"not_picked":["Dodge and Roll","Outmaneuver","Backflip"],"picked":"SKIP","floor":2},{"not_picked":["Dodge and Roll","Outmaneuver"],"picked":"Backflip","floor":2}],"player_experience":766622,"relics_obtained":[],"event_choices":[{"damage_healed":0,"gold_gain":0,"player_choice":"Success","damage_taken":35,"relics_obtained":["Toxic Egg 2"],"max_hp_gain":0,"max_hp_loss":0,"event_name":"Scrap Ooze","floor":3,"gold_loss":0},{"damage_healed":0,"gold_gain":0,"player_choice":"Entered Light","damage_taken":18,"max_hp_gain":0,"max_hp_loss":0,"event_name":"Shining Light","floor":4,"gold_loss":0,"cards_upgraded":["Survivor","Defend_G"]},{"damage_healed":0,"gold_gain":0,"player_choice":"Lose Max HP","damage_taken":0,"relics_obtained":["Golden Idol"],"max_hp_gain":0,"max_hp_loss":6,"event_name":"Golden Idol","floor":5,"gold_loss":0}],"is_beta":false,"boss_relics":[],"items_purged_floors":[],"is_endless":false,"potions_floor_spawned":[1,2],"killed_by":"3 Sentries","ascension_level":19}}