{"host":"my77oq6kb6j47rwl","time":1609517514,"event":{"mods":["BaseMod","Emptier Cage","Ironclad Rager","Minty Spire (QoL Compilation)","Quick Restart","Rare Cards Sparkle","StSLib"],"gold_per_floor":[112,132,151,171,190,515,515,515,538,538,170,170,270,288,288,383,383,323,338,357,357,369,369,369],"floor_reached":23,"playtime":1765,"items_purged":["ICR:ProbingStrike"],"score":299,"play_id":"77836b71-0d18-414d-843e-25230563e288","local_time":"20210101111154","is_ascension_mode":true,"campfire_choices":[{"floor":10,"key":"REST"},{"data":"ICR:AutoDefend","floor":12,"key":"SMITH"},{"data":"ICR:AutoDefend","floor":15,"key":"SMITH"}],"circlet_count":0,"master_deck":["AscendersBane","Zap","Dualcast","ICR:AutoDefend+1","ICR:AutoDefend+1","ICR:AutoDefend","ICR:AutoDefend","Sweeping Beam","Cold Snap","Gash","Ball Lightning","Capacitor","Cold Snap","Self Repair","Rainbow","ICR:ChainLightning+1","Gash","ICR:FrostFall+1","Self Repair"],"relics":["Cracked Core","Old Coin","Bag of Preparation","Toolbox","Empty Cage"],"acts_visited":["Exordium","TheCity"],"potions_floor_usage":[11,16,23],"damage_taken":[{"damage":0,"enemies":"2 Louse","floor":1,"turns":3},{"damage":0,"enemies":"Small Slimes","floor":2,"turns":2},{"damage":0,"enemies":"Cultist","floor":3,"turns":3},{"damage":25,"enemies":"Exordium Thugs","floor":4,"turns":5},{"damage":4,"enemies":"Blue Slaver","floor":5,"turns":4},{"damage":28,"enemies":"3 Sentries","floor":6,"turns":7},{"damage":0,"enemies":"2 Fungi Beasts","floor":14,"turns":2},{"damage":16,"enemies":"Hexaghost","floor":16,"turns":12},{"damage":18,"enemies":"2 Thieves","floor":18,"turns":4},{"damage":2,"enemies":"Spheric Guardian","floor":19,"turns":4},{"damage":30,"enemies":"Cultist and Chosen","floor":20,"turns":5},{"damage":33,"enemies":"Centurion and Healer","floor":22,"turns":7},{"damage":52,"enemies":"Slavers","floor":23,"turns":4}],"seed_played":"-7462815317377573508","potions_obtained":[{"floor":1,"key":"FearPotion"},{"floor":3,"key":"Strength Potion"},{"floor":6,"key":"Fruit Juice"},{"floor":22,"key":"Swift Potion"}],"is_trial":false,"path_per_floor":["M","M","M","M","M","E","?","?","T","R","$","R","?","M","R","B",null,"M","M","M","?","M","E"],"character_chosen":"DEFECT","items_purchased":["Toolbox","Regen Potion","Self Repair"],"campfire_rested":1,"item_purchase_floors":[11,11,11],"current_hp_per_floor":[68,68,68,43,39,11,4,4,4,26,31,31,31,31,31,37,69,58,66,43,69,43,0,0],"gold":369,"neow_bonus":"DEFECT_WARDEN","is_daily":false,"chose_seed":false,"campfire_upgraded":2,"win_rate":0.0,"timestamp":1609517514,"path_taken":["M","M","M","M","M","E","?","?","T","R","$","R","?","?","R","BOSS","M","M","M","?","M","E"],"items_purchased_type":["Relic","Potion","Card"],"build_version":"2020-12-22","purchased_purges":1,"victory":false,"max_hp_per_floor":[75,75,75,75,75,75,75,75,75,75,80,80,80,80,80,80,80,80,80,80,80,80,80,80],"card_choices":[{"not_picked":["Undo","Go for the Eyes"],"picked":"Sweeping Beam","floor":1},{"not_picked":["Sweeping Beam","Gash"],"picked":"Cold Snap","floor":2},{"not_picked":["Redo","Blizzard"],"picked":"Gash","floor":3},{"not_picked":["Leap","Steam"],"picked":"Ball Lightning","floor":4},{"not_picked":["Core Surge","Ball Lightning"],"picked":"Capacitor","floor":5},{"not_picked":["Coolheaded","Streamline"],"picked":"Cold Snap","floor":6},{"not_picked":["Force Field","Beam Cell","Compile Driver"],"picked":"SKIP","floor":14},{"not_picked":["Reboot","Biased Cognition"],"picked":"Rainbow","floor":16},{"not_picked":["Leap+1","Beam Cell"],"picked":"ICR:ChainLightning+1","floor":18},{"not_picked":["Undo+1","Sweeping Beam"],"picked":"Gash","floor":19},{"not_picked":["Genetic Algorithm","Streamline+1"],"picked":"ICR:FrostFall+1","floor":20},{"not_picked":["Compile Driver","Steam"],"picked":"Self Repair","floor":22}],"player_experience":986091,"relics_obtained":[{"floor":6,"key":"Old Coin"},{"floor":9,"key":"Bag of Preparation"}],"event_choices":[{"damage_healed":0,"gold_gain":0,"player_choice":"Fled","damage_taken":7,"max_hp_gain":0,"max_hp_loss":0,"event_name":"Scrap Ooze","floor":7,"gold_loss":0},{"damage_healed":0,"gold_gain":0,"player_choice":"Ignored","damage_taken":0,"max_hp_gain":0,"max_hp_loss":0,"event_name":"Golden Wing","floor":8,"gold_loss":0},{"damage_healed":0,"gold_gain":100,"player_choice":"Pray","damage_taken":0,"max_hp_gain":0,"max_hp_loss":0,"event_name":"Golden Shrine","floor":13,"gold_loss":0},{"damage_healed":26,"gold_gain":0,"player_choice":"Heal","damage_taken":0,"max_hp_gain":0,"max_hp_loss":0,"event_name":"The Library","floor":21,"gold_loss":0}],"is_beta":false,"boss_relics":[{"not_picked":["Snecko Eye","Pandora\u0027s Box"],"picked":"Empty Cage"}],"items_purged_floors":[11],"is_endless":false,"potions_floor_spawned":[1,3,6,22],"killed_by":"Slavers","ascension_level":11}}