{"host":"vq5i29tex7kibjh3","time":1609529198,"event":{"mods":["A Magickal Journey","AchievementEnabler","Act Like it!","Arknights The Spire","BaseMod","Better Altar","Better Match","Better Note","Better Sensory Stone","Better Skull","Better Third Choice","ChefMod","Conspire","Downfall","Gensokyo","Halation","Hermit","Hubris","Ironclad Rager","LagranYue(???·?)","Mari Mod (Legacy)","Mari\u0027s V1 Patch","Marisa????????","Minty Spire (QoL Compilation)","Pale of the Ancients","Permanent Neow","Relic Stats","Remilia??????","Replay The Spire","Robot Space Explorer","Spicy Shops","StSLib","The Bladedancer","The Blue Laboratory","The Caster","The Cursed","The Factory","The Gatherer","The Hierophant","The Marked","TheHero","TheLocksmith","Yuri Mod"],"gold_per_floor":[111,124,124,124,134,134,153,153,180,199,211,211,211,211,221,232,232,335,335,354,103,115,128,128,128,128,128,128,128,143,143,155,175,175,270,270,287,306,306,319,319,319,351,351,419,419,450,11,11,11,11,31,31],"floor_reached":52,"playtime":1769,"items_purged":["Injury"],"score":601,"play_id":"7b7122c0-a466-434f-b143-3b090b030742","local_time":"20210101112638","is_ascension_mode":false,"campfire_choices":[{"data":"yuri:HeavierStrike","floor":6,"key":"SMITH"},{"data":"yuri:yuriStab","floor":8,"key":"SMITH"},{"data":"yuri:SeeingDouble","floor":12,"key":"SMITH"},{"data":"yuri:SelfHarm","floor":17,"key":"SMITH"},{"data":"yuri:HeavierStrike","floor":25,"key":"SMITH"},{"data":"yuri:Stalk","floor":29,"key":"SMITH"},{"data":"yuri:RecklessStrike","floor":31,"key":"SMITH"},{"data":"yuri:HeavierStrike","floor":34,"key":"SMITH"},{"data":"Mayhem","floor":42,"key":"SMITH"},{"data":"yuri:BlackTea","floor":51,"key":"SMITH"}],"circlet_count":0,"master_deck":["yuri:yuriStrike","yuri:yuriStrike","yuri:yuriStrike","yuri:yuriStrike","yuri:yuriStrike","yuri:yuriDefend","yuri:yuriDefend","yuri:yuriDefend","yuri:Oolong","yuri:yuriStab+1","yuri:WickedSlash","yuri:HeavierStrike+1","yuri:DisableStrike","yuri:SeeingDouble+1","yuri:SelfHarm+1","yuri:RecklessStrike+1","yuri:HeavierStrike+1","yuri:WickedSlash","yuri:Stalk+1","yuri:HeavierStrike+1","yuri:HeavierStrike+1","yuri:HeavierStrike+1","yuri:BlackTea+1","conspire:Banana","Mayhem+1","yuri:StealPen+1","yuri:Stalk+1","yuri:DragonForm"],"relics":["yuri:yuriKnife","LagranYue:RandomDrawCardRelic","halation:EternalFortune","Centennial Puzzle","conspire:SpecialSausage","Lantern","Replay:Mystery Machine","hubris:Backtick","King of Hearts","Juzu Bracelet","Durian","Eternal Feather"],"acts_visited":["Exordium","TheCity","TheBeyond"],"potions_floor_usage":[33,35,35,52,52],"damage_taken":[{"damage":1,"enemies":"Jaw Worm","floor":1,"turns":3},{"damage":4,"enemies":"Small Slimes","floor":2,"turns":2},{"damage":2,"enemies":"Cultist","floor":5,"turns":3},{"damage":8,"enemies":"Exordium Thugs","floor":7,"turns":3},{"damage":4,"enemies":"Large Slime","floor":10,"turns":4},{"damage":2,"enemies":"2 Fungi Beasts","floor":11,"turns":2},{"damage":9,"enemies":"Looter","floor":15,"turns":2},{"damage":10,"enemies":"3 Louse","floor":16,"turns":3},{"damage":42,"enemies":"Slime Boss","floor":18,"turns":4},{"damage":20,"enemies":"Shell Parasite","floor":20,"turns":3},{"damage":10,"enemies":"Chosen","floor":22,"turns":2},{"damage":15,"enemies":"Snecko","floor":23,"turns":3},{"damage":3,"enemies":"Snake Plant","floor":30,"turns":1},{"damage":13,"enemies":"Cultist and Chosen","floor":32,"turns":3},{"damage":4,"enemies":"Centurion and Healer","floor":33,"turns":2},{"damage":60,"enemies":"hubris:MusketHawk","floor":35,"turns":4},{"damage":5,"enemies":"Orb Walker","floor":37,"turns":2},{"damage":12,"enemies":"3 Darklings","floor":38,"turns":3},{"damage":21,"enemies":"4 Shapes","floor":40,"turns":2},{"damage":35,"enemies":"Giant Head","floor":43,"turns":4},{"damage":13,"enemies":"Jaw Worm Horde","floor":47,"turns":3},{"damage":104,"enemies":"Time Eater","floor":52,"turns":5}],"seed_played":"5803370468205901013","potions_obtained":[{"floor":2,"key":"Energy Potion"},{"floor":11,"key":"blueLaboratory:LouseDecoction"},{"floor":15,"key":"SkillPotion"},{"floor":33,"key":"Strength Potion"},{"floor":37,"key":"Block Potion"},{"floor":47,"key":"LiquidBronze"}],"is_trial":false,"path_per_floor":["M","M","?","?","M","R","M","R","T","M","M","R","PTL","PTL","M","M","R","B",null,"M","$","M","M","?","R","?","?","T","R","M","R","M","M","R","B",null,"M","M","?","M","?","R","E","?","T","?","M","$","?","?","R","B"],"character_chosen":"YURI","items_purchased":["yuri:HeavierStrike","Lantern","yuri:WickedSlash","Durian","yuri:DragonForm"],"campfire_rested":0,"item_purchase_floors":[21,21,21,48,48],"current_hp_per_floor":[80,76,81,84,86,86,82,82,82,82,84,84,84,84,75,69,69,31,88,68,68,62,54,101,101,101,101,101,101,98,98,91,91,91,35,104,99,94,94,77,77,77,47,90,90,90,78,83,83,83,96,0,0],"gold":31,"neow_bonus":"TRANSFORM_CARD","is_daily":false,"chose_seed":false,"campfire_upgraded":10,"win_rate":0.0,"timestamp":1609529198,"path_taken":["M","M","?","?","?","R","M","R","T","M","M","R","PTL","PTL","M","M","R","BOSS","M","?","M","M","?","R","?","?","T","R","M","R","M","M","R","BOSS","M","M","?","M","?","R","E","?","T","?","M","$","?","?","R","BOSS"],"items_purchased_type":["Card","Relic","Card","Relic","Card"],"build_version":"2020-12-22","purchased_purges":1,"victory":false,"max_hp_per_floor":[80,80,85,88,88,88,88,88,88,88,88,88,88,88,88,88,88,88,88,88,88,88,91,101,101,101,101,101,101,101,101,104,104,104,104,104,104,107,102,102,102,102,103,90,90,90,91,96,96,96,96,97,97],"relic_stats":{"Centennial Puzzle":[54],"counters":[22,63],"Eternal Feather":13,"Juzu Bracelet":1,"obtain_stats":[{"Centennial Puzzle":9,"Lantern":21,"hubris:Backtick":36,"LagranYue:RandomDrawCardRelic":0,"yuri:yuriKnife":0,"halation:EternalFortune":4,"conspire:SpecialSausage":19,"Eternal Feather":49,"King of Hearts":36,"Juzu Bracelet":43,"Durian":48,"Replay:Mystery Machine":28},{"Centennial Puzzle":4,"Lantern":10,"hubris:Backtick":16,"LagranYue:RandomDrawCardRelic":0,"yuri:yuriKnife":0,"halation:EternalFortune":2,"conspire:SpecialSausage":9,"Eternal Feather":21,"King of Hearts":16,"Juzu Bracelet":20,"Durian":21,"Replay:Mystery Machine":12},{"Centennial Puzzle":11,"Lantern":29,"hubris:Backtick":44,"LagranYue:RandomDrawCardRelic":0,"yuri:yuriKnife":0,"halation:EternalFortune":5,"conspire:SpecialSausage":26,"Eternal Feather":58,"King of Hearts":44,"Juzu Bracelet":55,"Durian":58,"Replay:Mystery Machine":34}]},"card_choices":[{"not_picked":["yuri:CorruptHitbox","yuri:InduceGlitch"],"picked":"yuri:WickedSlash","floor":1},{"not_picked":["yuri:MPose","yuri:InduceGlitch"],"picked":"yuri:HeavierStrike","floor":2},{"not_picked":["yuri:MultiDip","yuri:ThornRemove","yuri:yuriQuickStrike"],"picked":"SKIP","floor":5},{"not_picked":["yuri:ThrowingKnives","yuri:Stare"],"picked":"yuri:DisableStrike","floor":7},{"not_picked":["yuri:BookPurple","yuri:BookGreen"],"picked":"yuri:SeeingDouble","floor":10},{"not_picked":["yuri:TPose","yuri:BookRed","yuri:Stare"],"picked":"SKIP","floor":11},{"not_picked":["yuri:DejaVu","yuri:GrowingInsanity","yuri:ThrowBook"],"picked":"SKIP","floor":15},{"not_picked":["yuri:Stare","yuri:Stalk"],"picked":"yuri:SelfHarm","floor":16},{"not_picked":["yuri:yuriQuickStrike","yuri:RepairCode"],"picked":"yuri:RecklessStrike","floor":20},{"not_picked":["yuri:InduceGlitch","yuri:DebugCard","yuri:WickedSlash"],"picked":"SKIP","floor":22},{"not_picked":["yuri:CalmingAura","yuri:RecklessStrike"],"picked":"yuri:Stalk","floor":23},{"not_picked":["yuri:MultiDip","yuri:DebugCard"],"picked":"yuri:HeavierStrike+1","floor":30},{"not_picked":["yuri:RepairCode","yuri:Skip","yuri:ThrowBook"],"picked":"SKIP","floor":32},{"not_picked":["yuri:Stalk","yuri:TPose"],"picked":"yuri:HeavierStrike","floor":33},{"not_picked":["yuri:DuplicateCode","yuri:JumpScare"],"picked":"yuri:BlackTea","floor":35},{"not_picked":["yuri:DebugCard+1","yuri:GrowingInsanity","yuri:GlitchedStrike+1"],"picked":"SKIP","floor":37},{"not_picked":["yuri:RecklessStrike","yuri:Spin","yuri:NoEscape"],"picked":"SKIP","floor":38},{"not_picked":["yuri:RecklessStrike+1","yuri:InduceGlitch+1","yuri:MultiDip+1"],"picked":"SKIP","floor":40},{"not_picked":["expansioncontent:PolyBeam","Metamorphosis"],"picked":"conspire:Banana","floor":41},{"not_picked":["expansioncontent:Chronoboost","Poisoned Strike"],"picked":"Mayhem","floor":41},{"not_picked":["yuri:MPose+1","yuri:RecklessStrike"],"picked":"yuri:StealPen+1","floor":43},{"not_picked":["yuri:TPose+1","yuri:Spin"],"picked":"yuri:Stalk+1","floor":47}],"player_experience":227130,"relics_obtained":[{"floor":9,"key":"Centennial Puzzle"},{"floor":23,"key":"halation:EternalFortune"},{"floor":28,"key":"Replay:Mystery Machine"},{"floor":32,"key":"halation:EternalFortune"},{"floor":38,"key":"halation:EternalFortune"},{"floor":43,"key":"Juzu Bracelet"}],"event_choices":[{"damage_healed":0,"gold_gain":0,"player_choice":"Donut","damage_taken":0,"max_hp_gain":5,"max_hp_loss":0,"event_name":"Big Fish","floor":3,"gold_loss":0},{"cards_removed":["yuri:JumpScare"],"damage_healed":37,"gold_gain":0,"player_choice":"Offered Rare","damage_taken":0,"max_hp_gain":10,"max_hp_loss":0,"event_name":"Bonfire Elementals","floor":24,"gold_loss":0},{"damage_healed":0,"gold_gain":0,"player_choice":"Got Potions","damage_taken":0,"max_hp_gain":0,"max_hp_loss":0,"event_name":"Lab","floor":26,"gold_loss":0},{"damage_healed":0,"gold_gain":0,"player_choice":"Copied","damage_taken":0,"max_hp_gain":0,"max_hp_loss":0,"event_name":"Duplicator","floor":27,"gold_loss":0,"cards_obtained":["yuri:HeavierStrike"]},{"damage_healed":0,"gold_gain":0,"player_choice":"Max HP","damage_taken":0,"max_hp_gain":0,"max_hp_loss":5,"event_name":"Winding Halls","floor":39,"gold_loss":0},{"damage_healed":0,"gold_gain":3,"player_choice":"1","damage_taken":0,"max_hp_gain":0,"max_hp_loss":0,"event_name":"betterStone:BetterStone","floor":41,"gold_loss":0},{"damage_healed":90,"gold_gain":0,"player_choice":"Heal","damage_taken":0,"max_hp_gain":0,"max_hp_loss":13,"event_name":"The Moai Head","floor":44,"gold_loss":0},{"cards_removed":["yuri:yuriDefend"],"damage_healed":0,"gold_gain":0,"player_choice":"Removed Skill","damage_taken":0,"max_hp_gain":0,"max_hp_loss":0,"event_name":"Falling","floor":46,"gold_loss":0},{"damage_healed":0,"gold_gain":0,"player_choice":"Gave Potion","damage_taken":0,"relics_obtained":["Eternal Feather"],"max_hp_gain":0,"max_hp_loss":0,"event_name":"WeMeetAgain","floor":49,"gold_loss":0},{"damage_healed":0,"gold_gain":0,"player_choice":"Leave","damage_taken":0,"max_hp_gain":0,"max_hp_loss":0,"event_name":"conspire:Investor","floor":50,"gold_loss":0}],"is_beta":false,"boss_relics":[{"not_picked":["halation:MonkeysPaw","Runic Dome"],"picked":"conspire:SpecialSausage"},{"not_picked":["Cursed Key","hubris:ScarierMask"],"picked":"hubris:Backtick"}],"items_purged_floors":[21],"is_endless":false,"potions_floor_spawned":[2,11,15,18,20,23,33,37,47],"killed_by":"Time Eater","ascension_level":0}}