{"host":"dhlnk6yox2l1s6up","time":1609470563,"event":{"mods":["BaseMod","Colored Map","Highlight Path","Minty Spire (QoL Compilation)","Relic Stats","StSLib"],"gold_per_floor":[115,115,129,26,101,133,144,179,179,195,195,229,229,120,120,223,223,243,47,62,74,89,89,89,89,114,147,172,200,213,245,245,349,349,368,380,380,602,41,69,83,108,159,186,204,224,251,10,10,10,10,10,10,35,35,35],"floor_reached":55,"playtime":6151,"items_purged":["Strike_G","Clumsy"],"score":1343,"play_id":"8a134df3-8f78-4a1a-bd18-1ab3f33d1cf6","local_time":"20201231210923","is_ascension_mode":true,"campfire_choices":[{"floor":11.0,"key":"REST"},{"data":"Dagger Spray","floor":13.0,"key":"SMITH"},{"data":"Tactician","floor":15.0,"key":"SMITH"},{"data":"Terror","floor":23.0,"key":"SMITH"},{"data":"Prepared","floor":25.0,"key":"SMITH"},{"floor":32.0,"key":"REST"},{"floor":49.0,"key":"RECALL"},{"data":"Tools of the Trade","floor":52.0,"key":"SMITH"}],"circlet_count":0,"master_deck":["Strike_G","Strike_G","Strike_G","Strike_G","Defend_G","Defend_G","Defend_G","Defend_G","Defend_G","Survivor","Neutralize","Dagger Spray+1","Terror+1","Infinite Blades","Tools of the Trade+1","Slice+1","Tactician+1","Cloak And Dagger","Predator+1","Glass Knife+1","Backflip","Prepared+1","Backstab+1","Noxious Fumes+1","Dagger Throw+1","Acrobatics","Backflip+1","Die Die Die+1","Noxious Fumes+1","Sadistic Nature+1","Accuracy+1","Accuracy+1","Blur+1","Escape Plan+1","Prepared+1","Clumsy","Tools of the Trade+1","Acrobatics"],"relics":["Ring of the Snake","NeowsBlessing","Singing Bowl","Molten Egg 2","Tingsha","Frozen Egg 2","Dead Branch","Pantograph","Cursed Key","Oddly Smooth Stone","MealTicket","Red Mask","The Courier","Blood Vial","Runic Pyramid","Shuriken","Ornamental Fan","PreservedInsect","Anchor","Orichalcum","Dream Catcher","Pen Nib","Pear"],"acts_visited":["Exordium","TheCity","TheBeyond","TheEnding"],"potions_floor_usage":[55,55],"damage_taken":[{"damage":0.0,"enemies":"Small Slimes","floor":1.0,"turns":1.0},{"damage":0.0,"enemies":"Jaw Worm","floor":3.0,"turns":1.0},{"damage":0.0,"enemies":"Gremlin Nob","floor":6.0,"turns":1.0},{"damage":3.0,"enemies":"Cultist","floor":7.0,"turns":4.0},{"damage":22.0,"enemies":"3 Sentries","floor":8.0,"turns":8.0},{"damage":8.0,"enemies":"Red Slaver","floor":10.0,"turns":4.0},{"damage":11.0,"enemies":"Lagavulin","floor":12.0,"turns":7.0},{"damage":4.0,"enemies":"Slime Boss","floor":16.0,"turns":6.0},{"damage":13.0,"enemies":"Shell Parasite","floor":18.0,"turns":5.0},{"damage":0.0,"enemies":"Spheric Guardian","floor":20.0,"turns":1.0},{"damage":0.0,"enemies":"3 Cultists","floor":21.0,"turns":5.0},{"damage":0.0,"enemies":"Snake Plant","floor":22.0,"turns":3.0},{"damage":10.0,"enemies":"Book of Stabbing","floor":27.0,"turns":5.0},{"damage":0.0,"enemies":"Masked Bandits","floor":28.0,"turns":1.0},{"damage":18.0,"enemies":"Gremlin Leader","floor":29.0,"turns":5.0},{"damage":0.0,"enemies":"Centurion and Healer","floor":30.0,"turns":2.0},{"damage":9.0,"enemies":"Book of Stabbing","floor":31.0,"turns":5.0},{"damage":30.0,"enemies":"Collector","floor":33.0,"turns":6.0},{"damage":10.0,"enemies":"3 Darklings","floor":35.0,"turns":5.0},{"damage":2.0,"enemies":"3 Shapes","floor":36.0,"turns":3.0},{"damage":25.0,"enemies":"Giant Head","floor":40.0,"turns":6.0},{"damage":0.0,"enemies":"Jaw Worm Horde","floor":41.0,"turns":4.0},{"damage":23.0,"enemies":"Nemesis","floor":42.0,"turns":5.0},{"damage":4.0,"enemies":"Reptomancer","floor":44.0,"turns":5.0},{"damage":0.0,"enemies":"3 Darklings","floor":45.0,"turns":3.0},{"damage":0.0,"enemies":"Transient","floor":46.0,"turns":5.0},{"damage":0.0,"enemies":"Nemesis","floor":47.0,"turns":5.0},{"damage":12.0,"enemies":"Donu and Deca","floor":50.0,"turns":7.0},{"damage":40.0,"enemies":"Shield and Spear","floor":54.0,"turns":3.0},{"damage":96,"enemies":"The Heart","floor":55,"turns":6}],"seed_played":"-8750859789535844152","potions_obtained":[{"floor":3.0,"key":"Swift Potion"},{"floor":6.0,"key":"ColorlessPotion"},{"floor":8.0,"key":"DistilledChaos"},{"floor":10.0,"key":"GhostInAJar"},{"floor":22.0,"key":"AttackPotion"},{"floor":29.0,"key":"LiquidBronze"},{"floor":31.0,"key":"Poison Potion"},{"floor":33.0,"key":"Fire Potion"},{"floor":35.0,"key":"DistilledChaos"},{"floor":42.0,"key":"Fruit Juice"},{"floor":46.0,"key":"Explosive Potion"},{"floor":54.0,"key":"SteroidPotion"}],"is_trial":false,"path_per_floor":["M","?","M","$","?","E","M","E","T","M","R","E","R","?","R","B",null,"M","$","M","M","M","R","?","R","T","E","?","E","M","E","R","B",null,"M","M","?","?","$","E","M","E","T","E","M","M","E","$","R","B",null,"R","$","E","B"],"character_chosen":"THE_SILENT","items_purchased":["Terror","Infinite Blades","Prepared","Backstab+1","Shuriken","Accuracy+1","Ornamental Fan","Accuracy+1","Ancient Potion","Pen Nib","LiquidBronze"],"campfire_rested":2,"item_purchase_floors":[4,4,19,19,39,39,39,39,48,48,48],"current_hp_per_floor":[63,60,62,62,51,51,48,26,26,18,39,28,28,28,28,49,66,53,53,55,57,57,57,43,43,43,33,35,17,19,10,35,32,72,66,66,66,66,81,58,60,39,39,39,43,50,54,69,69,84,95,95,98,68,0,0],"gold":35,"neow_bonus":"THREE_ENEMY_KILL","is_daily":false,"chose_seed":false,"campfire_upgraded":5,"win_rate":0.0,"timestamp":1609470563,"path_taken":["M","?","M","$","?","E","M","E","T","M","R","E","R","?","R","BOSS","M","?","M","M","?","R","?","R","T","E","?","E","M","E","R","BOSS","M","M","?","?","$","E","M","E","T","E","?","M","E","?","R","BOSS","R","$","E","BOSS"],"items_purchased_type":["Card","Card","Card","Card","Relic","Card","Relic","Card","Potion","Relic","Potion"],"build_version":"2020-12-22","purchased_purges":2,"victory":false,"max_hp_per_floor":[70,70,72,72,72,72,72,72,72,72,72,72,72,72,72,72,72,72,72,74,76,76,76,81,81,81,81,83,83,85,85,85,85,85,87,87,87,87,87,87,87,87,87,89,91,96,98,98,98,98,98,98,98,108,108,108],"relic_stats":{"Singing Bowl":18,"counters":[30,127],"Dead Branch":[130],"Tingsha":[454],"PreservedInsect":239,"Pen Nib":[4],"Orichalcum":[12],"Cursed Key":2,"Blood Vial":24,"Dream Catcher":0,"Shuriken":[28],"Ornamental Fan":[112],"Pantograph":100,"MealTicket":33,"obtain_stats":[{"Pear":54,"NeowsBlessing":0,"Singing Bowl":2,"Dead Branch":12,"Oddly Smooth Stone":26,"Tingsha":8,"The Courier":29,"PreservedInsect":40,"Pen Nib":48,"Frozen Egg 2":9,"Orichalcum":44,"Cursed Key":17,"Blood Vial":31,"Anchor":42,"Dream Catcher":47,"Shuriken":39,"Ornamental Fan":39,"Pantograph":14,"Molten Egg 2":6,"MealTicket":27,"Red Mask":28,"Ring of the Snake":0,"Runic Pyramid":34},{"Pear":29,"NeowsBlessing":0,"Singing Bowl":1,"Dead Branch":7,"Oddly Smooth Stone":12,"Tingsha":5,"The Courier":15,"PreservedInsect":21,"Pen Nib":27,"Frozen Egg 2":5,"Orichalcum":24,"Cursed Key":8,"Blood Vial":17,"Anchor":23,"Dream Catcher":27,"Shuriken":20,"Ornamental Fan":20,"Pantograph":7,"Molten Egg 2":3,"MealTicket":13,"Red Mask":14,"Ring of the Snake":0,"Runic Pyramid":18},{"Pear":121,"NeowsBlessing":0,"Singing Bowl":1,"Dead Branch":26,"Oddly Smooth Stone":46,"Tingsha":15,"The Courier":57,"PreservedInsect":84,"Pen Nib":111,"Frozen Egg 2":15,"Orichalcum":98,"Cursed Key":32,"Blood Vial":64,"Anchor":93,"Dream Catcher":111,"Shuriken":78,"Ornamental Fan":78,"Pantograph":26,"Molten Egg 2":3,"MealTicket":51,"Red Mask":52,"Ring of the Snake":0,"Runic Pyramid":70}],"Ring of the Snake":[60]},"card_choices":[{"not_picked":["Backstab","Endless Agony"],"picked":"Dagger Spray","floor":1.0},{"not_picked":["Bane","Quick Slash","Well Laid Plans"],"picked":"Singing Bowl","floor":3.0},{"not_picked":["Calculated Gamble","Dodge and Roll"],"picked":"Tools of the Trade","floor":6.0},{"not_picked":["Outmaneuver","Blade Dance"],"picked":"Slice+1","floor":7.0},{"not_picked":["Slice+1","Expertise"],"picked":"Tactician","floor":8.0},{"not_picked":["Terror","Backstab+1"],"picked":"Cloak And Dagger","floor":10.0},{"not_picked":["Escape Plan","Prepared"],"picked":"Predator+1","floor":12.0},{"not_picked":["Die Die Die+1","Bullet Time"],"picked":"Glass Knife+1","floor":16.0},{"not_picked":["Dagger Throw+1","Cloak And Dagger+1"],"picked":"Backflip","floor":18.0},{"not_picked":["Bane+1","Blade Dance","Slice+1"],"picked":"Singing Bowl","floor":20.0},{"not_picked":["Eviscerate+1","Heel Hook+1","Bane+1"],"picked":"Singing Bowl","floor":21.0},{"not_picked":["Prepared","Distraction+1"],"picked":"Noxious Fumes+1","floor":22.0},{"not_picked":["Skewer+1","Setup"],"picked":"Dagger Throw+1","floor":27.0},{"not_picked":["Dodge and Roll","Terror","Flechettes+1"],"picked":"Singing Bowl","floor":28.0},{"not_picked":["Heel Hook+1","Backflip"],"picked":"Acrobatics","floor":29.0},{"not_picked":["Underhanded Strike+1","Setup","Blade Dance"],"picked":"Singing Bowl","floor":30.0},{"not_picked":["Crippling Poison","Phantasmal Killer"],"picked":"Backflip+1","floor":31.0},{"not_picked":["Phantasmal Killer","Storm of Steel"],"picked":"Die Die Die+1","floor":33.0},{"not_picked":["Bouncing Flask","Sucker Punch+1","Poisoned Stab+1"],"picked":"Singing Bowl","floor":35.0},{"not_picked":["Accuracy+1","Prepared"],"picked":"Noxious Fumes+1","floor":36.0},{"not_picked":["Mayhem+1","Flash of Steel+1"],"picked":"Sadistic Nature+1","floor":37.0},{"not_picked":["Slice+1","Dodge and Roll+1"],"picked":"Blur+1","floor":40.0},{"not_picked":["Heel Hook+1","Choke+1"],"picked":"Escape Plan+1","floor":41.0},{"not_picked":["Backstab+1","Deadly Poison"],"picked":"Prepared+1","floor":42.0},{"not_picked":["Slice+1","Accuracy+1","Dodge and Roll+1"],"picked":"Singing Bowl","floor":44.0},{"not_picked":["Backflip","Dagger Spray+1","Bane+1"],"picked":"Singing Bowl","floor":45.0},{"not_picked":["Deadly Poison+1","Dagger Throw+1"],"picked":"Tools of the Trade+1","floor":46.0},{"not_picked":["Dagger Throw+1","Deflect+1","Blade Dance"],"picked":"Singing Bowl","floor":47.0},{"not_picked":["Quick Slash+1","Endless Agony+1"],"picked":"Acrobatics","floor":54.0}],"player_experience":5684249,"relics_obtained":[{"floor":6.0,"key":"Molten Egg 2"},{"floor":8.0,"key":"Tingsha"},{"floor":9.0,"key":"Frozen Egg 2"},{"floor":12.0,"key":"Dead Branch"},{"floor":26.0,"key":"Oddly Smooth Stone"},{"floor":27.0,"key":"MealTicket"},{"floor":28.0,"key":"Red Mask"},{"floor":29.0,"key":"The Courier"},{"floor":31.0,"key":"Blood Vial"},{"floor":40.0,"key":"PreservedInsect"},{"floor":42.0,"key":"Anchor"},{"floor":44.0,"key":"Orichalcum"},{"floor":47.0,"key":"Dream Catcher"},{"floor":54.0,"key":"Pear"}],"event_choices":[{"damage_healed":0.0,"max_hp_gain":0.0,"max_hp_loss":0.0,"gold_gain":0.0,"event_name":"Scrap Ooze","player_choice":"Success","floor":2.0,"gold_loss":0.0,"damage_taken":3.0,"relics_obtained":["Singing Bowl"]},{"damage_healed":0.0,"max_hp_gain":0.0,"max_hp_loss":0.0,"gold_gain":75.0,"event_name":"World of Goop","player_choice":"Gather Gold","floor":5.0,"gold_loss":0.0,"damage_taken":11.0},{"damage_healed":0.0,"max_hp_gain":0.0,"max_hp_loss":0.0,"gold_gain":0.0,"event_name":"WeMeetAgain","player_choice":"Paid Gold","floor":14.0,"gold_loss":109.0,"damage_taken":0.0,"relics_obtained":["Pantograph"]},{"damage_healed":0.0,"max_hp_gain":5.0,"max_hp_loss":0.0,"gold_gain":0.0,"event_name":"Forgotten Altar","player_choice":"Shed Blood","floor":24.0,"gold_loss":0.0,"damage_taken":19.0},{"damage_healed":0.0,"max_hp_gain":0.0,"max_hp_loss":0.0,"gold_gain":0.0,"event_name":"Masked Bandits","player_choice":"Fought Bandits","floor":28.0,"gold_loss":0.0,"damage_taken":0.0},{"damage_healed":0.0,"max_hp_gain":0.0,"max_hp_loss":0.0,"gold_gain":0.0,"event_name":"SensoryStone","player_choice":"Memory 1","floor":37.0,"gold_loss":0.0,"damage_taken":0.0},{"damage_healed":0.0,"max_hp_gain":0.0,"max_hp_loss":0.0,"gold_gain":222.0,"event_name":"Tomb of Lord Red Mask","player_choice":"Wore Mask","floor":38.0,"gold_loss":0.0,"damage_taken":0.0}],"is_beta":false,"boss_relics":[{"not_picked":["Coffee Dripper","SlaversCollar"],"picked":"Cursed Key"},{"not_picked":["Ring of the Serpent","Astrolabe"],"picked":"Runic Pyramid"}],"items_purged_floors":[19,39],"is_endless":false,"potions_floor_spawned":[3,6,8,10,20,22,29,31,33,35,36,42,46,54],"killed_by":"The Heart","ascension_level":8}}