{"host":"bbjnqymry46jz0fa","time":1609506777,"event":{"mods":["BaseMod","DeckTracker","Minty Spire (QoL Compilation)","Quick Restart","StSLib","SuperFastMode"],"gold_per_floor":[114,130,141,141,156,172,172,172,172],"floor_reached":8,"playtime":213,"items_purged":[],"score":100,"play_id":"dc2bdaff-6cb2-45e2-9099-7e9dabdb9c8c","local_time":"20210101221257","is_ascension_mode":true,"campfire_choices":[],"circlet_count":0,"master_deck":["AscendersBane","Strike_R","Strike_R","Strike_R","Strike_R","Defend_R","Defend_R","Defend_R","Bash","Flame Barrier","Sword Boomerang"],"relics":["Burning Blood","Tiny Chest","Potion Belt"],"acts_visited":["Exordium"],"potions_floor_usage":[5,5],"damage_taken":[{"damage":21,"enemies":"Jaw Worm","floor":1,"turns":5},{"damage":1,"enemies":"2 Louse","floor":2,"turns":3},{"damage":1,"enemies":"Cultist","floor":3,"turns":3},{"damage":3,"enemies":"Lots of Slimes","floor":5,"turns":5},{"damage":17,"enemies":"Exordium Wildlife","floor":6,"turns":9},{"damage":28,"enemies":"Lagavulin","floor":8,"turns":7}],"seed_played":"-1339110282163975004","potions_obtained":[{"floor":2,"key":"SteroidPotion"},{"floor":3,"key":"PowerPotion"}],"is_trial":false,"path_per_floor":["M","M","M","?","M","M","T","E"],"character_chosen":"IRONCLAD","items_purchased":[],"campfire_rested":0,"item_purchase_floors":[],"current_hp_per_floor":[53,58,63,58,61,50,50,22,22],"gold":172,"neow_bonus":"REMOVE_TWO","is_daily":false,"chose_seed":false,"campfire_upgraded":0,"win_rate":0.0,"timestamp":1609506777,"path_taken":["M","M","M","?","M","M","?","E"],"items_purchased_type":[],"build_version":"2020-12-22","purchased_purges":0,"victory":false,"max_hp_per_floor":[68,68,68,68,68,68,68,68,68],"card_choices":[{"not_picked":["Shrug It Off","Heavy Blade"],"picked":"Flame Barrier","floor":1},{"not_picked":["Body Slam","Shrug It Off"],"picked":"Sword Boomerang","floor":2},{"not_picked":["Wild Strike","Headbutt","Heavy Blade"],"picked":"SKIP","floor":3},{"not_picked":["Clash","Body Slam","Anger"],"picked":"SKIP","floor":5},{"not_picked":["Warcry","Dropkick","Twin Strike"],"picked":"SKIP","floor":6}],"player_experience":725276,"relics_obtained":[{"floor":7,"key":"Potion Belt"}],"event_choices":[{"damage_healed":0,"gold_gain":0,"player_choice":"Success","damage_taken":5,"relics_obtained":["Tiny Chest"],"max_hp_gain":0,"max_hp_loss":0,"event_name":"Scrap Ooze","floor":4,"gold_loss":0}],"is_beta":false,"boss_relics":[],"items_purged_floors":[],"is_endless":false,"potions_floor_spawned":[2,3],"killed_by":"Lagavulin","ascension_level":20}}