{"host":"873t0y8ybyo38pfq","time":1609534111,"event":{"mods":["BaseMod","Bestiary","Colored Map","Colored Powertips","Highlight Path","Minty Spire (QoL Compilation)","Quick Restart","RNG Fix","Rare Cards Sparkle","Relic Stats","StSLib"],"gold_per_floor":[118,268,268,293,1,1,40,40,63,96,109,134,150,174,174,174,174],"floor_reached":16,"playtime":419,"items_purged":["Doubt"],"score":274,"play_id":"3a5c49af-addd-4c8e-a63e-475e8dd6121c","local_time":"20210101154831","is_ascension_mode":true,"campfire_choices":[{"data":"Zap","floor":6,"key":"SMITH"},{"data":"Loop","floor":8,"key":"SMITH"},{"data":"Capacitor","floor":15,"key":"SMITH"}],"circlet_count":0,"master_deck":["AscendersBane","Strike_B","Strike_B","Strike_B","Strike_B","Defend_B","Defend_B","Defend_B","Defend_B","Zap+1","Dualcast","Cold Snap","Glacier","Redo","Loop+1","Chaos","Conserve Battery","Capacitor+1","Coolheaded"],"relics":["Cracked Core","NeowsBlessing","Golden Idol","OrangePellets","TungstenRod","Orichalcum","Bronze Scales"],"acts_visited":["Exordium"],"potions_floor_usage":[14],"damage_taken":[{"damage":0,"enemies":"Jaw Worm","floor":1,"turns":1},{"damage":0,"enemies":"Small Slimes","floor":4,"turns":1},{"damage":0,"enemies":"Lagavulin","floor":7,"turns":1},{"damage":9,"enemies":"3 Sentries","floor":10,"turns":10},{"damage":0,"enemies":"Cultist","floor":11,"turns":3},{"damage":1,"enemies":"Looter","floor":12,"turns":3},{"damage":0,"enemies":"Red Slaver","floor":13,"turns":5},{"damage":13,"enemies":"3 Louse","floor":14,"turns":3},{"damage":45,"enemies":"Slime Boss","floor":16,"turns":11}],"seed_played":"124892502252985749","potions_obtained":[{"floor":7,"key":"SneckoOil"},{"floor":10,"key":"Energy Potion"},{"floor":13,"key":"SpeedPotion"}],"is_trial":false,"path_per_floor":["M","?","?","M","$","R","E","R","T","E","M","M","M","M","R","B"],"character_chosen":"DEFECT","items_purchased":["OrangePellets","Redo"],"campfire_rested":0,"item_purchase_floors":[5,5],"current_hp_per_floor":[64,64,64,64,64,64,64,64,64,55,55,54,54,41,41,0,0],"gold":174,"neow_bonus":"THREE_ENEMY_KILL","is_daily":false,"chose_seed":false,"campfire_upgraded":3,"win_rate":0.0,"timestamp":1609534111,"path_taken":["M","?","?","M","$","R","E","R","T","E","?","M","M","M","R","BOSS"],"items_purchased_type":["Relic","Card"],"build_version":"2020-12-22","purchased_purges":1,"victory":false,"max_hp_per_floor":[71,71,64,64,64,64,64,64,64,64,64,64,64,64,64,64,64],"relic_stats":{"OrangePellets":[0],"counters":[9,37],"Golden Idol":36,"Bronze Scales":[49],"Orichalcum":[42],"obtain_stats":[{"OrangePellets":5,"NeowsBlessing":0,"Golden Idol":3,"Bronze Scales":10,"Orichalcum":9,"Cracked Core":0,"TungstenRod":7},{"OrangePellets":2,"NeowsBlessing":0,"Golden Idol":1,"Bronze Scales":4,"Orichalcum":3,"Cracked Core":0,"TungstenRod":3},{"OrangePellets":2,"NeowsBlessing":0,"Golden Idol":1,"Bronze Scales":13,"Orichalcum":3,"Cracked Core":0,"TungstenRod":3}],"TungstenRod":13},"card_choices":[{"not_picked":["Beam Cell","Skim"],"picked":"Cold Snap","floor":1},{"not_picked":["Sweeping Beam","Rebound"],"picked":"Glacier","floor":4},{"not_picked":["Leap","Force Field"],"picked":"Loop","floor":7},{"not_picked":["Tempest","Gash"],"picked":"Chaos","floor":10},{"not_picked":["Blizzard","Recycle","Rip and Tear"],"picked":"SKIP","floor":11},{"not_picked":["Beam Cell","Steam"],"picked":"Conserve Battery","floor":12},{"not_picked":["Cold Snap","Rip and Tear"],"picked":"Capacitor","floor":13},{"not_picked":["Conserve Battery","Hello World"],"picked":"Coolheaded","floor":14}],"player_experience":1468496,"relics_obtained":[{"floor":7,"key":"TungstenRod"},{"floor":9,"key":"Orichalcum"},{"floor":10,"key":"Bronze Scales"}],"event_choices":[{"damage_healed":0,"gold_gain":150,"player_choice":"AGREE","damage_taken":0,"max_hp_gain":0,"max_hp_loss":0,"event_name":"Liars Game","floor":2,"gold_loss":0,"cards_obtained":["Doubt"]},{"damage_healed":0,"gold_gain":0,"player_choice":"Lose Max HP","damage_taken":0,"relics_obtained":["Golden Idol"],"max_hp_gain":0,"max_hp_loss":7,"event_name":"Golden Idol","floor":3,"gold_loss":0}],"is_beta":false,"boss_relics":[],"items_purged_floors":[5],"is_endless":false,"potions_floor_spawned":[7,10,13],"killed_by":"Slime Boss","ascension_level":20}}