{"host":"khm4we1ijduz33xh","time":1609498526,"event":{"mods":["AchievementEnabler","BaseMod","Colored Map","Minty Spire (QoL Compilation)","Rare Cards Sparkle","StSLib","SuperFastMode"],"gold_per_floor":[117,133,133,148,160,160,186,27,27,27,27,42,70,20,20,122,122,134,149,248,42,56,56,56],"floor_reached":23,"playtime":887,"items_purged":["Strike_R"],"score":246,"play_id":"0bf7766f-bb89-4234-b207-709e614e4eb5","local_time":"20210101195526","is_ascension_mode":true,"campfire_choices":[{"data":"Feed","floor":6,"key":"SMITH"},{"data":"Limit Break","floor":10,"key":"SMITH"},{"data":"Heavy Blade","floor":15,"key":"SMITH"}],"circlet_count":0,"master_deck":["Strike_R","Strike_R","Defend_R","Defend_R","Defend_R","Defend_R","Bash","Feed+1","Hemokinesis","Flex","Limit Break+1","Headbutt","Heavy Blade+1","Double Tap","True Grit"],"relics":["Burning Blood","Mercury Hourglass","Smiling Mask","InkBottle","Darkstone Periapt","Empty Cage","Membership Card"],"acts_visited":["Exordium","TheCity"],"potions_floor_usage":[7,16,16,22,23,23,23],"damage_taken":[{"damage":1,"enemies":"Cultist","floor":1,"turns":3},{"damage":6,"enemies":"2 Louse","floor":2,"turns":3},{"damage":10,"enemies":"Small Slimes","floor":4,"turns":2},{"damage":9,"enemies":"2 Fungi Beasts","floor":5,"turns":2},{"damage":33,"enemies":"Lagavulin","floor":7,"turns":6},{"damage":13,"enemies":"Blue Slaver","floor":12,"turns":2},{"damage":16,"enemies":"Gremlin Nob","floor":13,"turns":3},{"damage":31,"enemies":"The Guardian","floor":16,"turns":11},{"damage":12,"enemies":"Chosen","floor":18,"turns":4},{"damage":29,"enemies":"Spheric Guardian","floor":19,"turns":4},{"damage":49,"enemies":"Centurion and Healer","floor":22,"turns":5},{"damage":54,"enemies":"Book of Stabbing","floor":23,"turns":5}],"seed_played":"437707460641951729","potions_obtained":[{"floor":1,"key":"DuplicationPotion"},{"floor":2,"key":"DuplicationPotion"},{"floor":7,"key":"BloodPotion"},{"floor":12,"key":"HeartOfIron"},{"floor":16,"key":"Dexterity Potion"},{"floor":19,"key":"Swift Potion"},{"floor":22,"key":"Weak Potion"}],"is_trial":false,"path_per_floor":["M","M","?","M","M","R","E","$","T","R","?","M","E","?","R","B",null,"M","M","?","$","M","E"],"character_chosen":"IRONCLAD","items_purchased":["Limit Break","Membership Card"],"campfire_rested":0,"item_purchase_floors":[8,21],"current_hp_per_floor":[80,83,80,79,79,79,52,52,52,52,57,54,44,44,44,19,98,92,73,73,73,54,0,0],"gold":56,"neow_bonus":"ONE_RANDOM_RARE_CARD","is_daily":false,"chose_seed":false,"campfire_upgraded":3,"win_rate":0.0,"timestamp":1609498526,"path_taken":["M","M","?","M","M","R","E","$","T","R","?","M","E","?","R","BOSS","M","M","?","$","M","E"],"items_purchased_type":["Card","Relic"],"build_version":"2020-12-22","purchased_purges":1,"victory":false,"max_hp_per_floor":[80,83,83,86,89,89,89,89,89,89,94,98,98,98,98,98,98,98,102,102,102,106,106,106],"card_choices":[{"not_picked":["Dark Embrace","Fire Breathing"],"picked":"Hemokinesis","floor":1},{"not_picked":["Heavy Blade","Sever Soul","Sentinel"],"picked":"SKIP","floor":2},{"not_picked":["Thunderclap","Dropkick","Searing Blow"],"picked":"SKIP","floor":4},{"not_picked":["Cleave","True Grit"],"picked":"Flex","floor":5},{"not_picked":["Clothesline","Perfected Strike","Heavy Blade"],"picked":"SKIP","floor":7},{"not_picked":["Dark Embrace","Feel No Pain"],"picked":"Headbutt","floor":12},{"not_picked":["Flex","Clothesline"],"picked":"Heavy Blade","floor":13},{"not_picked":["Feed","Fiend Fire"],"picked":"Double Tap","floor":16},{"not_picked":["Dropkick+1","Iron Wave","Burning Pact"],"picked":"SKIP","floor":18},{"not_picked":["Clash","Dropkick+1"],"picked":"True Grit","floor":19},{"not_picked":["Thunderclap+1","Wild Strike+1","Havoc+1"],"picked":"SKIP","floor":22}],"player_experience":172993,"relics_obtained":[{"floor":7,"key":"Smiling Mask"},{"floor":9,"key":"InkBottle"},{"floor":13,"key":"Darkstone Periapt"}],"event_choices":[{"damage_healed":0,"gold_gain":0,"player_choice":"Success","damage_taken":3,"relics_obtained":["Mercury Hourglass"],"max_hp_gain":0,"max_hp_loss":0,"event_name":"Scrap Ooze","floor":3,"gold_loss":0},{"damage_healed":0,"gold_gain":0,"player_choice":"Donut","damage_taken":0,"max_hp_gain":5,"max_hp_loss":0,"event_name":"Big Fish","floor":11,"gold_loss":0},{"damage_healed":0,"gold_gain":0,"player_choice":"Left Gold","damage_taken":0,"max_hp_gain":0,"max_hp_loss":0,"event_name":"World of Goop","floor":14,"gold_loss":50},{"damage_healed":0,"gold_gain":99,"player_choice":"Stole From Cult","damage_taken":0,"max_hp_gain":0,"max_hp_loss":0,"event_name":"Nest","floor":20,"gold_loss":0}],"is_beta":false,"boss_relics":[{"not_picked":["Snecko Eye","Coffee Dripper"],"picked":"Empty Cage"}],"items_purged_floors":[21],"is_endless":false,"potions_floor_spawned":[1,2,7,12,16,19,22],"killed_by":"Book of Stabbing","ascension_level":2}}