{"host":"1nccgo86s2yl8rgp","time":1609532343,"event":{"mods":["AchievementEnabler","BaseMod","Card Forge","Downfall","Marisa????????","Minty Spire (QoL Compilation)","Quick Restart","Random Character Button","Replay The Spire","StSLib","The Animator","The Cursed","The Disciple","The Servant 0.9.4","UnlockEverythingMod"],"gold_per_floor":[117,117,117,132,55,55,96,113,113,113,148,162,174,205,205,310,310,340,340,340,340,355,381,381,406,406,424,424,424],"floor_reached":28,"playtime":4180,"items_purged":[],"score":273,"play_id":"c69a1eab-8717-4ba4-8817-f6b49206a12d","local_time":"20210101211903","is_ascension_mode":false,"campfire_choices":[{"data":"animator:Mikaela","floor":6,"key":"SMITH"},{"floor":10,"key":"RECALL"},{"data":"animator:Darkness","floor":15,"key":"SMITH"},{"floor":24,"key":"REST"}],"circlet_count":0,"master_deck":["animator:Aqua+1","animator:Pride","animator:Kaijin","animator:Yoichi","animator:Mikaela+1","animator:Darkness+1","animator:Verdia","animator:HiiragiShinya","animator:Scar","animator:Sloth","animator:Mitsurugi","animator:Envy","animator:FeridBathory","animator:Shigure","animator:Archer","animator:MamiTomoe","animator:Aqua","animator:WinryRockbell","animator:Hakurou","animator:HiiragiShinya","animator:EmiyaShirou+1","animator:Verdia","animator:Lancer","animator:Mitsuba"],"relics":["animator:LivingPicture","animator:TheMissingPiece","Hammer of Thor","Seething Fire","Anvil of the Gods","NeowsBlessing","Champion Belt","Darkstone Periapt","Replay:Baseball","Pandora\u0027s Box","ReplayFunnel","Bag of Marbles","Blue Candle"],"acts_visited":["Exordium","TheCity"],"potions_floor_usage":[],"damage_taken":[{"damage":0,"enemies":"Cultist","floor":1,"turns":1},{"damage":0,"enemies":"Small Slimes","floor":4,"turns":2},{"damage":0,"enemies":"Lagavulin","floor":7,"turns":1},{"damage":0,"enemies":"2 Louse","floor":8,"turns":3},{"damage":15,"enemies":"Gremlin Nob","floor":11,"turns":6},{"damage":4,"enemies":"Blue Slaver","floor":12,"turns":4},{"damage":3,"enemies":"Exordium Wildlife","floor":13,"turns":5},{"damage":0,"enemies":"Large Slime","floor":14,"turns":6},{"damage":8,"enemies":"The Guardian","floor":16,"turns":13},{"damage":9,"enemies":"3 Byrds","floor":18,"turns":6},{"damage":16,"enemies":"Spheric Guardian","floor":22,"turns":6},{"damage":10,"enemies":"Replay:Snechameleon","floor":23,"turns":6},{"damage":22,"enemies":"Centurion and Healer","floor":27,"turns":7}],"seed_played":"-3555422180781282813","potions_obtained":[{"floor":7,"key":"BlessingOfTheForge"},{"floor":12,"key":"Energy Potion"},{"floor":14,"key":"ColorlessPotion"},{"floor":16,"key":"PowerPotion"}],"is_trial":false,"path_per_floor":["M","?","?","M","$","R","E","M","T","R","E","M","M","M","R","B",null,"M","?","?","?","M","E","R","T","T","M","?"],"character_chosen":"THE_ANIMATOR","items_purchased":["animator:Yoichi","animator:Mikaela"],"campfire_rested":1,"item_purchase_floors":[5,5],"current_hp_per_floor":[66,66,66,66,66,66,66,67,67,67,53,52,52,55,55,50,67,63,63,51,51,40,36,57,57,57,40,40,40],"gold":424,"neow_bonus":"THREE_ENEMY_KILL","is_daily":false,"chose_seed":false,"campfire_upgraded":2,"win_rate":0.0,"timestamp":1609532343,"path_taken":["M","?","?","M","$","R","E","M","T","R","E","?","M","M","R","BOSS","M","?","?","?","M","E","R","?","T","?","?"],"items_purchased_type":["Card","Card"],"build_version":"2020-12-22","purchased_purges":0,"victory":false,"max_hp_per_floor":[66,66,66,66,66,66,66,67,67,67,67,67,67,67,67,67,67,67,67,72,72,72,73,73,73,73,73,73,73],"card_choices":[{"not_picked":["animator:Illya","animator:EmiyaShirou"],"picked":"animator:Pride","floor":1},{"not_picked":["animator:Berserker","animator:Aqua"],"picked":"animator:Kaijin","floor":4},{"not_picked":["animator:Illya","animator:DolaSchwi"],"picked":"animator:Darkness","floor":7},{"not_picked":["animator:Mitsurugi","animator:Aqua"],"picked":"animator:Verdia","floor":8},{"not_picked":["animator:DolaCouronne","animator:Shinoa"],"picked":"animator:HiiragiShinya","floor":11},{"not_picked":["animator:Saber","animator:RinTohsaka"],"picked":"animator:Scar","floor":12},{"not_picked":["animator:Souei","animator:Lancer"],"picked":"animator:Sloth","floor":13},{"not_picked":["animator:Verdia","animator:Chris"],"picked":"animator:Mitsurugi","floor":14},{"not_picked":["animator:MadokaKaname","animator:FeridBathory"],"picked":"animator:Envy","floor":16},{"not_picked":["animator:SakuraMatou","animator:DolaSchwi+1"],"picked":"animator:EmiyaShirou+1","floor":18},{"not_picked":["animator:KyokoSakura","animator:DolaCouronne"],"picked":"animator:Verdia","floor":22},{"not_picked":["animator:MadokaKaname","animator:DolaCouronne+1"],"picked":"animator:Lancer","floor":23},{"not_picked":["animator:Shigure","animator:HiiragiShinya"],"picked":"animator:Mitsuba","floor":27}],"player_experience":35026,"relics_obtained":[{"floor":7,"key":"Darkstone Periapt"},{"floor":11,"key":"Replay:Baseball"},{"floor":23,"key":"ReplayFunnel"},{"floor":25,"key":"Bag of Marbles"},{"floor":26,"key":"Blue Candle"}],"event_choices":[{"cards_removed":["animator:Kazuma"],"damage_healed":0,"gold_gain":0,"player_choice":"Gave Card","damage_taken":0,"relics_obtained":["Champion Belt"],"max_hp_gain":0,"max_hp_loss":0,"event_name":"WeMeetAgain","floor":3,"gold_loss":0},{"damage_healed":0,"gold_gain":0,"player_choice":"Ignored","damage_taken":0,"max_hp_gain":0,"max_hp_loss":0,"event_name":"Vampires","floor":19,"gold_loss":0},{"damage_healed":0,"gold_gain":0,"player_choice":"Shed Blood","damage_taken":17,"max_hp_gain":5,"max_hp_loss":0,"event_name":"Forgotten Altar","floor":20,"gold_loss":0}],"is_beta":false,"boss_relics":[{"not_picked":["Ectoplasm","Busted Crown"],"picked":"Pandora\u0027s Box"}],"items_purged_floors":[],"is_endless":false,"potions_floor_spawned":[7,12,14,16,18],"ascension_level":0}}