{"host":"h5golg54dem4i27y","time":1609543448,"event":{"mods":["BaseMod","Colored Map","Colored Powertips","Minty Spire (QoL Compilation)","Replay The Spire","StSLib","SuperFastMode","The Hierophant"],"gold_per_floor":[218,143,143,115,115,89,89,89,89,89,89,89,102,2,2,2,2],"floor_reached":16,"playtime":374,"items_purged":["hierophant:Punish","hierophant:Strike_Hierophant"],"score":115,"play_id":"8f416648-a085-44b8-8d00-71b69a98c2d2","local_time":"20210102082408","is_ascension_mode":true,"campfire_choices":[{"data":"hierophant:ChurchCoffers","floor":7,"key":"SMITH"},{"floor":10,"key":"REST"},{"data":"hierophant:SolarFlare","floor":15,"key":"SMITH"}],"circlet_count":0,"master_deck":["hierophant:Strike_Hierophant","hierophant:Strike_Hierophant","hierophant:Defend_Hierophant","hierophant:Defend_Hierophant","hierophant:Defend_Hierophant","hierophant:ChurchCoffers+1","hierophant:SolarFlare+1"],"relics":["hierophant:PropheticMaskRelic","Replay:Ringing Soul","CaptainsWheel","Golden Idol"],"acts_visited":["Exordium"],"potions_floor_usage":[16],"damage_taken":[{"damage":5.0,"enemies":"Small Slimes","floor":1.0,"turns":4.0},{"damage":0.0,"enemies":"Jaw Worm","floor":4.0,"turns":3.0},{"damage":44,"enemies":"Gremlin Nob","floor":6,"turns":5},{"damage":3,"enemies":"2 Louse","floor":13,"turns":2},{"damage":33,"enemies":"Slime Boss","floor":16,"turns":7}],"seed_played":"-5801167333231112990","potions_obtained":[{"floor":13,"key":"DistilledChaos"}],"is_trial":false,"path_per_floor":["M","$","?","M","?","E","R","$","T","R","?","?","M","$","R","B"],"character_chosen":"HIEROPHANT","items_purchased":[],"campfire_rested":1,"item_purchase_floors":[],"current_hp_per_floor":[70,70,70,70,63,19,19,19,19,41,41,41,38,38,38,5,5],"gold":2,"neow_bonus":"HUNDRED_GOLD","is_daily":false,"chose_seed":false,"campfire_upgraded":2,"win_rate":0.0,"timestamp":1609543448,"path_taken":["M","$","?","M","?","E","R","$","T","R","?","?","M","$","R","BOSS"],"items_purchased_type":[],"build_version":"2020-12-22","purchased_purges":2,"victory":false,"max_hp_per_floor":[75,75,75,75,75,75,75,75,75,75,69,69,69,69,69,69,69],"card_choices":[{"not_picked":["hierophant:Doubloon","hierophant:Shelter"],"picked":"hierophant:SolarFlare","floor":1.0},{"not_picked":["hierophant:MorningPrayer","hierophant:Empathy","hierophant:RustyCrate"],"picked":"SKIP","floor":4.0},{"not_picked":["hierophant:AuricBeam","hierophant:Prophecy","hierophant:OrnateBuckler"],"picked":"SKIP","floor":6},{"not_picked":["hierophant:Remorse","hierophant:AuricShield","hierophant:PassingBell"],"picked":"SKIP","floor":13}],"player_experience":637331,"relics_obtained":[{"floor":6,"key":"Replay:Ringing Soul"},{"floor":9,"key":"CaptainsWheel"}],"event_choices":[{"cards_removed":["hierophant:Defend_Hierophant"],"damage_healed":0,"gold_gain":0,"player_choice":"Card Removal","damage_taken":7,"max_hp_gain":0,"max_hp_loss":0,"event_name":"Golden Wing","floor":5,"gold_loss":0},{"damage_healed":0,"gold_gain":0,"player_choice":"Lose Max HP","damage_taken":0,"relics_obtained":["Golden Idol"],"max_hp_gain":0,"max_hp_loss":6,"event_name":"Golden Idol","floor":11,"gold_loss":0},{"damage_healed":0,"gold_gain":0,"player_choice":"Ignored","damage_taken":0,"max_hp_gain":0,"max_hp_loss":0,"event_name":"Shining Light","floor":12,"gold_loss":0}],"is_beta":false,"boss_relics":[],"items_purged_floors":[2,14],"is_endless":false,"potions_floor_spawned":[13],"killed_by":"Slime Boss","ascension_level":4}}