{"host":"1bnrkmg0bmhwam8n","time":1609460604,"event":{"mods":["2.2 Compatiblity","BaseMod","Colored Map","Hermit","Infinite Spire","Minty Spire (QoL Compilation)","Quick Restart","StSLib"],"gold_per_floor":[16,16,16,16,41,41,41,41,64,64,64,64,84,84,84,84,84],"floor_reached":16,"playtime":1060,"items_purged":[],"score":86,"play_id":"95f6992d-23fb-45eb-a93b-565fe72f2a77","local_time":"20201231182324","is_ascension_mode":false,"campfire_choices":[{"floor":6,"key":"REST"},{"floor":8,"key":"REST"},{"data":"hermit:ShadowCloak","floor":10,"key":"SMITH"},{"data":"hermit:Deadeye","floor":15,"key":"SMITH"}],"circlet_count":0,"master_deck":["hermit:Strike_Hermit","hermit:Strike_Hermit","hermit:Strike_Hermit","hermit:Strike_Hermit","hermit:Defend_Hermit","hermit:Defend_Hermit","hermit:Defend_Hermit","hermit:Defend_Hermit","hermit:Snapshot","hermit:Covet","hermit:HeroicBravado","hermit:ShadowCloak+1","infinitespire:Starlight","hermit:BigShot","hermit:Deadeye+1"],"relics":["hermit:Momento","Juzu Bracelet","Golden Idol"],"acts_visited":["Exordium"],"potions_floor_usage":[],"damage_taken":[{"damage":7,"enemies":"2 Louse","floor":1,"turns":3},{"damage":10,"enemies":"Jaw Worm","floor":5,"turns":4},{"damage":2,"enemies":"Cultist","floor":13,"turns":6},{"damage":75,"enemies":"The Guardian","floor":16,"turns":17}],"seed_played":"3264343941908079214","potions_obtained":[],"is_trial":false,"path_per_floor":["M","?","?","?","M","R","?","R","T","R","$","?","M","$","R","B"],"character_chosen":"HERMIT","items_purchased":[],"campfire_rested":2,"item_purchase_floors":[],"current_hp_per_floor":[68,61,43,26,26,48,48,70,70,70,70,70,75,75,75,0,0],"gold":84,"neow_bonus":"THREE_RARE_CARDS","is_daily":false,"chose_seed":false,"campfire_upgraded":2,"win_rate":0.0,"timestamp":1609460604,"path_taken":["M","?","?","?","M","R","?","R","T","R","$","?","M","?","R","BOSS"],"items_purchased_type":[],"build_version":"2020-12-22","purchased_purges":0,"victory":false,"max_hp_per_floor":[75,75,75,75,75,75,75,75,75,75,75,75,75,75,75,75,75],"card_choices":[{"not_picked":["hermit:OverwhelmingPower","hermit:Gambit"],"picked":"hermit:HeroicBravado","floor":0},{"not_picked":["hermit:Quickdraw","hermit:BodyArmor"],"picked":"hermit:ShadowCloak","floor":1},{"not_picked":["infinitespire:NeuralNetwork","infinitespire:TheBestDefense"],"picked":"infinitespire:Starlight","floor":4},{"not_picked":["hermit:Virtue","hermit:WideOpen"],"picked":"hermit:BigShot","floor":5},{"not_picked":["hermit:Cheat","hermit:Glare"],"picked":"hermit:Deadeye","floor":13}],"player_experience":397300,"relics_obtained":[],"event_choices":[{"damage_healed":0,"gold_gain":0,"player_choice":"Success","damage_taken":7,"relics_obtained":["Juzu Bracelet"],"max_hp_gain":0,"max_hp_loss":0,"event_name":"Scrap Ooze","floor":2,"gold_loss":0},{"damage_healed":0,"gold_gain":0,"player_choice":"Take Damage","damage_taken":18,"relics_obtained":["Golden Idol"],"max_hp_gain":0,"max_hp_loss":0,"event_name":"Golden Idol","floor":3,"gold_loss":0},{"damage_healed":0,"gold_gain":0,"player_choice":"Ignored","damage_taken":0,"max_hp_gain":0,"max_hp_loss":0,"event_name":"NoteForYourself","floor":7,"gold_loss":0},{"damage_healed":0,"gold_gain":0,"player_choice":"Ignored","damage_taken":0,"max_hp_gain":0,"max_hp_loss":0,"event_name":"Transmorgrifier","floor":12,"gold_loss":0}],"is_beta":false,"boss_relics":[],"items_purged_floors":[],"is_endless":false,"potions_floor_spawned":[],"killed_by":"The Guardian","ascension_level":0}}