{"host":"xv6tnu9e6lzjd13s","time":1609459821,"event":{"mods":["BaseMod","Colored Powertips","Googly Eyes","Minty Spire (QoL Compilation)","Replay The Spire","StSLib"],"gold_per_floor":[109,109,209,219,235,264,264,44,68,68,79,79,79,90,90,191,191,206,226,226,243,253,253,284,299,325,325,325,325,265,265,265,361,361,379,391,406,406,406,406,406],"floor_reached":40,"playtime":2072,"items_purged":[],"score":556,"play_id":"90eea0d7-9cef-4b43-94b4-b81a1f6c308a","local_time":"20201231171021","is_ascension_mode":false,"campfire_choices":[{"floor":10,"key":"REST"},{"data":"Metallicize","floor":12,"key":"SMITH"},{"floor":15,"key":"REST"},{"floor":23,"key":"REST"},{"floor":27,"key":"REST"},{"floor":28,"key":"REST"},{"floor":32,"key":"REST"}],"circlet_count":0,"master_deck":["Strike_R+1","Strike_R","Defend_R","Defend_R","Defend_R","Defend_R","Bash","Metallicize+1","Warcry","Impervious","Feel No Pain+1","ReplayTheSpireMod:Stacked","ReplayReversal+1","Iron Wave","Iron Wave","True Grit","Impervious","Body Slam+1","Iron Wave+1","Sadistic Nature","Dark Shackles","PanicButton"],"relics":["Mark of Pain","ReplayTheSpireMod:Spearhead","Blue Doll","Replay:Baseball","Lizard Tail","Astrolabe","WingedGreaves","Vajra","Ooze Armor"],"acts_visited":["Exordium","TheCity","TheBeyond"],"potions_floor_usage":[16,25,25,33,33],"damage_taken":[{"damage":0,"enemies":"Small Slimes","floor":1,"turns":3},{"damage":1,"enemies":"2 Louse","floor":4,"turns":3},{"damage":0,"enemies":"Cultist","floor":5,"turns":4},{"damage":17,"enemies":"Lagavulin","floor":6,"turns":6},{"damage":0,"enemies":"2 Fungi Beasts","floor":11,"turns":4},{"damage":0,"enemies":"Large Slime","floor":14,"turns":4},{"damage":82,"enemies":"Hexaghost","floor":16,"turns":16},{"damage":27,"enemies":"Spheric Guardian","floor":18,"turns":8},{"damage":10,"enemies":"Shell Parasite","floor":19,"turns":8},{"damage":5,"enemies":"Snecko","floor":21,"turns":8},{"damage":35,"enemies":"Cultist and Chosen","floor":22,"turns":12},{"damage":76,"enemies":"Slavers","floor":24,"turns":9},{"damage":0,"enemies":"Centurion and Healer","floor":25,"turns":7},{"damage":73,"enemies":"Pondfish","floor":33,"turns":19},{"damage":38,"enemies":"Orb Walker","floor":35,"turns":8},{"damage":15,"enemies":"3 Shapes","floor":36,"turns":9},{"damage":0,"enemies":"Maw","floor":37,"turns":9},{"damage":23,"enemies":"4 Shapes","floor":40,"turns":8}],"seed_played":"-2625264978305452635","potions_obtained":[{"floor":1,"key":"LiquidBronze"},{"floor":5,"key":"BlessingOfTheForge"},{"floor":14,"key":"Flashbang"},{"floor":16,"key":"Ancient Potion"},{"floor":21,"key":"Reflective Coating"},{"floor":25,"key":"Adrenaline Potion"},{"floor":36,"key":"SpeedPotion"},{"floor":37,"key":"Elixir"}],"is_trial":false,"path_per_floor":["M","?","?","M","M","E","?","$","T","R","M","R","?","M","R","B",null,"M","M","?","M","M","R","E","M","T","R","R","?","?","?","R","B",null,"M","M","M","?","?","M"],"character_chosen":"IRONCLAD","items_purchased":["Feel No Pain","Blue Doll"],"campfire_rested":6,"item_purchase_floors":[8,8],"current_hp_per_floor":[80,64,64,63,63,46,51,51,51,76,76,76,76,76,85,3,85,58,48,48,43,8,33,5,5,5,30,55,55,55,55,80,7,85,47,32,32,32,22,0,0],"gold":406,"neow_bonus":"BOSS_RELIC","is_daily":false,"chose_seed":false,"campfire_upgraded":1,"win_rate":0.0,"timestamp":1609459821,"path_taken":["M","?","?","M","?","E","?","$","T","R","M","R","?","M","R","BOSS","M","?","?","M","M","R","E","M","T","R","R","?","?","?","R","BOSS","M","M","?","?","?","M"],"items_purchased_type":["Card","Relic"],"build_version":"2020-12-22","purchased_purges":0,"victory":false,"max_hp_per_floor":[80,80,80,80,80,80,85,85,85,85,85,85,85,85,85,85,85,85,85,85,85,85,85,85,85,85,85,85,85,85,85,85,85,85,85,85,85,85,85,85,85],"card_choices":[{"not_picked":["Reckless Charge","Pommel Strike","Life Link"],"picked":"SKIP","floor":1},{"not_picked":["Ghostly Armor","Replay:Undeath\u0027s Touch"],"picked":"Metallicize","floor":4},{"not_picked":["Cleave","Run Through"],"picked":"Warcry","floor":5},{"not_picked":["Double Tap","Dark Embrace","Second Wind"],"picked":"SKIP","floor":6},{"not_picked":["Rampage","Pommel Strike","Perfected Strike"],"picked":"SKIP","floor":11},{"not_picked":["Perfected Strike","Run Through","Blood for Blood"],"picked":"SKIP","floor":14},{"not_picked":["Eclipse","Brutality"],"picked":"Impervious","floor":16},{"not_picked":["Hemokinesis+1","Replay:Undeath\u0027s Touch","Anger"],"picked":"SKIP","floor":18},{"not_picked":["Sword Boomerang","True Grit"],"picked":"Iron Wave","floor":19},{"not_picked":["Run Through+1","Clash"],"picked":"ReplayTheSpireMod:Stacked","floor":21},{"not_picked":["Sword Boomerang","Warcry"],"picked":"ReplayReversal","floor":22},{"not_picked":["Pommel Strike+1","Uppercut","Heavy Blade+1"],"picked":"SKIP","floor":24},{"not_picked":["Feel No Pain+1","Sword Boomerang+1"],"picked":"Iron Wave","floor":25},{"not_picked":["Bludgeon","Demon Form"],"picked":"Impervious","floor":33},{"not_picked":["Heavy Blade","Perfected Strike+1","Headbutt+1"],"picked":"SKIP","floor":35},{"not_picked":["Perfected Strike","Pommel Strike"],"picked":"Body Slam+1","floor":36},{"not_picked":["Shockwave","Spot Weakness+1"],"picked":"Iron Wave+1","floor":37},{"not_picked":["Midas Touch","Replay:BasicMightCard"],"picked":"Sadistic Nature","floor":39},{"not_picked":["Mind Blast","Crow Ritual"],"picked":"Dark Shackles","floor":39},{"not_picked":["Dark Shackles","Transmutation"],"picked":"PanicButton","floor":39}],"player_experience":66661,"relics_obtained":[{"floor":6,"key":"ReplayTheSpireMod:Spearhead"},{"floor":9,"key":"Replay:Baseball"},{"floor":24,"key":"WingedGreaves"},{"floor":26,"key":"Vajra"}],"event_choices":[{"damage_healed":0,"gold_gain":0,"player_choice":"Entered Light","damage_taken":16,"max_hp_gain":0,"max_hp_loss":0,"event_name":"Shining Light","floor":2,"gold_loss":0,"cards_upgraded":["Strike_R","Strike_R"]},{"damage_healed":0,"gold_gain":100,"player_choice":"Pray","damage_taken":0,"max_hp_gain":0,"max_hp_loss":0,"event_name":"Golden Shrine","floor":3,"gold_loss":0},{"damage_healed":0,"gold_gain":0,"player_choice":"Donut","damage_taken":0,"max_hp_gain":5,"max_hp_loss":0,"event_name":"Big Fish","floor":7,"gold_loss":0},{"cards_removed":["Feel No Pain"],"damage_healed":0,"gold_gain":0,"player_choice":"Gave Card","damage_taken":0,"relics_obtained":["Lizard Tail"],"max_hp_gain":0,"max_hp_loss":0,"event_name":"WeMeetAgain","floor":13,"gold_loss":0},{"damage_healed":0,"gold_gain":0,"player_choice":"Ignored","damage_taken":0,"max_hp_gain":0,"max_hp_loss":0,"event_name":"Vampires","floor":20,"gold_loss":0},{"damage_healed":0,"gold_gain":0,"cards_transformed":["Dual Wield","Reckless Charge"],"player_choice":"Became Test Subject","damage_taken":0,"max_hp_gain":0,"max_hp_loss":0,"event_name":"Drug Dealer","floor":29,"gold_loss":0,"cards_obtained":["Iron Wave","True Grit"]},{"damage_healed":0,"gold_gain":0,"player_choice":"Upgraded","damage_taken":0,"max_hp_gain":0,"max_hp_loss":0,"event_name":"Upgrade Shrine","floor":31,"gold_loss":0,"cards_upgraded":["ReplayReversal"]},{"cards_removed":["Iron Wave"],"damage_healed":0,"gold_gain":0,"player_choice":"Removed Attack","damage_taken":0,"max_hp_gain":0,"max_hp_loss":0,"event_name":"Falling","floor":38,"gold_loss":0},{"damage_healed":0,"gold_gain":0,"player_choice":"Memory 3","damage_taken":10,"max_hp_gain":0,"max_hp_loss":0,"event_name":"SensoryStone","floor":39,"gold_loss":0}],"is_beta":false,"boss_relics":[{"not_picked":["Replay:Wanted Poster","Coffee Dripper"],"picked":"Astrolabe"},{"not_picked":["Fusion Hammer","Empty Cage"],"picked":"Ooze Armor"}],"items_purged_floors":[],"is_endless":false,"potions_floor_spawned":[1,5,14,16,18,21,25,36,37],"killed_by":"4 Shapes","ascension_level":0}}