{"host":"hfxp6ue4pvwo3fit","time":1609482109,"event":{"mods":["AchievementEnabler","BaseMod","Colored Map","Colored Powertips","Highlight Path","Minty Spire (QoL Compilation)","Relic Stats","StSLib","SuperFastMode"],"gold_per_floor":[117,117,42,58,73,105,105,131,210,210,210,244,244,261,261,335,335,350,366,416,433,72,98,98,124,151,151,163,196,196,210,210,210,210],"floor_reached":33,"playtime":1308,"items_purged":[],"score":646,"play_id":"02ef0948-53d9-421a-9f41-a343967a459f","local_time":"20210101002149","is_ascension_mode":true,"campfire_choices":[{"floor":7,"key":"REST"},{"floor":11,"key":"REST"},{"floor":13,"key":"REST"},{"floor":15,"key":"RECALL"},{"floor":24,"key":"REST"},{"floor":30,"key":"REST"},{"floor":32,"key":"REST"}],"circlet_count":0,"master_deck":["AscendersBane","Strike_R+1","Strike_R","Strike_R","Defend_R","Defend_R","Defend_R","Defend_R","Bash","Uppercut+1","Shrug It Off","Fire Breathing","Feel No Pain","Feed","Sever Soul+1","Armaments","Fiend Fire+1","Feel No Pain","Cleave+1","Feel No Pain","Sentinel","Corruption","Shrug It Off","Shrug It Off"],"relics":["Fusion Hammer","FossilizedHelix","Bag of Marbles","Molten Egg 2","White Beast Statue","Philosopher\u0027s Stone","Peace Pipe","Magic Flower","Whetstone","Lantern"],"acts_visited":["Exordium","TheCity"],"potions_floor_usage":[8,8,16,16,18,21,23,25,28,29,33,33],"damage_taken":[{"damage":7,"enemies":"Small Slimes","floor":1,"turns":4},{"damage":7,"enemies":"2 Louse","floor":4,"turns":3},{"damage":1,"enemies":"Cultist","floor":5,"turns":3},{"damage":20,"enemies":"3 Sentries","floor":6,"turns":5},{"damage":16,"enemies":"Gremlin Nob","floor":8,"turns":4},{"damage":10,"enemies":"3 Sentries","floor":12,"turns":6},{"damage":0,"enemies":"Blue Slaver","floor":14,"turns":3},{"damage":9,"enemies":"The Guardian","floor":16,"turns":12},{"damage":43,"enemies":"3 Byrds","floor":18,"turns":6},{"damage":5,"enemies":"Shell Parasite","floor":19,"turns":3},{"damage":15,"enemies":"3 Cultists","floor":21,"turns":6},{"damage":51,"enemies":"Book of Stabbing","floor":23,"turns":7},{"damage":47,"enemies":"Slavers","floor":25,"turns":6},{"damage":5,"enemies":"Sentry and Sphere","floor":28,"turns":7},{"damage":22,"enemies":"Book of Stabbing","floor":29,"turns":5},{"damage":14,"enemies":"Snake Plant","floor":31,"turns":4},{"damage":69,"enemies":"Automaton","floor":33,"turns":10}],"seed_played":"3754831515481906189","potions_obtained":[{"floor":4,"key":"AttackPotion"},{"floor":6,"key":"Ancient Potion"},{"floor":12,"key":"Fire Potion"},{"floor":14,"key":"GamblersBrew"},{"floor":16,"key":"FearPotion"},{"floor":18,"key":"EssenceOfSteel"},{"floor":19,"key":"FairyPotion"},{"floor":21,"key":"SpeedPotion"},{"floor":23,"key":"Regen Potion"},{"floor":25,"key":"Regen Potion"},{"floor":28,"key":"Fire Potion"},{"floor":29,"key":"Strength Potion"},{"floor":31,"key":"Dexterity Potion"}],"is_trial":false,"path_per_floor":["M","?","?","M","M","E","R","E","T","?","R","E","R","M","R","B",null,"M","M","?","M","$","E","R","E","T","?","M","E","R","M","R","B"],"character_chosen":"IRONCLAD","items_purchased":["Peace Pipe","Sentinel"],"campfire_rested":6,"item_purchase_floors":[22,22],"current_hp_per_floor":[61,61,61,54,53,33,55,39,39,39,61,54,77,80,80,74,82,43,38,38,23,23,5,31,8,8,8,32,10,37,28,56,0,0],"gold":210,"neow_bonus":"BOSS_RELIC","is_daily":false,"chose_seed":false,"campfire_upgraded":0,"win_rate":0.0,"timestamp":1609482109,"path_taken":["M","?","?","M","M","E","R","E","T","?","R","E","R","?","R","BOSS","M","M","?","M","$","E","R","E","T","?","M","E","R","?","R","BOSS"],"items_purchased_type":["Relic","Card"],"build_version":"2020-12-22","purchased_purges":0,"victory":false,"max_hp_per_floor":[75,75,75,75,75,75,75,75,75,75,75,78,78,81,81,84,84,88,88,88,88,88,88,88,88,88,88,91,91,91,94,94,94,94],"relic_stats":{"Peace Pipe":0,"counters":[17,94],"Magic Flower":[22],"Whetstone":["Strike_R","Uppercut"],"obtain_stats":[{"Peace Pipe":22,"Lantern":29,"Magic Flower":23,"Molten Egg 2":9,"Philosopher\u0027s Stone":17,"Fusion Hammer":0,"Bag of Marbles":8,"Whetstone":26,"Burning Blood":0,"FossilizedHelix":6,"White Beast Statue":12},{"Peace Pipe":11,"Lantern":15,"Magic Flower":12,"Molten Egg 2":5,"Philosopher\u0027s Stone":8,"Fusion Hammer":0,"Bag of Marbles":5,"Whetstone":13,"Burning Blood":0,"FossilizedHelix":4,"White Beast Statue":6},{"Peace Pipe":55,"Lantern":80,"Magic Flower":62,"Molten Egg 2":19,"Philosopher\u0027s Stone":40,"Fusion Hammer":0,"Bag of Marbles":19,"Whetstone":68,"Burning Blood":0,"FossilizedHelix":15,"White Beast Statue":25}]},"card_choices":[{"not_picked":["Warcry","Armaments"],"picked":"Uppercut","floor":1},{"not_picked":["Wild Strike","True Grit"],"picked":"Shrug It Off","floor":4},{"not_picked":["Headbutt","Hemokinesis"],"picked":"Fire Breathing","floor":5},{"not_picked":["Dark Embrace","Second Wind"],"picked":"Feel No Pain","floor":6},{"not_picked":["Clash","Battle Trance"],"picked":"Feed","floor":8},{"not_picked":["Twin Strike+1","Flame Barrier"],"picked":"Sever Soul+1","floor":12},{"not_picked":["Heavy Blade+1","Twin Strike+1"],"picked":"Armaments","floor":14},{"not_picked":["Limit Break","Juggernaut"],"picked":"Fiend Fire+1","floor":16},{"not_picked":["Heavy Blade+1","Combust"],"picked":"Feel No Pain","floor":18},{"not_picked":["Twin Strike+1","Metallicize"],"picked":"Cleave+1","floor":19},{"not_picked":["Infernal Blade","Armaments"],"picked":"Feel No Pain","floor":21},{"not_picked":["Iron Wave+1","Carnage+1","Reckless Charge+1"],"picked":"SKIP","floor":23},{"not_picked":["Twin Strike+1","Flex"],"picked":"Corruption","floor":25},{"not_picked":["Rage","Havoc","Heavy Blade+1"],"picked":"SKIP","floor":28},{"not_picked":["Thunderclap+1","Rupture"],"picked":"Shrug It Off","floor":29},{"not_picked":["Perfected Strike+1","Bloodletting+1"],"picked":"Shrug It Off","floor":31}],"player_experience":457065,"relics_obtained":[{"floor":6,"key":"FossilizedHelix"},{"floor":8,"key":"Bag of Marbles"},{"floor":9,"key":"Molten Egg 2"},{"floor":12,"key":"White Beast Statue"},{"floor":23,"key":"Magic Flower"},{"floor":26,"key":"Whetstone"},{"floor":29,"key":"Lantern"}],"event_choices":[{"damage_healed":0,"gold_gain":0,"player_choice":"Ignored","damage_taken":0,"max_hp_gain":0,"max_hp_loss":0,"event_name":"Liars Game","floor":2,"gold_loss":0},{"cards_removed":["Strike_R"],"damage_healed":0,"gold_gain":0,"player_choice":"Card Removal","damage_taken":0,"max_hp_gain":0,"max_hp_loss":0,"event_name":"The Cleric","floor":3,"gold_loss":75},{"cards_removed":["Strike_R"],"damage_healed":0,"gold_gain":0,"player_choice":"Purged","damage_taken":0,"max_hp_gain":0,"max_hp_loss":0,"event_name":"Purifier","floor":10,"gold_loss":0},{"damage_healed":0,"gold_gain":50,"player_choice":"Stole From Cult","damage_taken":0,"max_hp_gain":0,"max_hp_loss":0,"event_name":"Nest","floor":20,"gold_loss":0},{"damage_healed":0,"gold_gain":0,"player_choice":"Ignored","damage_taken":0,"max_hp_gain":0,"max_hp_loss":0,"event_name":"The Mausoleum","floor":27,"gold_loss":0}],"is_beta":false,"boss_relics":[{"not_picked":["Mark of Pain","Ectoplasm"],"picked":"Philosopher\u0027s Stone"}],"items_purged_floors":[],"is_endless":false,"potions_floor_spawned":[4,6,12,14,16,18,19,21,23,25,28,29,31],"killed_by":"Automaton","ascension_level":20}}