{"host":"lvhfn8l5bvc4nolx","time":1609512252,"event":{"mods":["AchievementEnabler","BaseMod","Colored Map","Keyboard Shortcuts","Minty Spire (QoL Compilation)","Permanent Neow","Quick Restart","SuperFastMode"],"gold_per_floor":[15,15,26,42,42,42,70,70,70,70,70,70,70,70,70,199,199,220,220,245,131,154,154,192,192,192,211,234,234,134,154,154,282,282,302,635,635,651,116,146,164,164,218],"floor_reached":44,"playtime":1053,"items_purged":["FlurryOfBlows","Strike_P+1","Defend_P+1"],"score":1130,"play_id":"3b0b5c85-adb6-4d68-bbd6-f0d309ed64e8","local_time":"20210101234412","is_ascension_mode":true,"campfire_choices":[{"floor":6.0,"key":"DIG"},{"floor":8.0,"key":"DIG"},{"floor":12,"key":"DIG"},{"floor":15,"key":"DIG"},{"floor":23,"key":"DIG"},{"floor":25,"key":"DIG"},{"floor":29,"key":"DIG"},{"floor":32,"key":"REST"}],"circlet_count":0,"master_deck":["Strike_P+1","Strike_P+1","Defend_P+1","Defend_P+1","Defend_P+1","Eruption+1","Vigilance+1","EmptyFist","Perseverance+1","Ragnarok","Scrawl","CurseOfTheBell","Worship","Blasphemy","TalkToTheHand+1","Prostrate","ReachHeaven+1","Evaluate+1","Devotion","EmptyMind+1"],"relics":["PureWater","Shovel","White Beast Statue","Bronze Scales","Mango","Eternal Feather","Ginger","HornCleat","War Paint","Calling Bell","Tiny Chest","Molten Egg 2","Gambling Chip","FossilizedHelix","Vajra","Question Card","StoneCalendar","CloakClasp","Sozu","Art of War","Pantograph","Bag of Preparation","Bag of Marbles","Toy Ornithopter","Anchor"],"acts_visited":["Exordium","TheCity","TheBeyond"],"potions_floor_usage":[22,33,33],"damage_taken":[{"damage":19.0,"enemies":"Jaw Worm","floor":1.0,"turns":2.0},{"damage":1.0,"enemies":"Cultist","floor":3.0,"turns":3.0},{"damage":0.0,"enemies":"Small Slimes","floor":4.0,"turns":3.0},{"damage":16.0,"enemies":"Gremlin Nob","floor":7.0,"turns":3.0},{"damage":24,"enemies":"Hexaghost","floor":16,"turns":8},{"damage":1,"enemies":"3 Byrds","floor":18,"turns":3},{"damage":14,"enemies":"2 Thieves","floor":20,"turns":4},{"damage":0,"enemies":"Cultist and Chosen","floor":22,"turns":1},{"damage":50,"enemies":"Gremlin Leader","floor":24,"turns":7},{"damage":0,"enemies":"Centurion and Healer","floor":27,"turns":4},{"damage":0,"enemies":"Snecko","floor":28,"turns":3},{"damage":14,"enemies":"Shelled Parasite and Fungi","floor":31,"turns":4},{"damage":20,"enemies":"Collector","floor":33,"turns":8},{"damage":0,"enemies":"Orb Walker","floor":35,"turns":2},{"damage":0,"enemies":"3 Shapes","floor":38,"turns":4},{"damage":0,"enemies":"Reptomancer","floor":40,"turns":2},{"damage":0,"enemies":"Writhing Mass","floor":41,"turns":1},{"damage":0,"enemies":"Donu and Deca","floor":43,"turns":1}],"seed_played":"-247993101000776011","potions_obtained":[{"floor":4.0,"key":"DistilledChaos"},{"floor":7.0,"key":"DistilledChaos"},{"floor":16,"key":"Strength Potion"},{"floor":18,"key":"Ancient Potion"},{"floor":20,"key":"DuplicationPotion"},{"floor":22,"key":"Block Potion"},{"floor":27,"key":"StancePotion"},{"floor":33,"key":"Fruit Juice"}],"is_trial":false,"path_per_floor":["M","?","M","M","$","R","E","R","T","$","?","R","?","T","R","B",null,"M","?","M","$","M","R","E","R","T","M","M","R","$","M","R","B",null,"M","?","?","M","$","E","M","T","T",null],"character_chosen":"WATCHER","items_purchased":["TalkToTheHand+1","Pantograph","Bag of Preparation"],"campfire_rested":1,"item_purchase_floors":[21,39,39],"current_hp_per_floor":[53,53,52,52,52,52,36,50,50,50,29,35,35,35,41,17,69,68,68,54,54,54,63,13,22,22,22,22,31,31,17,51,36,77,77,77,77,77,77,77,77,77,91],"gold":218,"neow_bonus":"ONE_RARE_RELIC","is_daily":false,"chose_seed":false,"campfire_upgraded":0,"win_rate":0.0,"timestamp":1609512252,"path_taken":["M","?","?","M","?","R","E","R","T","$","?","R","?","?","R","BOSS","M","?","M","$","M","R","E","R","T","M","M","R","$","M","R","BOSS","M","?","?","M","$","E","M","?","T","BOSS"],"items_purchased_type":["Card","Relic","Relic"],"build_version":"2020-12-22","purchased_purges":3,"victory":true,"max_hp_per_floor":[72,72,72,72,72,72,72,86,86,86,86,86,86,86,86,86,86,86,86,86,86,86,86,86,86,86,86,86,86,86,86,86,91,91,91,91,91,91,91,91,91,91,91],"card_choices":[{"not_picked":["BowlingBash","PathToVictory"],"picked":"FlurryOfBlows","floor":1.0},{"not_picked":["CarveReality","FlyingSleeves"],"picked":"EmptyFist","floor":3.0},{"not_picked":["SashWhip","FlyingSleeves","EmptyFist"],"picked":"SKIP","floor":4.0},{"not_picked":["SashWhip","FlyingSleeves","EmptyFist"],"picked":"SKIP","floor":4.0},{"not_picked":["PathToVictory","CutThroughFate"],"picked":"Perseverance","floor":7.0},{"not_picked":["Ragnarok","MasterReality"],"picked":"Scrawl","floor":16},{"not_picked":["EmptyBody","ThirdEye"],"picked":"Worship","floor":18},{"not_picked":["JustLucky+1","SignatureMove+1"],"picked":"Blasphemy","floor":20},{"not_picked":["JustLucky+1","Crescendo","FlurryOfBlows+1"],"picked":"SKIP","floor":22},{"not_picked":["SandsOfTime+1","EmptyBody","ReachHeaven+1"],"picked":"SKIP","floor":24},{"not_picked":["CrushJoints+1","CarveReality+1","SashWhip+1"],"picked":"Prostrate","floor":27},{"not_picked":["BowlingBash+1","ClearTheMind","Crescendo"],"picked":"ReachHeaven+1","floor":28},{"not_picked":["Protect","Vengeance","PathToVictory"],"picked":"Evaluate+1","floor":31},{"not_picked":["Blasphemy","Omniscience","Establishment"],"picked":"Devotion","floor":33},{"not_picked":["JustLucky+1","BowlingBash+1","FollowUp+1"],"picked":"Sanctity+1","floor":35},{"not_picked":["JustLucky+1","DeceiveReality+1","EmptyFist+1"],"picked":"EmptyMind+1","floor":38},{"not_picked":["EmptyFist+1","ClearTheMind","FlyingSleeves+1","JustLucky+1"],"picked":"SKIP","floor":40},{"not_picked":["Indignation+1","BattleHymn+1","PathToVictory+1","FollowUp+1"],"picked":"SKIP","floor":41}],"player_experience":365899,"relics_obtained":[{"floor":6.0,"key":"White Beast Statue"},{"floor":7.0,"key":"Bronze Scales"},{"floor":8.0,"key":"Mango"},{"floor":9.0,"key":"Eternal Feather"},{"floor":12,"key":"Ginger"},{"floor":14,"key":"HornCleat"},{"floor":15,"key":"War Paint"},{"floor":17,"key":"Tiny Chest"},{"floor":17,"key":"Molten Egg 2"},{"floor":17,"key":"Gambling Chip"},{"floor":23,"key":"FossilizedHelix"},{"floor":24,"key":"Vajra"},{"floor":25,"key":"Question Card"},{"floor":26,"key":"StoneCalendar"},{"floor":29,"key":"CloakClasp"},{"floor":40,"key":"Bag of Marbles"},{"floor":42,"key":"Toy Ornithopter"},{"floor":43,"key":"Anchor"}],"event_choices":[{"damage_healed":0.0,"max_hp_gain":0.0,"max_hp_loss":0.0,"gold_gain":0.0,"event_name":"Accursed Blacksmith","player_choice":"Forge","floor":2.0,"gold_loss":0.0,"damage_taken":0.0,"cards_upgraded":["Eruption"]},{"damage_healed":0,"gold_gain":0,"player_choice":"Take Damage","damage_taken":21,"relics_obtained":["Golden Idol"],"max_hp_gain":0,"max_hp_loss":0,"event_name":"Golden Idol","floor":11,"gold_loss":0},{"damage_healed":0,"gold_gain":0,"cards_transformed":["Strike_P"],"player_choice":"Change","damage_taken":0,"max_hp_gain":0,"max_hp_loss":0,"event_name":"Living Wall","floor":13,"gold_loss":0,"cards_obtained":["Ragnarok"]},{"damage_healed":0,"gold_gain":0,"player_choice":"Simplicity","damage_taken":0,"max_hp_gain":0,"max_hp_loss":0,"event_name":"Back to Basics","floor":19,"gold_loss":0,"cards_upgraded":["Strike_P","Strike_P","Strike_P","Defend_P","Defend_P","Defend_P","Defend_P"]},{"damage_healed":0,"gold_gain":333,"player_choice":"Gave Idol","damage_taken":0,"max_hp_gain":0,"max_hp_loss":0,"event_name":"The Moai Head","floor":36,"relics_lost":["Golden Idol"],"gold_loss":0},{"cards_removed":["Sanctity"],"damage_healed":0,"gold_gain":0,"player_choice":"Gave Card","damage_taken":0,"relics_obtained":["Art of War"],"max_hp_gain":0,"max_hp_loss":0,"event_name":"WeMeetAgain","floor":37,"gold_loss":0}],"is_beta":false,"boss_relics":[{"not_picked":["Busted Crown","Ectoplasm"],"picked":"Calling Bell"},{"not_picked":["Tiny House","SacredBark"],"picked":"Sozu"}],"items_purged_floors":[21,30,39],"is_endless":false,"potions_floor_spawned":[4,7,16,18,20,22,24,27,28,31,33,35,38,40,41],"ascension_level":5}}