{"host":"xv6tnu9e6lzjd13s","time":1609460181,"event":{"mods":["BaseMod","Colored Powertips","Googly Eyes","Minty Spire (QoL Compilation)","Replay The Spire","StSLib"],"gold_per_floor":[119,194,194,194,211,211,100,100,100,100,100,128,148,148,172,72,72,74,74],"floor_reached":18,"playtime":340,"items_purged":["Strike_R","Strike_R"],"score":100,"play_id":"af834313-4217-4228-b037-0fc0fd70892d","local_time":"20201231171621","is_ascension_mode":false,"campfire_choices":[{"floor":8,"key":"REST"},{"floor":17,"key":"REST"}],"circlet_count":0,"master_deck":["Strike_R","Defend_R","Defend_R","Defend_R","Defend_R","Bash","Warcry+1","Disarm","Entrench"],"relics":["Mark of Pain","Replay:Bandana","Eternal Feather"],"acts_visited":["Exordium"],"potions_floor_usage":[],"damage_taken":[{"damage":1,"enemies":"Jaw Worm","floor":1,"turns":4},{"damage":0,"enemies":"2 Louse","floor":5,"turns":2},{"damage":2,"enemies":"Cultist","floor":12,"turns":4},{"damage":4,"enemies":"Blue Slaver","floor":13,"turns":4},{"damage":15,"enemies":"Exordium Wildlife","floor":15,"turns":5},{"damage":0,"enemies":"Fading Forest","floor":18,"turns":1}],"seed_played":"-6873159336351811451","potions_obtained":[{"floor":1,"key":"SkillPotion"},{"floor":15,"key":"ColorlessPotion"}],"is_trial":false,"path_per_floor":["M","?","PTL","PTL","M","?","$","R","?","?","T","M","M","?","M","$","R","B"],"character_chosen":"IRONCLAD","items_purchased":["Warcry+1"],"campfire_rested":2,"item_purchase_floors":[7],"current_hp_per_floor":[79,68,68,68,68,56,56,80,80,80,80,78,74,74,59,59,80,80,80],"gold":74,"neow_bonus":"BOSS_RELIC","is_daily":false,"chose_seed":false,"campfire_upgraded":0,"win_rate":0.0,"timestamp":1609460181,"path_taken":["M","?","PTL","PTL","M","?","$","R","?","?","T","M","?","?","M","?","R","BOSS"],"items_purchased_type":["Card"],"build_version":"2020-12-22","purchased_purges":2,"victory":false,"max_hp_per_floor":[80,80,80,80,80,80,80,80,80,80,80,80,80,80,80,80,80,80,80],"card_choices":[{"not_picked":["Uppercut","Hemokinesis","Anger"],"picked":"SKIP","floor":1},{"not_picked":["Perfected Strike","Rampage","Wild Strike"],"picked":"SKIP","floor":5},{"not_picked":["Rupture","True Grit"],"picked":"Entrench","floor":12},{"not_picked":["Dark Embrace","Pommel Strike","Perfected Strike"],"picked":"SKIP","floor":13},{"not_picked":["Disarm","Cleave","Wild Strike"],"picked":"SKIP","floor":15}],"player_experience":68733,"relics_obtained":[{"floor":11,"key":"Eternal Feather"}],"event_choices":[{"damage_healed":0,"gold_gain":75,"player_choice":"Gather Gold","damage_taken":11,"max_hp_gain":0,"max_hp_loss":0,"event_name":"World of Goop","floor":2,"gold_loss":0},{"damage_healed":0,"gold_gain":0,"player_choice":"Success","damage_taken":12,"relics_obtained":["Replay:Bandana"],"max_hp_gain":0,"max_hp_loss":0,"event_name":"Scrap Ooze","floor":6,"gold_loss":0},{"damage_healed":0,"gold_gain":0,"player_choice":"Ignored","damage_taken":0,"max_hp_gain":0,"max_hp_loss":0,"event_name":"Liars Game","floor":9,"gold_loss":0},{"damage_healed":0,"gold_gain":0,"cards_transformed":["Strike_R"],"player_choice":"Transformed","damage_taken":0,"max_hp_gain":0,"max_hp_loss":0,"event_name":"Transmorgrifier","floor":10,"gold_loss":0,"cards_obtained":["Disarm"]},{"cards_removed":["Strike_R"],"damage_healed":0,"gold_gain":0,"player_choice":"Forget","damage_taken":0,"max_hp_gain":0,"max_hp_loss":0,"event_name":"Living Wall","floor":14,"gold_loss":0}],"is_beta":false,"boss_relics":[],"items_purged_floors":[7,16],"is_endless":false,"potions_floor_spawned":[1,15],"killed_by":"Fading Forest","ascension_level":0}}