{"host":"agflykcedf93aoo8","time":1609523767,"event":{"mods":["BaseMod","Hermit","Minty Spire (QoL Compilation)","StSLib","Td1madao Mod","The Bug Knight","The Cursed","The Gatherer","The Hierophant","The Runesmith"],"gold_per_floor":[110,110,121,82,82,82,114,114,196,196,217,233,267,320,320,254,254],"floor_reached":16,"playtime":1060,"items_purged":[],"score":127,"play_id":"3be5450b-b498-44bd-8440-cd18e578b5ac","local_time":"20210102025607","is_ascension_mode":false,"campfire_choices":[{"data":"hierophant:ChurchCoffers","floor":6,"key":"SMITH"},{"data":"hierophant:PristineSoul","floor":8,"key":"SMITH"},{"floor":15,"key":"REST"}],"circlet_count":0,"master_deck":["hierophant:Strike_Hierophant","hierophant:Strike_Hierophant+1","hierophant:Strike_Hierophant","hierophant:Strike_Hierophant","hierophant:Punish","hierophant:Defend_Hierophant","hierophant:Defend_Hierophant","hierophant:Defend_Hierophant+1","hierophant:Defend_Hierophant","hierophant:ChurchCoffers+1","hierophant:HolyVerse","hierophant:ThreeLashes","hierophant:PristineSoul+1","hierophant:Doubloon","hierophant:Generosity","Doubt","Regret","hierophant:RustyCrate","hierophant:Doubloon","hierophant:Doubloon","hierophant:Doubloon","hierophant:CursedGold","hierophant:Doubloon","hierophant:ConvertCurrency"],"relics":["Cursed Key","Ginger","Ornamental Fan","InkBottle","HollowMod:PaleOreRelic"],"acts_visited":["Exordium"],"potions_floor_usage":[13,14,16],"damage_taken":[{"damage":0,"enemies":"Cultist","floor":1,"turns":3},{"damage":6,"enemies":"Jaw Worm","floor":3,"turns":3},{"damage":16,"enemies":"Gremlin Nob","floor":7,"turns":4},{"damage":11,"enemies":"2 Louse","floor":11,"turns":2},{"damage":3,"enemies":"Large Slime","floor":12,"turns":3},{"damage":7,"enemies":"Looter","floor":13,"turns":3},{"damage":0,"enemies":"2 Fungi Beasts","floor":14,"turns":3},{"damage":33,"enemies":"The Guardian","floor":16,"turns":13}],"seed_played":"918818549182909194","potions_obtained":[{"floor":3,"key":"Explosive Potion"},{"floor":11,"key":"GamblersBrew"},{"floor":12,"key":"ColorlessPotion"}],"is_trial":false,"path_per_floor":["M","?","M","$","?","R","E","R","T","?","M","M","M","M","R","B"],"character_chosen":"HIEROPHANT","items_purchased":["hierophant:PristineSoul"],"campfire_rested":1,"item_purchase_floors":[4],"current_hp_per_floor":[75,72,66,66,51,51,35,35,35,35,24,21,14,14,36,3,3],"gold":254,"neow_bonus":"BOSS_RELIC","is_daily":false,"chose_seed":false,"campfire_upgraded":2,"win_rate":0.0,"timestamp":1609523767,"path_taken":["M","?","M","$","?","R","E","R","T","?","M","M","M","M","R","BOSS"],"items_purchased_type":["Card"],"build_version":"2020-12-22","purchased_purges":0,"victory":false,"max_hp_per_floor":[75,75,75,75,75,75,75,75,75,75,75,75,75,75,75,75,75],"card_choices":[{"not_picked":["hierophant:PassingBell","hierophant:Martyrdom"],"picked":"hierophant:HolyVerse","floor":1},{"not_picked":["hierophant:SealAway","hierophant:Encroach"],"picked":"hierophant:ThreeLashes","floor":3},{"not_picked":["hierophant:Embezzle","hierophant:FaithHealing"],"picked":"hierophant:Generosity","floor":7},{"not_picked":["hierophant:DisplayOfPower","hierophant:RepressedViolence","hierophant:ThreeLashes"],"picked":"SKIP","floor":11},{"not_picked":["hierophant:FieryStrike","hierophant:AuricShield"],"picked":"hierophant:RustyCrate","floor":12},{"not_picked":["hierophant:Smite","hierophant:PassingBell"],"picked":"hierophant:CursedGold","floor":13},{"not_picked":["hierophant:Community","hierophant:Doubloon"],"picked":"hierophant:ConvertCurrency","floor":14}],"player_experience":371520,"relics_obtained":[{"floor":7,"key":"Ornamental Fan"},{"floor":9,"key":"InkBottle"}],"event_choices":[{"damage_healed":0,"gold_gain":0,"player_choice":"Success","damage_taken":3,"relics_obtained":["Ginger"],"max_hp_gain":0,"max_hp_loss":0,"event_name":"Scrap Ooze","floor":2,"gold_loss":0},{"damage_healed":0,"gold_gain":0,"player_choice":"Entered Light","damage_taken":15,"max_hp_gain":0,"max_hp_loss":0,"event_name":"Shining Light","floor":5,"gold_loss":0,"cards_upgraded":["hierophant:Defend_Hierophant","hierophant:Strike_Hierophant"]},{"damage_healed":0,"gold_gain":0,"player_choice":"Box","damage_taken":0,"relics_obtained":["HollowMod:PaleOreRelic"],"max_hp_gain":0,"max_hp_loss":0,"event_name":"Big Fish","floor":10,"gold_loss":0,"cards_obtained":["Regret"]}],"is_beta":false,"boss_relics":[],"items_purged_floors":[],"is_endless":false,"potions_floor_spawned":[3,11,12],"killed_by":"The Guardian","ascension_level":0}}