{"host":"okln270zkafj6dck","time":1609498767,"event":{"mods":["BaseMod","Minty Spire (QoL Compilation)","Permanent Neow","Quick Restart","Relic Stats","StSLib","SuperFastMode"],"gold_per_floor":[119,119,119,119,140,180,180,194,221,239,254,254,254,1,1,95,95,53,28,28,49,49,49,92,7,85,32,75,90,90,115,115,208,208,224,224,149,149,164,208,208,227,297,297,297,297],"floor_reached":45,"playtime":1248,"items_purged":["Strike_G"],"score":1008,"play_id":"ddd40698-bc2b-43ef-9fc0-0b3701b17202","local_time":"20210101025927","is_ascension_mode":true,"campfire_choices":[{"data":"A Thousand Cuts","floor":7.0,"key":"SMITH"},{"data":"Poisoned Stab","floor":12.0,"key":"SMITH"},{"data":"Glass Knife","floor":15.0,"key":"SMITH"},{"data":"Blade Dance","floor":23.0,"key":"SMITH"},{"floor":30.0,"key":"REST"},{"data":"Well Laid Plans","floor":32.0,"key":"SMITH"},{"floor":41,"key":"REST"}],"circlet_count":0,"master_deck":["AscendersBane","Strike_G","Strike_G","Strike_G","Defend_G","Defend_G","Defend_G","Defend_G","Defend_G","Survivor","Neutralize","PiercingWail","A Thousand Cuts+1","Dodge and Roll","Deflect","Poisoned Stab+1","Glass Knife+1","Blade Dance+1","Backflip+1","Venomology+1","Bouncing Flask+1","Well Laid Plans+1","Deadly Poison+1","Corpse Explosion+1","Cloak And Dagger+1","Calculated Gamble+1","Blur+1","Deflect+1"],"relics":["Ring of the Serpent","NeowsBlessing","Golden Idol","Oddly Smooth Stone","Gambling Chip","Toy Ornithopter","Vajra","Meat on the Bone","Lantern","Toxic Egg 2","Dream Catcher","SlaversCollar","Pen Nib","Molten Egg 2"],"acts_visited":["Exordium","TheCity","TheBeyond"],"potions_floor_usage":[40,40,45],"damage_taken":[{"damage":0.0,"enemies":"Small Slimes","floor":1.0,"turns":1.0},{"damage":0.0,"enemies":"Jaw Worm","floor":5.0,"turns":1.0},{"damage":0.0,"enemies":"Gremlin Nob","floor":6.0,"turns":1.0},{"damage":0.0,"enemies":"Cultist","floor":8.0,"turns":3.0},{"damage":0.0,"enemies":"3 Louse","floor":10.0,"turns":3.0},{"damage":13.0,"enemies":"Exordium Thugs","floor":11.0,"turns":6.0},{"damage":36.0,"enemies":"Slime Boss","floor":16.0,"turns":10.0},{"damage":16.0,"enemies":"2 Thieves","floor":18.0,"turns":5.0},{"damage":0.0,"enemies":"Chosen","floor":21.0,"turns":3.0},{"damage":19.0,"enemies":"Book of Stabbing","floor":24.0,"turns":5.0},{"damage":14.0,"enemies":"Slavers","floor":28.0,"turns":9.0},{"damage":25.0,"enemies":"Shelled Parasite and Fungi","floor":29.0,"turns":7.0},{"damage":0.0,"enemies":"Chosen and Byrds","floor":31.0,"turns":4.0},{"damage":59.0,"enemies":"Automaton","floor":33.0,"turns":9.0},{"damage":20.0,"enemies":"3 Darklings","floor":35.0,"turns":4.0},{"damage":0.0,"enemies":"Orb Walker","floor":39.0,"turns":3.0},{"damage":61,"enemies":"Giant Head","floor":40,"turns":8},{"damage":37,"enemies":"Transient","floor":42,"turns":6},{"damage":23,"enemies":"3 Darklings","floor":45,"turns":4}],"seed_played":"-7752005742219318991","potions_obtained":[{"floor":11.0,"key":"Ancient Potion"},{"floor":16.0,"key":"LiquidMemories"},{"floor":24.0,"key":"BlessingOfTheForge"},{"floor":28.0,"key":"GamblersBrew"},{"floor":31.0,"key":"CunningPotion"},{"floor":33.0,"key":"Weak Potion"},{"floor":35.0,"key":"FearPotion"},{"floor":39.0,"key":"DuplicationPotion"},{"floor":42,"key":"FearPotion"}],"is_trial":false,"path_per_floor":["M","$","?","?","M","E","R","M","T","M","M","R","?","$","R","B",null,"M","$","T","M","?","R","E","?","T","$","E","M","R","M","R","B",null,"M","?","$","?","M","E","R","M","T","?","M"],"character_chosen":"THE_SILENT","items_purchased":["Glass Knife","Regen Potion","Blade Dance","Backflip+1"],"campfire_rested":2,"item_purchase_floors":[14,14,19,27],"current_hp_per_floor":[59,59,59,59,59,59,59,59,59,59,46,46,39,39,39,23,51,35,35,35,40,40,40,21,21,21,21,29,16,34,39,39,22,51,31,70,70,66,66,22,41,16,16,16,0,0],"gold":297,"neow_bonus":"THREE_ENEMY_KILL","is_daily":false,"chose_seed":false,"campfire_upgraded":5,"win_rate":0.0,"timestamp":1609498767,"path_taken":["M","$","?","?","M","E","R","M","T","M","?","R","?","?","R","BOSS","M","$","?","M","?","R","E","?","T","?","E","M","R","M","R","BOSS","M","?","$","?","M","E","R","M","T","?","M"],"items_purchased_type":["Card","Potion","Card","Card"],"build_version":"2020-12-22","purchased_purges":1,"victory":false,"max_hp_per_floor":[66,66,60,60,60,60,60,60,60,60,60,60,60,60,60,60,60,60,60,60,60,60,60,60,60,60,60,60,60,60,60,60,60,60,60,70,70,66,66,66,66,66,66,66,66,66],"relic_stats":{"Dream Catcher":2,"counters":[19,92],"Golden Idol":112,"Gambling Chip":[56],"Pen Nib":[3],"obtain_stats":[{"Lantern":25,"NeowsBlessing":0,"Golden Idol":3,"Oddly Smooth Stone":4,"Vajra":20,"Pen Nib":40,"SlaversCollar":34,"Dream Catcher":28,"Gambling Chip":6,"Molten Egg 2":43,"Toxic Egg 2":26,"Toy Ornithopter":9,"Ring of the Serpent":17,"Ring of the Snake":0,"Meat on the Bone":24},{"Lantern":10,"NeowsBlessing":0,"Golden Idol":1,"Oddly Smooth Stone":1,"Vajra":8,"Pen Nib":17,"SlaversCollar":14,"Dream Catcher":11,"Gambling Chip":3,"Molten Egg 2":18,"Toxic Egg 2":10,"Toy Ornithopter":4,"Ring of the Serpent":7,"Ring of the Snake":0,"Meat on the Bone":10},{"Lantern":38,"NeowsBlessing":0,"Golden Idol":1,"Oddly Smooth Stone":1,"Vajra":30,"Pen Nib":82,"SlaversCollar":67,"Dream Catcher":47,"Gambling Chip":3,"Molten Egg 2":88,"Toxic Egg 2":38,"Toy Ornithopter":6,"Ring of the Serpent":25,"Ring of the Snake":0,"Meat on the Bone":38}],"Toy Ornithopter":65,"Meat on the Bone":60},"card_choices":[{"not_picked":["Outmaneuver","Leg Sweep"],"picked":"Deadly Poison","floor":1.0},{"not_picked":["Deflect","Outmaneuver"],"picked":"PiercingWail","floor":5.0},{"not_picked":["Crippling Poison","Slice"],"picked":"A Thousand Cuts","floor":6.0},{"not_picked":["PiercingWail","Outmaneuver"],"picked":"Dodge and Roll","floor":8.0},{"not_picked":["Predator","Prepared"],"picked":"Deflect","floor":10.0},{"not_picked":["Terror","Backflip"],"picked":"Poisoned Stab","floor":11.0},{"not_picked":["Tools of the Trade","Bullet Time"],"picked":"Night Terror","floor":16.0},{"not_picked":["Bane","Sucker Punch","Prepared"],"picked":"SKIP","floor":18.0},{"not_picked":["Heel Hook","All Out Attack","Dagger Spray"],"picked":"SKIP","floor":21.0},{"not_picked":["Eviscerate","All Out Attack","Acrobatics"],"picked":"SKIP","floor":24.0},{"not_picked":["Caltrops","Outmaneuver+1"],"picked":"Venomology+1","floor":28.0},{"not_picked":["Infinite Blades","Acrobatics+1"],"picked":"Bouncing Flask+1","floor":29.0},{"not_picked":["Endless Agony","Caltrops"],"picked":"Well Laid Plans","floor":30.0},{"not_picked":["Underhanded Strike","Choke"],"picked":"Deadly Poison+1","floor":31.0},{"not_picked":["Tools of the Trade","Envenom"],"picked":"Corpse Explosion+1","floor":33.0},{"not_picked":["Choke","Finisher+1"],"picked":"Cloak And Dagger+1","floor":35.0},{"not_picked":["Dash","Dagger Throw"],"picked":"Calculated Gamble+1","floor":39.0},{"not_picked":["Bane","Calculated Gamble+1"],"picked":"Blur+1","floor":40},{"not_picked":["Quick Slash","Flechettes"],"picked":"Deflect+1","floor":42}],"player_experience":72371,"relics_obtained":[{"floor":6.0,"key":"Gambling Chip"},{"floor":9.0,"key":"Toy Ornithopter"},{"floor":20.0,"key":"Vajra"},{"floor":24.0,"key":"Meat on the Bone"},{"floor":26.0,"key":"Toxic Egg 2"},{"floor":28.0,"key":"Dream Catcher"},{"floor":40,"key":"Pen Nib"},{"floor":43,"key":"Molten Egg 2"}],"event_choices":[{"damage_healed":0.0,"max_hp_gain":0.0,"max_hp_loss":6.0,"gold_gain":0.0,"event_name":"Golden Idol","player_choice":"Lose Max HP","floor":3.0,"gold_loss":0.0,"damage_taken":0.0,"relics_obtained":["Golden Idol"]},{"cards_removed":["Deadly Poison"],"damage_healed":0.0,"max_hp_gain":0.0,"max_hp_loss":0.0,"gold_gain":0.0,"event_name":"WeMeetAgain","player_choice":"Gave Card","floor":4.0,"gold_loss":0.0,"damage_taken":0.0,"relics_obtained":["Oddly Smooth Stone"]},{"cards_removed":["Strike_G"],"damage_healed":0.0,"max_hp_gain":0.0,"max_hp_loss":0.0,"gold_gain":0.0,"event_name":"Golden Wing","player_choice":"Card Removal","floor":13.0,"gold_loss":0.0,"damage_taken":7.0},{"damage_healed":0.0,"max_hp_gain":0.0,"max_hp_loss":0.0,"gold_gain":0.0,"event_name":"Cursed Tome","player_choice":"Ignored","floor":22.0,"gold_loss":0.0,"damage_taken":0.0},{"damage_healed":0.0,"max_hp_gain":0.0,"max_hp_loss":0.0,"gold_gain":0.0,"event_name":"Addict","player_choice":"Obtained Relic","floor":25.0,"gold_loss":85.0,"damage_taken":0.0,"relics_obtained":["Lantern"]},{"cards_removed":["Night Terror"],"damage_healed":29.0,"max_hp_gain":10.0,"max_hp_loss":0.0,"gold_gain":0.0,"event_name":"Bonfire Elementals","player_choice":"Offered Rare","floor":36.0,"gold_loss":0.0,"damage_taken":0.0},{"damage_healed":0.0,"max_hp_gain":0.0,"max_hp_loss":4.0,"gold_gain":0.0,"event_name":"Winding Halls","player_choice":"Max HP","floor":38.0,"gold_loss":0.0,"damage_taken":0.0},{"damage_healed":0,"gold_gain":0,"player_choice":"Ignored","damage_taken":0,"max_hp_gain":0,"max_hp_loss":0,"event_name":"Mysterious Sphere","floor":44,"gold_loss":0}],"is_beta":false,"boss_relics":[{"not_picked":["Calling Bell","Empty Cage"],"picked":"Ring of the Serpent"},{"not_picked":["WristBlade","Tiny House"],"picked":"SlaversCollar"}],"items_purged_floors":[37],"is_endless":false,"potions_floor_spawned":[11,16,24,28,31,33,35,39,42],"killed_by":"3 Darklings","ascension_level":20}}