{"host":"97feeoqujgl2pi7v","time":1609495578,"event":{"mods":["AchievementEnabler","Act Like it!","Aspiration","Bard","BaseMod","Better Third Choice","Colored Map","Colored Powertips","Conspire","DeckTracker","Downfall","Duelist Mod","Gensokyo","GifTheSpireLib","Halation","Hallownest","Hermit","Hubris","Infinite Spire","Jorbs\u0027s Wanderer Trilogy","Koishi","Mad Scientist","Marisa（霧雨　魔理沙）","Minty Spire (QoL Compilation)","Rare Cards Sparkle","Reimu（博丽灵梦）","Replay The Spire","Shop Mod","StSLib","The Administrix","The Blackbeard","The Bladedancer","The Bug Knight","The Construct","The Cursed","The Disciple","The Mystic","The Necromancer","The Runesmith","The Saiyan","The Servant 0.9.4","TheBandit"],"gold_per_floor":[219,237,237,251,268,268,20,47,47,81,91,108,127,127,211,308,308,323,333,16,16,16,16,66,89,89,89,105,107,107],"floor_reached":29,"playtime":2690,"items_purged":[],"score":283,"play_id":"1c018454-7a9e-4522-ba74-97216855c5a1","local_time":"20210101050618","is_ascension_mode":true,"campfire_choices":[{"data":"Crippling Poison","floor":6,"key":"SMITH"},{"data":"Bane","floor":23,"key":"SMITH"},{"floor":27,"key":"REST"}],"circlet_count":0,"master_deck":["Strike_G","Strike_G","Strike_G","Strike_G","Strike_G","Defend_G","Defend_G","Defend_G","Defend_G","Defend_G","Survivor","Neutralize","Deadly Poison","Dagger Spray","Neutralize","Tactician","Backstab","Crippling Poison+1","Bane+1","Dash","hubris:Counter","After Image","Dodge and Roll","Quick Slash","Accuracy","Poisoned Stab","Bouncing Flask","conspire:PoisonWeapons+1","Deadly Poison"],"relics":["Ring of the Snake","aspiration:FetidBarrel","Singing Bowl","Ring of Chaos","MerchantsRug","Juzu Bracelet","halation:IllGainedPizza","infinitespire:CheckeredPen","Omamori"],"acts_visited":["Exordium","TheCity"],"potions_floor_usage":[10,16,16,19,24,25,28],"damage_taken":[{"damage":2,"enemies":"Small Slimes","floor":1,"turns":7},{"damage":0,"enemies":"Cultist","floor":2,"turns":3},{"damage":0,"enemies":"2 Louse","floor":4,"turns":2},{"damage":2,"enemies":"Exordium Wildlife","floor":5,"turns":3},{"damage":11,"enemies":"Replay:BlueRogue","floor":8,"turns":6},{"damage":2,"enemies":"HollowMod:MossKnight","floor":10,"turns":4},{"damage":2,"enemies":"Blue Slaver","floor":11,"turns":3},{"damage":11,"enemies":"Exordium Thugs","floor":12,"turns":3},{"damage":0,"enemies":"Large Slime","floor":13,"turns":3},{"damage":6,"enemies":"The Guardian","floor":16,"turns":7},{"damage":7,"enemies":"2 Thieves","floor":18,"turns":3},{"damage":6,"enemies":"conspire:FuzzyDice","floor":19,"turns":4},{"damage":16,"enemies":"Replay:Snechameleon","floor":24,"turns":7},{"damage":27,"enemies":"Cultist and Chosen","floor":25,"turns":7},{"damage":19,"enemies":"Snake Plant","floor":28,"turns":2},{"damage":27,"enemies":"Snecko","floor":29,"turns":3}],"seed_played":"1219634094872242757","potions_obtained":[{"floor":2,"key":"GrandPatriotsElixir:ReiMu"},{"floor":8,"key":"FearPotion"},{"floor":12,"key":"DuplicationPotion"},{"floor":13,"key":"Block Potion"},{"floor":16,"key":"FearPotion"},{"floor":19,"key":"GamblersBrew"},{"floor":24,"key":"SpeedPotion"}],"is_trial":false,"path_per_floor":["M","M","?","M","M","R","$","E","T","E","M","M","M","?","R_BF","B",null,"M","M","$","?","?","R","E","M","T","R","M","M"],"character_chosen":"THE_SILENT","items_purchased":["aspiration:FetidBarrel","MerchantsRug","Accuracy","Juzu Bracelet","Poisoned Stab"],"campfire_rested":1,"item_purchase_floors":[7,20,20,20,20],"current_hp_per_floor":[68,68,68,68,66,66,66,55,63,69,67,56,56,56,56,50,70,63,57,57,57,57,57,41,14,14,35,16,0,0],"gold":107,"neow_bonus":"HUNDRED_GOLD","is_daily":false,"chose_seed":false,"campfire_upgraded":2,"win_rate":0.0,"timestamp":1609495578,"path_taken":["M","M","?","M","M","R","?","E","T","E","M","?","M","?","R_BF","BOSS","M","M","$","?","?","R","E","M","T","R","M","M"],"items_purchased_type":["Relic","Relic","Card","Relic","Card"],"build_version":"2020-12-22","purchased_purges":0,"victory":false,"max_hp_per_floor":[70,70,70,70,70,70,70,70,78,86,78,70,70,70,70,70,70,70,70,70,70,70,70,70,70,70,70,70,70,70],"card_choices":[{"not_picked":["Outmaneuver","Caltrops"],"picked":"Deadly Poison","floor":1},{"not_picked":["Finisher","Well Laid Plans"],"picked":"Dagger Spray","floor":2},{"not_picked":["Caltrops","Flechettes"],"picked":"Backstab","floor":4},{"not_picked":["Flying Knee","ReplayTheSpireMod:The Works"],"picked":"Crippling Poison","floor":5},{"not_picked":["Backflip","hubris:SlightOfHand"],"picked":"Bane","floor":8},{"not_picked":["Doppelganger","Reflex"],"picked":"Dash","floor":10},{"not_picked":["Deadly Poison","ReplayTheSpireMod:Tripwire"],"picked":"hubris:SpiceAddiction","floor":11},{"not_picked":["Deflect","Blur"],"picked":"hubris:SpiceAddiction","floor":12},{"not_picked":["Tactician","Grand Finale"],"picked":"hubris:Counter","floor":13},{"not_picked":["Adrenaline","hubris:SpiceAddiction"],"picked":"After Image","floor":16},{"not_picked":["Acrobatics","Prepared"],"picked":"Dodge and Roll","floor":18},{"not_picked":["Acrobatics+1","Outmaneuver"],"picked":"Quick Slash","floor":19},{"not_picked":["Dagger Throw","Sucker Punch"],"picked":"Bouncing Flask","floor":24},{"not_picked":["Escape Plan","Accuracy"],"picked":"conspire:PoisonWeapons+1","floor":25},{"not_picked":["Dagger Throw","Dash"],"picked":"Deadly Poison","floor":28}],"player_experience":369951,"relics_obtained":[{"floor":8,"key":"Singing Bowl"},{"floor":9,"key":"hubris:Spice"},{"floor":10,"key":"hubris:Spice"},{"floor":24,"key":"infinitespire:CheckeredPen"},{"floor":26,"key":"Omamori"}],"event_choices":[{"damage_healed":0,"gold_gain":0,"player_choice":"2 cards matched","damage_taken":0,"max_hp_gain":0,"max_hp_loss":0,"event_name":"Match and Keep!","floor":3,"gold_loss":0,"cards_obtained":["Neutralize","Tactician"]},{"damage_healed":0,"gold_gain":0,"player_choice":"Leave","damage_taken":0,"max_hp_gain":0,"max_hp_loss":0,"event_name":"conspire:Investor","floor":14,"gold_loss":0},{"damage_healed":0,"gold_gain":0,"player_choice":"Ignored","damage_taken":0,"max_hp_gain":0,"max_hp_loss":0,"event_name":"Vampires","floor":22,"gold_loss":0}],"is_beta":false,"boss_relics":[{"not_picked":["hubris:Spice","hubris:HollowSoul"],"picked":"Ring of Chaos"}],"items_purged_floors":[],"is_endless":false,"potions_floor_spawned":[2,8,12,13,16,19,24],"killed_by":"Snecko","ascension_level":2}}