{"host":"mytek2nu1hrzdnew","time":1609468468,"event":{"mods":["Aspiration","BaseMod","Conspire","Evolution","GifTheSpireLib","Gold Saver","Hubris","Minty Spire (QoL Compilation)","Replay The Spire","StSLib","Stuff the Spire","Uncapped"],"gold_per_floor":[799,100,50,145,165,191,191,191,243,272,272,287,287,299,299,401,401,415,429,109,79,90,122,122,136,136,136,136,154,169,187,187,286,286,306,321,337,337,337,337,337,337,383,383,400,415,427,438,438,438],"floor_reached":51,"playtime":4630,"items_purged":["Strike_G","Strike_G"],"score":706,"play_id":"17aa7316-30e8-4283-abe8-c79e92243424","local_time":"20201231213428","is_ascension_mode":false,"campfire_choices":[{"floor":7,"key":"REST"},{"data":"Prepared","floor":11,"key":"SMITH"},{"data":"Neutralize","floor":13,"key":"SMITH"},{"data":"After Image","floor":24,"key":"SMITH"},{"data":"Infinite Blades","floor":27,"key":"SMITH"},{"data":"Fluid Movement","floor":32,"key":"SMITH"},{"floor":40,"key":"REST"},{"floor":44,"key":"REST"},{"floor":49,"key":"REST"}],"circlet_count":0,"master_deck":["Strike_G+1","Strike_G","Strike_G","Defend_G","Defend_G","Defend_G","Survivor","Neutralize+1","Noxious Fumes","Infinite Blades+1","Prepared+1","Cloak And Dagger","Tactician+1","Escape Plan+1","Deflect","After Image+1","Toxin Wave","StuffTheSpire:Shiver+1","Fluid Movement+1","Cloak And Dagger","Deflect","Prepared+1","Prepared+1","Storm of Steel","ReplayTheSpireMod:Shiv Toss+1","Cloak And Dagger+1","After Image+1","Parasite","Deflect","Tools of the Trade"],"relics":["Ring of the Snake","EVO:Axolotl","Bag of Preparation","ClockworkSouvenir","Ancient Tea Set","hubris:PeanutButter","aspiration:HiddenCompartment","ReplayFunnel","MealTicket","Nunchaku","Snake Skull","Gremlin Food","The Courier","Empty Cage","hubris:Towel","Smiling Mask"],"acts_visited":["Exordium","TheCity","TheBeyond"],"potions_floor_usage":[6,10,14,25,31,33,37,47,50],"damage_taken":[{"damage":0,"enemies":"Jaw Worm","floor":1,"turns":7},{"damage":0,"enemies":"2 Louse","floor":5,"turns":4},{"damage":23,"enemies":"3 Sentries","floor":6,"turns":9},{"damage":0,"enemies":"Replay:BlueRogue","floor":10,"turns":5},{"damage":0,"enemies":"Small Slimes","floor":12,"turns":4},{"damage":0,"enemies":"Gremlin Gang","floor":14,"turns":4},{"damage":23,"enemies":"Fading Forest","floor":16,"turns":11},{"damage":0,"enemies":"Shell Parasite","floor":18,"turns":7},{"damage":0,"enemies":"Chosen","floor":19,"turns":6},{"damage":0,"enemies":"Centurion and Healer","floor":22,"turns":7},{"damage":2,"enemies":"conspire:SneckoGhost","floor":23,"turns":7},{"damage":1,"enemies":"Snake Plant","floor":25,"turns":5},{"damage":0,"enemies":"Cultist and Chosen","floor":29,"turns":8},{"damage":0,"enemies":"Snecko","floor":30,"turns":6},{"damage":7,"enemies":"Snake Plant","floor":31,"turns":6},{"damage":0,"enemies":"Automaton","floor":33,"turns":15},{"damage":15,"enemies":"3 Shapes","floor":35,"turns":6},{"damage":26,"enemies":"3 Darklings","floor":36,"turns":11},{"damage":10,"enemies":"Transient","floor":37,"turns":5},{"damage":0,"enemies":"Writhing Mass","floor":45,"turns":10},{"damage":32,"enemies":"4 Shapes","floor":46,"turns":10},{"damage":5,"enemies":"Transient","floor":47,"turns":5},{"damage":8,"enemies":"Jaw Worm Horde","floor":48,"turns":7},{"damage":36,"enemies":"Donu and Deca","floor":50,"turns":13}],"seed_played":"-7957592508231882188","potions_obtained":[{"floor":1,"key":"Regen Potion"},{"floor":8,"key":"CultistPotion"},{"floor":8,"key":"Explosive Potion"},{"floor":12,"key":"LiquidBronze"},{"floor":21,"key":"FairyPotion"},{"floor":21,"key":"LifebloodPotion"},{"floor":22,"key":"LiquidBronze"},{"floor":30,"key":"Dexterity Potion"},{"floor":36,"key":"SkillPotion"},{"floor":46,"key":"Fire Potion"},{"floor":47,"key":"SteroidPotion"}],"is_trial":false,"path_per_floor":["M","$","?","?","M","E","R","?","T","E","R","M","R","M","R","B",null,"M","M","$","?","M","E","R","M","T","R","?","M","M","M","R","B",null,"M","M","M","?","?","R","?","?","T","R","M","M","M","M","R","B",null],"character_chosen":"THE_SILENT","items_purchased":["ClockworkSouvenir","Ancient Tea Set","hubris:PeanutButter","Infinite Blades","Snake Skull","Fluid Movement"],"campfire_rested":4,"item_purchase_floors":[2,2,2,2,20,20],"current_hp_per_floor":[70,70,70,53,53,45,66,66,66,66,66,66,66,66,70,47,70,70,70,70,70,70,68,68,67,67,67,67,67,67,60,60,60,70,55,29,19,19,19,40,40,40,40,59,59,27,22,14,33,19],"gold":438,"neow_bonus":"RANDOM_COMMON_RELIC","is_daily":false,"chose_seed":false,"campfire_upgraded":5,"win_rate":0.0,"timestamp":1609468468,"path_taken":["M","$","?","?","M","E","R","?","T","E","R","?","R","M","R","BOSS","M","M","$","?","M","E","R","?","T","R","?","?","M","M","R","BOSS","M","M","M","?","?","R","?","?","T","R","M","M","M","M","R","BOSS"],"items_purchased_type":["Relic","Relic","Relic","Card","Relic","Card"],"build_version":"2020-12-22","purchased_purges":2,"victory":true,"max_hp_per_floor":[70,70,70,70,70,70,70,70,70,70,70,70,70,70,70,70,70,70,70,70,70,70,70,70,70,70,70,70,70,70,70,70,70,70,70,70,70,70,70,70,66,66,66,66,66,66,66,66,66,66],"card_choices":[{"not_picked":["Blade Dance","Crippling Poison"],"picked":"Noxious Fumes","floor":1},{"not_picked":["Skewer","Underhanded Strike"],"picked":"Prepared","floor":4},{"not_picked":["hubris:Sniper","Slice"],"picked":"Cloak And Dagger","floor":4},{"not_picked":["Dagger Spray","Dodge and Roll","Underhanded Strike"],"picked":"SKIP","floor":5},{"not_picked":["Poisoned Stab","Die Die Die"],"picked":"Tactician","floor":6},{"not_picked":["Footwork","hubris:SlightOfHand"],"picked":"Escape Plan","floor":10},{"not_picked":["Heel Hook","Acrobatics"],"picked":"Draining Mist","floor":12},{"not_picked":["StuffTheSpire:ReptileScales","Poisoned Stab"],"picked":"Deflect","floor":14},{"not_picked":["ReplayTheSpireMod:From All Sides","Doppelganger"],"picked":"After Image","floor":16},{"not_picked":["Dagger Spray+1","Dodge and Roll"],"picked":"Toxin Wave","floor":18},{"not_picked":["StuffTheSpire:Python","Deflect"],"picked":"StuffTheSpire:Shiver+1","floor":19},{"not_picked":["ReplayTheSpireMod:Speed Training","StuffTheSpire:Injection","StuffTheSpire:ClusterCrunch"],"picked":"SKIP","floor":22},{"not_picked":["StuffTheSpire:MirrorStance+1","Underhanded Strike"],"picked":"Cloak And Dagger","floor":23},{"not_picked":["Masterful Stab","Blade Dance+1","Burst"],"picked":"SKIP","floor":25},{"not_picked":["Bane+1","Dodge and Roll","Backflip+1"],"picked":"SKIP","floor":29},{"not_picked":["hubris:TrickCloak","Backflip+1"],"picked":"Prepared","floor":30},{"not_picked":["Bane","Die Die Die"],"picked":"Prepared+1","floor":31},{"not_picked":["Poison Darts","Phantasmal Killer"],"picked":"Storm of Steel","floor":33},{"not_picked":["Well Laid Plans+1","Bane+1","ReplayTheSpireMod:Speed Training"],"picked":"SKIP","floor":35},{"not_picked":["Cloak And Dagger+1","Poisoned Stab+1"],"picked":"ReplayTheSpireMod:Shiv Toss+1","floor":36},{"not_picked":["Dash+1","Sucker Punch"],"picked":"Cloak And Dagger+1","floor":37},{"not_picked":["conspire:PoisonWeapons","Replay:Poison Smokescreen+1","StuffTheSpire:BrimstoneBlast"],"picked":"SKIP","floor":45},{"not_picked":["conspire:PoisonWeapons","Replay:Poison Smokescreen+1","StuffTheSpire:BrimstoneBlast"],"picked":"SKIP","floor":45},{"not_picked":["Skewer","StuffTheSpire:ReptileScales"],"picked":"Deflect","floor":46},{"not_picked":["Poisoned Stab+1","Well Laid Plans+1","Crippling Poison+1"],"picked":"SKIP","floor":47},{"not_picked":["Dodge and Roll","Dagger Spray+1"],"picked":"Tools of the Trade","floor":48}],"player_experience":958937,"relics_obtained":[{"floor":4,"key":"aspiration:HiddenCompartment"},{"floor":6,"key":"ReplayFunnel"},{"floor":9,"key":"MealTicket"},{"floor":10,"key":"Nunchaku"},{"floor":23,"key":"Gremlin Food"},{"floor":26,"key":"The Courier"},{"floor":43,"key":"Smiling Mask"}],"event_choices":[{"cards_removed":["Defend_G"],"damage_healed":0,"gold_gain":0,"player_choice":"Card Removal","damage_taken":0,"max_hp_gain":0,"max_hp_loss":0,"event_name":"The Cleric","floor":3,"gold_loss":50},{"damage_healed":0,"gold_gain":0,"player_choice":"Got Potions","damage_taken":0,"max_hp_gain":0,"max_hp_loss":0,"event_name":"Lab","floor":8,"gold_loss":0},{"damage_healed":0,"gold_gain":0,"player_choice":"Bought 2 Potions","damage_taken":0,"max_hp_gain":0,"max_hp_loss":0,"event_name":"The Woman in Blue","floor":21,"gold_loss":0},{"damage_healed":0,"gold_gain":0,"player_choice":"1 cards matched","damage_taken":0,"max_hp_gain":0,"max_hp_loss":0,"event_name":"Match and Keep!","floor":28,"gold_loss":0,"cards_obtained":["Deflect"]},{"damage_healed":0,"gold_gain":0,"player_choice":"Ignored","damage_taken":0,"max_hp_gain":0,"max_hp_loss":0,"event_name":"Tomb of Lord Red Mask","floor":39,"gold_loss":0},{"damage_healed":0,"gold_gain":0,"player_choice":"Max HP","damage_taken":0,"max_hp_gain":0,"max_hp_loss":4,"event_name":"Winding Halls","floor":41,"gold_loss":0},{"damage_healed":0,"gold_gain":0,"player_choice":"Copied","damage_taken":0,"max_hp_gain":0,"max_hp_loss":0,"event_name":"Duplicator","floor":42,"gold_loss":0,"cards_obtained":["After Image"]}],"is_beta":false,"boss_relics":[{"not_picked":["Cursed Key","hubris:TerracottaHorce","Ectoplasm"]},{"not_picked":["WristBlade","conspire:SpecialSausage"],"picked":"Empty Cage"}],"items_purged_floors":[2,20],"is_endless":false,"potions_floor_spawned":[1,12,14,16,22,23,25,30,31,36,37,46,47],"ascension_level":0}}