{"host":"rolltorest","time":1609541112,"event":{"mods":["BaseMod","Minty Spire (QoL Compilation)","Relic Stats","Robot Space Explorer","Slay the Relics Exporter","StSLib"],"gold_per_floor":[109,12,22,39,39,39,65,65,91,107,120,42,75,75,75,177,177,187,197,102,102,128,128,157,1,1,12,30,60,60,60,60,157,157,171,171,219,219,75,75,108,108,108,133,147,73,92,126,126,126,126,126,126,151,151],"floor_reached":56,"playtime":11795,"items_purged":[],"score":1437,"play_id":"445b1b72-5b57-41e6-a8db-303dd7523e32","local_time":"20210101144512","is_ascension_mode":true,"campfire_choices":[{"data":"RobotSpaceExplorer:Ammunition","floor":6,"key":"SMITH"},{"data":"RobotSpaceExplorer:ExhaustFan","floor":8,"key":"SMITH"},{"data":"RobotSpaceExplorer:DroneSwarm","floor":15,"key":"SMITH"},{"data":"RobotSpaceExplorer:Blaster","floor":23,"key":"SMITH"},{"data":"RobotSpaceExplorer:DoubleFind","floor":30,"key":"SMITH"},{"data":"Trip","floor":32,"key":"SMITH"},{"data":"1","floor":40,"key":"LIFT"},{"data":"2","floor":42,"key":"LIFT"},{"floor":49,"key":"RECALL"},{"data":"RobotSpaceExplorer:PowerCollector","floor":52,"key":"SMITH"}],"circlet_count":0,"master_deck":["RobotSpaceExplorer:Scan","RobotSpaceExplorer:MiniLasers","RobotSpaceExplorer:BigMissile","RobotSpaceExplorer:PlasmaMissile","RobotSpaceExplorer:StunGrenade","RobotSpaceExplorer:PlasmaMissile","RobotSpaceExplorer:Calculate","RobotSpaceExplorer:Pulsar+1","Swift Strike","RobotSpaceExplorer:Ammunition+1","RobotSpaceExplorer:Comet+1","RobotSpaceExplorer:ExhaustFan+1","RobotSpaceExplorer:LaserBurst","RobotSpaceExplorer:PlasmaMissile","RobotSpaceExplorer:FrostMissile","RobotSpaceExplorer:DroneSwarm+1","RobotSpaceExplorer:Blaster+1","Trip+1","RobotSpaceExplorer:MetalStrike","RobotSpaceExplorer:FrostMissile","RobotSpaceExplorer:DoubleFind+1","Necronomicurse","RobotSpaceExplorer:Accelerator","RobotSpaceExplorer:FrostMissile+1","RobotSpaceExplorer:PowerCollector+1","RobotSpaceExplorer:DoubleFind+1","RobotSpaceExplorer:HighVoltage","RobotSpaceExplorer:Discharger","RobotSpaceExplorer:DualCore","RobotSpaceExplorer:Electroshield+1","RobotSpaceExplorer:Electroshield+1"],"relics":["Pandora\u0027s Box","MealTicket","Happy Flower","Bottled Tornado","Coffee Dripper","Red Mask","Nunchaku","RobotSpaceExplorer:SlideRule","Kunai","Vajra","Necronomicon","Snecko Eye","Girya","CaptainsWheel","DollysMirror","Letter Opener","Mercury Hourglass","Ancient Tea Set","War Paint"],"acts_visited":["Exordium","TheCity","TheBeyond","TheEnding"],"potions_floor_usage":[55,55,55],"damage_taken":[{"damage":6,"enemies":"Small Slimes","floor":1,"turns":3},{"damage":0,"enemies":"Cultist","floor":3,"turns":3},{"damage":0,"enemies":"2 Louse","floor":4,"turns":2},{"damage":11,"enemies":"Lagavulin","floor":7,"turns":5},{"damage":4,"enemies":"Exordium Thugs","floor":10,"turns":3},{"damage":1,"enemies":"2 Fungi Beasts","floor":11,"turns":3},{"damage":10,"enemies":"Gremlin Nob","floor":13,"turns":4},{"damage":0,"enemies":"Slime Boss","floor":16,"turns":7},{"damage":12,"enemies":"2 Thieves","floor":18,"turns":3},{"damage":2,"enemies":"Chosen","floor":19,"turns":4},{"damage":13,"enemies":"Masked Bandits","floor":22,"turns":3},{"damage":7,"enemies":"Book of Stabbing","floor":24,"turns":5},{"damage":6,"enemies":"Centurion and Healer","floor":27,"turns":4},{"damage":17,"enemies":"Shelled Parasite and Fungi","floor":28,"turns":4},{"damage":0,"enemies":"Gremlin Leader","floor":29,"turns":4},{"damage":2,"enemies":"Champ","floor":33,"turns":7},{"damage":0,"enemies":"Orb Walker","floor":35,"turns":2},{"damage":21,"enemies":"2 Orb Walkers","floor":37,"turns":3},{"damage":2,"enemies":"Giant Head","floor":41,"turns":4},{"damage":19,"enemies":"Nemesis","floor":44,"turns":4},{"damage":3,"enemies":"3 Darklings","floor":45,"turns":2},{"damage":2,"enemies":"Spire Growth","floor":47,"turns":3},{"damage":0,"enemies":"Giant Head","floor":48,"turns":5},{"damage":7,"enemies":"Donu and Deca","floor":50,"turns":5},{"damage":13,"enemies":"Shield and Spear","floor":54,"turns":4},{"damage":45,"enemies":"The Heart","floor":55,"turns":7}],"seed_played":"6663575272884637124","potions_obtained":[{"floor":1,"key":"Weak Potion"},{"floor":7,"key":"SpeedPotion"},{"floor":11,"key":"LiquidBronze"},{"floor":16,"key":"Swift Potion"},{"floor":18,"key":"RobotSpaceExplorer:LiquidFusion"},{"floor":29,"key":"Ancient Potion"},{"floor":41,"key":"SpeedPotion"}],"is_trial":false,"path_per_floor":["M","$","M","M","?","R","E","R","T","M","M","$","E","?","R","B",null,"M","M","$","?","?","R","E","$","T","M","M","E","R","?","R","B",null,"M","$","?","?","$","R","E","R","T","E","M","$","M","E","R","B",null,"R","$","E","B",null],"character_chosen":"RobotSpaceExplorer","items_purchased":["Swift Strike","RobotSpaceExplorer:PlasmaMissile","Trip","RobotSpaceExplorer:SlideRule","DollysMirror","RobotSpaceExplorer:Discharger"],"campfire_rested":0,"item_purchase_floors":[2,12,20,25,39,46],"current_hp_per_floor":[69,69,69,69,75,75,64,64,64,60,59,74,64,64,64,64,75,63,61,75,75,62,62,55,70,70,64,47,47,47,31,31,29,75,75,75,54,54,69,69,67,67,67,48,45,60,58,58,58,51,75,75,75,62,17],"gold":151,"neow_bonus":"BOSS_RELIC","is_daily":false,"chose_seed":false,"campfire_upgraded":7,"win_rate":0.0,"timestamp":1609541112,"path_taken":["M","$","M","M","?","R","E","R","T","M","?","?","E","?","R","BOSS","M","M","$","?","?","R","E","$","T","M","M","E","R","?","R","BOSS","M","$","?","?","$","R","E","R","T","E","?","?","?","E","R","BOSS","R","$","E","BOSS"],"items_purchased_type":["Card","Card","Card","Relic","Relic","Card"],"build_version":"2020-12-18","purchased_purges":0,"victory":true,"max_hp_per_floor":[75,75,75,75,75,75,75,75,75,75,75,75,75,75,75,75,75,75,75,75,75,75,75,75,75,75,75,75,75,75,75,75,75,75,75,75,75,75,75,75,75,75,75,75,75,75,75,75,75,75,75,75,75,75,75],"relic_stats":{"Nunchaku":[20],"Happy Flower":[30],"counters":[26,103],"Snecko Eye":[64,78,48,73],"Pandora\u0027s Box":["RobotSpaceExplorer:BigMissile","RobotSpaceExplorer:PlasmaMissile","RobotSpaceExplorer:Wormhole","RobotSpaceExplorer:StunGrenade","RobotSpaceExplorer:PlasmaMissile","RobotSpaceExplorer:Calculate","RobotSpaceExplorer:Calculate","RobotSpaceExplorer:Pulsar"],"MealTicket":74,"Necronomicon":[23],"Kunai":[49],"Letter Opener":[42],"War Paint":["RobotSpaceExplorer:Pulsar","RobotSpaceExplorer:Comet"],"obtain_stats":[{"Girya":37,"RobotSpaceExplorer:SlideRule":25,"Happy Flower":9,"Vajra":29,"RobotSpaceExplorer:RoboCore":0,"Letter Opener":41,"Bottled Tornado":13,"War Paint":54,"Ancient Tea Set":48,"Mercury Hourglass":44,"Nunchaku":24,"CaptainsWheel":38,"DollysMirror":39,"Snecko Eye":34,"Pandora\u0027s Box":0,"MealTicket":7,"Coffee Dripper":17,"Red Mask":22,"Necronomicon":31,"Kunai":26},{"Girya":18,"RobotSpaceExplorer:SlideRule":12,"Happy Flower":4,"Vajra":15,"RobotSpaceExplorer:RoboCore":0,"Letter Opener":19,"Bottled Tornado":7,"War Paint":25,"Ancient Tea Set":23,"Mercury Hourglass":20,"Nunchaku":12,"CaptainsWheel":18,"DollysMirror":18,"Snecko Eye":16,"Pandora\u0027s Box":0,"MealTicket":4,"Coffee Dripper":8,"Red Mask":11,"Necronomicon":15,"Kunai":12},{"Girya":69,"RobotSpaceExplorer:SlideRule":45,"Happy Flower":13,"Vajra":57,"RobotSpaceExplorer:RoboCore":0,"Letter Opener":73,"Bottled Tornado":23,"War Paint":96,"Ancient Tea Set":87,"Mercury Hourglass":77,"Nunchaku":45,"CaptainsWheel":69,"DollysMirror":69,"Snecko Eye":64,"Pandora\u0027s Box":0,"MealTicket":13,"Coffee Dripper":30,"Red Mask":40,"Necronomicon":57,"Kunai":45}],"Mercury Hourglass":[90]},"card_choices":[{"not_picked":["RobotSpaceExplorer:Ammunition","RobotSpaceExplorer:ShockKick"],"picked":"RobotSpaceExplorer:MetalStrike","floor":1},{"not_picked":["RobotSpaceExplorer:Probe","RobotSpaceExplorer:ScrapMissile"],"picked":"RobotSpaceExplorer:Ammunition","floor":3},{"not_picked":["RobotSpaceExplorer:SlimeMissile","RobotSpaceExplorer:SurgingStrike"],"picked":"RobotSpaceExplorer:Comet","floor":4},{"not_picked":["RobotSpaceExplorer:Discharger","RobotSpaceExplorer:PowerCollector"],"picked":"RobotSpaceExplorer:ExhaustFan","floor":7},{"not_picked":["RobotSpaceExplorer:Pulsar","RobotSpaceExplorer:ImprovisedAttack"],"picked":"RobotSpaceExplorer:LaserBurst","floor":10},{"not_picked":["RobotSpaceExplorer:SurgingStrike","RobotSpaceExplorer:StunGrenade","RobotSpaceExplorer:FranticSearch"],"picked":"SKIP","floor":11},{"not_picked":["RobotSpaceExplorer:GlueShot","RobotSpaceExplorer:ImprovisedAttack"],"picked":"RobotSpaceExplorer:FrostMissile","floor":13},{"not_picked":["RobotSpaceExplorer:DroneSwarm","RobotSpaceExplorer:ShockMissile"],"picked":"RobotSpaceExplorer:Blaster","floor":16},{"not_picked":["RobotSpaceExplorer:SlimeMissile","RobotSpaceExplorer:ImprovisedAttack","RobotSpaceExplorer:GlueShot"],"picked":"SKIP","floor":18},{"not_picked":["RobotSpaceExplorer:Jetpack+1","RobotSpaceExplorer:ExhaustFan+1","RobotSpaceExplorer:RigExplosive"],"picked":"SKIP","floor":19},{"not_picked":["RobotSpaceExplorer:GlueShot","RobotSpaceExplorer:SurgingShield"],"picked":"RobotSpaceExplorer:MetalStrike","floor":22},{"not_picked":["RobotSpaceExplorer:MakeshiftVolley","RobotSpaceExplorer:MetalStrike","RobotSpaceExplorer:ExhaustFan"],"picked":"SKIP","floor":24},{"not_picked":["RobotSpaceExplorer:ShockKick","RobotSpaceExplorer:SurgingShield"],"picked":"RobotSpaceExplorer:SurgingStrike+1","floor":27},{"not_picked":["RobotSpaceExplorer:Pulsar","RobotSpaceExplorer:GlueSpray"],"picked":"RobotSpaceExplorer:FrostMissile","floor":28},{"not_picked":["RobotSpaceExplorer:Calculate","RobotSpaceExplorer:MetalStrike"],"picked":"RobotSpaceExplorer:DoubleFind","floor":29},{"not_picked":["RobotSpaceExplorer:Blaster","RobotSpaceExplorer:Wormhole"],"picked":"RobotSpaceExplorer:Accelerator","floor":33},{"not_picked":["RobotSpaceExplorer:Ammunition","RobotSpaceExplorer:ShockKick+1"],"picked":"RobotSpaceExplorer:FrostMissile+1","floor":35},{"not_picked":["RobotSpaceExplorer:StunGrenade","RobotSpaceExplorer:ShockMissile"],"picked":"RobotSpaceExplorer:PowerCollector","floor":37},{"not_picked":["RobotSpaceExplorer:BigMissile","RobotSpaceExplorer:DoubleFind"],"picked":"RobotSpaceExplorer:HighVoltage","floor":41},{"not_picked":["RobotSpaceExplorer:Probe+1","RobotSpaceExplorer:ToxicBomb","RobotSpaceExplorer:ScrapToss+1"],"picked":"SKIP","floor":44},{"not_picked":["RobotSpaceExplorer:SwiftStep","RobotSpaceExplorer:StunGrenade","RobotSpaceExplorer:Ammunition+1"],"picked":"SKIP","floor":45},{"not_picked":["RobotSpaceExplorer:SurgingShield+1","RobotSpaceExplorer:MiniDrones"],"picked":"RobotSpaceExplorer:DualCore","floor":47},{"not_picked":["RobotSpaceExplorer:Calculate+1","RobotSpaceExplorer:ImprovisedAttack+1"],"picked":"RobotSpaceExplorer:Electroshield+1","floor":48},{"not_picked":["RobotSpaceExplorer:StarLightning","RobotSpaceExplorer:Blaster"],"picked":"RobotSpaceExplorer:Electroshield+1","floor":54}],"player_experience":1717278,"relics_obtained":[{"floor":7,"key":"MealTicket"},{"floor":9,"key":"Happy Flower"},{"floor":13,"key":"Bottled Tornado"},{"floor":22,"key":"Red Mask"},{"floor":24,"key":"Nunchaku"},{"floor":26,"key":"Kunai"},{"floor":29,"key":"Vajra"},{"floor":31,"key":"Necronomicon"},{"floor":37,"key":"Girya"},{"floor":41,"key":"Letter Opener"},{"floor":44,"key":"Mercury Hourglass"},{"floor":48,"key":"Ancient Tea Set"},{"floor":54,"key":"War Paint"}],"event_choices":[{"cards_removed":["RobotSpaceExplorer:Calculate"],"damage_healed":6,"gold_gain":0,"player_choice":"Offered Uncommon","damage_taken":0,"max_hp_gain":0,"max_hp_loss":0,"event_name":"Bonfire Elementals","floor":5,"gold_loss":0},{"damage_healed":0,"gold_gain":0,"player_choice":"1 cards matched","damage_taken":0,"max_hp_gain":0,"max_hp_loss":0,"event_name":"Match and Keep!","floor":14,"gold_loss":0,"cards_obtained":["RobotSpaceExplorer:DroneSwarm"]},{"damage_healed":0,"gold_gain":0,"player_choice":"Ignored","damage_taken":0,"max_hp_gain":0,"max_hp_loss":0,"event_name":"Beggar","floor":21,"gold_loss":0},{"damage_healed":0,"gold_gain":0,"player_choice":"Fought Bandits","damage_taken":0,"max_hp_gain":0,"max_hp_loss":0,"event_name":"Masked Bandits","floor":22,"gold_loss":0},{"damage_healed":0,"gold_gain":0,"player_choice":"Obtained Book","damage_taken":16,"max_hp_gain":0,"max_hp_loss":0,"event_name":"Cursed Tome","floor":31,"gold_loss":0},{"damage_healed":0,"gold_gain":0,"player_choice":"Fight","damage_taken":0,"max_hp_gain":0,"max_hp_loss":0,"event_name":"Mysterious Sphere","floor":37,"gold_loss":0},{"cards_removed":["RobotSpaceExplorer:SurgingStrike"],"damage_healed":0,"gold_gain":0,"player_choice":"Gave Card","damage_taken":0,"relics_obtained":["CaptainsWheel"],"max_hp_gain":0,"max_hp_loss":0,"event_name":"WeMeetAgain","floor":38,"gold_loss":0}],"is_beta":true,"boss_relics":[{"not_picked":["Busted Crown","Calling Bell"],"picked":"Coffee Dripper"},{"not_picked":["Sozu","RobotSpaceExplorer:Reprocessor"],"picked":"Snecko Eye"}],"items_purged_floors":[],"is_endless":false,"potions_floor_spawned":[1,7,11,13,16,18,19,29,35,37,41,45],"ascension_level":2}}