{"host":"54vghy6hfkyy1r39","time":1609499068,"event":{"mods":["AchievementEnabler","BaseMod","Minty Spire (QoL Compilation)","StSLib","SuperFastMode","everything is the same but u backflip on backflip"],"gold_per_floor":[112,123,137,62,62,62,78,78,126,136,162,162,174,188,188,287,287,322,247,162,197,216,216,256,256,282,282,282],"floor_reached":27,"playtime":734,"items_purged":["Defend_P"],"score":217,"play_id":"4f4243b3-2734-4bc4-8fbe-e33f3f936fcf","local_time":"20210101200428","is_ascension_mode":false,"campfire_choices":[{"data":"Eruption","floor":8,"key":"SMITH"},{"data":"Halt","floor":15,"key":"SMITH"},{"floor":23,"key":"REST"},{"floor":25,"key":"REST"}],"circlet_count":0,"master_deck":["Strike_P","Strike_P","Defend_P","Defend_P","Eruption+1","Vigilance","Halt+1","Adaptation","Halt","Wish","Consecrate","Consecrate"],"relics":["PureWater","NeowsBlessing","Blood Vial","SlaversCollar","Tiny Chest","Centennial Puzzle"],"acts_visited":["Exordium","TheCity"],"potions_floor_usage":[1,18,22],"damage_taken":[{"damage":0,"enemies":"2 Louse","floor":1,"turns":1},{"damage":0,"enemies":"Jaw Worm","floor":2,"turns":1},{"damage":0,"enemies":"Cultist","floor":3,"turns":1},{"damage":0,"enemies":"Exordium Wildlife","floor":7,"turns":4},{"damage":9,"enemies":"Exordium Thugs","floor":10,"turns":6},{"damage":18,"enemies":"3 Sentries","floor":11,"turns":9},{"damage":3,"enemies":"Looter","floor":13,"turns":3},{"damage":5,"enemies":"Exordium Wildlife","floor":14,"turns":3},{"damage":40,"enemies":"Hexaghost","floor":16,"turns":14},{"damage":43,"enemies":"2 Thieves","floor":18,"turns":5},{"damage":30,"enemies":"3 Byrds","floor":21,"turns":10},{"damage":5,"enemies":"Centurion and Healer","floor":22,"turns":8},{"damage":17,"enemies":"Snake Plant","floor":24,"turns":6},{"damage":48,"enemies":"Slavers","floor":27,"turns":3}],"seed_played":"-5963779886714805756","potions_obtained":[{"floor":1,"key":"Fruit Juice"},{"floor":3,"key":"BottledMiracle"},{"floor":11,"key":"SteroidPotion"},{"floor":13,"key":"SkillPotion"},{"floor":18,"key":"DuplicationPotion"},{"floor":24,"key":"LiquidBronze"}],"is_trial":false,"path_per_floor":["M","M","M","$","?","?","M","R","T","M","E","?","M","M","R","B",null,"M","?","?","M","M","R","M","R","T","E"],"character_chosen":"WATCHER","items_purchased":[],"campfire_rested":2,"item_purchase_floors":[],"current_hp_per_floor":[77,77,77,77,77,77,77,77,77,68,50,50,49,46,46,8,77,34,34,34,6,3,26,11,34,34,0,0],"gold":282,"neow_bonus":"THREE_ENEMY_KILL","is_daily":false,"chose_seed":false,"campfire_upgraded":2,"win_rate":0.0,"timestamp":1609499068,"path_taken":["M","M","M","$","?","?","M","R","T","?","E","?","M","M","R","BOSS","M","?","?","?","M","R","M","R","T","E"],"items_purchased_type":[],"build_version":"2020-12-22","purchased_purges":1,"victory":false,"max_hp_per_floor":[77,77,77,77,77,77,77,77,77,77,77,77,77,77,77,77,77,77,77,77,77,77,77,77,77,77,77,77],"card_choices":[{"not_picked":["EmptyFist","ThirdEye","FlurryOfBlows"],"picked":"SKIP","floor":1},{"not_picked":["Crescendo","JustLucky","EmptyBody"],"picked":"SKIP","floor":2},{"not_picked":["CutThroughFate","Weave"],"picked":"Halt","floor":3},{"not_picked":["Evaluate","Protect"],"picked":"Halt","floor":7},{"not_picked":["Crescendo","WaveOfTheHand","Alpha"],"picked":"SKIP","floor":10},{"not_picked":["Crescendo","WaveOfTheHand","Alpha"],"picked":"SKIP","floor":10},{"not_picked":["ThirdEye","FlyingSleeves","EmptyFist"],"picked":"SKIP","floor":11},{"not_picked":["Perseverance","EmptyFist","SashWhip"],"picked":"SKIP","floor":13},{"not_picked":["Omniscience","Crescendo","Vengeance"],"picked":"SKIP","floor":14},{"not_picked":["Omniscience","Crescendo","Vengeance"],"picked":"SKIP","floor":14},{"not_picked":["DeusExMachina","SpiritShield"],"picked":"Wish","floor":16},{"not_picked":["Consecrate","BowlingBash","ForeignInfluence"],"picked":"SKIP","floor":18},{"not_picked":["EmptyFist","ThirdEye+1"],"picked":"Consecrate","floor":21},{"not_picked":["Crescendo","DeceiveReality","ReachHeaven+1"],"picked":"SKIP","floor":22},{"not_picked":["DeceiveReality","EmptyBody"],"picked":"Consecrate","floor":24}],"player_experience":170384,"relics_obtained":[{"floor":11,"key":"Blood Vial"},{"floor":26,"key":"Centennial Puzzle"}],"event_choices":[{"cards_removed":["Strike_P"],"damage_healed":0,"gold_gain":0,"player_choice":"Forget","damage_taken":0,"max_hp_gain":0,"max_hp_loss":0,"event_name":"Living Wall","floor":5,"gold_loss":0},{"damage_healed":0,"gold_gain":0,"player_choice":"1 cards matched","damage_taken":0,"max_hp_gain":0,"max_hp_loss":0,"event_name":"Match and Keep!","floor":6,"gold_loss":0,"cards_obtained":["Adaptation"]},{"cards_removed":["Defend_P"],"damage_healed":0,"gold_gain":0,"player_choice":"Card Removal","damage_taken":0,"max_hp_gain":0,"max_hp_loss":0,"event_name":"Wheel of Change","floor":12,"gold_loss":0},{"cards_removed":["Strike_P"],"damage_healed":0,"gold_gain":0,"player_choice":"Gave Gold","damage_taken":0,"max_hp_gain":0,"max_hp_loss":0,"event_name":"Beggar","floor":19,"gold_loss":75},{"damage_healed":0,"gold_gain":0,"player_choice":"Obtained Relic","damage_taken":0,"relics_obtained":["Tiny Chest"],"max_hp_gain":0,"max_hp_loss":0,"event_name":"Addict","floor":20,"gold_loss":85}],"is_beta":false,"boss_relics":[{"not_picked":["Runic Dome","HolyWater"],"picked":"SlaversCollar"}],"items_purged_floors":[4],"is_endless":false,"potions_floor_spawned":[1,3,11,13,18,24],"killed_by":"Slavers","ascension_level":0}}