{"host":"31s8hzukbhz1k6i6","time":1609469400,"event":{"mods":["AchievementEnabler","BaseMod","Bestiary","Colored Map","Filter the Spire","Minty Spire (QoL Compilation)","Relic Stats","UnlockEverythingMod","ojb\u0027s Info Mod"],"gold_per_floor":[111,186,42,42,60,60,87,87,87,98,131,148,148,148],"floor_reached":13,"playtime":327,"items_purged":[],"score":140,"play_id":"de5c743f-aa94-4b40-bbc2-0aa6a024fc90","local_time":"20201231185000","is_ascension_mode":true,"campfire_choices":[{"data":"Pommel Strike","floor":6,"key":"SMITH"},{"data":"Pommel Strike","floor":8,"key":"SMITH"}],"circlet_count":0,"master_deck":["AscendersBane","Strike_R","Strike_R","Strike_R","Strike_R","Defend_R","Defend_R","Defend_R","Defend_R","Bash","Pommel Strike+1","Evolve","Pommel Strike+1","Limit Break","Burning Pact","Whirlwind"],"relics":["Burning Blood","Peace Pipe","Chemical X","HornCleat","Matryoshka","StrikeDummy"],"acts_visited":["Exordium"],"potions_floor_usage":[11],"damage_taken":[{"damage":7,"enemies":"Jaw Worm","floor":1,"turns":3},{"damage":1,"enemies":"Cultist","floor":5,"turns":3},{"damage":35,"enemies":"Lagavulin","floor":7,"turns":7},{"damage":0,"enemies":"2 Louse","floor":10,"turns":3},{"damage":24,"enemies":"Gremlin Nob","floor":11,"turns":4},{"damage":0,"enemies":"Gremlin Gang","floor":12,"turns":2},{"damage":30,"enemies":"Lagavulin","floor":13,"turns":4}],"seed_played":"-1138446861249896069","potions_obtained":[{"floor":5,"key":"BloodPotion"},{"floor":10,"key":"ElixirPotion"}],"is_trial":false,"path_per_floor":["M","?","$","?","M","R","E","R","T","M","E","M","E"],"character_chosen":"IRONCLAD","items_purchased":["Chemical X"],"campfire_rested":0,"item_purchase_floors":[3],"current_hp_per_floor":[71,60,60,60,65,65,36,36,36,42,24,30,0,0],"gold":148,"neow_bonus":"ONE_RARE_RELIC","is_daily":false,"chose_seed":false,"campfire_upgraded":2,"win_rate":0.0,"timestamp":1609469400,"path_taken":["M","?","$","?","M","R","E","R","T","?","E","?","E"],"items_purchased_type":["Relic"],"build_version":"2020-12-22","purchased_purges":0,"victory":false,"max_hp_per_floor":[72,72,72,72,72,72,72,72,72,72,72,72,72,72],"relic_stats":{"Peace Pipe":0,"counters":[7,26],"Chemical X":[4],"obtain_stats":[{"Peace Pipe":0,"HornCleat":7,"Matryoshka":9,"Chemical X":3,"StrikeDummy":11,"Burning Blood":0},{"Peace Pipe":0,"HornCleat":3,"Matryoshka":3,"Chemical X":1,"StrikeDummy":5,"Burning Blood":0},{"Peace Pipe":0,"HornCleat":13,"Matryoshka":13,"Chemical X":3,"StrikeDummy":20,"Burning Blood":0}],"Burning Blood":36},"card_choices":[{"not_picked":["Twin Strike","Clothesline"],"picked":"Pommel Strike","floor":1},{"not_picked":["Flex","Warcry"],"picked":"Pommel Strike","floor":5},{"not_picked":["Flex","True Grit"],"picked":"Limit Break","floor":7},{"not_picked":["Blood for Blood","Body Slam"],"picked":"Burning Pact","floor":10},{"not_picked":["Cleave","Entrench"],"picked":"Whirlwind","floor":11},{"not_picked":["Carnage","Headbutt","Clash"],"picked":"SKIP","floor":12}],"player_experience":126189,"relics_obtained":[{"floor":7,"key":"HornCleat"},{"floor":9,"key":"Matryoshka"},{"floor":11,"key":"StrikeDummy"}],"event_choices":[{"damage_healed":0,"gold_gain":75,"player_choice":"Gather Gold","damage_taken":11,"max_hp_gain":0,"max_hp_loss":0,"event_name":"World of Goop","floor":2,"gold_loss":0},{"damage_healed":0,"gold_gain":0,"cards_transformed":["Strike_R"],"player_choice":"Transformed","damage_taken":0,"max_hp_gain":0,"max_hp_loss":0,"event_name":"Transmorgrifier","floor":4,"gold_loss":0,"cards_obtained":["Evolve"]}],"is_beta":false,"boss_relics":[],"items_purged_floors":[],"is_endless":false,"potions_floor_spawned":[5,10],"killed_by":"Lagavulin","ascension_level":10}}