{"host":"3a1ypf1irl30q4k8","time":1609515180,"event":{"mods":["AchievementEnabler","BaseMod","Bestiary","Colored Map","Minty Spire (QoL Compilation)","Relic Stats"],"gold_per_floor":[111,186,202,215,235,262,262,274,274,304,304,269,300,318,318,415,415,431,448,448,462,462,462,476,476,530,530,558,106,31,50,50,146,146,166,166,166,177,25,59,71,83,95,107,134,2,2,14,14,14,14],"floor_reached":50,"playtime":3180,"items_purged":["Defend_P"],"score":561,"play_id":"84f9c5d7-1340-4642-81c8-624512857e93","local_time":"20210101153300","is_ascension_mode":true,"campfire_choices":[{"floor":7,"key":"REST"},{"floor":11,"key":"REST"},{"floor":15,"key":"REST"},{"data":"WheelKick","floor":23,"key":"SMITH"},{"data":"PathToVictory","floor":25,"key":"SMITH"},{"data":"Eruption","floor":27,"key":"SMITH"},{"data":"Scrawl","floor":32,"key":"SMITH"},{"floor":41,"key":"REST"},{"floor":47,"key":"RECALL"},{"data":"PathToVictory","floor":49,"key":"SMITH"}],"circlet_count":0,"master_deck":["Defend_P","Defend_P","Eruption+1","Vigilance","Judgement","PathToVictory+1","Prostrate","FlyingSleeves","SandsOfTime","WheelKick+1","ThirdEye","Scrawl+1","Vault","Prostrate","Bite","Bite","Bite","Bite","Bite","Adaptation+1","PathToVictory+1","Protect","PathToVictory+1","ThirdEye","ClearTheMind","Ragnarok","Sanctity+1","LikeWater","MentalFortress+1","Chrysalis","Metamorphosis","EmptyFist+1","CutThroughFate","Halt+1"],"relics":["PureWater","Ancient Tea Set","Bottled Lightning","Yang","Mummified Hand","Sozu","Anchor","Akabeko","Bottled Flame","Sling","Potion Belt","Busted Crown","Toolbox","MawBank","Orrery"],"acts_visited":["Exordium","TheCity","TheBeyond"],"potions_floor_usage":[10,28,33,33],"damage_taken":[{"damage":0,"enemies":"Small Slimes","floor":1,"turns":2},{"damage":0,"enemies":"2 Louse","floor":3,"turns":2},{"damage":0,"enemies":"Jaw Worm","floor":4,"turns":3},{"damage":16,"enemies":"Large Slime","floor":5,"turns":5},{"damage":26,"enemies":"3 Sentries","floor":6,"turns":9},{"damage":0,"enemies":"Exordium Wildlife","floor":8,"turns":3},{"damage":39,"enemies":"Lagavulin","floor":10,"turns":6},{"damage":28,"enemies":"Gremlin Nob","floor":13,"turns":4},{"damage":1,"enemies":"Blue Slaver","floor":14,"turns":4},{"damage":19,"enemies":"The Guardian","floor":16,"turns":10},{"damage":2,"enemies":"Chosen","floor":18,"turns":5},{"damage":3,"enemies":"Shell Parasite","floor":19,"turns":6},{"damage":19,"enemies":"Centurion and Healer","floor":21,"turns":4},{"damage":16,"enemies":"3 Cultists","floor":24,"turns":7},{"damage":16,"enemies":"Book of Stabbing","floor":28,"turns":4},{"damage":0,"enemies":"Snecko","floor":31,"turns":3},{"damage":54,"enemies":"Automaton","floor":33,"turns":10},{"damage":33,"enemies":"3 Darklings","floor":35,"turns":4},{"damage":0,"enemies":"3 Shapes","floor":38,"turns":2},{"damage":41,"enemies":"Nemesis","floor":40,"turns":8},{"damage":0,"enemies":"Spire Growth","floor":45,"turns":4},{"damage":0,"enemies":"Sphere and 2 Shapes","floor":48,"turns":4},{"damage":63,"enemies":"Time Eater","floor":50,"turns":8}],"seed_played":"-6355793959035350031","potions_obtained":[{"floor":5,"key":"Energy Potion"},{"floor":6,"key":"Explosive Potion"},{"floor":8,"key":"Explosive Potion"},{"floor":16,"key":"Swift Potion"}],"is_trial":false,"path_per_floor":["M","?","M","M","M","E","R","M","T","E","R","?","E","M","R","B",null,"M","M","?","M","T","R","M","R","T","R","E","$","?","M","R","B",null,"M","?","?","M","$","E","R","?","T","?","M","$","R","M","R","B"],"character_chosen":"WATCHER","items_purchased":["PathToVictory","Sling","Potion Belt","ThirdEye","Toolbox","Orrery"],"campfire_rested":4,"item_purchase_floors":[29,29,29,29,39,46],"current_hp_per_floor":[72,61,61,61,45,19,40,40,40,1,22,40,12,11,32,13,72,70,67,50,37,37,37,45,45,45,45,34,34,34,44,44,8,50,26,26,26,32,32,3,18,44,44,39,44,44,44,44,44,0,0],"gold":14,"neow_bonus":"ONE_RANDOM_RARE_CARD","is_daily":false,"chose_seed":false,"campfire_upgraded":5,"win_rate":0.0,"timestamp":1609515180,"path_taken":["M","?","M","M","M","E","R","M","T","E","R","?","E","?","R","BOSS","M","M","?","M","?","R","M","R","T","R","E","?","?","M","R","BOSS","M","?","?","M","$","E","R","?","T","?","M","$","R","M","R","BOSS"],"items_purchased_type":["Card","Relic","Relic","Card","Relic","Relic"],"build_version":"2020-12-22","purchased_purges":1,"victory":false,"max_hp_per_floor":[72,72,72,72,72,72,72,72,72,72,72,72,72,72,72,72,72,72,72,50,50,50,50,50,50,50,50,50,50,50,50,50,50,50,50,50,50,50,50,50,50,44,44,44,44,44,44,44,44,44,44],"relic_stats":{"Sozu":5,"Busted Crown":24,"counters":[23,117],"Mummified Hand":[31],"Yang":[151],"MawBank":72,"obtain_stats":[{"Potion Belt":29,"Yang":10,"Ancient Tea Set":6,"Sling":29,"MawBank":40,"Akabeko":26,"Sozu":17,"Anchor":22,"Bottled Flame":28,"Busted Crown":34,"Mummified Hand":13,"Toolbox":39,"Orrery":46,"Bottled Lightning":9,"PureWater":0},{"Potion Belt":15,"Yang":7,"Ancient Tea Set":5,"Sling":15,"MawBank":20,"Akabeko":14,"Sozu":10,"Anchor":13,"Bottled Flame":15,"Busted Crown":17,"Mummified Hand":8,"Toolbox":19,"Orrery":21,"Bottled Lightning":6,"PureWater":0},{"Potion Belt":74,"Yang":30,"Ancient Tea Set":21,"Sling":74,"MawBank":101,"Akabeko":70,"Sozu":48,"Anchor":63,"Bottled Flame":74,"Busted Crown":87,"Mummified Hand":34,"Toolbox":93,"Orrery":105,"Bottled Lightning":24,"PureWater":0}]},"card_choices":[{"not_picked":["ClearTheMind","SandsOfTime"],"picked":"PathToVictory","floor":1},{"not_picked":["SignatureMove","Halt"],"picked":"Prostrate","floor":3},{"not_picked":["WaveOfTheHand","JustLucky"],"picked":"FlyingSleeves","floor":4},{"not_picked":["ReachHeaven","Evaluate"],"picked":"SandsOfTime","floor":5},{"not_picked":["Worship","FlyingSleeves","Perseverance"],"picked":"SKIP","floor":6},{"not_picked":["WaveOfTheHand","Fasting2"],"picked":"WheelKick","floor":8},{"not_picked":["SignatureMove","LikeWater"],"picked":"ThirdEye","floor":10},{"not_picked":["WreathOfFlame","Halt"],"picked":"Scrawl","floor":13},{"not_picked":["WheelKick","BowlingBash","JustLucky"],"picked":"SKIP","floor":14},{"not_picked":["SpiritShield","ConjureBlade"],"picked":"Vault","floor":16},{"not_picked":["Meditate+1","ThirdEye"],"picked":"Nirvana","floor":18},{"not_picked":["EmptyFist","SashWhip+1"],"picked":"Prostrate","floor":19},{"not_picked":["Study","Worship+1"],"picked":"Adaptation+1","floor":21},{"not_picked":["MentalFortress","ClearTheMind+1"],"picked":"PathToVictory+1","floor":24},{"not_picked":["BowlingBash","FlyingSleeves+1"],"picked":"Protect","floor":28},{"not_picked":["SignatureMove","Consecrate"],"picked":"ClearTheMind","floor":31},{"not_picked":["LessonLearned","ConjureBlade"],"picked":"Ragnarok","floor":33},{"not_picked":[],"picked":"Sanctity+1","floor":35},{"not_picked":[],"picked":"LikeWater","floor":38},{"not_picked":[],"picked":"MentalFortress+1","floor":40},{"not_picked":[],"picked":"Chrysalis","floor":44},{"not_picked":[],"picked":"Metamorphosis","floor":44},{"not_picked":[],"picked":"EmptyFist+1","floor":45},{"not_picked":[],"picked":"CutThroughFate","floor":46},{"not_picked":[],"picked":"Halt+1","floor":46},{"not_picked":["Perseverance"],"picked":"SKIP","floor":48}],"player_experience":929378,"relics_obtained":[{"floor":6,"key":"Ancient Tea Set"},{"floor":9,"key":"Bottled Lightning"},{"floor":10,"key":"Yang"},{"floor":13,"key":"Mummified Hand"},{"floor":22,"key":"Anchor"},{"floor":26,"key":"Akabeko"},{"floor":28,"key":"Bottled Flame"},{"floor":40,"key":"MawBank"}],"event_choices":[{"damage_healed":0,"gold_gain":75,"player_choice":"Gather Gold","damage_taken":11,"max_hp_gain":0,"max_hp_loss":0,"event_name":"World of Goop","floor":2,"gold_loss":0},{"damage_healed":18,"gold_gain":0,"player_choice":"Healed","damage_taken":0,"max_hp_gain":0,"max_hp_loss":0,"event_name":"The Cleric","floor":12,"gold_loss":35},{"damage_healed":0,"gold_gain":0,"player_choice":"Became a vampire","damage_taken":0,"max_hp_gain":0,"max_hp_loss":22,"event_name":"Vampires","floor":20,"gold_loss":0,"cards_obtained":["Bite","Bite","Bite","Bite","Bite"]},{"cards_removed":["Defend_P"],"damage_healed":0,"gold_gain":0,"player_choice":"Gave Gold","damage_taken":0,"max_hp_gain":0,"max_hp_loss":0,"event_name":"Beggar","floor":30,"gold_loss":75},{"cards_removed":["Nirvana"],"damage_healed":0,"gold_gain":0,"player_choice":"Removed Power","damage_taken":0,"max_hp_gain":0,"max_hp_loss":0,"event_name":"Falling","floor":36,"gold_loss":0},{"damage_healed":0,"gold_gain":0,"player_choice":"Ignored","damage_taken":0,"max_hp_gain":0,"max_hp_loss":0,"event_name":"Tomb of Lord Red Mask","floor":37,"gold_loss":0},{"damage_healed":44,"gold_gain":0,"player_choice":"Heal","damage_taken":0,"max_hp_gain":0,"max_hp_loss":6,"event_name":"The Moai Head","floor":42,"gold_loss":0},{"damage_healed":0,"gold_gain":0,"player_choice":"Memory 2","damage_taken":5,"max_hp_gain":0,"max_hp_loss":0,"event_name":"SensoryStone","floor":44,"gold_loss":0}],"is_beta":false,"boss_relics":[{"not_picked":["Cursed Key","Coffee Dripper"],"picked":"Sozu"},{"not_picked":["Black Star","HolyWater"],"picked":"Busted Crown"}],"items_purged_floors":[29],"is_endless":false,"potions_floor_spawned":[5,6,8,16,19,21,24,33,35,48],"killed_by":"Time Eater","ascension_level":1}}