{"host":"Jedit","time":1609522544,"event":{"mods":["BaseMod","Minty Spire (QoL Compilation)","Relic Stats","StSLib"],"gold_per_floor":[119,119,133,153,48,48,78,78,78,78,105,5,16,26,26,26,26],"floor_reached":16,"playtime":699,"items_purged":["Strike_G","Writhe"],"score":220,"play_id":"cff211e8-c062-4f21-8724-75e62d9f3737","local_time":"20210101173544","is_ascension_mode":true,"campfire_choices":[{"data":"Dash","floor":6,"key":"SMITH"},{"data":"Sucker Punch","floor":10,"key":"SMITH"},{"floor":15,"key":"REST"}],"circlet_count":0,"master_deck":["AscendersBane","Strike_G","Strike_G","Strike_G","Strike_G","Defend_G","Defend_G","Defend_G","Defend_G","Defend_G","Survivor","Neutralize","Sucker Punch+1","Escape Plan","Dash+1","Quick Slash","Backflip","Slice","Noxious Fumes","Phantasmal Killer"],"relics":["Cursed Key","White Beast Statue","InkBottle","Du-Vu Doll"],"acts_visited":["Exordium"],"potions_floor_usage":[2,7,11,16],"damage_taken":[{"damage":2,"enemies":"Small Slimes","floor":1,"turns":5},{"damage":0,"enemies":"Cultist","floor":3,"turns":4},{"damage":2,"enemies":"Jaw Worm","floor":4,"turns":4},{"damage":22,"enemies":"Gremlin Nob","floor":7,"turns":5},{"damage":32,"enemies":"3 Sentries","floor":11,"turns":11},{"damage":0,"enemies":"Large Slime","floor":13,"turns":4},{"damage":0,"enemies":"Exordium Wildlife","floor":14,"turns":2},{"damage":29,"enemies":"Slime Boss","floor":16,"turns":9}],"seed_played":"-9065084863537434549","potions_obtained":[{"floor":1,"key":"FearPotion"},{"floor":2,"key":"Fruit Juice"},{"floor":2,"key":"LiquidMemories"},{"floor":11,"key":"GamblersBrew"},{"floor":13,"key":"Poison Potion"}],"is_trial":false,"path_per_floor":["M","?","M","M","$","R","E","$","T","R","E","$","M","M","R","B"],"character_chosen":"THE_SILENT","items_purchased":["Quick Slash"],"campfire_rested":1,"item_purchase_floors":[5],"current_hp_per_floor":[57,62,62,60,60,60,38,38,38,38,6,6,6,6,27,0,0],"gold":26,"neow_bonus":"BOSS_RELIC","is_daily":false,"chose_seed":false,"campfire_upgraded":2,"win_rate":0.0,"timestamp":1609522544,"path_taken":["M","?","M","M","$","R","E","?","T","R","E","$","M","M","R","BOSS"],"items_purchased_type":["Card"],"build_version":"2020-12-18","purchased_purges":2,"victory":false,"max_hp_per_floor":[66,71,71,71,71,71,71,71,71,71,71,71,71,71,71,71,71],"relic_stats":{"counters":[8,44],"Cursed Key":1,"obtain_stats":[{"Du-Vu Doll":11,"Cursed Key":0,"White Beast Statue":7,"InkBottle":9,"Ring of the Snake":0},{"Du-Vu Doll":5,"Cursed Key":0,"White Beast Statue":4,"InkBottle":4,"Ring of the Snake":0},{"Du-Vu Doll":29,"Cursed Key":0,"White Beast Statue":18,"InkBottle":18,"Ring of the Snake":0}],"InkBottle":[9]},"card_choices":[{"not_picked":["Cloak And Dagger","Quick Slash"],"picked":"Sucker Punch","floor":1},{"not_picked":["Flechettes","Catalyst"],"picked":"Escape Plan","floor":3},{"not_picked":["Flying Knee","Backflip"],"picked":"Dash","floor":4},{"not_picked":["Reflex","Poisoned Stab"],"picked":"Backflip","floor":7},{"not_picked":["Choke","Flechettes"],"picked":"Slice","floor":11},{"not_picked":["All Out Attack","Prepared"],"picked":"Noxious Fumes","floor":13},{"not_picked":["Cloak And Dagger","Catalyst"],"picked":"Phantasmal Killer","floor":14}],"player_experience":3432561,"relics_obtained":[{"floor":7,"key":"White Beast Statue"},{"floor":9,"key":"InkBottle"},{"floor":11,"key":"Du-Vu Doll"}],"event_choices":[{"damage_healed":0,"gold_gain":0,"player_choice":"Got Potions","damage_taken":0,"max_hp_gain":0,"max_hp_loss":0,"event_name":"Lab","floor":2,"gold_loss":0}],"is_beta":true,"boss_relics":[],"items_purged_floors":[5,12],"is_endless":false,"potions_floor_spawned":[1,3,11,13,14],"killed_by":"Slime Boss","ascension_level":20}}