{"host":"kdt6w7ix8lwe69i9","time":1609476845,"event":{"mods":["Bartender","BaseMod","ChefMod","Downfall","Fiend Mod","Jorbs\u0027s Wanderer Trilogy","Minty Spire (QoL Compilation)","Reimu（博丽灵梦）","Robot Space Explorer","StSLib","The Cursed","The Disciple","The Dragon Tamer","The Druid","The Elementalist","The Forsaken","The Gatherer","The Judge","The Marked","TheBandit"],"gold_per_floor":[109,128,1,1,14,14,43,43,68,68,93,106,106,127,127,257,257,282,29,79,102,102,102,122,122,195,195,210,210,229,253,253,253,253],"floor_reached":33,"playtime":2671,"items_purged":["Regret"],"score":249,"play_id":"3df2ac94-e31c-4f41-9aa5-7f248e855f60","local_time":"20201231235405","is_ascension_mode":false,"campfire_choices":[{"data":"RobotSpaceExplorer:StarDust","floor":6,"key":"SMITH"},{"floor":13,"key":"REST"},{"floor":15,"key":"REST"},{"floor":23,"key":"REST"},{"floor":25,"key":"RECALL"},{"data":"Magnetism","floor":32,"key":"SMITH"}],"circlet_count":0,"master_deck":["RobotSpaceExplorer:Strike","RobotSpaceExplorer:Strike","RobotSpaceExplorer:Strike","RobotSpaceExplorer:Strike","RobotSpaceExplorer:Defend","RobotSpaceExplorer:Defend","RobotSpaceExplorer:Defend","RobotSpaceExplorer:Defend","RobotSpaceExplorer:Scan","RobotSpaceExplorer:MiniLasers","RobotSpaceExplorer:Fix","RobotSpaceExplorer:FreezeRay","RobotSpaceExplorer:StarDust+1","RobotSpaceExplorer:ScrapMissile","RobotSpaceExplorer:Probe","RobotSpaceExplorer:GlueShot","RobotSpaceExplorer:DoubleFind","RobotSpaceExplorer:MetalStrike","RobotSpaceExplorer:Probe","RobotSpaceExplorer:ChargingLaser","RobotSpaceExplorer:ShovelStrike","Magnetism+1","RobotSpaceExplorer:JunkDive","RobotSpaceExplorer:Fix","Slimebound:CheckThePlaybook","RobotSpaceExplorer:ShovelStrike","RobotSpaceExplorer:Pulsar","RobotSpaceExplorer:MiniDrones"],"relics":["RobotSpaceExplorer:RoboCore","NeowsBlessing","Art of War","Akabeko","Golden Idol","Strawberry","RobotSpaceExplorer:SearchSpecs","Matryoshka"],"acts_visited":["Exordium","TheCity"],"potions_floor_usage":[7,12,24,28,31,31,33],"damage_taken":[{"damage":0,"enemies":"Jaw Worm","floor":1,"turns":1},{"damage":0,"enemies":"Small Slimes","floor":2,"turns":1},{"damage":0,"enemies":"2 Louse","floor":5,"turns":2},{"damage":27,"enemies":"Lagavulin","floor":7,"turns":5},{"damage":17,"enemies":"Large Slime","floor":11,"turns":4},{"damage":39,"enemies":"Gremlin Gang","floor":12,"turns":9},{"damage":2,"enemies":"Looter","floor":14,"turns":2},{"damage":49,"enemies":"Slime Boss","floor":16,"turns":7},{"damage":16,"enemies":"Shell Parasite","floor":18,"turns":3},{"damage":17,"enemies":"3 Byrds","floor":21,"turns":4},{"damage":1,"enemies":"Centurion and Healer","floor":24,"turns":4},{"damage":5,"enemies":"Cultist and Chosen","floor":28,"turns":6},{"damage":10,"enemies":"Sentry and Sphere","floor":30,"turns":4},{"damage":25,"enemies":"Snake Plant","floor":31,"turns":5},{"damage":70,"enemies":"Champ","floor":33,"turns":7}],"seed_played":"755654203879973049","potions_obtained":[{"floor":1,"key":"GamblersBrew"},{"floor":5,"key":"Fire Potion"},{"floor":14,"key":"Swift Potion"},{"floor":16,"key":"SteroidPotion"},{"floor":21,"key":"Energy Potion"},{"floor":24,"key":"SkillPotion"},{"floor":30,"key":"Weak Potion"}],"is_trial":false,"path_per_floor":["M","M","$","?","M","R","E","?","T","?","M","M","R","M","R","B",null,"M","$","?","M","T","R","M","R","T","?","M","?","M","M","R","B"],"character_chosen":"RobotSpaceExplorer","items_purchased":["RobotSpaceExplorer:StarDust","RobotSpaceExplorer:ScrapMissile","Magnetism"],"campfire_rested":3,"item_purchase_floors":[3,3,19],"current_hp_per_floor":[75,75,75,75,75,75,52,52,59,59,46,11,33,35,57,12,76,60,60,60,47,47,69,72,72,72,72,73,73,66,49,49,0,0],"gold":253,"neow_bonus":"THREE_ENEMY_KILL","is_daily":false,"chose_seed":false,"campfire_upgraded":2,"win_rate":0.0,"timestamp":1609476845,"path_taken":["M","M","$","?","M","R","E","?","T","?","?","M","R","M","R","BOSS","M","$","?","M","?","R","M","R","T","?","M","?","?","M","R","BOSS"],"items_purchased_type":["Card","Card","Card"],"build_version":"2020-12-22","purchased_purges":1,"victory":false,"max_hp_per_floor":[75,75,75,75,75,75,75,69,76,76,76,76,76,76,76,76,76,76,76,76,76,76,76,76,76,76,76,76,76,76,76,76,76,76],"card_choices":[{"not_picked":["RobotSpaceExplorer:Counterblock","RobotSpaceExplorer:ToxicBomb"],"picked":"RobotSpaceExplorer:Fix","floor":1},{"not_picked":["RobotSpaceExplorer:ScrapShield","RobotSpaceExplorer:ImprovisedAttack"],"picked":"RobotSpaceExplorer:FreezeRay","floor":2},{"not_picked":["RobotSpaceExplorer:LaserBurst","RobotSpaceExplorer:FranticSearch"],"picked":"RobotSpaceExplorer:Probe","floor":5},{"not_picked":["RobotSpaceExplorer:Calculate","RobotSpaceExplorer:ToxicBomb"],"picked":"RobotSpaceExplorer:GlueShot","floor":7},{"not_picked":["RobotSpaceExplorer:MiniDrones","RobotSpaceExplorer:ExhaustFan"],"picked":"RobotSpaceExplorer:DoubleFind","floor":11},{"not_picked":["RobotSpaceExplorer:ShovelStrike","RobotSpaceExplorer:BlastShield"],"picked":"RobotSpaceExplorer:MetalStrike","floor":12},{"not_picked":["RobotSpaceExplorer:ShovelStrike","RobotSpaceExplorer:FranticSearch"],"picked":"RobotSpaceExplorer:Probe","floor":14},{"not_picked":["RobotSpaceExplorer:Blaster","RobotSpaceExplorer:Autoloader"],"picked":"RobotSpaceExplorer:ChargingLaser","floor":16},{"not_picked":["RobotSpaceExplorer:SurgingShield","RobotSpaceExplorer:ToxicBomb+1"],"picked":"RobotSpaceExplorer:ShovelStrike","floor":18},{"not_picked":["RobotSpaceExplorer:FreezingShield","RobotSpaceExplorer:StunGrenade"],"picked":"RobotSpaceExplorer:JunkDive","floor":21},{"not_picked":["RobotSpaceExplorer:JunkDive","RobotSpaceExplorer:GlueShot"],"picked":"RobotSpaceExplorer:Fix","floor":24},{"not_picked":["RobotSpaceExplorer:StunGrenade","RobotSpaceExplorer:ShockKick+1"],"picked":"RobotSpaceExplorer:ShovelStrike","floor":28},{"not_picked":["RobotSpaceExplorer:LaserBurst","RobotSpaceExplorer:SlimeMissile"],"picked":"RobotSpaceExplorer:Pulsar","floor":30},{"not_picked":["RobotSpaceExplorer:Smokescreen","RobotSpaceExplorer:IronShell"],"picked":"RobotSpaceExplorer:MiniDrones","floor":31}],"player_experience":1670351,"relics_obtained":[{"floor":7,"key":"Akabeko"},{"floor":9,"key":"Strawberry"},{"floor":26,"key":"Matryoshka"}],"event_choices":[{"damage_healed":0,"gold_gain":0,"player_choice":"Box","damage_taken":0,"relics_obtained":["Art of War"],"max_hp_gain":0,"max_hp_loss":0,"event_name":"Big Fish","floor":4,"gold_loss":0,"cards_obtained":["Regret"]},{"damage_healed":0,"gold_gain":0,"player_choice":"Lose Max HP","damage_taken":0,"relics_obtained":["Golden Idol"],"max_hp_gain":0,"max_hp_loss":6,"event_name":"Golden Idol","floor":8,"gold_loss":0},{"cards_removed":["Slimebound:Icky"],"damage_healed":0,"gold_gain":0,"player_choice":"Removed Curses","damage_taken":0,"max_hp_gain":0,"max_hp_loss":0,"event_name":"Fountain of Cleansing","floor":29,"gold_loss":0}],"is_beta":false,"boss_relics":[{"not_picked":["SlaversCollar","RobotSpaceExplorer:Reprocessor"],"picked":"RobotSpaceExplorer:SearchSpecs"}],"items_purged_floors":[19],"is_endless":false,"potions_floor_spawned":[1,5,14,16,21,24,30],"killed_by":"Champ","ascension_level":0}}