{"host":"54vghy6hfkyy1r39","time":1609498090,"event":{"mods":["AchievementEnabler","BaseMod","Minty Spire (QoL Compilation)","StSLib","SuperFastMode","everything is the same but u backflip on backflip"],"gold_per_floor":[111,36,48,101,51,80,80,255,255,270,308,308,308,208,208,338,338,356,86,104,128,128,128,142,183,251,290,290,328,342,357,357,481,481,501,501,516,575,122,122,166,166,166,166,19,82,82,105,105,105],"floor_reached":51,"playtime":987,"items_purged":["Defend_P","Doubt","Strike_P","Defend_P"],"score":939,"play_id":"5eaa4b97-2521-416e-9227-8765dbadbeb6","local_time":"20210101194810","is_ascension_mode":false,"campfire_choices":[{"floor":12,"key":"REST"},{"data":"Eruption","floor":15,"key":"SMITH"},{"data":"Tantrum","floor":23,"key":"SMITH"},{"data":"Halt","floor":28,"key":"SMITH"},{"data":"Tantrum","floor":32,"key":"SMITH"},{"floor":40,"key":"RECALL"},{"floor":42,"key":"REST"},{"floor":44,"key":"REST"},{"floor":49,"key":"REST"}],"circlet_count":0,"master_deck":["Strike_P","Eruption+1","Vigilance","Consecrate","Tantrum+1","Tantrum+1","Halt+1","Halt+1","Tantrum+1","BowlingBash+1"],"relics":["PureWater","Bronze Scales","Kunai","Golden Idol","Question Card","Bag of Preparation","Empty Cage","Orrery","StoneCalendar","Gremlin Horn","Akabeko","Shuriken","Fusion Hammer","Gambling Chip","TheAbacus","PreservedInsect","Dream Catcher","Mercury Hourglass","Bag of Marbles"],"acts_visited":["Exordium","TheCity","TheBeyond"],"potions_floor_usage":[11,33,50],"damage_taken":[{"damage":0,"enemies":"Cultist","floor":1,"turns":3},{"damage":0,"enemies":"2 Louse","floor":3,"turns":2},{"damage":13,"enemies":"3 Sentries","floor":6,"turns":3},{"damage":2,"enemies":"Small Slimes","floor":10,"turns":3},{"damage":17,"enemies":"Lagavulin","floor":11,"turns":4},{"damage":60,"enemies":"Hexaghost","floor":16,"turns":7},{"damage":3,"enemies":"Shell Parasite","floor":18,"turns":3},{"damage":0,"enemies":"2 Thieves","floor":20,"turns":2},{"damage":1,"enemies":"Snake Plant","floor":21,"turns":4},{"damage":0,"enemies":"Chosen and Byrds","floor":24,"turns":3},{"damage":4,"enemies":"Book of Stabbing","floor":25,"turns":4},{"damage":0,"enemies":"Gremlin Leader","floor":27,"turns":3},{"damage":0,"enemies":"Slavers","floor":29,"turns":2},{"damage":0,"enemies":"Cultist and Chosen","floor":30,"turns":2},{"damage":0,"enemies":"3 Cultists","floor":31,"turns":2},{"damage":0,"enemies":"Champ","floor":33,"turns":3},{"damage":0,"enemies":"3 Darklings","floor":35,"turns":2},{"damage":0,"enemies":"3 Shapes","floor":37,"turns":1},{"damage":0,"enemies":"2 Orb Walkers","floor":38,"turns":2},{"damage":0,"enemies":"Nemesis","floor":41,"turns":3},{"damage":0,"enemies":"Mind Bloom Boss Battle","floor":46,"turns":2},{"damage":0,"enemies":"3 Darklings","floor":48,"turns":1},{"damage":24,"enemies":"Donu and Deca","floor":50,"turns":4}],"seed_played":"6560057471849225734","potions_obtained":[{"floor":6,"key":"LiquidBronze"},{"floor":16,"key":"Energy Potion"},{"floor":21,"key":"FairyPotion"},{"floor":24,"key":"GamblersBrew"},{"floor":29,"key":"SteroidPotion"},{"floor":41,"key":"Swift Potion"}],"is_trial":false,"path_per_floor":["M","$","M","T","?","E","?","?","T","M","E","R","?","$","R","B",null,"M","$","M","M","$","R","M","E","T","E","R","E","M","M","R","B",null,"M","?","M","?","$","R","E","R","T","R","$","?","$","M","R","B",null],"character_chosen":"WATCHER","items_purchased":["Orrery","TheAbacus","PreservedInsect","Bag of Marbles"],"campfire_rested":4,"item_purchase_floors":[19,39,39,45],"current_hp_per_floor":[72,72,72,72,72,59,41,41,41,39,22,43,72,72,72,12,72,69,69,69,68,68,68,68,64,64,64,64,64,64,64,64,64,72,72,72,72,72,72,72,72,72,72,72,72,72,72,72,72,48],"gold":105,"neow_bonus":"REMOVE_CARD","is_daily":false,"chose_seed":false,"campfire_upgraded":4,"win_rate":0.0,"timestamp":1609498090,"path_taken":["M","$","M","?","?","E","?","?","T","M","E","R","?","$","R","BOSS","M","$","M","M","$","R","M","E","T","E","R","E","M","M","R","BOSS","M","?","M","?","$","R","E","R","T","R","$","?","?","M","R","BOSS"],"items_purchased_type":["Relic","Relic","Relic","Relic"],"build_version":"2020-12-22","purchased_purges":4,"victory":true,"max_hp_per_floor":[72,72,72,72,72,72,72,72,72,72,72,72,72,72,72,72,72,72,72,72,72,72,72,72,72,72,72,72,72,72,72,72,72,72,72,72,72,72,72,72,72,72,72,72,72,72,72,72,72,72],"card_choices":[{"not_picked":["FollowUp","Swivel"],"picked":"Consecrate","floor":1},{"not_picked":["Crescendo","FollowUp"],"picked":"Tantrum","floor":3},{"not_picked":["FlyingSleeves","Worship","Protect"],"picked":"SKIP","floor":6},{"not_picked":["CutThroughFate","CrushJoints","Consecrate","EmptyBody"],"picked":"SKIP","floor":10},{"not_picked":["InnerPeace","FollowUp","Scrawl","CrushJoints"],"picked":"SKIP","floor":11},{"not_picked":["EmptyFist","WindmillStrike","ThirdEye","Worship"],"picked":"SKIP","floor":18},{"not_picked":["EmptyMind","Establishment","Devotion"],"picked":"Tantrum","floor":19},{"not_picked":["Wallop","Meditate","SignatureMove"],"picked":"Halt+1","floor":19},{"not_picked":["PathToVictory","JustLucky","Prostrate+1","Crescendo"],"picked":"SKIP","floor":20},{"not_picked":["Prostrate+1","Crescendo","Devotion","Indignation"],"picked":"SKIP","floor":21},{"not_picked":["Consecrate","JustLucky","WreathOfFlame"],"picked":"Halt","floor":24},{"not_picked":["ThirdEye","Prostrate","FlyingSleeves","Fasting2"],"picked":"SKIP","floor":25},{"not_picked":["Study","BowlingBash+1","Prostrate"],"picked":"Tantrum+1","floor":27},{"not_picked":["ClearTheMind","Worship","EmptyFist+1","ThirdEye"],"picked":"SKIP","floor":29},{"not_picked":["ClearTheMind","Worship","EmptyFist+1","ThirdEye"],"picked":"SKIP","floor":29},{"not_picked":["Halt","SpiritShield","PathToVictory+1","Pray+1"],"picked":"SKIP","floor":30},{"not_picked":["MentalFortress+1","JustLucky","SashWhip"],"picked":"BowlingBash+1","floor":31},{"not_picked":["Prostrate","Consecrate+1","Halt","MentalFortress+1"],"picked":"SKIP","floor":35},{"not_picked":["CrushJoints","Consecrate+1","Wireheading+1","FlurryOfBlows+1"],"picked":"SKIP","floor":37},{"not_picked":["Pray+1","ConjureBlade","CarveReality+1","FlyingSleeves"],"picked":"SKIP","floor":41},{"not_picked":["CutThroughFate","ForeignInfluence+1","BowlingBash","Protect"],"picked":"SKIP","floor":48}],"player_experience":169222,"relics_obtained":[{"floor":4,"key":"Bronze Scales"},{"floor":6,"key":"Kunai"},{"floor":9,"key":"Question Card"},{"floor":11,"key":"Bag of Preparation"},{"floor":25,"key":"StoneCalendar"},{"floor":26,"key":"Gremlin Horn"},{"floor":27,"key":"Akabeko"},{"floor":29,"key":"Shuriken"},{"floor":38,"key":"Gambling Chip"},{"floor":41,"key":"Dream Catcher"},{"floor":43,"key":"Mercury Hourglass"}],"event_choices":[{"cards_removed":["Defend_P"],"damage_healed":0,"gold_gain":0,"player_choice":"Card Removal","damage_taken":0,"max_hp_gain":0,"max_hp_loss":0,"event_name":"The Cleric","floor":5,"gold_loss":50},{"damage_healed":0,"gold_gain":0,"player_choice":"Take Damage","damage_taken":18,"relics_obtained":["Golden Idol"],"max_hp_gain":0,"max_hp_loss":0,"event_name":"Golden Idol","floor":7,"gold_loss":0},{"damage_healed":0,"gold_gain":175,"player_choice":"AGREE","damage_taken":0,"max_hp_gain":0,"max_hp_loss":0,"event_name":"Liars Game","floor":8,"gold_loss":0,"cards_obtained":["Doubt"]},{"damage_healed":29,"gold_gain":0,"player_choice":"Full Heal","damage_taken":0,"max_hp_gain":0,"max_hp_loss":0,"event_name":"Wheel of Change","floor":13,"gold_loss":0},{"damage_healed":0,"gold_gain":0,"player_choice":"Ignored","damage_taken":0,"max_hp_gain":0,"max_hp_loss":0,"event_name":"The Moai Head","floor":36,"gold_loss":0},{"damage_healed":0,"gold_gain":0,"player_choice":"Fight","damage_taken":0,"max_hp_gain":0,"max_hp_loss":0,"event_name":"Mysterious Sphere","floor":38,"gold_loss":0},{"damage_healed":0,"gold_gain":0,"player_choice":"Fight","damage_taken":0,"max_hp_gain":0,"max_hp_loss":0,"event_name":"MindBloom","floor":46,"gold_loss":0}],"is_beta":false,"boss_relics":[{"not_picked":["SlaversCollar","VioletLotus"],"picked":"Empty Cage"},{"not_picked":["Runic Dome","Runic Pyramid"],"picked":"Fusion Hammer"}],"items_purged_floors":[2,14,19,39],"is_endless":false,"potions_floor_spawned":[6,16,21,24,27,29,31,41,46,48],"ascension_level":0}}