{"host":"0azimyi6n3ugndj4","time":1609529370,"event":{"mods":["2.2 Compatiblity","BaseMod","Bestiary","Conspire","Curses Come First","Defuse TimeMaze Blight","Hyrulean Relics","Infinite Spire","Minty Spire (QoL Compilation)","Relic Stats","Replay The Spire","StSLib","SuperFastMode","Uncapped","¡¼?Úª?ø«¡½REMEMod"],"gold_per_floor":[456,456,456,456,536,632,16,66,66,174,499,603,211,250,250,487,487,523,493,543,638,183,183,524,605,632,715,1040,438,488,545,545,782,782,812,940,990,1040,1090,1186,1186,1287,1362,1412,1412,958,1008,1115,1115,1334,1336,1336],"floor_reached":51,"playtime":752,"items_purged":["Regret"],"score":1644,"play_id":"0b200ae6-6b3f-4f8f-89eb-99287ee81ff5","local_time":"20210102042930","daily_mods":["SealedDeck","Hoarder","Insanity","Chimera","Specialized","Vintage","ControlledChaos","Allstar","Diverse","Colorless Cards","Heirloom","Time Dilation","Flight","Elite Swarm","Lethality","Midas","Binary"],"is_ascension_mode":true,"campfire_choices":[{"floor":15,"key":"REST"},{"floor":23,"key":"REST"},{"floor":49,"key":"REST"}],"circlet_count":0,"master_deck":["Demon Form","Wraith Form v2","Echo Form","DevaForm","AscendersBane","Bash","Survivor","Zap","Eruption","Strike_G","Strike_B","Defend_R","Defend_G","Defend_P","Endless Agony","REME_SelfUpgrade","Redo","Cloak And Dagger","Barrage","SashWhip","JustLucky","FlurryOfBlows","Distraction","Flex","REME_Repentance","conspire:Charge","Flex","CrushJoints","FearNoEvil","REME_MagicPocketWatch","Coolheaded","REME_ShortnessOfBreath","SashWhip","FIFO Queue","Rage","Replay:Sssssssssshield","Evaluate","Hologram","Blood for Blood","PiercingWail","Underhanded Strike","Bloodletting","Barrage","Steam","ReplayTheSpireMod:Dual Polarity","InnerPeace","JustLucky","Mind Blast","Sword Boomerang","Sword Boomerang","Replay:BluntJabs","WindmillStrike","Stack","Replay:Vibes","Enlightenment","Masterful Stab","Searing Blow","Rage","Deflect","PiercingWail","Replay:AtTheReady","Bane","Nirvana","Fiend Fire","Fiend Fire","Fiend Fire","Fiend Fire","Fiend Fire","Fiend Fire","Fiend Fire","Fiend Fire","Fiend Fire","Fiend Fire","Fiend Fire","Fiend Fire","Fiend Fire","Fiend Fire","Fiend Fire","Time Bomb","Time Bomb","Time Bomb","Run Through","Run Through","Run Through","FollowUp","FollowUp","FollowUp","Havoc","Havoc","Havoc","JustLucky","JustLucky","JustLucky","BowlingBash","BowlingBash","BowlingBash","Flex","Flex","Flex","Havoc","Havoc","Havoc","Coolheaded","Coolheaded","Coolheaded","ReplayTheSpireMod:Muscle Training","ReplayTheSpireMod:Muscle Training","ReplayTheSpireMod:Muscle Training","ReplayRNGCard","ReplayRNGCard","ReplayRNGCard","Crystallizer+1","Crystallizer+1","Crystallizer+1","Regret","Regret","Regret","Regret","Regret","Madness","Madness","Madness","Madness","Madness","Madness","conspire:SpireCoStock","conspire:SpireCoStock","conspire:SpireCoStock","Demon Form","Demon Form","Demon Form"],"relics":["Cracked Core","Frozen Eye","Busted Crown","REME_ComplimentaryCards","Old Coin","infinitespire:Bottled Soul","ReplayTheSpireMod:Ring of Collecting","Ring of Misfortune","SsserpentHead","infinitespire:ShieldingShard","zeldaRelics:CourageTriforce","Bag of Preparation","conspire:Dentures","Cauldron","zeldaRelics:WisdomTriforce","Akabeko","OrangePellets","infinitespire:WardingShard","Bag of Marbles","Nuclear Battery","Snack Pack","Bronze Scales","Counterbalance","conspire:TreasureMap","Strawberry","zeldaRelics:PowerTriforce","DataDisk","HandDrill","Replay:Multitool","REME_HandOfSuture","Replay:Arrowhead","ChewingGum","ReplayTheSpireMod:Lightbulb","Blue Doll","infinitespire:PuzzleCube","zeldaRelics:HylianShield","infinitespire:Lucky Rock","Iron Hammer","Ring of Hypnosis","Meat on the Bone","infinitespire:Midas Blood","Vajra","Toxic Egg 2"],"acts_visited":["Exordium","TheCity","TheBeyond"],"potions_floor_usage":[10,33,44,51,51,51],"damage_taken":[{"damage":0,"enemies":"Cultist","floor":1,"turns":1},{"damage":0,"enemies":"2 Louse","floor":5,"turns":1},{"damage":0,"enemies":"Lagavulin","floor":6,"turns":1},{"damage":16,"enemies":"3 Sentries","floor":10,"turns":4},{"damage":0,"enemies":"Small Slimes","floor":12,"turns":1},{"damage":0,"enemies":"Red Slaver","floor":14,"turns":1},{"damage":7,"enemies":"Fading Forest","floor":16,"turns":12},{"damage":0,"enemies":"Chosen","floor":18,"turns":1},{"damage":0,"enemies":"conspire:FuzzyDice","floor":21,"turns":1},{"damage":23,"enemies":"Nightmare","floor":25,"turns":5},{"damage":0,"enemies":"Snecko","floor":27,"turns":1},{"damage":0,"enemies":"Shelled Parasite and Fungi","floor":31,"turns":1},{"damage":8,"enemies":"Automaton","floor":33,"turns":3},{"damage":19,"enemies":"3 Shapes","floor":35,"turns":2},{"damage":0,"enemies":"conspire:MimicChest","floor":36,"turns":2},{"damage":0,"enemies":"Giant Head","floor":40,"turns":3},{"damage":0,"enemies":"Orb Walker","floor":42,"turns":1},{"damage":0,"enemies":"infinitespire:Three Voidlings","floor":44,"turns":2},{"damage":16,"enemies":"Nightmare_Alpha","floor":44,"turns":2},{"damage":0,"enemies":"3 Darklings","floor":48,"turns":1},{"damage":0,"enemies":"Replay:Hell Engine","floor":50,"turns":4},{"damage":147,"enemies":"conspire:OrnateMirror","floor":51,"turns":1}],"seed_played":"9050859654893403452","potions_obtained":[{"floor":1,"key":"REME_GoldPotion"},{"floor":7,"key":"SmokeBomb"},{"floor":10,"key":"SteroidPotion"},{"floor":16,"key":"Regen Potion"},{"floor":33,"key":"PowerPotion"},{"floor":40,"key":"ColorlessPotion"},{"floor":42,"key":"EntropicBrew"}],"is_trial":true,"path_per_floor":["M","?","?","?","M","E","$","T","T","E","?","M","$","M","R","B",null,"M","?","?","M","$","R","?","NM","T","M","?","$","?","M","R","B",null,"M","?","?","?","?","E","AVR","M","T","?","?","$","?","M","R","B","B"],"character_chosen":"DEFECT","items_purchased":["Bag of Preparation","conspire:Dentures","Cauldron","OrangePellets","infinitespire:WardingShard","Counterbalance","conspire:TreasureMap","HandDrill","Replay:Multitool","REME_HandOfSuture","infinitespire:Midas Blood","Vajra"],"campfire_rested":3,"item_purchase_floors":[7,7,7,13,13,22,22,29,29,29,46,46],"current_hp_per_floor":[64,64,64,64,64,64,64,64,64,48,48,48,48,48,69,62,69,69,69,71,71,71,71,55,34,34,34,34,34,12,12,12,9,65,46,46,46,31,31,33,33,33,33,41,41,41,41,43,67,67,0,0],"gold":1336,"neow_bonus":"","is_daily":false,"chose_seed":false,"campfire_upgraded":0,"win_rate":0.0,"timestamp":1609529370,"path_taken":["M","?","?","?","?","E","$","?","T","E","?","?","?","M","R","BOSS","M","?","?","?","?","R","?","NM","T","?","?","?","?","M","R","BOSS","M","?","?","?","?","E","AVR","?","T","?","?","$","?","?","R","BOSS","BOSS"],"items_purchased_type":["Relic","Relic","Relic","Relic","Relic","Relic","Relic","Relic","Relic","Relic","Relic","Relic"],"build_version":"2020-12-22","purchased_purges":1,"victory":false,"max_hp_per_floor":[71,71,71,71,71,71,71,71,71,71,71,71,71,71,71,71,71,71,71,71,71,71,71,78,78,78,78,78,78,83,83,83,83,83,83,83,83,83,83,83,83,83,83,83,83,83,83,83,83,83,83,83],"relic_stats":{"SsserpentHead":1150,"OrangePellets":[0],"Busted Crown":46,"counters":[22,51],"Bronze Scales":[41],"Bag of Preparation":[38],"HandDrill":[12],"obtain_stats":[{"Vajra":46,"Blue Doll":36,"Bag of Preparation":7,"Replay:Multitool":29,"zeldaRelics:WisdomTriforce":10,"Old Coin":0,"Frozen Eye":0,"SsserpentHead":4,"infinitespire:ShieldingShard":5,"infinitespire:Bottled Soul":1,"Strawberry":24,"Iron Hammer":42,"zeldaRelics:CouragePiece":6,"HandDrill":29,"Toxic Egg 2":48,"Cracked Core":0,"zeldaRelics:PowerPiece":25,"conspire:Dentures":7,"zeldaRelics:WisdomPiece":9,"conspire:TreasureMap":22,"Ring of Hypnosis":43,"Counterbalance":22,"zeldaRelics:PowerTriforce":26,"infinitespire:Lucky Rock":41,"zeldaRelics:CourageTriforce":8,"Akabeko":12,"Replay:Arrowhead":31,"Nuclear Battery":17,"Cauldron":7,"OrangePellets":13,"DataDisk":27,"Busted Crown":0,"infinitespire:WardingShard":13,"ReplayTheSpireMod:Ring of Collecting":2,"Ring of Misfortune":2,"Bronze Scales":21,"ChewingGum":34,"REME_HandOfSuture":29,"Bag of Marbles":14,"Snack Pack":18,"ReplayTheSpireMod:Lightbulb":35,"infinitespire:PuzzleCube":40,"REME_ComplimentaryCards":0,"zeldaRelics:HylianShield":41,"Meat on the Bone":43,"infinitespire:Midas Blood":46},{"Vajra":19,"Blue Doll":15,"Bag of Preparation":3,"Replay:Multitool":11,"zeldaRelics:WisdomTriforce":4,"Old Coin":0,"Frozen Eye":0,"SsserpentHead":1,"infinitespire:ShieldingShard":2,"infinitespire:Bottled Soul":1,"Strawberry":9,"Iron Hammer":17,"zeldaRelics:CouragePiece":3,"HandDrill":11,"Toxic Egg 2":20,"Cracked Core":0,"zeldaRelics:PowerPiece":10,"conspire:Dentures":3,"zeldaRelics:WisdomPiece":3,"conspire:TreasureMap":9,"Ring of Hypnosis":17,"Counterbalance":9,"zeldaRelics:PowerTriforce":10,"infinitespire:Lucky Rock":16,"zeldaRelics:CourageTriforce":3,"Akabeko":5,"Replay:Arrowhead":12,"Nuclear Battery":7,"Cauldron":3,"OrangePellets":5,"DataDisk":11,"Busted Crown":0,"infinitespire:WardingShard":5,"ReplayTheSpireMod:Ring of Collecting":1,"Ring of Misfortune":1,"Bronze Scales":9,"ChewingGum":13,"REME_HandOfSuture":11,"Bag of Marbles":6,"Snack Pack":8,"ReplayTheSpireMod:Lightbulb":14,"infinitespire:PuzzleCube":16,"REME_ComplimentaryCards":0,"zeldaRelics:HylianShield":16,"Meat on the Bone":17,"infinitespire:Midas Blood":19},{"Vajra":45,"Blue Doll":37,"Bag of Preparation":3,"Replay:Multitool":29,"zeldaRelics:WisdomTriforce":7,"Old Coin":0,"Frozen Eye":0,"SsserpentHead":1,"infinitespire:ShieldingShard":2,"infinitespire:Bottled Soul":1,"Strawberry":23,"Iron Hammer":41,"zeldaRelics:CouragePiece":3,"HandDrill":29,"Toxic Egg 2":46,"Cracked Core":0,"zeldaRelics:PowerPiece":28,"conspire:Dentures":3,"zeldaRelics:WisdomPiece":3,"conspire:TreasureMap":23,"Ring of Hypnosis":41,"Counterbalance":23,"zeldaRelics:PowerTriforce":28,"infinitespire:Lucky Rock":40,"zeldaRelics:CourageTriforce":3,"Akabeko":8,"Replay:Arrowhead":30,"Nuclear Battery":21,"Cauldron":3,"OrangePellets":8,"DataDisk":29,"Busted Crown":0,"infinitespire:WardingShard":8,"ReplayTheSpireMod:Ring of Collecting":1,"Ring of Misfortune":1,"Bronze Scales":23,"ChewingGum":33,"REME_HandOfSuture":29,"Bag of Marbles":9,"Snack Pack":22,"ReplayTheSpireMod:Lightbulb":35,"infinitespire:PuzzleCube":40,"REME_ComplimentaryCards":0,"zeldaRelics:HylianShield":40,"Meat on the Bone":41,"infinitespire:Midas Blood":45}],"Meat on the Bone":24},"card_choices":[],"player_experience":1482719,"relics_obtained":[{"floor":1,"key":"infinitespire:Bottled Soul"},{"floor":2,"key":"ReplayTheSpireMod:Ring of Collecting"},{"floor":2,"key":"Ring of Misfortune"},{"floor":5,"key":"infinitespire:ShieldingShard"},{"floor":6,"key":"zeldaRelics:CouragePiece"},{"floor":8,"key":"zeldaRelics:CouragePiece"},{"floor":8,"key":"zeldaRelics:CouragePiece"},{"floor":9,"key":"zeldaRelics:WisdomPiece"},{"floor":9,"key":"zeldaRelics:WisdomPiece"},{"floor":10,"key":"zeldaRelics:WisdomPiece"},{"floor":12,"key":"Akabeko"},{"floor":14,"key":"Bag of Marbles"},{"floor":18,"key":"Snack Pack"},{"floor":21,"key":"Bronze Scales"},{"floor":24,"key":"Strawberry"},{"floor":25,"key":"zeldaRelics:PowerPiece"},{"floor":26,"key":"zeldaRelics:PowerPiece"},{"floor":26,"key":"zeldaRelics:PowerPiece"},{"floor":27,"key":"DataDisk"},{"floor":31,"key":"Replay:Arrowhead"},{"floor":35,"key":"ReplayTheSpireMod:Lightbulb"},{"floor":36,"key":"Blue Doll"},{"floor":40,"key":"infinitespire:PuzzleCube"},{"floor":42,"key":"Iron Hammer"},{"floor":43,"key":"Ring of Hypnosis"},{"floor":43,"key":"Meat on the Bone"},{"floor":48,"key":"Toxic Egg 2"}],"event_choices":[{"damage_healed":0,"gold_gain":0,"player_choice":"Trade","damage_taken":0,"relics_obtained":["SsserpentHead"],"max_hp_gain":0,"max_hp_loss":0,"event_name":"FaceTrader","floor":4,"gold_loss":0},{"damage_healed":0,"gold_gain":275,"player_choice":"Desecrate","damage_taken":0,"max_hp_gain":0,"max_hp_loss":0,"event_name":"Golden Shrine","floor":11,"gold_loss":0,"cards_obtained":["Regret"]},{"damage_healed":2,"gold_gain":0,"player_choice":"Full Heal","damage_taken":0,"max_hp_gain":0,"max_hp_loss":0,"event_name":"Wheel of Change","floor":20,"gold_loss":0},{"damage_healed":0,"gold_gain":275,"player_choice":"Desecrate","damage_taken":0,"max_hp_gain":0,"max_hp_loss":0,"event_name":"Golden Shrine","floor":28,"gold_loss":0,"cards_obtained":["Regret"]},{"damage_healed":0,"gold_gain":0,"player_choice":"Shed Blood","damage_taken":27,"max_hp_gain":5,"max_hp_loss":0,"event_name":"Forgotten Altar","floor":30,"gold_loss":0},{"damage_healed":0,"gold_gain":0,"player_choice":"Ignored","damage_taken":0,"max_hp_gain":0,"max_hp_loss":0,"event_name":"Vampires","floor":32,"gold_loss":0},{"damage_healed":0,"gold_gain":0,"player_choice":"Memory 1","damage_taken":0,"max_hp_gain":0,"max_hp_loss":0,"event_name":"SensoryStone","floor":37,"gold_loss":0},{"damage_healed":0,"gold_gain":0,"player_choice":"Embrace Madness","damage_taken":15,"max_hp_gain":0,"max_hp_loss":0,"event_name":"Winding Halls","floor":38,"gold_loss":0,"cards_obtained":["Madness","Madness"]},{"cards_removed":["Strike_R"],"damage_healed":0,"gold_gain":0,"player_choice":"Removed Attack","damage_taken":0,"max_hp_gain":0,"max_hp_loss":0,"event_name":"Falling","floor":39,"gold_loss":0},{"damage_healed":0,"gold_gain":0,"player_choice":"Invest 1","damage_taken":0,"max_hp_gain":0,"max_hp_loss":0,"event_name":"conspire:Investor","floor":45,"gold_loss":0},{"damage_healed":0,"gold_gain":0,"player_choice":"Copied","damage_taken":0,"max_hp_gain":0,"max_hp_loss":0,"event_name":"Duplicator","floor":47,"gold_loss":0,"cards_obtained":["Demon Form"]}],"is_beta":false,"boss_relics":[{"not_picked":["REME_DemonsWealth","SlaversCollar"],"picked":"Nuclear Battery"},{"not_picked":["Sozu","Calling Bell"],"picked":"ChewingGum"}],"items_purged_floors":[41],"is_endless":true,"potions_floor_spawned":[1,10,16,21,27,33,36,40,42],"killed_by":"conspire:OrnateMirror","ascension_level":20}}