{"host":"pl1fbpkom0aq337f","time":1609522176,"event":{"mods":["AchievementEnabler","BaseMod","Colored Map","Minty Spire (QoL Compilation)"],"gold_per_floor":[112,137,147,99,99,99,99,130,153,178,47,47,61,81,81,212,212,231,252,276,276,375,409,428,428,428,428,449,159,159,178,56,56,176,176,189,209,209,58,58,102,102,126,150,191,210,210,253,277,277,277,277,277,7,41,41],"floor_reached":57,"playtime":3408,"items_purged":["Poisoned Stab","Pain","Bane"],"score":1793,"play_id":"b62180c3-a30d-4f82-800d-7a31bd1e5d94","local_time":"20210101182936","is_ascension_mode":true,"campfire_choices":[{"data":"Crippling Poison","floor":6,"key":"SMITH"},{"data":"Deadly Poison","floor":12,"key":"SMITH"},{"data":"Neutralize","floor":15,"key":"SMITH"},{"data":"After Image","floor":25,"key":"SMITH"},{"data":"Well Laid Plans","floor":33,"key":"SMITH"},{"floor":42,"key":"RECALL"},{"data":"Acrobatics","floor":50,"key":"SMITH"},{"data":"Well Laid Plans","floor":53,"key":"SMITH"}],"circlet_count":0,"master_deck":["AscendersBane","Survivor","Neutralize+1","Crippling Poison+1","Deadly Poison+1","Grand Finale","Backflip+1","Dodge and Roll","Dagger Throw+1","Well Laid Plans+1","Wraith Form v2","Acrobatics+1","Wraith Form v2","Well Laid Plans+1","Night Terror+1"],"relics":["Coffee Dripper","MealTicket","Golden Idol","Gremlin Horn","Juzu Bracelet","Pandora\u0027s Box","Boot","Shuriken","Darkstone Periapt","Membership Card","WarpedTongs","TheAbacus","HoveringKite","Tough Bandages","Bag of Preparation","Smiling Mask","Pen Nib","War Paint","OrangePellets","Calipers","Lantern"],"acts_visited":["Exordium","TheCity","TheBeyond","TheEnding"],"potions_floor_usage":[8,16,16,28,37,45,45,56],"damage_taken":[{"damage":0,"enemies":"Cultist","floor":1,"turns":5},{"damage":1,"enemies":"Jaw Worm","floor":3,"turns":4},{"damage":12,"enemies":"Gremlin Nob","floor":8,"turns":4},{"damage":0,"enemies":"Small Slimes","floor":10,"turns":3},{"damage":6,"enemies":"Blue Slaver","floor":13,"turns":4},{"damage":14,"enemies":"Exordium Wildlife","floor":14,"turns":4},{"damage":9,"enemies":"The Guardian","floor":16,"turns":10},{"damage":0,"enemies":"3 Byrds","floor":18,"turns":2},{"damage":8,"enemies":"Chosen","floor":19,"turns":3},{"damage":5,"enemies":"Snecko","floor":20,"turns":4},{"damage":16,"enemies":"Gremlin Leader","floor":23,"turns":3},{"damage":13,"enemies":"Shelled Parasite and Fungi","floor":24,"turns":4},{"damage":11,"enemies":"Snake Plant","floor":28,"turns":4},{"damage":0,"enemies":"3 Cultists","floor":31,"turns":2},{"damage":7,"enemies":"Champ","floor":34,"turns":7},{"damage":7,"enemies":"3 Darklings","floor":36,"turns":3},{"damage":7,"enemies":"3 Shapes","floor":37,"turns":4},{"damage":0,"enemies":"Giant Head","floor":41,"turns":6},{"damage":0,"enemies":"3 Darklings","floor":43,"turns":3},{"damage":0,"enemies":"Reptomancer","floor":45,"turns":3},{"damage":5,"enemies":"Jaw Worm Horde","floor":46,"turns":2},{"damage":16,"enemies":"Nemesis","floor":48,"turns":8},{"damage":0,"enemies":"Sphere and 2 Shapes","floor":49,"turns":3},{"damage":20,"enemies":"Awakened One","floor":51,"turns":9},{"damage":12,"enemies":"Shield and Spear","floor":55,"turns":6},{"damage":24,"enemies":"The Heart","floor":56,"turns":10}],"seed_played":"5496071221626297421","potions_obtained":[{"floor":3,"key":"Poison Potion"},{"floor":13,"key":"BlessingOfTheForge"},{"floor":14,"key":"Regen Potion"},{"floor":24,"key":"EntropicBrew"},{"floor":28,"key":"AttackPotion"},{"floor":34,"key":"Regen Potion"},{"floor":41,"key":"LiquidBronze"},{"floor":46,"key":"SteroidPotion"},{"floor":49,"key":"AttackPotion"},{"floor":55,"key":"GhostInAJar"}],"is_trial":false,"path_per_floor":["M","T","M","$","?","R","?","E","T","M","$","R","M","M","R","B",null,"M","M","M","?","?","E","M","R","T","T","M","$","?","M","$","R","B",null,"M","M","?","$","?","E","R","M","T","E","M","?","E","M","R","B",null,"R","$","E","B",null],"character_chosen":"THE_SILENT","items_purchased":["Bane","Deadly Poison","Grand Finale","Membership Card","Wraith Form v2","Acrobatics","TheAbacus","Tough Bandages","OrangePellets","Calipers"],"campfire_rested":0,"item_purchase_floors":[4,11,11,29,29,29,32,39,54,54],"current_hp_per_floor":[63,63,62,70,65,65,47,35,35,35,50,50,44,30,30,36,58,58,50,45,45,45,29,16,16,16,16,5,20,26,26,41,41,34,62,55,57,62,71,67,67,67,67,67,67,62,62,46,46,46,26,57,57,67,55,31],"gold":41,"neow_bonus":"BOSS_RELIC","is_daily":false,"chose_seed":false,"campfire_upgraded":7,"win_rate":0.0,"timestamp":1609522176,"path_taken":["M","?","M","$","?","R","?","E","T","M","?","R","M","M","R","BOSS","M","M","M","?","?","E","M","R","T","T","M","$","?","M","$","R","BOSS","M","M","?","$","?","E","R","M","T","E","M","?","E","M","R","BOSS","R","$","E","BOSS"],"items_purchased_type":["Card","Card","Card","Relic","Card","Card","Relic","Relic","Relic","Relic"],"build_version":"2020-12-22","purchased_purges":3,"victory":true,"max_hp_per_floor":[70,70,70,70,65,65,65,65,65,65,65,65,65,65,65,65,65,65,65,65,65,65,65,65,65,65,65,65,65,71,71,71,71,71,71,71,71,71,71,67,67,67,67,67,67,67,67,67,67,67,67,67,67,67,67,67],"card_choices":[{"not_picked":["Poisoned Stab","Catalyst"],"picked":"Crippling Poison","floor":1},{"not_picked":["Backstab","Choke","Dagger Throw"],"picked":"SKIP","floor":3},{"not_picked":["Terror","Endless Agony","Escape Plan"],"picked":"SKIP","floor":8},{"not_picked":["Blade Dance","Infinite Blades"],"picked":"Dagger Throw","floor":10},{"not_picked":["Deflect","Slice"],"picked":"Poisoned Stab","floor":13},{"not_picked":["PiercingWail","Dagger Spray"],"picked":"Backflip","floor":14},{"not_picked":["Doppelganger","Night Terror"],"picked":"After Image","floor":16},{"not_picked":["Flechettes+1","Flying Knee","PiercingWail"],"picked":"SKIP","floor":18},{"not_picked":["Flechettes","Outmaneuver","Infinite Blades"],"picked":"SKIP","floor":19},{"not_picked":["Bane","Prepared","Flying Knee"],"picked":"SKIP","floor":20},{"not_picked":["Flying Knee","Choke"],"picked":"Dodge and Roll","floor":23},{"not_picked":["Dagger Spray+1","Outmaneuver"],"picked":"Dagger Throw+1","floor":24},{"not_picked":["Deflect+1","Quick Slash+1"],"picked":"Well Laid Plans","floor":28},{"not_picked":["Bullet Time","Expertise","Flying Knee+1"],"picked":"SKIP","floor":31},{"not_picked":["Corpse Explosion","Venomology"],"picked":"Wraith Form v2","floor":34},{"not_picked":["Blade Dance","Eviscerate+1","Underhanded Strike+1"],"picked":"SKIP","floor":36},{"not_picked":["Acrobatics","Cloak And Dagger+1","Expertise+1"],"picked":"SKIP","floor":37},{"not_picked":["Tactician","Footwork+1"],"picked":"Well Laid Plans","floor":41},{"not_picked":["Eviscerate+1","Bane","Dagger Throw"],"picked":"SKIP","floor":43},{"not_picked":["Dagger Spray+1","Riddle With Holes+1","Deflect"],"picked":"SKIP","floor":45},{"not_picked":["Expertise+1","Dagger Throw"],"picked":"Night Terror","floor":46},{"not_picked":["Outmaneuver+1","Slice+1","Cloak And Dagger+1"],"picked":"SKIP","floor":48},{"not_picked":["Dodge and Roll+1","Setup","Infinite Blades+1"],"picked":"SKIP","floor":49},{"not_picked":["Dodge and Roll+1","Setup","Infinite Blades+1"],"picked":"SKIP","floor":49},{"not_picked":["Phantasmal Killer","Dodge and Roll","Choke+1"],"picked":"SKIP","floor":55}],"player_experience":414495,"relics_obtained":[{"floor":2,"key":"MealTicket"},{"floor":8,"key":"Juzu Bracelet"},{"floor":23,"key":"Boot"},{"floor":26,"key":"Shuriken"},{"floor":27,"key":"Darkstone Periapt"},{"floor":41,"key":"Bag of Preparation"},{"floor":44,"key":"Smiling Mask"},{"floor":45,"key":"Pen Nib"},{"floor":48,"key":"War Paint"},{"floor":55,"key":"Lantern"}],"event_choices":[{"damage_healed":0,"gold_gain":0,"player_choice":"Lose Max HP","damage_taken":0,"relics_obtained":["Golden Idol"],"max_hp_gain":0,"max_hp_loss":5,"event_name":"Golden Idol","floor":5,"gold_loss":0},{"damage_healed":0,"gold_gain":0,"player_choice":"Success","damage_taken":18,"relics_obtained":["Gremlin Horn"],"max_hp_gain":0,"max_hp_loss":0,"event_name":"Scrap Ooze","floor":7,"gold_loss":0},{"damage_healed":0,"gold_gain":0,"player_choice":"Ignored","damage_taken":0,"max_hp_gain":0,"max_hp_loss":0,"event_name":"Ghosts","floor":21,"gold_loss":0},{"damage_healed":0,"gold_gain":99,"player_choice":"Stole From Cult","damage_taken":0,"max_hp_gain":0,"max_hp_loss":0,"event_name":"Nest","floor":22,"gold_loss":0},{"damage_healed":0,"gold_gain":0,"player_choice":"Rummage","damage_taken":0,"relics_obtained":["WarpedTongs"],"max_hp_gain":0,"max_hp_loss":0,"event_name":"Accursed Blacksmith","floor":30,"gold_loss":0,"cards_obtained":["Pain"]},{"cards_removed":["Dagger Throw"],"damage_healed":5,"gold_gain":0,"player_choice":"Offered Common","damage_taken":0,"max_hp_gain":0,"max_hp_loss":0,"event_name":"Bonfire Elementals","floor":38,"gold_loss":0},{"cards_removed":["Dagger Throw"],"damage_healed":5,"gold_gain":0,"player_choice":"Offered Special","damage_taken":0,"max_hp_gain":0,"max_hp_loss":0,"event_name":"Bonfire Elementals","floor":38,"gold_loss":0},{"damage_healed":0,"gold_gain":0,"player_choice":"Max HP","damage_taken":0,"max_hp_gain":0,"max_hp_loss":4,"event_name":"Winding Halls","floor":40,"gold_loss":0},{"cards_removed":["After Image"],"damage_healed":0,"gold_gain":0,"player_choice":"Removed Power","damage_taken":0,"max_hp_gain":0,"max_hp_loss":0,"event_name":"Falling","floor":47,"gold_loss":0}],"is_beta":false,"boss_relics":[{"not_picked":["SlaversCollar","Calling Bell"],"picked":"Pandora\u0027s Box"},{"not_picked":["Runic Dome","Sozu"],"picked":"HoveringKite"}],"items_purged_floors":[29,32,54],"is_endless":false,"potions_floor_spawned":[3,13,14,24,28,31,34,41,46,49,55],"ascension_level":10}}