{"host":"n43wxkei7kulhi8o","time":1609518491,"event":{"mods":["BaseMod","Colored Map","Curses Come First","Custom Start","Highlight Path","Minty Spire (QoL Compilation)","StSLib"],"gold_per_floor":[115,115,115,40,58,58,78,98,98,118,118,118,198,223,223,354,354,375,355,380,380,380],"floor_reached":21,"playtime":644,"items_purged":["Pain"],"score":171,"play_id":"fb382ce9-2465-492c-b090-7bcc4dc05b35","local_time":"20210101112811","is_ascension_mode":false,"campfire_choices":[{"data":"Zap","floor":6.0,"key":"SMITH"},{"data":"Dualcast","floor":11.0,"key":"SMITH"},{"data":"Tempest","floor":15.0,"key":"SMITH"}],"circlet_count":0,"master_deck":["Strike_B","Strike_B","Strike_B","Strike_B","Defend_B","Defend_B","Defend_B","Defend_B","Zap+1","Dualcast+1","Streamline","Glacier","Tempest+1","Electrodynamics","Coolheaded+1"],"relics":["Cracked Core","Dead Branch","Golden Idol","Calipers","SlaversCollar"],"acts_visited":["TheCity"],"potions_floor_usage":[],"damage_taken":[{"damage":4.0,"enemies":"Jaw Worm","floor":1.0,"turns":3.0},{"damage":1.0,"enemies":"2 Louse","floor":5.0,"turns":2.0},{"damage":1.0,"enemies":"Cultist","floor":7.0,"turns":3.0},{"damage":8.0,"enemies":"Red Slaver","floor":8.0,"turns":3.0},{"damage":11.0,"enemies":"3 Louse","floor":10.0,"turns":3.0},{"damage":2.0,"enemies":"Blue Slaver","floor":14.0,"turns":2.0},{"damage":29.0,"enemies":"Slime Boss","floor":16.0,"turns":11.0},{"damage":25,"enemies":"2 Thieves","floor":18,"turns":3},{"damage":5,"enemies":"Shell Parasite","floor":20,"turns":7},{"damage":17,"enemies":"Snake Plant","floor":21,"turns":4}],"seed_played":"7507515175717336232","potions_obtained":[{"floor":1.0,"key":"SpeedPotion"},{"floor":5.0,"key":"Ancient Potion"},{"floor":14.0,"key":"SteroidPotion"},{"floor":19,"key":"LiquidBronze"},{"floor":20,"key":"LiquidMemories"}],"is_trial":false,"path_per_floor":["M","?","?","$","M","R","M","M","T","M","R","$","?","M","R","B",null,"M","?","M","M"],"character_chosen":"DEFECT","items_purchased":[],"campfire_rested":0,"item_purchase_floors":[],"current_hp_per_floor":[71,53,53,53,52,52,51,43,43,32,32,32,32,30,30,1,75,50,50,45,28,28],"gold":380,"neow_bonus":"ONE_RARE_RELIC","is_daily":false,"chose_seed":false,"campfire_upgraded":3,"win_rate":0.0,"timestamp":1609518491,"path_taken":["M","?","?","$","M","R","M","M","T","M","R","$","?","?","R","BOSS","M","?","?","M"],"items_purchased_type":[],"build_version":"2020-12-22","purchased_purges":1,"victory":false,"max_hp_per_floor":[75,75,75,75,75,75,75,75,75,75,75,75,75,75,75,75,75,75,75,75,75,75],"card_choices":[{"not_picked":["Scrape","Steam"],"picked":"Streamline","floor":1.0},{"not_picked":["Go for the Eyes","Streamline","Undo"],"picked":"SKIP","floor":5.0},{"not_picked":["Compile Driver","Hologram","Scrape"],"picked":"SKIP","floor":7.0},{"not_picked":["Skim","Heatsinks","Redo"],"picked":"SKIP","floor":8.0},{"not_picked":["Seek","BootSequence"],"picked":"Glacier","floor":10.0},{"not_picked":["Gash","Barrage"],"picked":"Tempest","floor":14.0},{"not_picked":["Meteor Strike","Hyperbeam"],"picked":"Electrodynamics","floor":16.0},{"not_picked":["Gash","Barrage","Tempest"],"picked":"SKIP","floor":18},{"not_picked":["Conserve Battery","Tempest"],"picked":"Coolheaded+1","floor":20}],"player_experience":626545,"relics_obtained":[{"floor":9.0,"key":"Calipers"}],"event_choices":[{"damage_healed":0.0,"max_hp_gain":0.0,"max_hp_loss":0.0,"gold_gain":0.0,"event_name":"Golden Idol","player_choice":"Take Damage","floor":2.0,"gold_loss":0.0,"damage_taken":18.0,"relics_obtained":["Golden Idol"]},{"damage_healed":0.0,"max_hp_gain":0.0,"max_hp_loss":0.0,"gold_gain":0.0,"event_name":"The Cleric","player_choice":"Leave","floor":3.0,"gold_loss":0.0,"damage_taken":0.0},{"damage_healed":0.0,"max_hp_gain":0.0,"max_hp_loss":0.0,"gold_gain":80.0,"event_name":"Golden Wing","player_choice":"Gained Gold","floor":13.0,"gold_loss":0.0,"damage_taken":0.0},{"damage_healed":0,"gold_gain":0,"player_choice":"Bought 1 Potion","damage_taken":0,"max_hp_gain":0,"max_hp_loss":0,"event_name":"The Woman in Blue","floor":19,"gold_loss":0}],"is_beta":false,"boss_relics":[{"not_picked":["Pandora\u0027s Box","SacredBark"],"picked":"SlaversCollar"}],"items_purged_floors":[4],"is_endless":false,"potions_floor_spawned":[1,5,14,20],"killed_by":"Snake Plant","ascension_level":0}}