{"host":"h3lcturju8jctp44","time":1609521587,"event":{"mods":["BaseMod","Bestiary","Better Third Choice","Downfall","Highlight Path","Minty Spire (QoL Compilation)","Replay The Spire","StSLib"],"gold_per_floor":[0,14,28,28,38,53,53,85,85,118,135,146,71,81,91,91,91,91],"floor_reached":16,"playtime":1045,"items_purged":[],"score":151,"play_id":"7a6e8eb1-a96a-4051-8b42-e60a457447a6","local_time":"20210101181947","is_ascension_mode":true,"campfire_choices":[{"data":"Slimebound:Split","floor":1,"key":"SMITH"},{"floor":13,"key":"RECALL"}],"circlet_count":0,"master_deck":["Slimebound:Strike_Slimebound","Slimebound:Strike_Slimebound","Slimebound:Strike_Slimebound","Slimebound:Tackle","Slimebound:Defend_Slimebound","Slimebound:Defend_Slimebound","Slimebound:Defend_Slimebound","Slimebound:Defend_Slimebound","Slimebound:Split+1","Slimebound:CorrosiveSpit","Slimebound:Darklings","Slimebound:FormOfPuddle","Slimebound:PressTheAttack","Slimebound:ServeAndProtect","Slimebound:FirmFortitude","Slimebound:SlimeBarrage","Slimebound:GoopSpray","Slimebound:WasteNot","Slimebound:LevelUp","Slimebound:FormOfPuddle","Slimebound:Replication"],"relics":["Slimebound:AbsorbEndCombat","Ring of Hypnosis","Ring of Peace","Chameleon Ring","Unceasing Top","Thread and Needle","downfall:HeartBlessingBlue"],"acts_visited":["Exordium"],"potions_floor_usage":[11],"damage_taken":[{"damage":8,"enemies":"Cultist","floor":2,"turns":4},{"damage":4,"enemies":"2 Louse","floor":3,"turns":3},{"damage":12,"enemies":"Jaw Worm","floor":5,"turns":3},{"damage":17,"enemies":"Large Slime","floor":6,"turns":6},{"damage":25,"enemies":"Gremlin Nob","floor":8,"turns":5},{"damage":32,"enemies":"Lagavulin","floor":10,"turns":5},{"damage":6,"enemies":"Gremlin Gang","floor":11,"turns":4},{"damage":18,"enemies":"Exordium Thugs","floor":12,"turns":4},{"damage":4,"enemies":"2 Fungi Beasts","floor":14,"turns":4},{"damage":1,"enemies":"Blue Slaver","floor":15,"turns":5},{"damage":80,"enemies":"downfall:Defect","floor":16,"turns":6}],"seed_played":"-7250355231839673274","potions_obtained":[{"floor":2,"key":"Doom Potion"},{"floor":5,"key":"Venom Potion"},{"floor":10,"key":"SteroidPotion"},{"floor":12,"key":"Strength Potion"}],"is_trial":false,"path_per_floor":["R","M","M","?","M","M","T","E","?","E","M","M","R","M","M","B"],"character_chosen":"SLIMEBOUND","items_purchased":[],"campfire_rested":0,"item_purchase_floors":[],"current_hp_per_floor":[54,60,58,58,60,60,60,55,48,48,58,55,65,70,70,0,0,0],"gold":91,"neow_bonus":"THREE_RARE_CARDS","is_daily":false,"chose_seed":false,"campfire_upgraded":1,"win_rate":0.0,"timestamp":1609521587,"path_taken":["R","M","M","?","M","M","T","E","?","E","M","M","R","M","M","BOSS"],"items_purchased_type":[],"build_version":"2020-12-22","purchased_purges":0,"victory":false,"max_hp_per_floor":[60,60,60,60,60,60,60,60,60,60,60,60,70,70,70,70,70,70],"card_choices":[{"not_picked":["Slimebound:PrepareCrush","Slimebound:OozeBath"],"picked":"Slimebound:Darklings","floor":0},{"not_picked":["Slimebound:LeechEnergy","Slimebound:Gluttony"],"picked":"Slimebound:FormOfPuddle","floor":2},{"not_picked":["Slimebound:LivingWall","Slimebound:SlimeSpikes"],"picked":"Slimebound:PressTheAttack","floor":3},{"not_picked":["Slimebound:SlimeSpikes","Slimebound:LeechEnergy"],"picked":"Slimebound:ServeAndProtect","floor":5},{"not_picked":["Slimebound:FlameTackle","Slimebound:GrowthPunch"],"picked":"Slimebound:FirmFortitude","floor":6},{"not_picked":["Slimebound:Recollect","Slimebound:FirmFortitude"],"picked":"Slimebound:SlimeBarrage","floor":8},{"not_picked":["Slimebound:Schlurp","Slimebound:ViciousTackle"],"picked":"Slimebound:GoopSpray","floor":10},{"not_picked":["Slimebound:ViciousTackle","Slimebound:GrowthPunch"],"picked":"Slimebound:WasteNot","floor":11},{"not_picked":["Slimebound:DivideAndConquer","Slimebound:FinishingTackle"],"picked":"Slimebound:LevelUp","floor":12},{"not_picked":["Slimebound:FinishingTackle","Slimebound:SplitBruiser"],"picked":"Slimebound:FormOfPuddle","floor":14},{"not_picked":["Slimebound:ViciousTackle","Slimebound:HauntingLick"],"picked":"Slimebound:Replication","floor":15}],"player_experience":710000,"relics_obtained":[{"floor":4,"key":"Ring of Hypnosis"},{"floor":4,"key":"Ring of Peace"},{"floor":8,"key":"Chameleon Ring"},{"floor":10,"key":"Thread and Needle"}],"event_choices":[{"damage_healed":0,"gold_gain":0,"player_choice":"Success","damage_taken":7,"relics_obtained":["Unceasing Top"],"max_hp_gain":0,"max_hp_loss":0,"event_name":"Scrap Ooze","floor":9,"gold_loss":0}],"is_beta":false,"boss_relics":[],"items_purged_floors":[],"is_endless":false,"potions_floor_spawned":[2,5,10,12],"killed_by":"downfall:Defect","ascension_level":6}}