{"host":"m77rrhbqzv44va4v","time":1609528412,"event":{"mods":["AchievementEnabler","BaseMod","Colored Map","DeckTracker","Keyboard Shortcuts","Minty Spire (QoL Compilation)","StSLib","SuperFastMode","everything is the same but u backflip on backflip"],"gold_per_floor":[16,16,16,29,43,68,68,95,120,135,135,135,60,80,80,153,153,172,190,204,204,204,204],"floor_reached":22,"playtime":678,"items_purged":["Defend_R"],"score":382,"play_id":"09e38d3e-67c3-46d0-890e-f8d2cf514f87","local_time":"20210102041332","is_ascension_mode":true,"campfire_choices":[{"data":"Armaments","floor":7.0,"key":"SMITH"},{"floor":15.0,"key":"REST"}],"circlet_count":0,"master_deck":["AscendersBane","Strike_R","Strike_R","Defend_R","Defend_R","Defend_R","Bash","Barricade+1","Armaments+1","Perfected Strike","Shrug It Off","Dropkick","Second Wind","Inflame","Twin Strike","Clothesline","Corruption","Pommel Strike","Disarm+1"],"relics":["Burning Blood","Regal Pillow","Oddly Smooth Stone","Fusion Hammer","Nloth\u0027s Gift"],"acts_visited":["Exordium","TheCity"],"potions_floor_usage":[20,22],"damage_taken":[{"damage":4.0,"enemies":"Small Slimes","floor":1.0,"turns":4.0},{"damage":12.0,"enemies":"Cultist","floor":4.0,"turns":4.0},{"damage":0.0,"enemies":"2 Louse","floor":5.0,"turns":2.0},{"damage":37.0,"enemies":"3 Sentries","floor":6.0,"turns":13.0},{"damage":32.0,"enemies":"Gremlin Nob","floor":8.0,"turns":4.0},{"damage":2.0,"enemies":"Looter","floor":10.0,"turns":4.0},{"damage":3.0,"enemies":"Blue Slaver","floor":14.0,"turns":4.0},{"damage":31.0,"enemies":"Slime Boss","floor":16.0,"turns":10.0},{"damage":9.0,"enemies":"Chosen","floor":18.0,"turns":7.0},{"damage":23.0,"enemies":"3 Byrds","floor":19.0,"turns":6.0},{"damage":50,"enemies":"Sentry and Sphere","floor":20,"turns":8},{"damage":18,"enemies":"Centurion and Healer","floor":22,"turns":3}],"seed_played":"6380688707084255089","potions_obtained":[{"floor":1.0,"key":"GamblersBrew"},{"floor":10.0,"key":"LiquidBronze"},{"floor":14.0,"key":"AttackPotion"},{"floor":16.0,"key":"Regen Potion"},{"floor":18.0,"key":"SneckoOil"},{"floor":19.0,"key":"PowerPotion"},{"floor":20,"key":"PowerPotion"}],"is_trial":false,"path_per_floor":["M","$","?","M","M","E","R","E","T","M","?","?","$","M","R","B",null,"M","M","M","?","M"],"character_chosen":"IRONCLAD","items_purchased":[],"campfire_rested":1,"item_purchase_floors":[],"current_hp_per_floor":[70,70,70,64,70,39,39,13,13,17,17,17,17,20,57,32,64,75,58,14,14,0,0],"gold":204,"neow_bonus":"TRANSFORM_TWO_CARDS","is_daily":false,"chose_seed":false,"campfire_upgraded":1,"win_rate":0.0,"timestamp":1609528412,"path_taken":["M","$","?","?","M","E","R","E","T","M","?","?","?","M","R","BOSS","M","M","M","?","M"],"items_purchased_type":[],"build_version":"2020-12-22","purchased_purges":1,"victory":false,"max_hp_per_floor":[75,75,75,75,75,75,75,75,75,75,75,75,75,75,75,75,75,75,75,75,75,75,75],"card_choices":[{"not_picked":["Anger","True Grit"],"picked":"Perfected Strike","floor":1.0},{"not_picked":["Limit Break","Rampage"],"picked":"Shrug It Off","floor":4.0},{"not_picked":["Reckless Charge","Sever Soul"],"picked":"Dropkick","floor":5.0},{"not_picked":["Infernal Blade","Twin Strike"],"picked":"Second Wind","floor":6.0},{"not_picked":["Intimidate","Metallicize"],"picked":"Inflame","floor":8.0},{"not_picked":["Anger","Metallicize"],"picked":"Twin Strike","floor":10.0},{"not_picked":["Clothesline","Headbutt","Iron Wave"],"picked":"SKIP","floor":14.0},{"not_picked":["Headbutt","Iron Wave"],"picked":"Clothesline","floor":14.0},{"not_picked":["Feed","Fiend Fire"],"picked":"Corruption","floor":16.0},{"not_picked":["Anger","Burning Pact"],"picked":"Pommel Strike","floor":18.0},{"not_picked":["Anger","Uppercut"],"picked":"Disarm+1","floor":19.0},{"not_picked":["Havoc","Perfected Strike+1","Carnage"],"picked":"SKIP","floor":20}],"player_experience":872000,"relics_obtained":[{"floor":6.0,"key":"Boot"},{"floor":8.0,"key":"Regal Pillow"},{"floor":9.0,"key":"Oddly Smooth Stone"}],"event_choices":[{"damage_healed":0.0,"max_hp_gain":0.0,"max_hp_loss":0.0,"gold_gain":0.0,"event_name":"Upgrade Shrine","player_choice":"Upgraded","floor":3.0,"gold_loss":0.0,"damage_taken":0.0,"cards_upgraded":["Barricade"]},{"damage_healed":0.0,"max_hp_gain":0.0,"max_hp_loss":0.0,"gold_gain":0.0,"event_name":"Dead Adventurer","player_choice":"Searched \u00270\u0027 times","floor":11.0,"gold_loss":0.0,"damage_taken":0.0},{"cards_removed":["Strike_R"],"damage_healed":0.0,"max_hp_gain":0.0,"max_hp_loss":0.0,"gold_gain":0.0,"event_name":"Living Wall","player_choice":"Forget","floor":12.0,"gold_loss":0.0,"damage_taken":0.0},{"damage_healed":0,"gold_gain":0,"player_choice":"Traded Relic","damage_taken":0,"relics_obtained":["Nloth\u0027s Gift"],"max_hp_gain":0,"max_hp_loss":0,"event_name":"N\u0027loth","floor":21,"relics_lost":["Boot"],"gold_loss":0}],"is_beta":false,"boss_relics":[{"not_picked":["Philosopher\u0027s Stone","SacredBark"],"picked":"Fusion Hammer"}],"items_purged_floors":[13],"is_endless":false,"potions_floor_spawned":[1,10,14,16,18,19,20],"killed_by":"Centurion and Healer","ascension_level":19}}