{"host":"sfkslwp4t49i7lrt","time":1609528395,"event":{"mods":["BaseMod","Bestiary","Block Reminder","Downfall","Highlight Path","Minty Spire (QoL Compilation)","Relic Stats","StSLib","everything is the same but u backflip on backflip","slay the spire mod where everything is the same but ironclad has a cowboy hat"],"gold_per_floor":[99,99,99,174,174,208,208,208,219,252,152,211,234,265,281,378,378,378,388,400,400,400,420,420,420,420,453,353,387,401,421,437,437,437,437],"floor_reached":33,"playtime":1340,"items_purged":[],"score":369,"play_id":"cce11d89-5ba5-4bcc-8784-f896e643e5b8","local_time":"20210102021315","is_ascension_mode":true,"campfire_choices":[{"data":"Slimebound:Split","floor":1,"key":"SMITH"},{"data":"Slimebound:LeechingTouch","floor":11,"key":"SMITH"},{"data":"Slimebound:TagTeam","floor":18,"key":"SMITH"},{"data":"Slimebound:PressTheAttack","floor":28,"key":"SMITH"}],"circlet_count":0,"master_deck":["Slimebound:Strike_Slimebound","Slimebound:Strike_Slimebound","Slimebound:Tackle","Slimebound:Defend_Slimebound","Slimebound:Defend_Slimebound","Slimebound:Defend_Slimebound","Slimebound:Defend_Slimebound","Slimebound:Split+1","Slimebound:CorrosiveSpit","Slimebound:SlimeSpikes","Slimebound:GoopSpray","Slimebound:SplitMire","Slimebound:SlimeSpikes","Slimebound:LeechingTouch+1","Slimebound:SplitLeeching","Slimebound:DivideAndConquer","Slimebound:FlameTackle","Slimebound:LeechEnergy","Slimebound:TagTeam+1","Slimebound:Equalize+1","downfall:Malfunctioning","Slimebound:PressTheAttack+1","Slimebound:Repurpose"],"relics":["Slimebound:AbsorbEndCombat","downfall:HeartsMalice","StrikeDummy","Guardian:PocketSentry","Ornamental Fan","Anchor","downfall:HeartBlessingGreen","Blue Candle","Odd Mushroom","TungstenRod","Cursed Key","Omamori","downfall:HeartBlessingBlue","Mercury Hourglass"],"acts_visited":["Exordium","TheCity"],"potions_floor_usage":[16,20,29,31,33,33],"damage_taken":[{"damage":0,"enemies":"Jaw Worm","floor":3,"turns":1},{"damage":0,"enemies":"3 Sentries","floor":6,"turns":1},{"damage":0,"enemies":"Small Slimes","floor":8,"turns":1},{"damage":0,"enemies":"2 Louse","floor":9,"turns":2},{"damage":11,"enemies":"Gremlin Nob","floor":10,"turns":4},{"damage":13,"enemies":"3 Sentries","floor":12,"turns":7},{"damage":10,"enemies":"The Mushroom Lair","floor":13,"turns":4},{"damage":1,"enemies":"3 Sentries","floor":14,"turns":4},{"damage":0,"enemies":"Large Slime","floor":15,"turns":4},{"damage":12,"enemies":"downfall:Watcher","floor":16,"turns":7},{"damage":0,"enemies":"Chosen","floor":19,"turns":3},{"damage":8,"enemies":"3 Cultists","floor":20,"turns":4},{"damage":0,"enemies":"Snake Plant","floor":23,"turns":3},{"damage":20,"enemies":"Slavers","floor":27,"turns":5},{"damage":0,"enemies":"Gremlin Leader","floor":29,"turns":6},{"damage":15,"enemies":"Snecko","floor":30,"turns":4},{"damage":3,"enemies":"Centurion and Healer","floor":31,"turns":3},{"damage":12,"enemies":"Snake Plant","floor":32,"turns":3},{"damage":83,"enemies":"downfall:Defect","floor":33,"turns":9}],"seed_played":"5474217278098975936","potions_obtained":[{"floor":9,"key":"sneckomod:MuddlingPotion"},{"floor":10,"key":"SpeedPotion"},{"floor":14,"key":"ColorlessPotion"},{"floor":27,"key":"AttackPotion"},{"floor":29,"key":"champ:CounterPotion"},{"floor":30,"key":"ColorlessPotion"},{"floor":32,"key":"Explosive Potion"}],"is_trial":false,"path_per_floor":["R","?","M","?","?","E","T","M","M","E","R","?","?","E","M","B",null,"R","M","M","?","?","M","T","T","?","E","R","E","M","M","M","B"],"character_chosen":"SLIMEBOUND","items_purchased":[],"campfire_rested":0,"item_purchase_floors":[],"current_hp_per_floor":[65,65,65,65,62,62,62,62,63,56,56,46,37,39,41,34,65,65,65,65,65,65,65,65,65,65,55,65,75,69,74,63,0,0,0],"gold":437,"neow_bonus":"THREE_ENEMY_KILL","is_daily":false,"chose_seed":false,"campfire_upgraded":4,"win_rate":0.0,"timestamp":1609528395,"path_taken":["R","?","M","?","?","E","T","M","M","E","R","?","?","E","M","BOSS","R","M","M","?","?","M","T","?","?","E","R","E","M","?","M","BOSS"],"items_purchased_type":[],"build_version":"2020-12-22","purchased_purges":0,"victory":false,"max_hp_per_floor":[65,65,65,65,65,65,65,65,65,65,65,65,65,65,65,65,65,65,65,65,65,65,65,65,65,65,65,75,75,75,75,75,75,75,75],"relic_stats":{"counters":[19,67],"Ornamental Fan":[32],"Blue Candle":[6],"Cursed Key":1,"obtain_stats":[{"Blue Candle":12,"downfall:HeartsMalice":0,"downfall:HeartBlessingGreen":11,"Guardian:PocketSentry":6,"Omamori":27,"Odd Mushroom":13,"Cursed Key":17,"Mercury Hourglass":29,"Anchor":10,"Ornamental Fan":7,"downfall:HeartBlessingBlue":28,"Slimebound:AbsorbEndCombat":0,"StrikeDummy":5,"TungstenRod":14},{"Blue Candle":6,"downfall:HeartsMalice":0,"downfall:HeartBlessingGreen":5,"Guardian:PocketSentry":2,"Omamori":14,"Odd Mushroom":7,"Cursed Key":10,"Mercury Hourglass":15,"Anchor":5,"Ornamental Fan":2,"downfall:HeartBlessingBlue":14,"Slimebound:AbsorbEndCombat":0,"StrikeDummy":1,"TungstenRod":8},{"Blue Candle":12,"downfall:HeartsMalice":0,"downfall:HeartBlessingGreen":6,"Guardian:PocketSentry":0,"Omamori":42,"Odd Mushroom":16,"Cursed Key":30,"Mercury Hourglass":48,"Anchor":6,"Ornamental Fan":0,"downfall:HeartBlessingBlue":42,"Slimebound:AbsorbEndCombat":0,"StrikeDummy":0,"TungstenRod":20}],"TungstenRod":36,"Mercury Hourglass":[76]},"card_choices":[{"not_picked":["Slimebound:GoopTackle","Slimebound:LeechEnergy"],"picked":"Slimebound:SlimeSpikes","floor":3},{"not_picked":["Slimebound:SpikyOuterGoop","Slimebound:MegaLick"],"picked":"Slimebound:GoopSpray","floor":6},{"not_picked":["Slimebound:AcidTongue","Slimebound:GoopSpray"],"picked":"Slimebound:SplitMire","floor":8},{"not_picked":["Slimebound:GoopSpray","Slimebound:Replication"],"picked":"Slimebound:SlimeSpikes","floor":9},{"not_picked":["Slimebound:DivideAndConquer","Slimebound:LivingWall"],"picked":"Slimebound:LeechingTouch","floor":10},{"not_picked":["Slimebound:OneTwoCombo","Slimebound:LivingWall"],"picked":"Slimebound:SplitLeeching","floor":12},{"not_picked":["Slimebound:SplitBruiser","Slimebound:SlimeSpikes"],"picked":"Slimebound:DivideAndConquer","floor":13},{"not_picked":["Slimebound:LeechEnergy","Slimebound:ComboTackle"],"picked":"Slimebound:FlameTackle","floor":14},{"not_picked":["Slimebound:ViciousTackle","Slimebound:ComboTackle"],"picked":"Slimebound:LeechEnergy","floor":15},{"not_picked":["Slimebound:FirmFortitude","Slimebound:Teamwork"],"picked":"Slimebound:TagTeam","floor":16},{"not_picked":["Slimebound:SplitAcid+1","Slimebound:RollThrough"],"picked":"Slimebound:Equalize+1","floor":19},{"not_picked":["Slimebound:Prepare","Slimebound:FinishingTackle","Slimebound:Gluttony"],"picked":"SKIP","floor":20},{"not_picked":["Slimebound:LeechEnergy","Slimebound:GrowthPunch","Slimebound:SplitMire"],"picked":"SKIP","floor":23},{"not_picked":["Slimebound:SlimeSpikes","Slimebound:TongueLash+1"],"picked":"Slimebound:PressTheAttack","floor":27},{"not_picked":["Slimebound:SplitSpecialist","Slimebound:GoopTackle+1"],"picked":"Slimebound:Repurpose","floor":29},{"not_picked":["Slimebound:FormOfPuddle","Slimebound:FinishingTackle","Slimebound:MassFeed"],"picked":"SKIP","floor":30},{"not_picked":["Slimebound:LeechEnergy","Slimebound:DivideAndConquer","Slimebound:SlimeSpikes"],"picked":"SKIP","floor":31},{"not_picked":["Slimebound:SamplingLick","Slimebound:SplitMire","Slimebound:GoopTackle+1"],"picked":"SKIP","floor":32}],"player_experience":417354,"relics_obtained":[{"floor":6,"key":"Guardian:PocketSentry"},{"floor":7,"key":"Ornamental Fan"},{"floor":10,"key":"Anchor"},{"floor":12,"key":"Blue Candle"},{"floor":13,"key":"Odd Mushroom"},{"floor":14,"key":"TungstenRod"},{"floor":27,"key":"Omamori"},{"floor":29,"key":"Mercury Hourglass"}],"event_choices":[{"cards_removed":["Slimebound:Strike_Slimebound"],"damage_healed":0,"gold_gain":0,"player_choice":"Card Removal","damage_taken":0,"max_hp_gain":0,"max_hp_loss":0,"event_name":"The Cleric","floor":2,"gold_loss":0},{"damage_healed":0,"gold_gain":0,"player_choice":"Success","damage_taken":3,"relics_obtained":["StrikeDummy"],"max_hp_gain":0,"max_hp_loss":0,"event_name":"Scrap Ooze","floor":5,"gold_loss":0},{"damage_healed":0,"gold_gain":0,"player_choice":"Fought Mushrooms","damage_taken":0,"max_hp_gain":0,"max_hp_loss":0,"event_name":"Mushrooms","floor":13,"gold_loss":0}],"is_beta":false,"boss_relics":[{"not_picked":["Runic Dome","SacredBark"],"picked":"Cursed Key"}],"items_purged_floors":[],"is_endless":false,"potions_floor_spawned":[9,10,14,15,27,29,30,32],"killed_by":"downfall:Defect","ascension_level":1}}