{"host":"07tcb8n8jdavk3gs","time":1609521456,"event":{"mods":["BaseMod","Colored Map","Minty Spire (QoL Compilation)","StSLib","The Animator"],"gold_per_floor":[127,127,127,153,171,209,30,30,30],"floor_reached":8,"playtime":567,"items_purged":[],"score":98,"play_id":"178be0a8-66b1-45c7-a081-f6385f06fbc0","local_time":"20210101111736","is_ascension_mode":true,"campfire_choices":[],"circlet_count":0,"master_deck":["AscendersBane","animator:Strike_OnePunchMan","animator:Defend_OnePunchMan","animator:Strike","animator:Strike","animator:Strike","animator:Defend","animator:Defend","animator:Defend","animator:Genos","animator:MumenRider+1","animator:Ara","animator:Pride+1","animator:Sonic","animator:PandorasActor","animator:TanyaDegurechaff"],"relics":["animator:LivingPicture","animator:TheMissingPiece","Juzu Bracelet"],"acts_visited":["Exordium"],"potions_floor_usage":[6],"damage_taken":[{"damage":2,"enemies":"2 Louse","floor":1,"turns":2},{"damage":6,"enemies":"Small Slimes","floor":4,"turns":4},{"damage":0,"enemies":"Cultist","floor":5,"turns":3},{"damage":8,"enemies":"Lagavulin","floor":6,"turns":7},{"damage":40,"enemies":"Gremlin Nob","floor":8,"turns":5}],"seed_played":"-6264822616827962487","potions_obtained":[{"floor":1,"key":"ColorlessPotion"}],"is_trial":false,"path_per_floor":["M","?","?","M","M","E","$","E"],"character_chosen":"THE_ANIMATOR","items_purchased":["animator:TanyaDegurechaff"],"campfire_rested":0,"item_purchase_floors":[7],"current_hp_per_floor":[52,52,52,46,46,38,38,0,0],"gold":30,"neow_bonus":"THREE_CARDS","is_daily":false,"chose_seed":false,"campfire_upgraded":0,"win_rate":0.0,"timestamp":1609521456,"path_taken":["M","?","?","?","M","E","$","E"],"items_purchased_type":["Card"],"build_version":"2020-12-22","purchased_purges":0,"victory":false,"max_hp_per_floor":[60,60,60,60,60,60,60,60,60],"card_choices":[{"not_picked":["animator:Sloth","animator:PandorasActor"],"picked":"animator:Ara","floor":0},{"not_picked":["animator:ElricAlphonse","animator:Shichika"],"picked":"animator:Pride","floor":1},{"not_picked":["animator:RoyMustang","animator:Darkness"],"picked":"animator:Sonic","floor":4},{"not_picked":["animator:Ara","animator:Cocytus","animator:PandorasActor"],"picked":"SKIP","floor":5},{"not_picked":["animator:Sebas","animator:Demiurge"],"picked":"animator:PandorasActor","floor":6}],"player_experience":925385,"relics_obtained":[{"floor":6,"key":"Juzu Bracelet"}],"event_choices":[{"damage_healed":0,"gold_gain":0,"player_choice":"Grow","damage_taken":0,"max_hp_gain":0,"max_hp_loss":0,"event_name":"Living Wall","floor":2,"gold_loss":0,"cards_upgraded":["animator:Pride"]},{"damage_healed":0,"gold_gain":0,"player_choice":"Upgraded","damage_taken":0,"max_hp_gain":0,"max_hp_loss":0,"event_name":"Upgrade Shrine","floor":3,"gold_loss":0,"cards_upgraded":["animator:MumenRider"]}],"is_beta":false,"boss_relics":[],"items_purged_floors":[],"is_endless":false,"potions_floor_spawned":[1],"killed_by":"Gremlin Nob","ascension_level":15}}