{"host":"d8d3jqle49sogkjv","time":1609507395,"event":{"mods":["BaseMod","Colored Map","Colored Powertips","Minty Spire (QoL Compilation)","StSLib"],"gold_per_floor":[119,36,36,48,48,82,101,101,101,3,34,34,63,73,73,176,176,195,212,95,109,39,67,67,1,74,87,132,150,161,181,181,280,280,290,33,83,99,99,99,124,136,136,16,44,58,89,0,0,0],"floor_reached":51,"playtime":3362,"items_purged":["Regret"],"score":1275,"play_id":"76246f9e-7dc3-4f9c-877c-a882a3a1f3ff","local_time":"20210101142315","is_ascension_mode":true,"campfire_choices":[{"data":"Zap","floor":8.0,"key":"SMITH"},{"data":"Dualcast","floor":12.0,"key":"SMITH"},{"data":"White Noise","floor":15.0,"key":"SMITH"},{"floor":24,"key":"REST"},{"floor":32,"key":"REST"},{"data":"Enlightenment","floor":40,"key":"SMITH"},{"floor":49,"key":"REST"}],"circlet_count":0,"master_deck":["Zap+1","Dualcast+1","Blind","Gash","All For One","Conserve Battery","Glacier","Capacitor","White Noise+1","Rainbow","Hologram","Capacitor","BootSequence","Multi-Cast","Heatsinks","Storm","Streamline","Go for the Eyes","Trip","Defragment","Chaos","Redo","Chill+1","Meteor Strike+1","Echo Form+1","White Noise","Enlightenment+1","Self Repair","FTL+1","Beam Cell+1","Storm+1","Conserve Battery+1","Self Repair","BootSequence","Go for the Eyes+1","Loop+1"],"relics":["Cracked Core","NeowsBlessing","The Courier","Pen Nib","Du-Vu Doll","HornCleat","PreservedInsect","Matryoshka","Pandora\u0027s Box","Anchor","Nunchaku","Ancient Tea Set","MealTicket","Centennial Puzzle","Astrolabe","Lee\u0027s Waffle","Emotion Chip","Unceasing Top","Prayer Wheel","Omamori","Bronze Scales","Red Mask"],"acts_visited":["Exordium","TheCity","TheBeyond"],"potions_floor_usage":[33,33,33,33,42,42,50],"damage_taken":[{"damage":0.0,"enemies":"Small Slimes","floor":1.0,"turns":1.0},{"damage":0.0,"enemies":"Jaw Worm","floor":4.0,"turns":1.0},{"damage":1.0,"enemies":"3 Sentries","floor":6.0,"turns":2.0},{"damage":7.0,"enemies":"Cultist","floor":7.0,"turns":4.0},{"damage":5.0,"enemies":"Gremlin Nob","floor":11.0,"turns":4.0},{"damage":0.0,"enemies":"Lagavulin","floor":13.0,"turns":5.0},{"damage":4.0,"enemies":"Gremlin Gang","floor":14.0,"turns":5.0},{"damage":0.0,"enemies":"The Guardian","floor":16.0,"turns":11.0},{"damage":9.0,"enemies":"2 Thieves","floor":18.0,"turns":2.0},{"damage":0.0,"enemies":"Spheric Guardian","floor":19.0,"turns":1.0},{"damage":6,"enemies":"Shelled Parasite and Fungi","floor":21,"turns":7},{"damage":38,"enemies":"Gremlin Leader","floor":23,"turns":6},{"damage":2,"enemies":"Snecko","floor":27,"turns":4},{"damage":0,"enemies":"Snake Plant","floor":29,"turns":4},{"damage":5,"enemies":"Centurion and Healer","floor":30,"turns":5},{"damage":15,"enemies":"Snecko","floor":31,"turns":7},{"damage":22,"enemies":"Automaton","floor":33,"turns":8},{"damage":37,"enemies":"3 Darklings","floor":35,"turns":11},{"damage":11,"enemies":"Mind Bloom Boss Battle","floor":37,"turns":7},{"damage":8,"enemies":"Orb Walker","floor":38,"turns":4},{"damage":27,"enemies":"Nemesis","floor":41,"turns":7},{"damage":20,"enemies":"Maw","floor":42,"turns":6},{"damage":28,"enemies":"Reptomancer","floor":45,"turns":4},{"damage":16,"enemies":"Jaw Worm Horde","floor":46,"turns":4},{"damage":0,"enemies":"Giant Head","floor":47,"turns":5},{"damage":59,"enemies":"Time Eater","floor":50,"turns":8}],"seed_played":"-4172502709409628880","potions_obtained":[{"floor":4.0,"key":"DistilledChaos"},{"floor":7.0,"key":"Block Potion"},{"floor":13.0,"key":"Dexterity Potion"},{"floor":18.0,"key":"FearPotion"},{"floor":23,"key":"EssenceOfDarkness"},{"floor":29,"key":"EntropicBrew"},{"floor":30,"key":"GamblersBrew"},{"floor":37,"key":"ColorlessPotion"},{"floor":42,"key":"GamblersBrew"},{"floor":47,"key":"ColorlessPotion"}],"is_trial":false,"path_per_floor":["M","$","?","M","?","E","M","R","T","$","E","R","E","M","R","B",null,"M","M","$","M","$","E","R","$","T","M","T","M","M","M","R","B",null,"M","$","?","M","?","R","E","M","T","$","E","M","E","?","R","B",null],"character_chosen":"DEFECT","items_purchased":["Blind","Conserve Battery","Anchor","Trip","Defragment","Enlightenment","Lee\u0027s Waffle","Self Repair","Self Repair","BootSequence"],"campfire_rested":3,"item_purchase_floors":[2,10,20,22,25,36,36,36,44,44],"current_hp_per_floor":[68,68,68,68,68,67,60,60,60,60,55,55,55,51,51,51,69,60,60,60,54,54,16,38,38,38,36,36,36,31,16,38,16,60,23,82,78,77,77,77,57,37,37,52,45,29,43,43,67,15],"gold":0,"neow_bonus":"THREE_ENEMY_KILL","is_daily":false,"chose_seed":false,"campfire_upgraded":4,"win_rate":0.0,"timestamp":1609507395,"path_taken":["M","$","?","M","?","E","?","R","T","$","E","R","E","M","R","BOSS","M","?","$","M","?","E","R","$","T","?","?","M","M","M","R","BOSS","M","$","?","M","?","R","E","M","T","$","E","M","E","?","R","BOSS"],"items_purchased_type":["Card","Card","Relic","Card","Card","Card","Relic","Card","Card","Card"],"build_version":"2020-12-22","purchased_purges":1,"victory":true,"max_hp_per_floor":[75,75,75,75,75,75,75,75,75,75,75,75,75,75,75,75,75,75,75,75,75,75,75,75,75,75,75,75,75,75,75,75,75,75,75,82,82,82,82,82,82,82,82,82,82,82,82,82,82,82],"card_choices":[{"not_picked":["Beam Cell","Sweeping Beam","Ball Lightning"],"picked":"SKIP","floor":1.0},{"not_picked":["Hello World","Melter"],"picked":"Gash","floor":4.0},{"not_picked":["Steam","Aggregate"],"picked":"All For One","floor":6.0},{"not_picked":["Leap","Reprogram"],"picked":"Melter","floor":7.0},{"not_picked":["Fusion","Go for the Eyes"],"picked":"Glacier","floor":11.0},{"not_picked":["Barrage","Beam Cell"],"picked":"Capacitor","floor":13.0},{"not_picked":["Scrape","Static Discharge"],"picked":"White Noise","floor":14.0},{"not_picked":["Hyperbeam","Fission"],"picked":"Rainbow","floor":16.0},{"not_picked":["Conserve Battery","Static Discharge"],"picked":"Go for the Eyes","floor":18.0},{"not_picked":["Hello World","Hologram","Rip and Tear"],"picked":"SKIP","floor":19.0},{"not_picked":["Hologram","Streamline+1","Compile Driver"],"picked":"SKIP","floor":21},{"not_picked":["Darkness","Compile Driver","Hologram"],"picked":"SKIP","floor":23},{"not_picked":["Aggregate","Stack+1"],"picked":"Chaos","floor":27},{"not_picked":["Hyperbeam","Rebound","Leap"],"picked":"SKIP","floor":29},{"not_picked":["Hologram","Darkness+1"],"picked":"Redo","floor":30},{"not_picked":["Coolheaded","Compile Driver+1"],"picked":"Conserve Battery","floor":31},{"not_picked":["Core Surge","Electrodynamics"],"picked":"Echo Form","floor":33},{"not_picked":["Undo+1","Static Discharge+1"],"picked":"White Noise","floor":35},{"not_picked":["Stack","Leap+1"],"picked":"FTL+1","floor":37},{"not_picked":["Leap+1","Ball Lightning"],"picked":"Beam Cell+1","floor":38},{"not_picked":["Rip and Tear","Biased Cognition"],"picked":"Storm+1","floor":41},{"not_picked":["Cold Snap+1","Compile Driver+1"],"picked":"Conserve Battery+1","floor":42},{"not_picked":["Genetic Algorithm","Conserve Battery"],"picked":"Go for the Eyes+1","floor":45},{"not_picked":["Self Repair","Reboot"],"picked":"Loop+1","floor":46},{"not_picked":["Undo+1","Streamline+1","Lockon"],"picked":"SKIP","floor":46},{"not_picked":["Beam Cell+1","Cold Snap","Turbo"],"picked":"SKIP","floor":47}],"player_experience":346047,"relics_obtained":[{"floor":6.0,"key":"Du-Vu Doll"},{"floor":9.0,"key":"HornCleat"},{"floor":11.0,"key":"PreservedInsect"},{"floor":13.0,"key":"Matryoshka"},{"floor":23,"key":"Nunchaku"},{"floor":26,"key":"Ancient Tea Set"},{"floor":28,"key":"MealTicket"},{"floor":28,"key":"Centennial Puzzle"},{"floor":37,"key":"Emotion Chip"},{"floor":41,"key":"Unceasing Top"},{"floor":43,"key":"Prayer Wheel"},{"floor":45,"key":"Omamori"},{"floor":47,"key":"Bronze Scales"}],"event_choices":[{"damage_healed":0.0,"max_hp_gain":0.0,"max_hp_loss":0.0,"gold_gain":0.0,"event_name":"Big Fish","player_choice":"Box","floor":3.0,"gold_loss":0.0,"damage_taken":0.0,"relics_obtained":["The Courier"],"cards_obtained":["Regret"]},{"damage_healed":0.0,"max_hp_gain":0.0,"max_hp_loss":0.0,"gold_gain":0.0,"event_name":"WeMeetAgain","player_choice":"Gave Potion","floor":5.0,"gold_loss":0.0,"damage_taken":0.0,"relics_obtained":["Pen Nib"]},{"damage_healed":0,"gold_gain":0,"player_choice":"Fight","damage_taken":0,"max_hp_gain":0,"max_hp_loss":0,"event_name":"MindBloom","floor":37,"gold_loss":0},{"cards_removed":["Conserve Battery"],"damage_healed":0,"gold_gain":0,"player_choice":"Removed Skill","damage_taken":0,"max_hp_gain":0,"max_hp_loss":0,"event_name":"Falling","floor":39,"gold_loss":0},{"damage_healed":0,"gold_gain":0,"player_choice":"Paid","damage_taken":0,"relics_obtained":["Red Mask"],"max_hp_gain":0,"max_hp_loss":0,"event_name":"Tomb of Lord Red Mask","floor":48,"gold_loss":89}],"is_beta":false,"boss_relics":[{"not_picked":["Cursed Key","Philosopher\u0027s Stone"],"picked":"Pandora\u0027s Box"},{"not_picked":["Runic Pyramid","Empty Cage"],"picked":"Astrolabe"}],"items_purged_floors":[10],"is_endless":false,"potions_floor_spawned":[4,7,13,18,23,29,30,37,42,47],"ascension_level":8}}