{"host":"newqdrzxfhh2im9e","time":1609523413,"event":{"mods":["AchievementEnabler","BaseMod","BetterRewards","Block Reminder","Colored Map","Jorbs\u0027s Wanderer Trilogy","Minty Spire (QoL Compilation)","Rare Cards Sparkle","Shop Mod","StSLib"],"gold_per_floor":[212,212,212,20,39,72,72,97,97,97,113,113,134,147,147,266,266,289,289,11,26,26,61,61,61,106,106,106],"floor_reached":27,"playtime":990,"items_purged":[],"score":289,"play_id":"894b03a2-65e7-4b79-a99d-bb93b7d546d5","local_time":"20210101095013","is_ascension_mode":true,"campfire_choices":[{"floor":7,"key":"REST"},{"floor":10,"key":"REST"},{"data":"Gash","floor":12,"key":"SMITH"},{"floor":15,"key":"REST"},{"floor":24,"key":"REST"}],"circlet_count":0,"master_deck":["Strike_B+1","Defend_B","Defend_B+1","Defend_B","Zap","Dualcast","Compile Driver+1","Hello World","Self Repair","Sweeping Beam","Gash+1","Electrodynamics+1","Stack","Self Repair+1","Rainbow","Steam+1","Multi-Cast+1","Recycle+1","Tempest+1","Loop+1","Streamline","Beam Cell+1","Thunder Strike+1"],"relics":["Cracked Core","Bloody Idol","PreservedInsect","Gambling Chip","Frozen Egg 2","Astrolabe","War Paint","Shovel","Whetstone"],"acts_visited":["Exordium","TheCity"],"potions_floor_usage":[13,16,23],"damage_taken":[{"damage":2,"enemies":"Jaw Worm","floor":1,"turns":4},{"damage":4,"enemies":"Cultist","floor":5,"turns":3},{"damage":40,"enemies":"3 Sentries","floor":6,"turns":5},{"damage":12,"enemies":"Small Slimes","floor":8,"turns":2},{"damage":12,"enemies":"3 Louse","floor":11,"turns":2},{"damage":0,"enemies":"Large Slime","floor":13,"turns":3},{"damage":14,"enemies":"Red Slaver","floor":14,"turns":2},{"damage":61,"enemies":"The Guardian","floor":16,"turns":12},{"damage":50,"enemies":"2 Thieves","floor":18,"turns":4},{"damage":5,"enemies":"Chosen","floor":21,"turns":6},{"damage":26,"enemies":"Gremlin Leader","floor":23,"turns":4},{"damage":59,"enemies":"Shelled Parasite and Fungi","floor":27,"turns":4}],"seed_played":"-1635193398562785109","potions_obtained":[{"floor":11,"key":"ColorlessPotion"},{"floor":13,"key":"Regen Potion"},{"floor":18,"key":"LiquidMemories"},{"floor":21,"key":"SteroidPotion"}],"is_trial":false,"path_per_floor":["M","?","?","$","M","E","R","M","T","R","M","R","M","M","R","B",null,"M","?","$","M","?","E","R","?","T","M"],"character_chosen":"DEFECT","items_purchased":["PreservedInsect","Hello World","Loop+1","War Paint","Streamline"],"campfire_rested":4,"item_purchase_floors":[4,4,20,20,20],"current_hp_per_floor":[73,55,55,55,51,18,40,35,35,57,45,45,45,31,53,24,62,29,29,29,34,34,30,52,52,57,0,0],"gold":106,"neow_bonus":"HUNDRED_GOLD","is_daily":false,"chose_seed":false,"campfire_upgraded":1,"win_rate":0.0,"timestamp":1609523413,"path_taken":["M","?","?","$","M","E","R","?","T","R","M","R","M","M","R","BOSS","M","?","$","M","?","E","R","?","T","M"],"items_purchased_type":["Relic","Card","Card","Relic","Card"],"build_version":"2020-12-22","purchased_purges":0,"victory":false,"max_hp_per_floor":[75,75,75,75,75,75,75,75,75,75,75,75,75,75,75,75,75,75,75,75,75,75,75,75,75,75,75,75],"card_choices":[{"not_picked":["Barrage","Cold Snap"],"picked":"Compile Driver","floor":1},{"not_picked":["Compile Driver","Ball Lightning"],"picked":"Self Repair","floor":5},{"not_picked":["Barrage","Leap"],"picked":"Sweeping Beam","floor":6},{"not_picked":["Beam Cell","Rebound"],"picked":"Gash","floor":8},{"not_picked":["Compile Driver","Force Field"],"picked":"Electrodynamics+1","floor":11},{"not_picked":["Rebound","Sweeping Beam"],"picked":"Stack","floor":13},{"not_picked":["Meteor Strike","Darkness"],"picked":"Self Repair+1","floor":14},{"not_picked":["Buffer+1","Seek"],"picked":"Rainbow","floor":16},{"not_picked":["Beam Cell+1","Chill"],"picked":"Tempest","floor":18},{"not_picked":["Fusion","Melter"],"picked":"Beam Cell+1","floor":21},{"not_picked":["Hologram","Self Repair+1"],"picked":"Thunder Strike","floor":23}],"player_experience":664547,"relics_obtained":[{"floor":6,"key":"Gambling Chip"},{"floor":9,"key":"Frozen Egg 2"},{"floor":23,"key":"Shovel"},{"floor":26,"key":"Whetstone"}],"event_choices":[{"damage_healed":0,"gold_gain":0,"player_choice":"Take Damage","damage_taken":18,"relics_obtained":["Golden Idol"],"max_hp_gain":0,"max_hp_loss":0,"event_name":"Golden Idol","floor":2,"gold_loss":0},{"damage_healed":0,"gold_gain":0,"player_choice":"Forge","damage_taken":0,"max_hp_gain":0,"max_hp_loss":0,"event_name":"Accursed Blacksmith","floor":3,"gold_loss":0,"cards_upgraded":["Compile Driver"]},{"damage_healed":0,"gold_gain":0,"player_choice":"Ignored","damage_taken":0,"max_hp_gain":0,"max_hp_loss":0,"event_name":"Ghosts","floor":19,"gold_loss":0},{"damage_healed":0,"gold_gain":0,"player_choice":"Gave Idol","damage_taken":0,"relics_obtained":["Bloody Idol"],"max_hp_gain":0,"max_hp_loss":0,"event_name":"Forgotten Altar","floor":22,"relics_lost":["Golden Idol"],"gold_loss":0},{"cards_removed":["Strike_B"],"damage_healed":0,"gold_gain":0,"player_choice":"Purged","damage_taken":0,"max_hp_gain":0,"max_hp_loss":0,"event_name":"Purifier","floor":25,"gold_loss":0}],"is_beta":false,"boss_relics":[{"not_picked":["Coffee Dripper","Ectoplasm"],"picked":"Astrolabe"}],"items_purged_floors":[],"is_endless":false,"potions_floor_spawned":[11,13,18,21],"killed_by":"Shelled Parasite and Fungi","ascension_level":5}}