{"host":"jksa5rawk3m4gilz","time":1609516160,"event":{"mods":["BaseMod","Colored Map","Highlight Path","Minty Spire (QoL Compilation)","Quick Restart"],"gold_per_floor":[115,115,190,203,216,247,247,273,273,273,195,195,213,225,225,225,225],"floor_reached":16,"playtime":471,"items_purged":[],"score":187,"play_id":"558e56ae-73ff-4e4a-b3d0-1ff89b51d30a","local_time":"20210101164920","is_ascension_mode":true,"campfire_choices":[{"floor":7,"key":"REST"},{"floor":10,"key":"REST"},{"floor":15,"key":"REST"}],"circlet_count":0,"master_deck":["AscendersBane","Strike_B","Strike_B","Defend_B","Defend_B","Defend_B","Defend_B","Zap","Dualcast","Gash","Capacitor","Cold Snap","Buffer","Cold Snap","FTL","Machine Learning","Cold Snap","FTL"],"relics":["Cracked Core","NeowsBlessing","Toy Ornithopter","Sundial","Centennial Puzzle"],"acts_visited":["Exordium"],"potions_floor_usage":[8],"damage_taken":[{"damage":0,"enemies":"Small Slimes","floor":1,"turns":1},{"damage":0,"enemies":"2 Louse","floor":4,"turns":1},{"damage":0,"enemies":"Jaw Worm","floor":5,"turns":1},{"damage":48,"enemies":"Lagavulin","floor":6,"turns":8},{"damage":29,"enemies":"Gremlin Nob","floor":8,"turns":4},{"damage":11,"enemies":"3 Louse","floor":13,"turns":3},{"damage":6,"enemies":"Exordium Thugs","floor":14,"turns":5},{"damage":31,"enemies":"Hexaghost","floor":16,"turns":12}],"seed_played":"-589387709724561190","potions_obtained":[{"floor":1,"key":"PotionOfCapacity"},{"floor":4,"key":"Strength Potion"}],"is_trial":false,"path_per_floor":["M","?","?","M","M","E","R","E","T","R","$","?","M","M","R","B"],"character_chosen":"DEFECT","items_purchased":["FTL"],"campfire_rested":3,"item_purchase_floors":[11],"current_hp_per_floor":[64,64,53,53,53,5,26,2,2,23,23,23,12,6,27,0,0],"gold":225,"neow_bonus":"THREE_ENEMY_KILL","is_daily":false,"chose_seed":false,"campfire_upgraded":0,"win_rate":0.0,"timestamp":1609516160,"path_taken":["M","?","?","M","M","E","R","E","T","R","?","?","M","?","R","BOSS"],"items_purchased_type":["Card"],"build_version":"2020-12-22","purchased_purges":0,"victory":false,"max_hp_per_floor":[71,71,71,71,71,71,71,71,71,71,71,71,71,71,71,71,71],"card_choices":[{"not_picked":["Beam Cell","Stack"],"picked":"Gash","floor":1},{"not_picked":["Ball Lightning","Seek"],"picked":"Cold Snap","floor":4},{"not_picked":["Leap","Stack","Rebound"],"picked":"SKIP","floor":5},{"not_picked":["Rebound","Stack"],"picked":"Buffer","floor":6},{"not_picked":["Redo","Hello World"],"picked":"Cold Snap","floor":8},{"not_picked":["Doom and Gloom","Lockon"],"picked":"Cold Snap","floor":13},{"not_picked":["Blizzard","Turbo"],"picked":"FTL","floor":14}],"player_experience":2106470,"relics_obtained":[{"floor":6,"key":"Toy Ornithopter"},{"floor":8,"key":"Sundial"},{"floor":9,"key":"Centennial Puzzle"}],"event_choices":[{"damage_healed":0,"gold_gain":0,"cards_transformed":["Strike_B"],"player_choice":"Change","damage_taken":0,"max_hp_gain":0,"max_hp_loss":0,"event_name":"Living Wall","floor":2,"gold_loss":0,"cards_obtained":["Capacitor"]},{"damage_healed":0,"gold_gain":75,"player_choice":"Gather Gold","damage_taken":11,"max_hp_gain":0,"max_hp_loss":0,"event_name":"World of Goop","floor":3,"gold_loss":0},{"damage_healed":0,"gold_gain":0,"cards_transformed":["Strike_B"],"player_choice":"Transformed","damage_taken":0,"max_hp_gain":0,"max_hp_loss":0,"event_name":"Transmorgrifier","floor":12,"gold_loss":0,"cards_obtained":["Machine Learning"]}],"is_beta":false,"boss_relics":[],"items_purged_floors":[],"is_endless":false,"potions_floor_spawned":[1,4],"killed_by":"Hexaghost","ascension_level":14}}