{"host":"6azrrw3tf7wb0f4b","time":1609484663,"event":{"mods":["BaseMod","DeckTracker","Minty Spire (QoL Compilation)","SuperFastMode"],"gold_per_floor":[115,126,126,126,44,44,70,47,47,59,94,110,129,139,139,139,139],"floor_reached":16,"playtime":311,"items_purged":[],"score":174,"play_id":"a3cc4337-555a-445f-9c4c-120807d52da5","local_time":"20210101160423","is_ascension_mode":true,"campfire_choices":[{"floor":6,"key":"REST"},{"floor":15,"key":"REST"}],"circlet_count":0,"master_deck":["AscendersBane","Strike_B","Strike_B","Strike_B","Strike_B+1","Defend_B","Defend_B","Defend_B+1","Defend_B","Zap","Dualcast","Steam","Go for the Eyes","Doom and Gloom","Compile Driver","Ball Lightning","Coolheaded","Consume","Conserve Battery","Static Discharge"],"relics":["Cracked Core","Unceasing Top","Regal Pillow","Blue Candle","Pear","Smiling Mask"],"acts_visited":["Exordium"],"potions_floor_usage":[14],"damage_taken":[{"damage":7,"enemies":"Small Slimes","floor":1,"turns":3},{"damage":7,"enemies":"Jaw Worm","floor":2,"turns":3},{"damage":26,"enemies":"3 Sentries","floor":7,"turns":6},{"damage":1,"enemies":"Cultist","floor":10,"turns":3},{"damage":18,"enemies":"Gremlin Nob","floor":11,"turns":4},{"damage":7,"enemies":"Blue Slaver","floor":12,"turns":3},{"damage":3,"enemies":"3 Louse","floor":13,"turns":3},{"damage":2,"enemies":"Gremlin Gang","floor":14,"turns":4},{"damage":50,"enemies":"Hexaghost","floor":16,"turns":8}],"seed_played":"-7256208871452431377","potions_obtained":[{"floor":10,"key":"BlessingOfTheForge"},{"floor":11,"key":"BlessingOfTheForge"},{"floor":14,"key":"Dexterity Potion"}],"is_trial":false,"path_per_floor":["M","M","?","?","$","R","E","$","T","M","E","M","M","M","R","B"],"character_chosen":"DEFECT","items_purchased":["Doom and Gloom","Ball Lightning"],"campfire_rested":2,"item_purchase_floors":[5,8],"current_hp_per_floor":[43,36,21,18,18,55,29,29,39,38,20,13,10,8,48,0,0],"gold":139,"neow_bonus":"ONE_RARE_RELIC","is_daily":false,"chose_seed":false,"campfire_upgraded":0,"win_rate":0.0,"timestamp":1609484663,"path_taken":["M","M","?","?","?","R","E","$","T","?","E","M","M","M","R","BOSS"],"items_purchased_type":["Card","Card"],"build_version":"2020-12-22","purchased_purges":0,"victory":false,"max_hp_per_floor":[75,75,75,75,75,75,75,75,85,85,85,85,85,85,85,85,85],"card_choices":[{"not_picked":["Reprogram","Redo"],"picked":"Steam","floor":1},{"not_picked":["Stack","Streamline"],"picked":"Go for the Eyes","floor":2},{"not_picked":["Gash","Doom and Gloom"],"picked":"Compile Driver","floor":7},{"not_picked":["Sunder","Stack"],"picked":"Coolheaded","floor":10},{"not_picked":["Redo","Double Energy"],"picked":"Consume","floor":11},{"not_picked":["Fusion","Sunder"],"picked":"Conserve Battery","floor":12},{"not_picked":["Hologram","Beam Cell"],"picked":"Static Discharge","floor":13},{"not_picked":["Compile Driver","Fusion","Storm"],"picked":"SKIP","floor":14}],"player_experience":658886,"relics_obtained":[{"floor":7,"key":"Blue Candle"},{"floor":9,"key":"Pear"},{"floor":11,"key":"Smiling Mask"}],"event_choices":[{"damage_healed":0,"gold_gain":0,"player_choice":"Entered Light","damage_taken":15,"max_hp_gain":0,"max_hp_loss":0,"event_name":"Shining Light","floor":3,"gold_loss":0,"cards_upgraded":["Defend_B","Strike_B"]},{"damage_healed":0,"gold_gain":0,"player_choice":"Success","damage_taken":3,"relics_obtained":["Regal Pillow"],"max_hp_gain":0,"max_hp_loss":0,"event_name":"Scrap Ooze","floor":4,"gold_loss":0}],"is_beta":false,"boss_relics":[],"items_purged_floors":[],"is_endless":false,"potions_floor_spawned":[10,11,14],"killed_by":"Hexaghost","ascension_level":11}}