{"host":"63beink0jfv5ch5g","time":1609528738,"event":{"mods":["AchievementEnabler","Act Like it!","Aspiration","BaseMod","CapriCore","Chen","Conspire","Gensokyo","GungeonMod","Koishi","Marisa£®ÏF”Í°°ƒß¿Ì…≥£©","Minty Spire (QoL Compilation)","MostiFishMod","Pale of the Ancients","Quick Restart","Reimu£®≤©¿ˆ¡È√Œ£©","Remilia£®¿Ÿ√◊¿Ú—«£©","Replay The Spire","SOS£®Àπ∞Õ¥Ô÷Æ◊”£©","Shop Mod","StSLib","The Immortal","The Servant 0.9.4","Waifu the Spire","Youmu£®ªÍ∆«—˝√Œ£©","Yuyuko","vexMod","ÛÙª÷∏ƒœ"],"gold_per_floor":[116,116,216,227,227,227,254,266,266,279,377,217,230,247,39,39,39],"floor_reached":16,"playtime":854,"items_purged":[],"score":127,"play_id":"03f5a806-091d-471d-a365-8e88e7559239","local_time":"20210102031858","is_ascension_mode":false,"campfire_choices":[{"data":"DemoMod:PotionOfGunFriendShip","floor":6,"key":"SMITH"}],"circlet_count":0,"master_deck":["DemoMod:Strike_Huntress+1","DemoMod:Strike_Huntress","DemoMod:Strike_Huntress+1","DemoMod:Defend_Huntress","DemoMod:Defend_Huntress+1","DemoMod:Defend_Huntress+1","DemoMod:Defend_Huntress+1","DemoMod:Roll","DemoMod:ManualReload","DemoMod:RustySidearm+1","DemoMod:CrossBow","DemoMod:JK47","DemoMod:PotionOfGunFriendShip+1","DemoMod:ChanceBullets","DemoMod:StickyCrossBow","DemoMod:ShadowBullets","DemoMod:Camera","DemoMod:TeaPot+1","DemoMod:SAA","DemoMod:CombinedRifle","DemoMod:AWP","DemoMod:HardPowerCard","DemoMod:HighKaliber","DemoMod:Polaris","DemoMod:FastSwitch","DemoMod:HardPowerCard"],"relics":["DemoMod:Dog","DaveBox","DSteel32","NeowsBlessing","SynthV:TestCard","Pear","DemoMod:Antibody","DemoMod:SilverBullets","Iron Hammer","Gensokyo:Bombinomicon"],"acts_visited":["Exordium"],"potions_floor_usage":[],"damage_taken":[{"damage":0,"enemies":"Gensokyo:3_Fairies","floor":1,"turns":2},{"damage":0,"enemies":"Gensokyo:2_Kodama","floor":4,"turns":1},{"damage":0,"enemies":"Gensokyo:Cirno","floor":7,"turns":2},{"damage":0,"enemies":"Gensokyo:Gryphon","floor":8,"turns":2},{"damage":4,"enemies":"Gensokyo:VengefulSpirit","floor":10,"turns":5},{"damage":4,"enemies":"Gensokyo:2_Rabbits","floor":13,"turns":3},{"damage":10,"enemies":"Gensokyo:Gryphon_and_Rabbit","floor":14,"turns":3},{"damage":33,"enemies":"Gensokyo:Reimu","floor":16,"turns":7}],"seed_played":"4928361625744429589","potions_obtained":[{"floor":4,"key":"Reflective Coating"},{"floor":7,"key":"Toxic Potion"},{"floor":10,"key":"EssenceOfSteel"}],"is_trial":false,"path_per_floor":["M","?","?","M","T","R","E","M","T","M","?","?","M","M","R","B"],"character_chosen":"HUNTRESS","items_purchased":["DemoMod:HighKaliber","DemoMod:Polaris","DemoMod:FastSwitch","DemoMod:HardPowerCard"],"campfire_rested":0,"item_purchase_floors":[15,15,15,15],"current_hp_per_floor":[70,65,65,65,65,65,65,65,65,61,41,41,37,27,27,0,0],"gold":39,"neow_bonus":"THREE_ENEMY_KILL","is_daily":false,"chose_seed":false,"campfire_upgraded":1,"win_rate":0.0,"timestamp":1609528738,"path_taken":["M","?","?","M","?","R","E","M","T","?","?","?","M","?","R","BOSS"],"items_purchased_type":["Card","Card","Card","Card"],"build_version":"2020-12-22","purchased_purges":0,"victory":false,"max_hp_per_floor":[70,80,80,80,80,80,80,80,80,80,80,80,80,80,80,80,80],"card_choices":[{"not_picked":["DemoMod:BattleInHaste","DemoMod:Unmoved"],"picked":"DemoMod:JK47","floor":1},{"not_picked":["DemoMod:GunShield","DemoMod:HardPowerCard","DemoMod:SAA","DemoMod:TripleGun"],"picked":"DemoMod:PotionOfGunFriendShip","floor":4},{"not_picked":["DemoMod:ThirdPartyController","DemoMod:PotionOfGunFriendShip","DemoMod:AC15","DemoMod:HuntsMan"],"picked":"DemoMod:ChanceBullets","floor":7},{"not_picked":["DemoMod:JK47","DemoMod:HardPowerCard","DemoMod:GunstockTap","DemoMod:HuntsMan"],"picked":"DemoMod:StickyCrossBow","floor":8},{"not_picked":["DemoMod:Purify","DemoMod:BattleInHaste","DemoMod:ConditionalReflex","DemoMod:HuntsMan"],"picked":"DemoMod:ShadowBullets","floor":10},{"not_picked":["DemoMod:Unmoved","DemoMod:HuntsMan","DemoMod:FastSwitch","DemoMod:SAA"],"picked":"DemoMod:Camera","floor":11},{"not_picked":["DemoMod:SAA","DemoMod:FeignSurrender","DemoMod:AbyssalTentacle","DemoMod:JK47"],"picked":"DemoMod:TeaPot","floor":11},{"not_picked":["DemoMod:FastSwitch","DemoMod:ConditionalReflex","DemoMod:GunShield","DemoMod:AC15"],"picked":"DemoMod:SAA","floor":11},{"not_picked":["DemoMod:FortunesFavor","DemoMod:TeaPot","DemoMod:DirectionalPad","DemoMod:LifeOrb"],"picked":"DemoMod:CombinedRifle","floor":13},{"not_picked":["DemoMod:TeaPot","DemoMod:HuntsMan","DemoMod:HardPowerCard","DemoMod:FortunesFavor"],"picked":"DemoMod:AWP","floor":13},{"not_picked":["DemoMod:SAA","DemoMod:GunstockTap","DemoMod:PracticeMakesPerfect","DemoMod:DoubleSwitch"],"picked":"DemoMod:HardPowerCard","floor":14}],"player_experience":146936,"relics_obtained":[{"floor":1,"key":"SynthV:TestCard"},{"floor":5,"key":"DemoMod:Antibody"},{"floor":7,"key":"DemoMod:SilverBullets"},{"floor":9,"key":"Iron Hammer"}],"event_choices":[],"is_beta":false,"boss_relics":[],"items_purged_floors":[],"is_endless":false,"potions_floor_spawned":[4,7,10,13],"killed_by":"Gensokyo:Reimu","ascension_level":0}}