{"host":"i0avyit1s6jb1siw","time":1609520648,"event":{"mods":["BaseMod","DeckTracker","Dota2Spire","Highlight Path","Minty Spire (QoL Compilation)","Quick Restart","Replay The Spire","StSLib","SuperFastMode"],"gold_per_floor":[16,16,16,36,46,46,75,75,153,178,178,178,19,31,31,102,102,113,130,143,158,58,87,87,112,187,202,218,218,249,519,519,597,597,609,622,637,652,87,122,122,147,147,175,192,192,192,217,217,217,217,217,217,4,33,33],"floor_reached":57,"playtime":2229,"items_purged":["Strike_R","Infernal Blade","Dual Wield","Cleave"],"score":2445,"play_id":"6cbf2492-c296-4342-a9f5-701913a5e938","local_time":"20210101180408","is_ascension_mode":true,"campfire_choices":[{"data":"Pommel Strike","floor":6.0,"key":"SMITH"},{"floor":8.0,"key":"REST"},{"data":"Inflame","floor":11.0,"key":"SMITH"},{"data":"Whirlwind","floor":15.0,"key":"SMITH"},{"data":"Armaments","floor":24.0,"key":"SMITH"},{"data":"True Grit","floor":29.0,"key":"SMITH"},{"floor":32.0,"key":"REST"},{"floor":47.0,"key":"RECALL"},{"floor":49.0,"key":"REST"},{"floor":53.0,"key":"REST"}],"circlet_count":0,"master_deck":["AscendersBane","Bash+1","Reckless Charge","Pommel Strike+1","Defy Death","Havoc","Whirlwind+1","Inflame+1","ReplayTheSpireMod:Stacked","Offering","Limit Break","ReplayTheSpireMod:Stacked","Carnage+1","Burning Pact","Power Through+1","Armaments+1","Intimidate+1","ReplayTheSpireMod:Limb From Limb+1","True Grit+1","Second Wind","Feed+1","Seeing Red","Barricade","Shockwave","Sentinel+1","Sword Boomerang+1","Flame Barrier","Inflame","Inflame"],"relics":["Burning Blood","Boot","Self Forming Clay","Molten Egg 2","Replay:Grab Bag","Philosopher\u0027s Stone","Dota2Spire:Bloodstone","Runic Pyramid","Pandora\u0027s Box","Replay:Bottled Snecko","Dota2Spire:PowerTreads","Meat on the Bone","Anchor","Fusion Hammer","Mummified Hand","ClockworkSouvenir","Dota2Spire:LotusOrb","Toy Ornithopter","Magic Flower","Calipers","Dead Branch"],"acts_visited":["Exordium","TheCity","TheBeyond","TheEnding"],"potions_floor_usage":[56],"damage_taken":[{"damage":19.0,"enemies":"Small Slimes","floor":1.0,"turns":3.0},{"damage":7.0,"enemies":"Jaw Worm","floor":4.0,"turns":2.0},{"damage":0.0,"enemies":"Cultist","floor":5.0,"turns":2.0},{"damage":37.0,"enemies":"Lagavulin","floor":7.0,"turns":6.0},{"damage":8.0,"enemies":"Gremlin Nob","floor":10.0,"turns":3.0},{"damage":6.0,"enemies":"Looter","floor":14.0,"turns":3.0},{"damage":17.0,"enemies":"Slime Boss","floor":16.0,"turns":9.0},{"damage":12.0,"enemies":"3 Byrds","floor":18.0,"turns":3.0},{"damage":11.0,"enemies":"Shell Parasite","floor":19.0,"turns":3.0},{"damage":0.0,"enemies":"Snecko","floor":20.0,"turns":3.0},{"damage":6.0,"enemies":"Snake Plant","floor":21.0,"turns":2.0},{"damage":21.0,"enemies":"Replay:Snechameleon","floor":23.0,"turns":3.0},{"damage":33.0,"enemies":"Slavers","floor":25.0,"turns":5.0},{"damage":12.0,"enemies":"Shelled Parasite and Fungi","floor":27.0,"turns":3.0},{"damage":6.0,"enemies":"Sentry and Sphere","floor":28.0,"turns":4.0},{"damage":16.0,"enemies":"Replay:Snechameleon","floor":30.0,"turns":5.0},{"damage":11.0,"enemies":"Automaton","floor":33.0,"turns":10.0},{"damage":6.0,"enemies":"3 Shapes","floor":35.0,"turns":6.0},{"damage":6.0,"enemies":"Orb Walker","floor":36.0,"turns":5.0},{"damage":0.0,"enemies":"Jaw Worm Horde","floor":37.0,"turns":2.0},{"damage":23.0,"enemies":"Spire Growth","floor":38.0,"turns":4.0},{"damage":23.0,"enemies":"Nemesis","floor":40.0,"turns":5.0},{"damage":13.0,"enemies":"R_Hoarder","floor":42.0,"turns":6.0},{"damage":6.0,"enemies":"Reptomancer","floor":44.0,"turns":3.0},{"damage":6.0,"enemies":"Maw","floor":45.0,"turns":5.0},{"damage":0.0,"enemies":"Mind Bloom Boss Battle","floor":48.0,"turns":3.0},{"damage":50.0,"enemies":"Replay:Hell Engine","floor":50.0,"turns":8.0},{"damage":14.0,"enemies":"Awakened One","floor":51.0,"turns":8.0},{"damage":66,"enemies":"Shield and Spear","floor":55,"turns":7},{"damage":62,"enemies":"The Heart","floor":56,"turns":7}],"seed_played":"-7784368992910942576","potions_obtained":[{"floor":7.0,"key":"Flashbang"},{"floor":10.0,"key":"BlessingOfTheForge"},{"floor":14.0,"key":"PowerPotion"},{"floor":18.0,"key":"PowerPotion"},{"floor":19.0,"key":"Weak Potion"},{"floor":28.0,"key":"Explosive Potion"},{"floor":30.0,"key":"Dota2Spire:Clarity"},{"floor":44.0,"key":"Block Potion"}],"is_trial":false,"path_per_floor":["M","?","?","M","M","R","E","R","T","E","R","?","$","M","R","B",null,"M","M","M","M","$","E","R","E","T","M","M","R","E","?","R","B",null,"M","M","M","M","$","E","?","E","T","E","M","?","R","?","R","B","B",null,"R","$","E","B",null],"character_chosen":"IRONCLAD","items_purchased":["ReplayTheSpireMod:Stacked","Mummified Hand","ClockworkSouvenir","Inflame"],"campfire_rested":4,"item_purchase_floors":[13,39,39,54],"current_hp_per_floor":[55,55,55,54,60,60,29,51,51,49,49,45,45,45,45,34,65,59,54,60,60,60,45,45,18,18,24,40,40,46,19,43,54,79,83,87,93,80,80,67,67,64,64,68,77,77,77,86,115,80,81,113,123,123,90,63],"gold":33,"neow_bonus":"TRANSFORM_TWO_CARDS","is_daily":false,"chose_seed":false,"campfire_upgraded":5,"win_rate":0.0,"timestamp":1609520648,"path_taken":["M","?","?","M","?","R","E","R","T","E","R","?","$","?","R","BOSS","M","?","M","M","$","E","R","E","T","M","M","R","E","?","R","BOSS","M","M","?","M","$","E","?","E","T","E","M","?","R","?","R","BOSS","BOSS","R","$","E","BOSS"],"items_purchased_type":["Card","Relic","Relic","Card"],"build_version":"2020-12-22","purchased_purges":4,"victory":true,"max_hp_per_floor":[75,75,75,75,75,75,75,75,75,75,75,75,75,75,75,75,75,75,75,75,75,75,75,75,75,75,75,79,79,83,83,83,87,87,91,95,95,99,99,103,103,107,107,111,115,115,115,115,115,119,123,123,123,123,127,127],"card_choices":[{"not_picked":["Iron Wave","Clash"],"picked":"Pommel Strike","floor":1.0},{"not_picked":["True Grit","Fiend Fire"],"picked":"Havoc","floor":4.0},{"not_picked":["Replay:Undeath\u0027s Touch","Massacre","Cleave"],"picked":"SKIP","floor":5.0},{"not_picked":["Rupture","Headbutt"],"picked":"Whirlwind","floor":7.0},{"not_picked":["Shrug It Off","Blood for Blood+1"],"picked":"Inflame","floor":10.0},{"not_picked":["Clash+1","Cleave+1"],"picked":"Offering","floor":14.0},{"not_picked":["Replay:Many Hands","Demon Form"],"picked":"Limit Break","floor":16.0},{"not_picked":["Second Wind","Anger+1"],"picked":"Power Through+1","floor":18.0},{"not_picked":["Feel No Pain","Perfected Strike+1"],"picked":"Armaments","floor":19.0},{"not_picked":["ReplayTheSpireMod:Muscle Training","Carnage+1"],"picked":"Intimidate+1","floor":20.0},{"not_picked":["Flex","Armaments"],"picked":"ReplayTheSpireMod:Limb From Limb+1","floor":21.0},{"not_picked":["Bloodletting","Metallicize+1"],"picked":"True Grit","floor":23.0},{"not_picked":["Sentinel","Rampage+1"],"picked":"Second Wind","floor":25.0},{"not_picked":["Thunderclap+1","Rupture"],"picked":"Feed+1","floor":27.0},{"not_picked":["Warcry","Cleave+1","Intimidate"],"picked":"SKIP","floor":28.0},{"not_picked":["Havoc","Thunderclap+1"],"picked":"Seeing Red","floor":30.0},{"not_picked":["Replay:Many Hands","Limit Break"],"picked":"Barricade","floor":33.0},{"not_picked":["Twin Strike+1","Thunderclap+1"],"picked":"Shockwave","floor":35.0},{"not_picked":["Headbutt+1","ReplayTheSpireMod:Strike From Hell+1","True Grit+1"],"picked":"SKIP","floor":36.0},{"not_picked":["Cleave+1","Clash+1","Sever Soul+1"],"picked":"SKIP","floor":37.0},{"not_picked":["Run Through+1","Thunderclap+1","Second Wind"],"picked":"SKIP","floor":38.0},{"not_picked":["Shrug It Off+1","Pommel Strike+1"],"picked":"Sentinel+1","floor":40.0},{"not_picked":["ReplayTheSpireMod:Corrosion Curse","Bloodletting"],"picked":"Sword Boomerang+1","floor":42.0},{"not_picked":["Berserk","ReplayTheSpireMod:Strike From Hell+1"],"picked":"Flame Barrier","floor":44.0},{"not_picked":["Armaments","Perfected Strike+1","Carnage+1"],"picked":"SKIP","floor":45.0},{"not_picked":["Intimidate","Seeing Red","Flex"],"picked":"SKIP","floor":55}],"player_experience":2156386,"relics_obtained":[{"floor":7.0,"key":"Boot"},{"floor":9.0,"key":"Self Forming Clay"},{"floor":10.0,"key":"Molten Egg 2"},{"floor":23.0,"key":"Replay:Bottled Snecko"},{"floor":25.0,"key":"Dota2Spire:PowerTreads"},{"floor":26.0,"key":"Meat on the Bone"},{"floor":30.0,"key":"Anchor"},{"floor":40.0,"key":"Dota2Spire:LotusOrb"},{"floor":42.0,"key":"Toy Ornithopter"},{"floor":44.0,"key":"Magic Flower"},{"floor":48.0,"key":"Calipers"},{"floor":55,"key":"Dead Branch"}],"event_choices":[{"damage_healed":0.0,"max_hp_gain":0.0,"max_hp_loss":0.0,"gold_gain":0.0,"cards_transformed":["Strike_R"],"event_name":"Living Wall","player_choice":"Change","floor":2.0,"gold_loss":0.0,"damage_taken":0.0,"cards_obtained":["Defy Death"]},{"damage_healed":0.0,"max_hp_gain":0.0,"max_hp_loss":0.0,"gold_gain":0.0,"event_name":"Upgrade Shrine","player_choice":"Upgraded","floor":3.0,"gold_loss":0.0,"damage_taken":0.0,"cards_upgraded":["Bash"]},{"damage_healed":0.0,"max_hp_gain":0.0,"max_hp_loss":0.0,"gold_gain":0.0,"event_name":"The Woman in Blue","player_choice":"Bought 0 Potions","floor":12.0,"gold_loss":0.0,"damage_taken":0.0},{"damage_healed":0.0,"max_hp_gain":0.0,"max_hp_loss":0.0,"gold_gain":270.0,"event_name":"Knowing Skull","player_choice":"GOLD GOLD GOLD ","floor":31.0,"potions_obtained":[],"gold_loss":0.0,"damage_taken":27.0,"cards_obtained":[]},{"damage_healed":0.0,"max_hp_gain":0.0,"max_hp_loss":0.0,"gold_gain":0.0,"event_name":"Tomb of Lord Red Mask","player_choice":"Ignored","floor":41.0,"gold_loss":0.0,"damage_taken":0.0},{"damage_healed":0.0,"max_hp_gain":0.0,"max_hp_loss":0.0,"gold_gain":0.0,"event_name":"MindBloom","player_choice":"Fight","floor":48.0,"gold_loss":0.0,"damage_taken":0.0}],"is_beta":false,"boss_relics":[{"not_picked":["Runic Dome","Sozu"],"picked":"Replay:Grab Bag"},{"not_picked":["Ectoplasm","Coffee Dripper"],"picked":"Philosopher\u0027s Stone"},{"not_picked":["Mark of Pain","ChewingGum"],"picked":"Dota2Spire:Bloodstone"},{"not_picked":["Snecko Heart","Black Blood"],"picked":"Runic Pyramid"},{"not_picked":["Snecko Eye","Replay:Drink Me"],"picked":"Pandora\u0027s Box"},{"not_picked":["Honey Jar","Replay:Ancient Bell"],"picked":"Fusion Hammer"}],"items_purged_floors":[13,22,39,54],"is_endless":false,"potions_floor_spawned":[7,10,14,18,19,28,30,44,45,48],"ascension_level":20}}