{"host":"j0vzbnzm6n2ctevn","time":1609500026,"event":{"mods":["AchievementEnabler","BaseMod","Minty Spire (QoL Compilation)","Quick Restart","Shop Mod","Spicy Shops","StSLib"],"gold_per_floor":[119,20,30,30,30,30,54,81,81,115,115,135,135,153,153,256,256,269,194,119,131,31,56,56,56,56],"floor_reached":25,"playtime":984,"items_purged":["Strike_G","Neutralize"],"score":272,"play_id":"641bf0c9-74e1-4195-a8a1-45ed4d98b4e2","local_time":"20210101192026","is_ascension_mode":true,"campfire_choices":[{"data":"Infinite Blades","floor":6.0,"key":"SMITH"},{"floor":11.0,"key":"REST"},{"floor":15,"key":"REST"},{"floor":24,"key":"REST"}],"circlet_count":0,"master_deck":["Strike_G+1","Defend_G","Defend_G","Defend_G","Defend_G","Defend_G","Survivor","Infinite Blades+1","Dash","Accuracy+1","Outmaneuver","PiercingWail","Blur","Infinite Blades","Malaise","Blade Dance","Phantasmal Killer","Cloak And Dagger+1","Blade Dance"],"relics":["Ring of the Snake","Art of War","Paper Crane","Dream Catcher","Strawberry","Fusion Hammer","InkBottle"],"acts_visited":["Exordium","TheCity"],"potions_floor_usage":[23,23],"damage_taken":[{"damage":2.0,"enemies":"Jaw Worm","floor":1.0,"turns":4.0},{"damage":9.0,"enemies":"2 Louse","floor":3.0,"turns":3.0},{"damage":26.0,"enemies":"Gremlin Nob","floor":8.0,"turns":6.0},{"damage":20.0,"enemies":"Lagavulin","floor":10.0,"turns":8.0},{"damage":1.0,"enemies":"Small Slimes","floor":12.0,"turns":4.0},{"damage":16,"enemies":"Gremlin Gang","floor":14,"turns":5},{"damage":2,"enemies":"Hexaghost","floor":16,"turns":9},{"damage":4,"enemies":"3 Byrds","floor":18,"turns":5},{"damage":4,"enemies":"Chosen","floor":21,"turns":3},{"damage":21,"enemies":"Slavers","floor":23,"turns":5},{"damage":66,"enemies":"Gremlin Leader","floor":25,"turns":5}],"seed_played":"6721810248780078945","potions_obtained":[{"floor":1.0,"key":"Block Potion"},{"floor":3.0,"key":"CultistPotion"},{"floor":8.0,"key":"Regen Potion"},{"floor":18,"key":"Swift Potion"},{"floor":21,"key":"Explosive Potion"}],"is_trial":false,"path_per_floor":["M","$","M","?","?","R","T","E","T","E","R","M","?","M","R","B",null,"M","?","$","M","$","E","R","E"],"character_chosen":"THE_SILENT","items_purchased":["Accuracy","Outmaneuver"],"campfire_rested":3,"item_purchase_floors":[2,2],"current_hp_per_floor":[68,68,59,52,52,52,52,26,26,27,50,49,34,18,41,39,77,73,73,73,69,69,48,71,5,5],"gold":56,"neow_bonus":"THREE_CARDS","is_daily":false,"chose_seed":false,"campfire_upgraded":1,"win_rate":0.0,"timestamp":1609500026,"path_taken":["M","$","M","?","?","R","?","E","T","E","R","M","?","?","R","BOSS","M","?","$","M","$","E","R","E"],"items_purchased_type":["Card","Card"],"build_version":"2020-12-22","purchased_purges":2,"victory":false,"max_hp_per_floor":[70,70,70,70,70,70,70,70,70,77,77,77,77,77,77,77,77,77,77,77,77,77,77,77,77,77],"card_choices":[{"not_picked":["Quick Slash","Underhanded Strike"],"picked":"Infinite Blades","floor":0.0},{"not_picked":["Predator","PiercingWail"],"picked":"Dash","floor":1.0},{"not_picked":["Outmaneuver","Crippling Poison"],"picked":"PiercingWail","floor":3.0},{"not_picked":["Skewer","Setup","Prepared"],"picked":"SKIP","floor":8.0},{"not_picked":["PiercingWail","Predator"],"picked":"Blur","floor":10.0},{"not_picked":["Noxious Fumes","Reflex"],"picked":"Infinite Blades","floor":11.0},{"not_picked":["Deadly Poison","Catalyst","Flying Knee"],"picked":"SKIP","floor":12.0},{"not_picked":["Poisoned Stab","Flying Knee"],"picked":"Malaise","floor":14},{"not_picked":["Leg Sweep","Dagger Throw"],"picked":"Blade Dance","floor":15},{"not_picked":["Tools of the Trade","Corpse Explosion"],"picked":"Phantasmal Killer","floor":16},{"not_picked":["Acrobatics","Poisoned Stab"],"picked":"Cloak And Dagger+1","floor":18},{"not_picked":["Prepared","Acrobatics"],"picked":"Blade Dance","floor":21},{"not_picked":["Slice","Poisoned Stab","Outmaneuver+1"],"picked":"SKIP","floor":23}],"player_experience":99528,"relics_obtained":[{"floor":7.0,"key":"Art of War"},{"floor":8.0,"key":"Paper Crane"},{"floor":9.0,"key":"Dream Catcher"},{"floor":10.0,"key":"Strawberry"},{"floor":23,"key":"InkBottle"}],"event_choices":[{"cards_removed":["Strike_G"],"damage_healed":0.0,"max_hp_gain":0.0,"max_hp_loss":0.0,"gold_gain":0.0,"event_name":"Golden Wing","player_choice":"Card Removal","floor":4.0,"gold_loss":0.0,"damage_taken":7.0},{"cards_removed":["Strike_G"],"damage_healed":0.0,"max_hp_gain":0.0,"max_hp_loss":0.0,"gold_gain":0.0,"event_name":"Living Wall","player_choice":"Forget","floor":5.0,"gold_loss":0.0,"damage_taken":0.0},{"damage_healed":0.0,"max_hp_gain":0.0,"max_hp_loss":0.0,"gold_gain":0.0,"event_name":"Shining Light","player_choice":"Entered Light","floor":13.0,"gold_loss":0.0,"damage_taken":15.0,"cards_upgraded":["Accuracy","Strike_G"]},{"cards_removed":["Strike_G"],"damage_healed":0,"gold_gain":0,"player_choice":"Gave Gold","damage_taken":0,"max_hp_gain":0,"max_hp_loss":0,"event_name":"Beggar","floor":19,"gold_loss":75}],"is_beta":false,"boss_relics":[{"not_picked":["Coffee Dripper","Snecko Eye"],"picked":"Fusion Hammer"}],"items_purged_floors":[20,22],"is_endless":false,"potions_floor_spawned":[1,3,8,18,21],"killed_by":"Gremlin Leader","ascension_level":4}}