{"host":"ye7mfqqt9ljtnqit","time":1609490169,"event":{"mods":["BaseMod","Colored Map","Downfall","Marisa£®ÏF”Í°°ƒß¿Ì…≥£©","Minty Spire (QoL Compilation)","StSLib","SuperFastMode","The Servant 0.9.4"],"gold_per_floor":[349,368,543,561,561,581,608,533,104,104,104,104],"floor_reached":10,"playtime":383,"items_purged":["Doubt"],"score":56,"play_id":"02974412-07ef-4c5e-be67-5f63773df023","local_time":"20210101163609","is_ascension_mode":false,"campfire_choices":[{"floor":1.0,"key":"RECALL"},{"floor":8.0,"key":"REST"}],"circlet_count":0,"master_deck":["Slimebound:Strike_Slimebound","Slimebound:Strike_Slimebound","Slimebound:Strike_Slimebound","Slimebound:Tackle","Slimebound:Defend_Slimebound","Slimebound:Defend_Slimebound","Slimebound:Defend_Slimebound","Slimebound:Defend_Slimebound","Slimebound:Split","Slimebound:CorrosiveSpit","Slimebound:GrowthPunch","Slimebound:SplitAcid","Slimebound:SplitBruiser","Slimebound:SplitMire","Slimebound:Repurpose","Slimebound:LeechLife","expansioncontent:CaCaw"],"relics":["Slimebound:AbsorbEndCombat","Boot","Orichalcum","downfall:HeartBlessingRed"],"acts_visited":["Exordium"],"potions_floor_usage":[],"damage_taken":[{"damage":12.0,"enemies":"Cultist","floor":2.0,"turns":4.0},{"damage":15.0,"enemies":"Jaw Worm","floor":4.0,"turns":4.0},{"damage":9.0,"enemies":"Small Slimes","floor":6.0,"turns":4.0},{"damage":19.0,"enemies":"downfall:FleeingMerchant","floor":9.0,"turns":4.0},{"damage":36,"enemies":"3 Sentries","floor":10,"turns":6}],"seed_played":"8022165249697316745","potions_obtained":[{"floor":4.0,"key":"Guardian:BlockOnCardUsePotion"},{"floor":6.0,"key":"Fire Potion"}],"is_trial":false,"path_per_floor":["R","M","?","M","?","M","T","R","$","E"],"character_chosen":"SLIMEBOUND","items_purchased":["Slimebound:Repurpose","Slimebound:LeechLife","expansioncontent:CaCaw"],"campfire_rested":1,"item_purchase_floors":[9,9,9],"current_hp_per_floor":[54,50,50,45,12,15,15,31,30,0,0,0],"gold":104,"neow_bonus":"TWO_FIFTY_GOLD","is_daily":false,"chose_seed":false,"campfire_upgraded":0,"win_rate":0.0,"timestamp":1609490169,"path_taken":["R","M","?","M","?","M","T","R","$","E"],"items_purchased_type":["Card","Card","Card"],"build_version":"2020-12-22","purchased_purges":1,"victory":false,"max_hp_per_floor":[54,54,54,54,54,54,54,54,54,54,54,54],"card_choices":[{"not_picked":["Slimebound:LeechEnergy","Slimebound:FlameTackle"],"picked":"Slimebound:GrowthPunch","floor":2.0},{"not_picked":["Slimebound:ItLooksTasty","Slimebound:Replication"],"picked":"Slimebound:SplitAcid","floor":4.0},{"not_picked":["Slimebound:Gluttony","Slimebound:SlimeSpikes"],"picked":"Slimebound:SplitBruiser","floor":6.0},{"not_picked":["Slimebound:GrowthPunch","Slimebound:SplitAcid"],"picked":"Slimebound:SplitMire","floor":9.0}],"player_experience":102592,"relics_obtained":[{"floor":7.0,"key":"Orichalcum"}],"event_choices":[{"damage_healed":0.0,"max_hp_gain":0.0,"max_hp_loss":0.0,"gold_gain":0.0,"event_name":"Scrap Ooze","player_choice":"Success","floor":5.0,"gold_loss":0.0,"damage_taken":33.0,"relics_obtained":["Boot"]}],"is_beta":false,"boss_relics":[],"items_purged_floors":[9],"is_endless":false,"potions_floor_spawned":[4,6],"killed_by":"3 Sentries","ascension_level":0}}