{"host":"newqdrzxfhh2im9e","time":1609525015,"event":{"mods":["AchievementEnabler","BaseMod","BetterRewards","Block Reminder","Colored Map","Jorbs\u0027s Wanderer Trilogy","Minty Spire (QoL Compilation)","Rare Cards Sparkle","Shop Mod","StSLib"],"gold_per_floor":[113,127,15,90,109,109,141,141,141,159,159,15,45,45,45,145,145,156,156,170,26,36,66,66,14,14,29,29,43,78,8,8,112,112,130,0,0,0,10,10,39,59,59,59,59,106,6,24,24,24,24],"floor_reached":50,"playtime":1588,"items_purged":[],"score":751,"play_id":"ec719f66-6484-4a72-98b7-50608131b366","local_time":"20210101101655","is_ascension_mode":true,"campfire_choices":[{"data":"Electrodynamics","floor":6,"key":"SMITH"},{"floor":8,"key":"REST"},{"data":"Static Discharge","floor":11,"key":"SMITH"},{"data":"Defragment","floor":15,"key":"SMITH"},{"floor":24,"key":"REST"},{"data":"Fission","floor":32,"key":"SMITH"},{"data":"Buffer","floor":40,"key":"SMITH"},{"floor":44,"key":"REST"},{"floor":49,"key":"REST"}],"circlet_count":0,"master_deck":["Strike_B+1","Strike_B+1","Strike_B","Defend_B","Defend_B","Defend_B","Zap","Dualcast","Electrodynamics+1","Glacier","Capacitor","Defragment+1","Tempest","Beam Cell","Go for the Eyes","Static Discharge+1","Rip and Tear","Fission+1","Auto Shields","FTL+1","Gash","Sweeping Beam+1","Conserve Battery","Static Discharge+1","Steam Power","Multi-Cast","Undo","Storm","Buffer+1","Sweeping Beam+1","Dramatic Entrance","Secret Technique","Skim+1","Doom and Gloom","Reinforced Body","Rebound+1"],"relics":["Cracked Core","Ornamental Fan","Cables","Blood Vial","Odd Mushroom","Omamori","Cursed Key","Whetstone","MealTicket","Pear","Pen Nib","Busted Crown","Red Mask","The Courier","Art of War","Turnip"],"acts_visited":["Exordium","TheCity","TheBeyond"],"potions_floor_usage":[13,16,16,16,16,16,18,23,33,35,39,50,50,50],"damage_taken":[{"damage":0,"enemies":"2 Louse","floor":1,"turns":1},{"damage":2,"enemies":"Small Slimes","floor":2,"turns":3},{"damage":1,"enemies":"Cultist","floor":5,"turns":3},{"damage":24,"enemies":"Gremlin Nob","floor":7,"turns":5},{"damage":1,"enemies":"2 Fungi Beasts","floor":10,"turns":3},{"damage":14,"enemies":"The Mushroom Lair","floor":13,"turns":3},{"damage":0,"enemies":"Slime Boss","floor":16,"turns":5},{"damage":22,"enemies":"2 Thieves","floor":18,"turns":3},{"damage":22,"enemies":"3 Byrds","floor":20,"turns":2},{"damage":12,"enemies":"Cultist and Chosen","floor":22,"turns":4},{"damage":13,"enemies":"Book of Stabbing","floor":23,"turns":3},{"damage":0,"enemies":"Sentry and Sphere","floor":27,"turns":3},{"damage":9,"enemies":"Snake Plant","floor":29,"turns":3},{"damage":0,"enemies":"Gremlin Leader","floor":30,"turns":5},{"damage":19,"enemies":"Champ","floor":33,"turns":8},{"damage":10,"enemies":"3 Shapes","floor":35,"turns":3},{"damage":4,"enemies":"Orb Walker","floor":39,"turns":2},{"damage":50,"enemies":"Giant Head","floor":41,"turns":9},{"damage":7,"enemies":"Spire Growth","floor":42,"turns":3},{"damage":24,"enemies":"2 Orb Walkers","floor":46,"turns":3},{"damage":10,"enemies":"Sphere and 2 Shapes","floor":48,"turns":2},{"damage":81,"enemies":"Awakened One","floor":50,"turns":5}],"seed_played":"7654813642047648943","potions_obtained":[{"floor":1,"key":"EntropicBrew"},{"floor":2,"key":"Dexterity Potion"},{"floor":7,"key":"Regen Potion"},{"floor":16,"key":"ColorlessPotion"},{"floor":22,"key":"SteroidPotion"},{"floor":30,"key":"GamblersBrew"},{"floor":33,"key":"GamblersBrew"},{"floor":35,"key":"DistilledChaos"},{"floor":46,"key":"EssenceOfSteel"}],"is_trial":false,"path_per_floor":["M","M","$","?","M","R","E","R","T","M","R","$","?","?","R","B",null,"M","?","M","$","M","E","R","$","T","M","?","M","E","$","R","B",null,"M","?","?","T","M","R","E","M","T","R","?","?","$","M","R","B"],"character_chosen":"DEFECT","items_purchased":["Defragment","Tempest","Blood Vial","Whetstone","Conserve Battery","Storm","PotionOfCapacity","Energy Potion"],"campfire_rested":4,"item_purchase_floors":[3,3,12,21,25,31,47,47],"current_hp_per_floor":[75,73,73,62,61,61,37,59,59,58,58,58,51,39,39,55,70,50,50,30,30,20,9,31,46,56,58,58,51,53,68,68,51,77,69,69,64,64,62,62,14,9,9,34,74,50,65,57,74,0,0],"gold":24,"neow_bonus":"ONE_RANDOM_RARE_CARD","is_daily":false,"chose_seed":false,"campfire_upgraded":5,"win_rate":0.0,"timestamp":1609525015,"path_taken":["M","M","$","?","M","R","E","R","T","M","R","$","?","?","R","BOSS","M","?","M","$","M","E","R","$","T","?","?","?","E","?","R","BOSS","M","?","?","?","M","R","E","M","T","R","?","?","$","M","R","BOSS"],"items_purchased_type":["Card","Card","Relic","Relic","Card","Card","Potion","Potion"],"build_version":"2020-12-22","purchased_purges":0,"victory":false,"max_hp_per_floor":[75,75,75,75,75,75,75,75,75,75,75,75,75,75,75,75,75,75,75,75,75,75,75,75,75,85,85,85,85,85,85,85,85,85,85,85,85,85,85,85,85,85,85,85,74,74,74,74,74,74,74],"card_choices":[{"not_picked":["Hologram","Compile Driver"],"picked":"Glacier","floor":1},{"not_picked":["Steam","Turbo"],"picked":"Capacitor","floor":2},{"not_picked":["Redo","Hologram"],"picked":"Beam Cell","floor":5},{"not_picked":["Recycle","Cold Snap"],"picked":"Go for the Eyes","floor":7},{"not_picked":["Stack","Compile Driver"],"picked":"Static Discharge","floor":10},{"not_picked":["Leap","Turbo"],"picked":"Rip and Tear","floor":13},{"not_picked":["Machine Learning","Seek"],"picked":"Fission","floor":16},{"not_picked":["Leap","Sweeping Beam"],"picked":"Auto Shields","floor":18},{"not_picked":["Sweeping Beam","Barrage+1"],"picked":"FTL+1","floor":20},{"not_picked":["Ball Lightning","Streamline"],"picked":"Gash","floor":22},{"not_picked":["Recycle+1","Defragment"],"picked":"Sweeping Beam+1","floor":23},{"not_picked":["Hologram","Go for the Eyes"],"picked":"Static Discharge+1","floor":27},{"not_picked":["Tempest","Redo"],"picked":"Multi-Cast","floor":29},{"not_picked":["Redo","Turbo"],"picked":"Undo","floor":30},{"not_picked":["Multi-Cast","Fission"],"picked":"Buffer","floor":33},{"not_picked":[],"picked":"Sweeping Beam+1","floor":35},{"not_picked":[],"picked":"Dramatic Entrance","floor":37},{"not_picked":[],"picked":"Secret Technique","floor":37},{"not_picked":[],"picked":"Skim+1","floor":39},{"not_picked":["Steam"],"picked":"SKIP","floor":41},{"not_picked":[],"picked":"Doom and Gloom","floor":42},{"not_picked":[],"picked":"Reinforced Body","floor":46},{"not_picked":[],"picked":"Rebound+1","floor":48}],"player_experience":665537,"relics_obtained":[{"floor":7,"key":"Ornamental Fan"},{"floor":9,"key":"Cables"},{"floor":13,"key":"Odd Mushroom"},{"floor":23,"key":"MealTicket"},{"floor":26,"key":"Pear"},{"floor":30,"key":"Pen Nib"},{"floor":38,"key":"The Courier"},{"floor":41,"key":"Art of War"},{"floor":46,"key":"Turnip"}],"event_choices":[{"damage_healed":0,"gold_gain":75,"player_choice":"Gather Gold","damage_taken":11,"max_hp_gain":0,"max_hp_loss":0,"event_name":"World of Goop","floor":4,"gold_loss":0},{"damage_healed":0,"gold_gain":0,"player_choice":"Fought Mushrooms","damage_taken":0,"max_hp_gain":0,"max_hp_loss":0,"event_name":"Mushrooms","floor":13,"gold_loss":0},{"damage_healed":0,"gold_gain":0,"player_choice":"Success","damage_taken":12,"relics_obtained":["Omamori"],"max_hp_gain":0,"max_hp_loss":0,"event_name":"Scrap Ooze","floor":14,"gold_loss":0},{"cards_removed":["Strike_B"],"damage_healed":0,"gold_gain":0,"player_choice":"Purged","damage_taken":0,"max_hp_gain":0,"max_hp_loss":0,"event_name":"Purifier","floor":19,"gold_loss":0},{"damage_healed":0,"gold_gain":0,"cards_transformed":["Defend_B"],"player_choice":"Transformed","damage_taken":0,"max_hp_gain":0,"max_hp_loss":0,"event_name":"Transmorgrifier","floor":28,"gold_loss":0,"cards_obtained":["Steam Power"]},{"damage_healed":0,"gold_gain":0,"player_choice":"Paid","damage_taken":0,"relics_obtained":["Red Mask"],"max_hp_gain":0,"max_hp_loss":0,"event_name":"Tomb of Lord Red Mask","floor":36,"gold_loss":130},{"damage_healed":0,"gold_gain":0,"player_choice":"Memory 2","damage_taken":5,"max_hp_gain":0,"max_hp_loss":0,"event_name":"SensoryStone","floor":37,"gold_loss":0},{"damage_healed":74,"gold_gain":0,"player_choice":"Heal","damage_taken":0,"max_hp_gain":0,"max_hp_loss":11,"event_name":"The Moai Head","floor":45,"gold_loss":0},{"damage_healed":0,"gold_gain":0,"player_choice":"Fight","damage_taken":0,"max_hp_gain":0,"max_hp_loss":0,"event_name":"Mysterious Sphere","floor":46,"gold_loss":0}],"is_beta":false,"boss_relics":[{"not_picked":["Sozu","Astrolabe"],"picked":"Cursed Key"},{"not_picked":["Pandora\u0027s Box","FrozenCore"],"picked":"Busted Crown"}],"items_purged_floors":[],"is_endless":false,"potions_floor_spawned":[1,2,7,16,22,30,33,35,46],"killed_by":"Awakened One","ascension_level":5}}