{"host":"sav7uxregyirlf69","time":1609484051,"event":{"mods":["AchievementEnabler","BaseMod","Colored Map","DeckTracker","Keyboard Shortcuts","Minty Spire (QoL Compilation)","READ ME - Guardian Mod","StSLib","SuperFastMode"],"gold_per_floor":[112,112,112,130,130,163,183,201,226,258,258,282,282,307,307,393,393,412,71,121,121,121,121],"floor_reached":22,"playtime":323,"items_purged":["Strike_B"],"score":438,"play_id":"17e701ab-ebab-47ad-aab3-bcd314b24c59","local_time":"20210101155411","is_ascension_mode":true,"campfire_choices":[{"data":"Hologram","floor":11,"key":"SMITH"},{"data":"Chaos","floor":13,"key":"SMITH"},{"data":"Dualcast","floor":15,"key":"SMITH"}],"circlet_count":0,"master_deck":["AscendersBane","Strike_B+1","Strike_B","Strike_B","Defend_B","Defend_B","Defend_B+1","Defend_B","Zap+1","Dualcast+1","Cold Snap","Compile Driver","Sweeping Beam","Cold Snap","Hologram+1","Chaos+1","Conserve Battery","Core Surge"],"relics":["Cracked Core","NeowsBlessing","Lantern","DataDisk","CeramicFish","Philosopher\u0027s Stone","Singing Bowl"],"acts_visited":["Exordium","TheCity"],"potions_floor_usage":[10,16,22],"damage_taken":[{"damage":0,"enemies":"Jaw Worm","floor":1,"turns":1},{"damage":0,"enemies":"Small Slimes","floor":4,"turns":1},{"damage":0,"enemies":"Lagavulin","floor":6,"turns":1},{"damage":0,"enemies":"Cultist","floor":7,"turns":3},{"damage":4,"enemies":"Looter","floor":8,"turns":3},{"damage":5,"enemies":"3 Sentries","floor":10,"turns":6},{"damage":0,"enemies":"Blue Slaver","floor":12,"turns":3},{"damage":2,"enemies":"3 Louse","floor":14,"turns":3},{"damage":7,"enemies":"The Guardian","floor":16,"turns":11},{"damage":25,"enemies":"Shell Parasite","floor":18,"turns":3},{"damage":19,"enemies":"3 Byrds","floor":22,"turns":3}],"seed_played":"-8203380572679556253","potions_obtained":[{"floor":6,"key":"BlessingOfTheForge"},{"floor":7,"key":"Swift Potion"},{"floor":10,"key":"DistilledChaos"}],"is_trial":false,"path_per_floor":["M","?","?","M","?","E","M","M","T","E","R","M","R","M","R","B",null,"M","$","?","?","M"],"character_chosen":"DEFECT","items_purchased":["Singing Bowl"],"campfire_rested":0,"item_purchase_floors":[19],"current_hp_per_floor":[64,43,43,43,48,48,48,44,44,39,39,39,39,37,37,30,65,40,40,40,18,0,0],"gold":121,"neow_bonus":"THREE_ENEMY_KILL","is_daily":false,"chose_seed":false,"campfire_upgraded":3,"win_rate":0.0,"timestamp":1609484051,"path_taken":["M","?","?","?","?","E","M","M","T","E","R","M","R","M","R","BOSS","M","$","?","?","M"],"items_purchased_type":["Relic"],"build_version":"2020-12-22","purchased_purges":1,"victory":false,"max_hp_per_floor":[71,71,71,71,76,76,76,76,76,76,76,76,76,76,76,76,76,76,76,76,81,81,81],"card_choices":[{"not_picked":["Compile Driver","Beam Cell"],"picked":"Cold Snap","floor":1},{"not_picked":["Double Energy","Tempest"],"picked":"Compile Driver","floor":4},{"not_picked":["Hologram","Tempest"],"picked":"Sweeping Beam","floor":6},{"not_picked":["Steam","Static Discharge"],"picked":"Cold Snap","floor":7},{"not_picked":["Steam Power","Stack"],"picked":"Hologram","floor":8},{"not_picked":["Consume","Rebound","Scrape"],"picked":"SKIP","floor":10},{"not_picked":["Barrage","Steam"],"picked":"Chaos","floor":12},{"not_picked":["Rebound","Coolheaded"],"picked":"Conserve Battery","floor":14},{"not_picked":["Seek","Machine Learning"],"picked":"Core Surge","floor":16},{"not_picked":["Redo","Hologram+1","Conserve Battery"],"picked":"SKIP","floor":18}],"player_experience":1095532,"relics_obtained":[{"floor":6,"key":"Lantern"},{"floor":9,"key":"DataDisk"},{"floor":10,"key":"CeramicFish"}],"event_choices":[{"damage_healed":0,"gold_gain":0,"player_choice":"Entered Light","damage_taken":21,"max_hp_gain":0,"max_hp_loss":0,"event_name":"Shining Light","floor":2,"gold_loss":0,"cards_upgraded":["Strike_B","Defend_B"]},{"damage_healed":0,"gold_gain":0,"player_choice":"Upgraded","damage_taken":0,"max_hp_gain":0,"max_hp_loss":0,"event_name":"Upgrade Shrine","floor":3,"gold_loss":0,"cards_upgraded":["Zap"]},{"damage_healed":0,"gold_gain":0,"player_choice":"Donut","damage_taken":0,"max_hp_gain":5,"max_hp_loss":0,"event_name":"Big Fish","floor":5,"gold_loss":0},{"damage_healed":0,"gold_gain":50,"player_choice":"Stole From Cult","damage_taken":0,"max_hp_gain":0,"max_hp_loss":0,"event_name":"Nest","floor":20,"gold_loss":0},{"damage_healed":0,"gold_gain":0,"player_choice":"Shed Blood","damage_taken":27,"max_hp_gain":5,"max_hp_loss":0,"event_name":"Forgotten Altar","floor":21,"gold_loss":0}],"is_beta":false,"boss_relics":[{"not_picked":["Fusion Hammer","Busted Crown"],"picked":"Philosopher\u0027s Stone"}],"items_purged_floors":[19],"is_endless":false,"potions_floor_spawned":[6,7,10],"killed_by":"3 Byrds","ascension_level":20}}