{"host":"g7trc0x2teqyd8ye","time":1609516546,"event":{"mods":["BaseMod","Key Reminder","Minty Spire (QoL Compilation)","Relic Stats"],"gold_per_floor":[115,115,115,115,126,126,159,174,198,225,242,254,288,300,300,377,377,389,402,52,52,87,87,100,133,133,142,152,152,152],"floor_reached":29,"playtime":3037,"items_purged":["Bash"],"score":591,"play_id":"a31c43a0-ea84-4f5a-95e5-db7a1bc5f006","local_time":"20210101165546","is_ascension_mode":true,"campfire_choices":[{"data":"Uppercut","floor":6,"key":"SMITH"},{"floor":15,"key":"REST"},{"floor":23,"key":"REST"},{"floor":27,"key":"REST"}],"circlet_count":0,"master_deck":["AscendersBane","Defend_R","Defend_R","Defend_R","Defend_R","Iron Wave","Sword Boomerang","Uppercut+1","Carnage","Warcry","Fire Breathing","Metallicize","Power Through","Headbutt","Dropkick","Battle Trance","Fiend Fire","Metallicize+1","Barricade+1","Thunderclap+1","True Grit","Shockwave","Metallicize","Havoc","Second Wind","Fire Breathing","Metallicize","Power Through"],"relics":["Burning Blood","Dream Catcher","Juzu Bracelet","Strawberry","Dead Branch","keyreminder:keyreminder","Tiny Chest","Astrolabe","Orichalcum","Red Mask","CeramicFish","Blood Vial"],"acts_visited":["Exordium","TheCity"],"potions_floor_usage":[7,12,13,19,22,29],"damage_taken":[{"damage":4,"enemies":"2 Louse","floor":1,"turns":3},{"damage":9,"enemies":"Jaw Worm","floor":5,"turns":3},{"damage":25,"enemies":"3 Sentries","floor":7,"turns":12},{"damage":0,"enemies":"Cultist","floor":8,"turns":3},{"damage":37,"enemies":"Gremlin Nob","floor":10,"turns":5},{"damage":12,"enemies":"3 Louse","floor":11,"turns":3},{"damage":10,"enemies":"2 Fungi Beasts","floor":12,"turns":5},{"damage":7,"enemies":"Lagavulin","floor":13,"turns":4},{"damage":1,"enemies":"Exordium Wildlife","floor":14,"turns":5},{"damage":25,"enemies":"Hexaghost","floor":16,"turns":9},{"damage":13,"enemies":"Spheric Guardian","floor":18,"turns":6},{"damage":13,"enemies":"3 Byrds","floor":19,"turns":7},{"damage":19,"enemies":"Masked Bandits","floor":22,"turns":8},{"damage":17,"enemies":"Sentry and Sphere","floor":24,"turns":6},{"damage":49,"enemies":"Book of Stabbing","floor":25,"turns":8},{"damage":15,"enemies":"Snecko","floor":28,"turns":8},{"damage":54,"enemies":"Slavers","floor":29,"turns":4}],"seed_played":"7265288319469490520","potions_obtained":[{"floor":5,"key":"DuplicationPotion"},{"floor":8,"key":"Regen Potion"},{"floor":10,"key":"GamblersBrew"},{"floor":12,"key":"DuplicationPotion"},{"floor":14,"key":"DistilledChaos"},{"floor":18,"key":"HeartOfIron"},{"floor":24,"key":"SpeedPotion"},{"floor":28,"key":"CultistPotion"}],"is_trial":false,"path_per_floor":["M","?","?","?","M","R","E","M","T","E","M","M","E","M","R","B",null,"M","M","$","?","?","R","M","E","T","R","M","E"],"character_chosen":"IRONCLAD","items_purchased":["Orichalcum","Metallicize","Havoc"],"campfire_rested":3,"item_purchase_floors":[20,20,20],"current_hp_per_floor":[70,70,75,75,72,72,53,59,66,35,29,39,38,43,69,50,78,71,64,64,64,51,77,66,23,23,49,42,0,0],"gold":152,"neow_bonus":"RANDOM_COMMON_RELIC","is_daily":false,"chose_seed":false,"campfire_upgraded":1,"win_rate":0.0,"timestamp":1609516546,"path_taken":["M","?","?","?","M","R","E","M","T","E","M","M","E","M","R","BOSS","M","M","$","?","?","R","M","E","T","R","M","E"],"items_purchased_type":["Relic","Card","Card"],"build_version":"2020-12-22","purchased_purges":1,"victory":false,"max_hp_per_floor":[75,75,80,80,80,80,80,80,87,87,87,87,87,87,87,87,87,87,87,87,87,87,87,87,87,87,87,87,87,87],"relic_stats":{"Blood Vial":4,"Dream Catcher":3,"counters":[17,99],"Dead Branch":[115],"Astrolabe":["Metallicize","Barricade","Thunderclap"],"CeramicFish":9,"Tiny Chest":0,"Juzu Bracelet":1,"Orichalcum":[78],"obtain_stats":[{"keyreminder:keyreminder":10,"Blood Vial":26,"Dream Catcher":0,"Strawberry":9,"Dead Branch":10,"Astrolabe":17,"CeramicFish":25,"Tiny Chest":13,"Juzu Bracelet":7,"Red Mask":22,"Orichalcum":20,"Burning Blood":0},{"keyreminder:keyreminder":5,"Blood Vial":15,"Dream Catcher":0,"Strawberry":4,"Dead Branch":5,"Astrolabe":10,"CeramicFish":15,"Tiny Chest":8,"Juzu Bracelet":3,"Red Mask":13,"Orichalcum":12,"Burning Blood":0},{"keyreminder:keyreminder":26,"Blood Vial":87,"Dream Catcher":0,"Strawberry":21,"Dead Branch":26,"Astrolabe":52,"CeramicFish":87,"Tiny Chest":38,"Juzu Bracelet":18,"Red Mask":73,"Orichalcum":65,"Burning Blood":0}],"Burning Blood":96},"card_choices":[{"not_picked":["True Grit","Entrench"],"picked":"Iron Wave","floor":1},{"not_picked":["Clothesline","Inflame"],"picked":"Uppercut","floor":5},{"not_picked":["Metallicize","Dual Wield"],"picked":"Carnage","floor":7},{"not_picked":["True Grit","Perfected Strike"],"picked":"Warcry","floor":8},{"not_picked":["Immolate","Body Slam"],"picked":"Fire Breathing","floor":10},{"not_picked":["Perfected Strike","Body Slam"],"picked":"Metallicize","floor":11},{"not_picked":["Headbutt","Uppercut"],"picked":"Power Through","floor":12},{"not_picked":["Clothesline","Barricade"],"picked":"Headbutt","floor":13},{"not_picked":["Twin Strike","Wild Strike"],"picked":"Dropkick","floor":14},{"not_picked":["Body Slam","Sword Boomerang"],"picked":"Battle Trance","floor":15},{"not_picked":["Impervious","Juggernaut"],"picked":"Fiend Fire","floor":16},{"not_picked":["Anger","Clash"],"picked":"True Grit","floor":18},{"not_picked":["Heavy Blade","Perfected Strike"],"picked":"Shockwave","floor":19},{"not_picked":["Sword Boomerang","Hemokinesis"],"picked":"Fire Breathing","floor":23},{"not_picked":["Battle Trance","Heavy Blade+1"],"picked":"Metallicize","floor":24},{"not_picked":["Immolate","Demon Form","Pommel Strike"],"picked":"SKIP","floor":25},{"not_picked":["Flex","True Grit"],"picked":"Power Through","floor":27},{"not_picked":["Clash+1","Twin Strike","Sword Boomerang"],"picked":"SKIP","floor":28},{"not_picked":["Clash+1","Twin Strike","Sword Boomerang"],"picked":"SKIP","floor":28}],"player_experience":859450,"relics_obtained":[{"floor":7,"key":"Juzu Bracelet"},{"floor":9,"key":"Strawberry"},{"floor":10,"key":"Dead Branch"},{"floor":13,"key":"Tiny Chest"},{"floor":22,"key":"Red Mask"},{"floor":25,"key":"CeramicFish"},{"floor":26,"key":"Blood Vial"}],"event_choices":[{"damage_healed":0,"gold_gain":0,"cards_transformed":["Strike_R"],"player_choice":"Change","damage_taken":0,"max_hp_gain":0,"max_hp_loss":0,"event_name":"Living Wall","floor":2,"gold_loss":0,"cards_obtained":["Sword Boomerang"]},{"damage_healed":0,"gold_gain":0,"player_choice":"Donut","damage_taken":0,"max_hp_gain":5,"max_hp_loss":0,"event_name":"Big Fish","floor":3,"gold_loss":0},{"cards_removed":["Strike_R"],"damage_healed":0,"gold_gain":0,"player_choice":"Offered Basic","damage_taken":0,"max_hp_gain":0,"max_hp_loss":0,"event_name":"Bonfire Elementals","floor":4,"gold_loss":0},{"damage_healed":0,"gold_gain":0,"player_choice":"Read","damage_taken":0,"max_hp_gain":0,"max_hp_loss":0,"event_name":"The Library","floor":21,"gold_loss":0,"cards_obtained":["Second Wind"]},{"damage_healed":0,"gold_gain":0,"player_choice":"Fought Bandits","damage_taken":0,"max_hp_gain":0,"max_hp_loss":0,"event_name":"Masked Bandits","floor":22,"gold_loss":0}],"is_beta":false,"boss_relics":[{"not_picked":["Runic Dome","Tiny House"],"picked":"Astrolabe"}],"items_purged_floors":[20],"is_endless":false,"potions_floor_spawned":[5,8,10,12,14,18,24,28],"killed_by":"Slavers","ascension_level":19}}