{"host":"5dk97cf2ubw2v967","time":1609496621,"event":{"mods":["AlwaysNeverKeys","BaseMod","Better Altar","Better Vampires","Block Reminder","Colored Powertips","Downfall","Googly Eyes","Highlight Path","Minty Spire (QoL Compilation)","Permanent Neow","Potion Indicator Mod","Quick Restart","Relic Filter","Relic Stats","Say the Spire","Spicy Shops","StSLib","Waifu the Spire","everything is the same but u backflip on backflip"],"gold_per_floor":[119,119,119,44,54,54,85,97,97,97,127,127,137,151,151,222,222,236,51,86,100,100,100],"floor_reached":22,"playtime":992,"items_purged":["Shame","Strike_R"],"score":438,"play_id":"752b1e29-a6d2-4f77-a6cb-9d223796e112","local_time":"20210101102341","is_ascension_mode":true,"campfire_choices":[{"data":"Metamorphosis","floor":6,"key":"SMITH"},{"data":"Strike_R","floor":10,"key":"PURGE"},{"floor":15,"key":"REST"}],"circlet_count":0,"master_deck":["AscendersBane","Strike_R","Strike_R","Defend_R","Defend_R","Defend_R","Defend_R","Bash","Metamorphosis+1","Pommel Strike","Spot Weakness","Spot Weakness","Heavy Blade","Intimidate","Offering","Sword Boomerang","Fiend Fire","Reaper","Heavy Blade","Cleave+1"],"relics":["Burning Blood","Potion Belt","Peace Pipe","Paper Frog","Ornamental Fan","Mark of Pain","Red Mask"],"acts_visited":["Exordium","TheCity"],"potions_floor_usage":[7,20,20,21],"damage_taken":[{"damage":7,"enemies":"Jaw Worm","floor":1,"turns":2},{"damage":7,"enemies":"2 Louse","floor":5,"turns":3},{"damage":0,"enemies":"Lagavulin","floor":7,"turns":5},{"damage":5,"enemies":"Small Slimes","floor":8,"turns":4},{"damage":25,"enemies":"3 Sentries","floor":11,"turns":6},{"damage":16,"enemies":"Gremlin Gang","floor":13,"turns":4},{"damage":15,"enemies":"Lots of Slimes","floor":14,"turns":4},{"damage":24,"enemies":"Hexaghost","floor":16,"turns":4},{"damage":58,"enemies":"Spheric Guardian","floor":18,"turns":6},{"damage":42,"enemies":"Masked Bandits","floor":20,"turns":4},{"damage":18,"enemies":"2 Thieves","floor":21,"turns":3},{"damage":6,"enemies":"Snecko","floor":22,"turns":2}],"seed_played":"8174581609024269613","potions_obtained":[{"floor":5,"key":"Guardian:BlockOnCardUsePotion"},{"floor":7,"key":"Weak Potion"},{"floor":14,"key":"ElixirPotion"},{"floor":18,"key":"Ancient Potion"}],"is_trial":false,"path_per_floor":["M","?","?","$","M","R","E","M","T","R","E","?","M","M","R","B",null,"M","$","?","M","M"],"character_chosen":"IRONCLAD","items_purchased":["Regen Potion"],"campfire_rested":1,"item_purchase_floors":[19],"current_hp_per_floor":[67,67,60,60,59,59,65,66,66,66,47,47,37,28,50,32,64,12,12,9,11,5,5],"gold":100,"neow_bonus":"RANDOM_COLORLESS_2","is_daily":false,"chose_seed":false,"campfire_upgraded":1,"win_rate":0.0,"timestamp":1609496621,"path_taken":["M","?","?","$","M","R","E","M","T","R","E","?","M","?","R","BOSS","M","$","?","M","M"],"items_purchased_type":["Potion"],"build_version":"2020-12-22","purchased_purges":2,"victory":false,"max_hp_per_floor":[75,75,75,75,75,75,75,75,75,75,75,75,75,75,75,75,75,75,75,75,75,75,75],"relic_stats":{"Peace Pipe":1,"counters":[12,47],"Ornamental Fan":[16],"obtain_stats":[{"Potion Belt":2,"Peace Pipe":7,"Ornamental Fan":11,"Mark of Pain":17,"Red Mask":20,"Burning Blood":0,"Paper Frog":9},{"Potion Belt":1,"Peace Pipe":3,"Ornamental Fan":5,"Mark of Pain":8,"Red Mask":10,"Burning Blood":0,"Paper Frog":4},{"Potion Belt":2,"Peace Pipe":10,"Ornamental Fan":20,"Mark of Pain":32,"Red Mask":42,"Burning Blood":0,"Paper Frog":14}],"Burning Blood":66},"card_choices":[{"not_picked":["Thinking Ahead","Secret Technique"],"picked":"Metamorphosis","floor":0},{"not_picked":["Anger","Power Through"],"picked":"Pommel Strike","floor":1},{"not_picked":["Thunderclap","Body Slam"],"picked":"Spot Weakness","floor":5},{"not_picked":["Armaments","Corruption"],"picked":"Spot Weakness","floor":7},{"not_picked":["Warcry","True Grit"],"picked":"Heavy Blade","floor":8},{"not_picked":["Warcry","Wild Strike"],"picked":"Intimidate","floor":11},{"not_picked":["Bloodletting","Blood for Blood"],"picked":"Sword Boomerang","floor":13},{"not_picked":["Whirlwind","Headbutt"],"picked":"Fiend Fire","floor":14},{"not_picked":["Feed","Corruption"],"picked":"Reaper","floor":16},{"not_picked":["Sever Soul","Bloodletting"],"picked":"Heavy Blade","floor":18},{"not_picked":["Uppercut","Heavy Blade"],"picked":"Cleave+1","floor":20},{"not_picked":["Havoc","Entrench","True Grit"],"picked":"SKIP","floor":21}],"player_experience":1271176,"relics_obtained":[{"floor":7,"key":"Peace Pipe"},{"floor":9,"key":"Paper Frog"},{"floor":11,"key":"Ornamental Fan"},{"floor":20,"key":"Red Mask"}],"event_choices":[{"damage_healed":0,"gold_gain":0,"player_choice":"Box","damage_taken":0,"relics_obtained":["Potion Belt"],"max_hp_gain":0,"max_hp_loss":0,"event_name":"Big Fish","floor":2,"gold_loss":0,"cards_obtained":["Regret"]},{"cards_removed":["Regret"],"damage_healed":0,"gold_gain":0,"player_choice":"Card Removal","damage_taken":7,"max_hp_gain":0,"max_hp_loss":0,"event_name":"Golden Wing","floor":3,"gold_loss":0},{"damage_healed":0,"gold_gain":0,"cards_transformed":["Strike_R"],"player_choice":"Transformed","damage_taken":0,"max_hp_gain":0,"max_hp_loss":0,"event_name":"Transmorgrifier","floor":12,"gold_loss":0,"cards_obtained":["Offering"]},{"damage_healed":0,"gold_gain":0,"player_choice":"Fought Bandits","damage_taken":0,"max_hp_gain":0,"max_hp_loss":0,"event_name":"Masked Bandits","floor":20,"gold_loss":0}],"is_beta":false,"boss_relics":[{"not_picked":["SlaversCollar","Runic Cube"],"picked":"Mark of Pain"}],"items_purged_floors":[4,19],"is_endless":false,"potions_floor_spawned":[5,7,14,18],"killed_by":"Snecko","ascension_level":20}}