{"host":"iha1eel9u3wfm8eh","time":1609541930,"event":{"mods":["AchievementEnabler","Aspiration","BaseMod","Better Altar","Better Match","Better Note","Better Sensory Stone","Better Skull","Better Third Choice","BetterRewards","CCEM","Colored Map","Conspire","Downfall","GifTheSpireLib","Googly Eyes","Halation","Highlight Path","Hubris","Infinite Spire","Jedi Mod","Mimic Mod","Minty Spire (QoL Compilation)","Permanent Neow","Replay The Spire","Shop Mod","Spicy Shops","StSLib","Stuff the Spire","The Jungle","Unceasing Turn Reminder"],"gold_per_floor":[117,99998636,99998636,99996603,99996603,99996603,99996603,99996603,99996655,99994923,99994956,99993972,99993972,99994007,99994007,99994086,99994086,99994098,99993321,99993321,99993321,99993321],"floor_reached":21,"playtime":1175,"items_purged":[],"score":708,"play_id":"39d2c98a-2a9d-43f1-b052-0ccbcc1e6255","local_time":"20210101225850","daily_mods":["Hoarder","Vintage","Allstar","Heirloom","Time Dilation","Flight","downfall:Lament","DeadlyEvents","Elite Swarm","Lethality","downfall:ExchangeController"],"is_ascension_mode":true,"campfire_choices":[{"floor":6,"key":"DIG"},{"floor":7,"key":"DIG"},{"floor":8,"key":"REST"},{"floor":13,"key":"DIG"},{"floor":15,"key":"DIG"}],"circlet_count":0,"master_deck":["Demon Form+1","Wraith Form v2+1","Guardian:ConstructionForm+1","hexamod:ParanormalForm+1","sneckomod:SerpentMind+1","AscendersBane","Eruption+1","Vigilance+1","Injury","Injury","Injury","Tantrum+1","Tantrum+1","Tantrum+1","hubris:DuctTapeCard","hubris:DuctTapeCard","hubris:DuctTapeCard","hubris:DuctTapeCard","hubris:DuctTapeCard","hubris:DuctTapeCard","hubris:DuctTapeCard+2","hubris:DuctTapeCard+2","hubris:DuctTapeCard+2","hubris:DuctTapeCard","hubris:DuctTapeCard","hubris:DuctTapeCard","hubris:DuctTapeCard","hubris:DuctTapeCard","hubris:DuctTapeCard","hubris:DuctTapeCard","hubris:DuctTapeCard","hubris:DuctTapeCard","hubris:DuctTapeCard+2","hubris:DuctTapeCard+2","hubris:DuctTapeCard+2","hubris:DuctTapeCard+2","hubris:DuctTapeCard+2","hubris:DuctTapeCard+2","hubris:DuctTapeCard+2","hubris:DuctTapeCard+2","hubris:DuctTapeCard+2","hubris:DuctTapeCard+2","hubris:DuctTapeCard+2","hubris:DuctTapeCard+2","hubris:DuctTapeCard+2","hubris:DuctTapeCard+2","hubris:DuctTapeCard+2","hubris:DuctTapeCard+2","hubris:DuctTapeCard+2","hubris:DuctTapeCard+2"],"relics":["PureWater","downfall:NeowBlessing_Player","NeowsBlessing","jedi:maincommand","replay:Trail_Library","Ice Cream","Juzu Bracelet","CCEMRelics:BiPhaseBiplane","Blue Doll","Strange Spoon","Calipers","Turnip","Lantern","MerchantsRug","Toxic Egg 2","The Courier","conspire:TreasureMap","PrismaticShard","Shovel","Molten Egg 2","Happy Flower","Frozen Egg 2","Golden Egg","hubris:SoftwareUpdate","aspiration:Lifesprig","Oddly Smooth Stone","jedi:crownofsimplicity","Replay:Arrowhead","Gremlin Food","aspiration:TomeofQuesting","halation:NonexistentMirror","DollysMirror","hubris:DuctTape","hubris:Potato","hubris:DuctTape","hubris:DuctTape","Pondfish Scales","hubris:DuctTape","CCEMRelics:Pendulum","hubris:DuctTape","hubris:DuctTape","DollysMirror","DollysMirror","hubris:DuctTape","Yang","Whetstone","infinitespire:Freezer","War Paint","HolyWater","halation:PrussianBluePaint","Runic Capacitor","Runic Capacitor","hubris:DuctTape","hubris:DuctTape"],"acts_visited":["Exordium","Exordium"],"potions_floor_usage":[],"damage_taken":[{"damage":11,"enemies":"2 Louse","floor":1,"turns":3},{"damage":13,"enemies":"3 Sentries","floor":11,"turns":3},{"damage":0,"enemies":"Gremlin Nob","floor":14,"turns":1},{"damage":113,"enemies":"The Guardian","floor":16,"turns":8},{"damage":45,"enemies":"theJungle:MUSHROOMGANG","floor":18,"turns":5}],"seed_played":"6224761909914475281","potions_obtained":[{"floor":1,"key":"Elixir"},{"floor":11,"key":"champ:CounterPotion"}],"is_trial":true,"path_per_floor":["M","$","?","$","?","R","R","R","T","$","E","$","R","E","R","B",null,"M","$","?","?"],"character_chosen":"WATCHER","items_purchased":["jedi:command_shop","jedi:command_common","jedi:command_shop","jedi:command_rare","jedi:command_rare","jedi:command_common","MerchantsRug","jedi:command_shop","jedi:command_shop","jedi:command_rare","jedi:command_uncommon","jedi:command_common","jedi:command_uncommon","jedi:command_uncommon","jedi:command_uncommon","jedi:command_common","jedi:command_common","jedi:command_common","jedi:command_shop","jedi:command_shop","jedi:command_uncommon","jedi:command_rare","jedi:command_uncommon","jedi:command_uncommon","jedi:command_rare","jedi:command_uncommon","jedi:command_common","jedi:command_uncommon","jedi:command_shop","jedi:command_shop","jedi:command_uncommon","jedi:command_uncommon","jedi:command_shop","jedi:command_shop","jedi:command_uncommon","jedi:command_uncommon"],"campfire_rested":1,"item_purchase_floors":[2,2,2,2,2,2,2,4,4,4,4,4,4,4,4,4,4,4,10,10,10,10,10,10,10,10,10,12,12,12,12,12,19,19,19,19],"current_hp_per_floor":[150,150,150,150,150,150,150,168,168,168,155,155,155,155,155,168,268,238,238,238,0,0],"gold":99993321,"neow_bonus":"","is_daily":false,"chose_seed":false,"campfire_upgraded":0,"win_rate":0.0,"timestamp":1609541930,"path_taken":["M","$","?","?","?","R","R","R","T","$","?","$","R","?","R","BOSS","M","$","?","?"],"items_purchased_type":["Relic","Relic","Relic","Relic","Relic","Relic","Relic","Relic","Relic","Relic","Relic","Relic","Relic","Relic","Relic","Relic","Relic","Relic","Relic","Relic","Relic","Relic","Relic","Relic","Relic","Relic","Relic","Relic","Relic","Relic","Relic","Relic","Relic","Relic","Relic","Relic"],"build_version":"2020-12-22","purchased_purges":0,"victory":false,"max_hp_per_floor":[168,168,168,168,168,168,168,168,168,168,168,168,168,168,168,168,268,268,268,268,268,268],"card_choices":[{"not_picked":["Establishment+1","Slimebound:Teamwork+1","Judgement+1"],"picked":"SKIP","floor":11},{"not_picked":["Slimebound:WasteNot+1","Machine Learning+1","MasterReality+1"],"picked":"SKIP","floor":14}],"player_experience":65698,"relics_obtained":[{"floor":1,"key":"jedi:command_common"},{"floor":6,"key":"jedi:command_rare"},{"floor":7,"key":"jedi:command_common"},{"floor":9,"key":"jedi:command_common"},{"floor":11,"key":"jedi:command_uncommon"},{"floor":13,"key":"jedi:command_common"},{"floor":14,"key":"jedi:command_common"},{"floor":15,"key":"jedi:command_common"},{"floor":18,"key":"jedi:command_common"}],"event_choices":[],"is_beta":false,"boss_relics":[{"not_picked":["jedi:command_boss","jedi:command_boss"],"picked":"jedi:command_boss"}],"items_purged_floors":[],"is_endless":false,"potions_floor_spawned":[1,11],"ascension_level":20}}