{"host":"axuns55dzq466eei","time":1609475911,"event":{"mods":["BaseMod","Colored Map","Keyboard Shortcuts","Minty Spire (QoL Compilation)","StSLib","SuperFastMode"],"gold_per_floor":[211,136,61,80,91,91,108,127,127,127,141,156,56,83,83,162,162,180,195,145,20,20,20,55,55,55],"floor_reached":25,"playtime":712,"items_purged":["Defend_G","Strike_G","Defend_G"],"score":446,"play_id":"4fd7f852-99f4-47af-90dd-f19062576259","local_time":"20210101133831","is_ascension_mode":true,"campfire_choices":[{"data":"Cloak And Dagger","floor":6,"key":"SMITH"},{"data":"Terror","floor":10,"key":"SMITH"},{"data":"Cloak And Dagger","floor":15,"key":"SMITH"},{"data":"Prepared","floor":23,"key":"SMITH"}],"circlet_count":0,"master_deck":["AscendersBane","Strike_G+1","Defend_G","Defend_G","Survivor","Neutralize","All Out Attack+1","Cloak And Dagger+1","Escape Plan","Blade Dance","Terror+1","Cloak And Dagger+1","Eviscerate","Tools of the Trade","PiercingWail+1","Noxious Fumes+1","All Out Attack+1","Prepared+1","Dagger Throw"],"relics":["Ring of the Snake","Boot","Whetstone","Astrolabe","Singing Bowl"],"acts_visited":["Exordium","TheCity"],"potions_floor_usage":[14,16,16],"damage_taken":[{"damage":3,"enemies":"2 Louse","floor":1,"turns":3},{"damage":2,"enemies":"Jaw Worm","floor":4,"turns":5},{"damage":1,"enemies":"Cultist","floor":5,"turns":4},{"damage":7,"enemies":"3 Louse","floor":7,"turns":4},{"damage":0,"enemies":"Exordium Wildlife","floor":8,"turns":3},{"damage":8,"enemies":"Exordium Thugs","floor":11,"turns":4},{"damage":10,"enemies":"Large Slime","floor":12,"turns":5},{"damage":5,"enemies":"Lagavulin","floor":14,"turns":5},{"damage":11,"enemies":"Hexaghost","floor":16,"turns":9},{"damage":0,"enemies":"3 Byrds","floor":18,"turns":4},{"damage":7,"enemies":"2 Thieves","floor":19,"turns":3},{"damage":39,"enemies":"Book of Stabbing","floor":24,"turns":5},{"damage":10,"enemies":"Centurion and Healer","floor":25,"turns":2}],"seed_played":"2666084040191288691","potions_obtained":[{"floor":7,"key":"FearPotion"},{"floor":11,"key":"LiquidMemories"},{"floor":12,"key":"DuplicationPotion"},{"floor":14,"key":"AttackPotion"},{"floor":24,"key":"SteroidPotion"}],"is_trial":false,"path_per_floor":["M","?","$","M","M","R","M","M","T","R","M","M","$","E","R","B",null,"M","M","?","$","?","R","E","M"],"character_chosen":"THE_SILENT","items_purchased":[],"campfire_rested":0,"item_purchase_floors":[],"current_hp_per_floor":[56,56,56,54,53,53,46,46,46,46,38,28,28,23,23,12,53,53,46,46,46,46,46,9,0,0],"gold":55,"neow_bonus":"HUNDRED_GOLD","is_daily":false,"chose_seed":false,"campfire_upgraded":4,"win_rate":0.0,"timestamp":1609475911,"path_taken":["M","?","$","M","M","R","M","M","T","R","M","M","$","E","R","BOSS","M","M","?","?","?","R","E","M"],"items_purchased_type":[],"build_version":"2020-12-22","purchased_purges":3,"victory":false,"max_hp_per_floor":[66,66,66,66,66,66,66,66,66,66,66,66,66,66,66,66,66,66,66,66,66,66,66,68,68,68],"card_choices":[{"not_picked":["Underhanded Strike","PiercingWail"],"picked":"All Out Attack","floor":1},{"not_picked":["Calculated Gamble","Outmaneuver"],"picked":"Cloak And Dagger","floor":4},{"not_picked":["Deflect","Poisoned Stab"],"picked":"Escape Plan","floor":5},{"not_picked":["Outmaneuver","Phantasmal Killer"],"picked":"Blade Dance","floor":7},{"not_picked":["Predator","Sucker Punch"],"picked":"Terror","floor":8},{"not_picked":["Dagger Spray","Sucker Punch"],"picked":"Cloak And Dagger","floor":11},{"not_picked":["Sucker Punch","Poisoned Stab","Bane"],"picked":"SKIP","floor":12},{"not_picked":["Flying Knee","Poisoned Stab"],"picked":"Eviscerate","floor":14},{"not_picked":["Storm of Steel","Doppelganger"],"picked":"Tools of the Trade","floor":16},{"not_picked":["Quick Slash","Outmaneuver"],"picked":"Prepared","floor":18},{"not_picked":["PiercingWail","Poisoned Stab"],"picked":"Dagger Throw","floor":19},{"not_picked":["Underhanded Strike","Infinite Blades","Setup"],"picked":"Singing Bowl","floor":24}],"player_experience":1043418,"relics_obtained":[{"floor":9,"key":"Boot"},{"floor":14,"key":"Whetstone"},{"floor":24,"key":"Singing Bowl"}],"event_choices":[{"cards_removed":["Strike_G"],"damage_healed":0,"gold_gain":0,"player_choice":"Card Removal","damage_taken":0,"max_hp_gain":0,"max_hp_loss":0,"event_name":"The Cleric","floor":2,"gold_loss":75},{"damage_healed":0,"gold_gain":0,"player_choice":"Bet on Murderer","damage_taken":0,"max_hp_gain":0,"max_hp_loss":0,"event_name":"The Joust","floor":20,"gold_loss":50},{"damage_healed":0,"gold_gain":0,"player_choice":"Ignored","damage_taken":0,"max_hp_gain":0,"max_hp_loss":0,"event_name":"The Mausoleum","floor":22,"gold_loss":0}],"is_beta":false,"boss_relics":[{"not_picked":["Sozu","Philosopher\u0027s Stone"],"picked":"Astrolabe"}],"items_purged_floors":[3,13,21],"is_endless":false,"potions_floor_spawned":[7,11,12,14,24],"killed_by":"Centurion and Healer","ascension_level":20}}