{"host":"a2lvm7nbw6nkrc91","time":1609517679,"event":{"mods":["BaseMod","Minty Spire (QoL Compilation)","Prisma Mod","Replay The Spire","StSLib","Td1madao Mod","The Bug Knight","The Dragon Tamer"],"gold_per_floor":[113,113,38,54,54,86,86,126,138,150,518,530,542,554,566,596,608,620,620,620],"floor_reached":18,"playtime":627,"items_purged":[],"score":151,"play_id":"5783ec69-405f-4e2c-bffc-f2efbbfa58aa","local_time":"20210102011439","is_ascension_mode":false,"metric_token":543,"campfire_choices":[{"data":"DTMod:CrossStep","floor":10,"key":"SMITH"},{"floor":14,"key":"REST"},{"data":"DTMod:InvisibleFlame","floor":17,"key":"SMITH"}],"dtmod_dragon_data":[22,50,-1,-1,0,0],"circlet_count":0,"master_deck":["DTMod:Strike","DTMod:Strike","DTMod:Strike","DTMod:Strike","DTMod:DoubleHit","DTMod:TargetDefense","DTMod:TargetDefense","DTMod:TargetDefense","DTMod:TargetDefense","DTMod:SwitchingTactic","DTMod:CleansingStrike","DTMod:InvisibleFlame+1","DTMod:Training","DTMod:BlueScale","DTMod:CrossStep+1","DTMod:HeatWave","DTMod:BlazingStrike"],"relics":["DTMod:PactStone","NeowsBlessing","Turnip","MawBank","Akabeko","DTMod:SolidMemories","Old Coin"],"acts_visited":["Exordium"],"potions_floor_usage":[8,15,18,18],"damage_taken":[{"damage":0,"enemies":"Small Slimes","floor":1,"turns":2},{"damage":0,"enemies":"Cultist","floor":4,"turns":1},{"damage":0,"enemies":"Gremlin Nob","floor":6,"turns":1},{"damage":9,"enemies":"HollowMod:MossKnight","floor":8,"turns":8},{"damage":9,"enemies":"Lagavulin Event","floor":11,"turns":7},{"damage":0,"enemies":"Gremlin Nob","floor":15,"turns":2},{"damage":0,"enemies":"Jaw Worm","floor":16,"turns":4},{"damage":44,"enemies":"Fading Forest","floor":18,"turns":11}],"seed_played":"7115778324794988353","potions_obtained":[{"floor":2,"key":"SkillPotion"},{"floor":2,"key":"SmokeBomb"},{"floor":2,"key":"Doom Potion"},{"floor":16,"key":"Fire Potion"}],"is_trial":false,"path_per_floor":["M","?","$","M","$","E","?","E","T","R","?","PTL","PTL","R","E","M","R","B"],"character_chosen":"THE_DT","items_purchased":["DTMod:InvisibleFlame"],"campfire_rested":1,"item_purchase_floors":[3],"current_hp_per_floor":[45,45,45,45,45,45,27,18,18,18,9,9,9,22,22,22,22,0,0,0],"gold":620,"neow_bonus":"THREE_ENEMY_KILL","is_daily":false,"chose_seed":false,"campfire_upgraded":2,"win_rate":0.0,"timestamp":1609517679,"path_taken":["M","?","$","?","?","E","?","E","T","R","?","PTL","PTL","R","E","M","R","BOSS"],"items_purchased_type":["Card"],"build_version":"2020-12-22","purchased_purges":0,"victory":false,"max_hp_per_floor":[45,45,45,45,45,45,45,45,45,45,45,45,45,45,45,45,45,45,45,45],"card_choices":[{"not_picked":["DTMod:BurningEnergy","DTMod:ComboAttack"],"picked":"DTMod:CleansingStrike","floor":1},{"not_picked":["DTMod:Cover","DTMod:ComboAttack"],"picked":"DTMod:Training","floor":4},{"not_picked":["DTMod:Conduct","DTMod:TauntingStrike"],"picked":"DTMod:BlueScale","floor":6},{"not_picked":["DTMod:MagicField","DTMod:Punisher"],"picked":"DTMod:CrossStep","floor":8},{"not_picked":["DTMod:CalculatedDefense","DTMod:InvisibleFlame"],"picked":"DTMod:HeatWave","floor":11},{"not_picked":["DTMod:Training","DTMod:CleansingStrike"],"picked":"DTMod:BlazingStrike","floor":16}],"player_experience":488883,"relics_obtained":[{"floor":6,"key":"Turnip"},{"floor":8,"key":"Akabeko"},{"floor":9,"key":"DTMod:SolidMemories"},{"floor":11,"key":"Old Coin"}],"event_choices":[{"damage_healed":0,"gold_gain":0,"player_choice":"Got Potions","damage_taken":0,"max_hp_gain":0,"max_hp_loss":0,"event_name":"Lab","floor":2,"gold_loss":0},{"damage_healed":0,"gold_gain":0,"player_choice":"Success","damage_taken":18,"relics_obtained":["MawBank"],"max_hp_gain":0,"max_hp_loss":0,"event_name":"Scrap Ooze","floor":7,"gold_loss":0},{"damage_healed":0,"gold_gain":30,"player_choice":"Searched \u00272\u0027 times","damage_taken":0,"max_hp_gain":0,"max_hp_loss":0,"event_name":"Dead Adventurer","floor":11,"gold_loss":0}],"is_beta":false,"boss_relics":[],"items_purged_floors":[],"is_endless":false,"potions_floor_spawned":[6,15,16],"killed_by":"Fading Forest","ascension_level":0}}