{"host":"yvb207ks1sg3cxef","time":1609506594,"event":{"mods":["2.2 Compatiblity","BaseMod","Bestiary","Colored Powertips","Minty Spire (QoL Compilation)","Permanent Neow","Quick Restart","Relic Stats","StSLib"],"gold_per_floor":[119,119,138,153,39,66,66,31,31,64,81,110,110,440,440,511,511,529,579,594,613,31,31,31,31],"floor_reached":24,"playtime":1084,"items_purged":["Strike_G"],"score":426,"play_id":"0f34ba63-27a4-4931-beb0-1fe95e45e6b3","local_time":"20210101183954","is_ascension_mode":true,"campfire_choices":[{"data":"Poisoned Stab","floor":7.0,"key":"SMITH"},{"floor":13,"key":"REST"},{"data":"Malaise","floor":15,"key":"SMITH"},{"data":"Tactician","floor":23,"key":"SMITH"}],"circlet_count":0,"master_deck":["AscendersBane","Strike_G","Strike_G","Strike_G","Strike_G","Defend_G","Defend_G","Defend_G","Defend_G","Defend_G","Survivor","Neutralize","All Out Attack","Slice","Dagger Throw","Leg Sweep","Poisoned Stab+1","Deadly Poison","Malaise+1","Backstab+1","Tools of the Trade","Tactician+1","Concentrate+1","Outmaneuver"],"relics":["Ring of the Snake","Anchor","WingedGreaves","Question Card","Darkstone Periapt","Molten Egg 2","Old Coin","Coffee Dripper","Sundial","ClockworkSouvenir"],"acts_visited":["Exordium","TheCity"],"potions_floor_usage":[12,14,16,21],"damage_taken":[{"damage":4.0,"enemies":"Jaw Worm","floor":1.0,"turns":5.0},{"damage":6.0,"enemies":"Cultist","floor":3.0,"turns":4.0},{"damage":1.0,"enemies":"Small Slimes","floor":4.0,"turns":4.0},{"damage":10.0,"enemies":"3 Sentries","floor":6.0,"turns":9.0},{"damage":29.0,"enemies":"Lagavulin","floor":10.0,"turns":7.0},{"damage":0.0,"enemies":"3 Louse","floor":11.0,"turns":3.0},{"damage":24,"enemies":"3 Sentries","floor":12,"turns":10},{"damage":14,"enemies":"Lagavulin","floor":14,"turns":10},{"damage":7,"enemies":"The Guardian","floor":16,"turns":11},{"damage":6,"enemies":"2 Thieves","floor":18,"turns":5},{"damage":11,"enemies":"Spheric Guardian","floor":20,"turns":6},{"damage":14,"enemies":"3 Cultists","floor":21,"turns":7},{"damage":21,"enemies":"Centurion and Healer","floor":24,"turns":4}],"seed_played":"1018830127047611288","potions_obtained":[{"floor":1.0,"key":"CunningPotion"},{"floor":10.0,"key":"FearPotion"},{"floor":11.0,"key":"GamblersBrew"},{"floor":12,"key":"GhostInAJar"},{"floor":14,"key":"ColorlessPotion"}],"is_trial":false,"path_per_floor":["M","?","M","M","$","E","R","?","T","E","M","E","R","E","R","B",null,"M","?","M","M","$","R","M"],"character_chosen":"THE_SILENT","items_purchased":["Leg Sweep","Poisoned Stab","Sundial","ClockworkSouvenir","Outmaneuver"],"campfire_rested":1,"item_purchase_floors":[5,5,22,22,22],"current_hp_per_floor":[55,66,60,59,59,49,49,65,65,36,36,12,31,17,17,10,52,46,40,29,15,15,15,0,0],"gold":31,"neow_bonus":"RANDOM_COMMON_RELIC","is_daily":false,"chose_seed":false,"campfire_upgraded":3,"win_rate":0.0,"timestamp":1609506594,"path_taken":["M","?","M","?","$","E","R","?","T","E","M","E","R","E","R","BOSS","M","?","?","M","$","R","M"],"items_purchased_type":["Card","Card","Relic","Relic","Card"],"build_version":"2020-12-22","purchased_purges":1,"victory":false,"max_hp_per_floor":[66,66,66,66,66,66,66,66,66,66,66,66,66,66,66,66,66,66,66,66,66,66,66,66,66],"relic_stats":{"Darkstone Periapt":0,"counters":[13,85],"Sundial":[0],"Question Card":8,"obtain_stats":[{"Darkstone Periapt":10,"Anchor":0,"Sundial":22,"Molten Egg 2":12,"WingedGreaves":6,"Coffee Dripper":17,"Question Card":9,"Ring of the Snake":0,"Old Coin":14,"ClockworkSouvenir":22},{"Darkstone Periapt":5,"Anchor":0,"Sundial":12,"Molten Egg 2":7,"WingedGreaves":4,"Coffee Dripper":9,"Question Card":4,"Ring of the Snake":0,"Old Coin":8,"ClockworkSouvenir":12},{"Darkstone Periapt":29,"Anchor":0,"Sundial":81,"Molten Egg 2":42,"WingedGreaves":22,"Coffee Dripper":63,"Question Card":22,"Ring of the Snake":0,"Old Coin":52,"ClockworkSouvenir":81}],"Ring of the Snake":[26]},"card_choices":[{"not_picked":["Prepared","Flechettes"],"picked":"All Out Attack","floor":1.0},{"not_picked":["Dodge and Roll","All Out Attack"],"picked":"Slice","floor":3.0},{"not_picked":["Sucker Punch","Quick Slash"],"picked":"Dagger Throw","floor":4.0},{"not_picked":["Envenom","Poisoned Stab","Terror"],"picked":"SKIP","floor":6.0},{"not_picked":["Terror","Quick Slash","Flying Knee","Underhanded Strike"],"picked":"SKIP","floor":10.0},{"not_picked":["Slice","Poisoned Stab","Prepared"],"picked":"Deadly Poison","floor":11.0},{"not_picked":["Masterful Stab+1","Infinite Blades","PiercingWail"],"picked":"Malaise","floor":12},{"not_picked":["Quick Slash+1","Acrobatics","Choke+1"],"picked":"Backstab+1","floor":14},{"not_picked":["After Image","Unload+1","Die Die Die+1"],"picked":"Tools of the Trade","floor":16},{"not_picked":["Blade Dance","Poisoned Stab+1","Quick Slash+1"],"picked":"Tactician","floor":18},{"not_picked":["Distraction","Accuracy+1","Dodge and Roll","Infinite Blades"],"picked":"SKIP","floor":20},{"not_picked":["Underhanded Strike+1","Dodge and Roll","Masterful Stab+1"],"picked":"Concentrate+1","floor":21}],"player_experience":266644,"relics_obtained":[{"floor":6.0,"key":"WingedGreaves"},{"floor":9.0,"key":"Question Card"},{"floor":10.0,"key":"Darkstone Periapt"},{"floor":12,"key":"Molten Egg 2"},{"floor":14,"key":"Old Coin"}],"event_choices":[{"damage_healed":11.0,"max_hp_gain":0.0,"max_hp_loss":0.0,"gold_gain":0.0,"event_name":"Wheel of Change","player_choice":"Full Heal","floor":2.0,"gold_loss":0.0,"damage_taken":0.0},{"damage_healed":16.0,"max_hp_gain":0.0,"max_hp_loss":0.0,"gold_gain":0.0,"event_name":"The Cleric","player_choice":"Healed","floor":8.0,"gold_loss":35.0,"damage_taken":0.0},{"damage_healed":0,"gold_gain":50,"player_choice":"Touch","damage_taken":6,"max_hp_gain":0,"max_hp_loss":0,"event_name":"FaceTrader","floor":19,"gold_loss":0}],"is_beta":false,"boss_relics":[{"not_picked":["Calling Bell","Velvet Choker"],"picked":"Coffee Dripper"}],"items_purged_floors":[22],"is_endless":false,"potions_floor_spawned":[1,10,11,12,14],"killed_by":"Centurion and Healer","ascension_level":18}}