{"host":"bbrtpn53yniy7wad","time":1609484357,"event":{"mods":["AchievementEnabler","BaseMod","Colored Map","Highlight Path","Minty Spire (QoL Compilation)","StSLib","SuperFastMode","everything is the same but u backflip on backflip"],"gold_per_floor":[109,125,137,156,170,170,188,188,215,215,225,238,163,177,177,177,177],"floor_reached":16,"playtime":328,"items_purged":["Strike_G"],"score":296,"play_id":"0b93afa9-92f1-47e0-aad8-5d31c30ff849","local_time":"20210101155917","is_ascension_mode":true,"campfire_choices":[{"data":"Bane","floor":6.0,"key":"SMITH"},{"data":"Catalyst","floor":8.0,"key":"SMITH"},{"data":"Corpse Explosion","floor":10.0,"key":"SMITH"},{"data":"Acrobatics","floor":15.0,"key":"SMITH"}],"circlet_count":0,"master_deck":["AscendersBane","Strike_G","Strike_G","Strike_G","Strike_G","Defend_G","Defend_G","Defend_G","Defend_G","Defend_G","Survivor","Neutralize","Corpse Explosion+1","Slice","Backflip","Flying Knee","Bane+1","Prepared","Catalyst+1","Calculated Gamble","Malaise","Acrobatics+1"],"relics":["Ring of the Snake","Blood Vial"],"acts_visited":["Exordium"],"potions_floor_usage":[16],"damage_taken":[{"damage":0.0,"enemies":"Small Slimes","floor":1.0,"turns":2.0},{"damage":4.0,"enemies":"Jaw Worm","floor":2.0,"turns":4.0},{"damage":1.0,"enemies":"Cultist","floor":3.0,"turns":3.0},{"damage":0.0,"enemies":"Blue Slaver","floor":4.0,"turns":4.0},{"damage":6.0,"enemies":"Looter","floor":5.0,"turns":4.0},{"damage":0.0,"enemies":"2 Fungi Beasts","floor":7.0,"turns":2.0},{"damage":1.0,"enemies":"Blue Slaver","floor":11.0,"turns":4.0},{"damage":5.0,"enemies":"Gremlin Gang","floor":12.0,"turns":2.0},{"damage":0.0,"enemies":"3 Louse","floor":14.0,"turns":1.0},{"damage":64,"enemies":"Slime Boss","floor":16,"turns":6}],"seed_played":"-7094720332035407155","potions_obtained":[{"floor":2.0,"key":"Swift Potion"},{"floor":5.0,"key":"PowerPotion"}],"is_trial":false,"path_per_floor":["M","M","M","M","M","R","M","R","T","R","M","M","$","M","R","B"],"character_chosen":"THE_SILENT","items_purchased":[],"campfire_rested":0,"item_purchase_floors":[],"current_hp_per_floor":[59,55,54,54,48,48,48,48,48,48,49,46,46,48,48,0,0],"gold":177,"neow_bonus":"ONE_RANDOM_RARE_CARD","is_daily":false,"chose_seed":false,"campfire_upgraded":4,"win_rate":0.0,"timestamp":1609484357,"path_taken":["M","M","M","M","M","R","M","R","T","R","M","M","$","M","R","BOSS"],"items_purchased_type":[],"build_version":"2020-12-22","purchased_purges":1,"victory":false,"max_hp_per_floor":[66,66,66,66,66,66,66,66,66,66,66,66,66,66,66,66,66],"card_choices":[{"not_picked":["Poisoned Stab","Dodge and Roll"],"picked":"Slice","floor":1.0},{"not_picked":["Finisher","Dagger Spray"],"picked":"Backflip","floor":2.0},{"not_picked":["Riddle With Holes","Concentrate"],"picked":"Flying Knee","floor":3.0},{"not_picked":["Flying Knee","Cloak And Dagger"],"picked":"Bane","floor":4.0},{"not_picked":["Distraction","Flying Knee"],"picked":"Prepared","floor":5.0},{"not_picked":["Outmaneuver","Dodge and Roll"],"picked":"Catalyst","floor":7.0},{"not_picked":["Predator","Acrobatics"],"picked":"Calculated Gamble","floor":11.0},{"not_picked":["Masterful Stab","Quick Slash"],"picked":"Malaise","floor":12.0},{"not_picked":["Sucker Punch","Blade Dance"],"picked":"Acrobatics","floor":14.0}],"player_experience":1029817,"relics_obtained":[{"floor":9.0,"key":"Blood Vial"}],"event_choices":[],"is_beta":false,"boss_relics":[],"items_purged_floors":[13],"is_endless":false,"potions_floor_spawned":[2,5,7],"killed_by":"Slime Boss","ascension_level":20}}