{"host":"309cd6jyiw3t7f6r","time":1609469425,"event":{"mods":["ATMod(阿瑾Mod)","Act Like it!","Arknights The Spire","BaseMod","CapriCore","Downfall","Gensokyo","HololiveMod","KinomotoSakuraMod(木之本?)","Koishi","KomeijiMod","Lobotomy","Marisa（霧雨　魔理沙）","Minty Spire (QoL Compilation)","MostiFishMod","Prisma Mod","READ ME - Guardian Mod","Remilia（蕾米莉?）","RumiaBox-露米?的神秘盒子","StSLib","The Administrix","The Cursed","The Immortal","WarShipGirlsR/??少女R mod","Yakumo Yukari mod","Youmu（魂魄妖?）","【角色mod】十八桐人"],"gold_per_floor":[118,128,128,128,153,153,176,195,195,195,195,209,209,227,227,227,227],"floor_reached":16,"playtime":853,"items_purged":[],"score":94,"play_id":"8638046b-07d0-4c0e-91c2-367cd88a8ac2","local_time":"20210101105024","is_ascension_mode":false,"campfire_choices":[{"data":"Deadly Poison","floor":6,"key":"SMITH"},{"data":"AT_FamilyPortrait","floor":11,"key":"SMITH"},{"data":"MostiFishMod:PoisonShield","floor":15,"key":"SMITH"}],"circlet_count":0,"master_deck":["Strike_G","Strike_G","Strike_G","Strike_G","Strike_G","Defend_G","Defend_G","Defend_G","Defend_G","Defend_G","Survivor","Neutralize","AT_FamilyPortrait+1","Poisoned Stab","MeatLantern","HeroicMonk","MostiFishMod:PoisonShield+1","Deadly Poison+1","Mercenary","Murderer","GreedKing","SingingMachine","Outmaneuver"],"relics":["Ring of the Snake","DaveBox","AT_ATBox","CogitoBucket","FeatherPendant","SynthV:TestCard","Golden Idol","ImprovedEquipment","AT_ForceNature","ResearcherNote","GodSword6"],"acts_visited":["Exordium"],"potions_floor_usage":[16],"damage_taken":[{"damage":1,"enemies":"Small Slimes","floor":1,"turns":2},{"damage":0,"enemies":"Jaw Worm","floor":2,"turns":1},{"damage":1,"enemies":"Cultist","floor":5,"turns":2},{"damage":0,"enemies":"Blue Slaver","floor":7,"turns":2},{"damage":0,"enemies":"Red Slaver","floor":8,"turns":2},{"damage":11,"enemies":"3 Louse","floor":12,"turns":5},{"damage":5,"enemies":"Looter","floor":14,"turns":2},{"damage":50,"enemies":"Slime Boss","floor":16,"turns":4}],"seed_played":"6790871426500112826","potions_obtained":[{"floor":2,"key":"Poison Potion"},{"floor":5,"key":"Swift Potion"},{"floor":8,"key":"BlessingOfTheForge"}],"is_trial":false,"path_per_floor":["M","M","?","T","M","R","M","M","T","?","R","M","?","M","R","B"],"character_chosen":"THE_SILENT","items_purchased":[],"campfire_rested":0,"item_purchase_floors":[],"current_hp_per_floor":[69,69,65,65,64,64,64,64,64,64,64,53,50,45,45,0,0],"gold":227,"neow_bonus":"","is_daily":false,"chose_seed":false,"campfire_upgraded":3,"win_rate":0.0,"timestamp":1609469424,"path_taken":["M","M","?","?","M","R","?","M","T","?","R","?","?","M","R","BOSS"],"items_purchased_type":[],"build_version":"2020-12-22","purchased_purges":0,"victory":false,"max_hp_per_floor":[70,70,65,65,65,65,65,65,65,65,65,65,65,65,65,65,65],"card_choices":[{"not_picked":["Bane","AT_ShadowStep"],"picked":"Poisoned Stab","floor":1},{"not_picked":["CherryBlossoms","WallGazer","Scorched"],"picked":"Singing Bowl","floor":1},{"not_picked":["OldLady","FairyFestival"],"picked":"MeatLantern","floor":1},{"not_picked":["FairyFestival","UniverseFragment"],"picked":"HeroicMonk","floor":2},{"not_picked":["Phantasmal Killer","Sucker Punch","Dagger Throw","Escape Plan"],"picked":"MostiFishMod:PoisonShield","floor":2},{"not_picked":["AT_WomanClash","AT_KneejerkReflex","Setup","Dash"],"picked":"Deadly Poison","floor":5},{"not_picked":["RedShoes","Funeral"],"picked":"Mercenary","floor":5},{"not_picked":["VoidDream","OSAHOGD","LongBird"],"picked":"Singing Bowl","floor":7},{"not_picked":["OSAHOGD","Scorched"],"picked":"Murderer","floor":7},{"not_picked":["Endless Agony","Slice","Outmaneuver","Calculated Gamble","Dagger Throw"],"picked":"SKIP","floor":7},{"not_picked":["HappyTeddy","VoidDream"],"picked":"FairyFestival","floor":8},{"not_picked":["Slice","Backflip","Cloak And Dagger","Blade Dance","Dagger Throw"],"picked":"SKIP","floor":8},{"not_picked":["MHz","Porccubus"],"picked":"GreedKing","floor":12},{"not_picked":["Prepared","Eviscerate","Sucker Punch","AT_WindRun","Expertise"],"picked":"SKIP","floor":12},{"not_picked":["Freischutz","FairyFestival"],"picked":"SingingMachine","floor":14},{"not_picked":["Concentrate","MostiFishMod:PoisonShield","Quick Slash","Leg Sweep"],"picked":"Outmaneuver","floor":14}],"player_experience":317595,"relics_obtained":[{"floor":1,"key":"SynthV:TestCard"},{"floor":4,"key":"ImprovedEquipment"},{"floor":9,"key":"AT_ForceNature"}],"event_choices":[{"damage_healed":0,"gold_gain":0,"player_choice":"Lose Max HP","damage_taken":0,"relics_obtained":["Golden Idol"],"max_hp_gain":0,"max_hp_loss":5,"event_name":"Golden Idol","floor":3,"gold_loss":0},{"cards_removed":["FairyFestival"],"damage_healed":0,"gold_gain":0,"player_choice":"Purged","damage_taken":0,"max_hp_gain":0,"max_hp_loss":0,"event_name":"Purifier","floor":10,"gold_loss":0},{"damage_healed":0,"gold_gain":0,"player_choice":"Success","damage_taken":3,"relics_obtained":["GodSword6"],"max_hp_gain":0,"max_hp_loss":0,"event_name":"Scrap Ooze","floor":13,"gold_loss":0}],"is_beta":false,"boss_relics":[],"items_purged_floors":[],"is_endless":false,"potions_floor_spawned":[2,5,8],"killed_by":"Slime Boss","ascension_level":0}}