{"host":"dpbezu80jg8zk7un","time":1609535625,"event":{"mods":["BaseMod","Colored Map","Colored Powertips","Custom Start","DeckTracker","Minty Spire (QoL Compilation)","Quick Restart","StSLib","SuperFastMode"],"gold_per_floor":[115,115,135,135,149,184,184,209,233,250,88,88,105,117,117,193,193,206,131,131,147,47,47,61,86,136,171,181,181,197,232,232,303,303,316,333,352,227,244,244,272,290,290,315,331,331,331,360,372,384,396,408,420,110,141,141],"floor_reached":57,"playtime":1808,"items_purged":["Defend_P","Defend_P+1","Defend_P+1","Strike_P+1"],"score":3678,"play_id":"2b46ae12-b423-42d5-9907-72b5f525bc76","local_time":"20210102061345","is_ascension_mode":true,"campfire_choices":[{"data":"Eruption","floor":7.0,"key":"SMITH"},{"data":"Adaptation","floor":12.0,"key":"SMITH"},{"data":"MentalFortress","floor":15.0,"key":"SMITH"},{"floor":29.0,"key":"RECALL"},{"floor":32.0,"key":"REST"},{"floor":40.0,"key":"REST"},{"floor":47.0,"key":"REST"},{"floor":49.0,"key":"REST"},{"floor":53,"key":"REST"}],"circlet_count":0,"master_deck":["AscendersBane","Strike_P+1","Eruption+1","Vigilance+1","DeceiveReality+1","Adaptation+1","Tantrum+1","FearNoEvil+1","MentalFortress+1","InnerPeace+1","LessonLearned+1"],"relics":["PureWater","Bag of Preparation","Akabeko","Centennial Puzzle","Runic Pyramid","Unceasing Top","MealTicket","Bag of Marbles","Gremlin Horn","Busted Crown","Orichalcum","Singing Bowl","Turnip","MawBank","TheAbacus","Whetstone"],"acts_visited":["Exordium","TheCity","TheBeyond","TheEnding"],"potions_floor_usage":[56],"damage_taken":[{"damage":0.0,"enemies":"Jaw Worm","floor":1.0,"turns":6.0},{"damage":0.0,"enemies":"Small Slimes","floor":3.0,"turns":2.0},{"damage":0.0,"enemies":"2 Louse","floor":5.0,"turns":4.0},{"damage":20.0,"enemies":"3 Sentries","floor":6.0,"turns":5.0},{"damage":0.0,"enemies":"Gremlin Nob","floor":8.0,"turns":2.0},{"damage":0.0,"enemies":"Gremlin Gang","floor":10.0,"turns":4.0},{"damage":0.0,"enemies":"Exordium Wildlife","floor":13.0,"turns":1.0},{"damage":0.0,"enemies":"2 Fungi Beasts","floor":14.0,"turns":2.0},{"damage":0.0,"enemies":"Slime Boss","floor":16.0,"turns":6.0},{"damage":0.0,"enemies":"Spheric Guardian","floor":18.0,"turns":1.0},{"damage":3.0,"enemies":"Shell Parasite","floor":21.0,"turns":3.0},{"damage":10.0,"enemies":"Snake Plant","floor":24.0,"turns":2.0},{"damage":0.0,"enemies":"Book of Stabbing","floor":25.0,"turns":2.0},{"damage":0.0,"enemies":"Gremlin Leader","floor":27.0,"turns":2.0},{"damage":0.0,"enemies":"Chosen and Byrds","floor":28.0,"turns":3.0},{"damage":0.0,"enemies":"Centurion and Healer","floor":30.0,"turns":2.0},{"damage":1.0,"enemies":"Slavers","floor":31.0,"turns":2.0},{"damage":0.0,"enemies":"Collector","floor":33.0,"turns":2.0},{"damage":0.0,"enemies":"3 Darklings","floor":35.0,"turns":2.0},{"damage":0.0,"enemies":"Orb Walker","floor":36.0,"turns":1.0},{"damage":0.0,"enemies":"3 Darklings","floor":37.0,"turns":1.0},{"damage":0.0,"enemies":"Maw","floor":39.0,"turns":4.0},{"damage":0.0,"enemies":"Nemesis","floor":41.0,"turns":5.0},{"damage":0.0,"enemies":"Transient","floor":42.0,"turns":6.0},{"damage":0.0,"enemies":"Reptomancer","floor":44.0,"turns":2.0},{"damage":0.0,"enemies":"4 Shapes","floor":45.0,"turns":2.0},{"damage":0.0,"enemies":"Giant Head","floor":48.0,"turns":2.0},{"damage":0.0,"enemies":"Donu and Deca","floor":50.0,"turns":3.0},{"damage":0,"enemies":"Awakened One","floor":51,"turns":2},{"damage":0,"enemies":"Shield and Spear","floor":55,"turns":1},{"damage":0,"enemies":"The Heart","floor":56,"turns":6}],"seed_played":"-3927944797693118419","potions_obtained":[{"floor":3.0,"key":"BottledMiracle"},{"floor":6.0,"key":"Fire Potion"},{"floor":8.0,"key":"DistilledChaos"},{"floor":13.0,"key":"Swift Potion"},{"floor":18.0,"key":"ColorlessPotion"},{"floor":27.0,"key":"SkillPotion"},{"floor":28.0,"key":"Weak Potion"},{"floor":31.0,"key":"Strength Potion"},{"floor":33.0,"key":"Ancient Potion"},{"floor":39.0,"key":"SteroidPotion"},{"floor":41.0,"key":"Swift Potion"}],"is_trial":false,"path_per_floor":["M","?","M","?","M","E","R","E","T","M","$","R","M","M","R","B",null,"M","?","?","M","$","?","M","E","T","E","M","R","M","E","R","B",null,"M","M","M","$","M","R","E","M","T","E","M","?","R","E","R","B","B",null,"R","$","E","B",null],"character_chosen":"WATCHER","items_purchased":["MentalFortress","TheAbacus"],"campfire_rested":5,"item_purchase_floors":[11,54],"current_hp_per_floor":[61,56,56,37,37,17,17,17,17,17,17,17,17,17,17,17,51,51,51,51,48,48,72,62,62,62,62,62,62,62,61,72,72,72,72,72,72,72,72,72,72,72,72,74,76,76,76,78,78,78,78,78,78,78,80,80],"gold":141,"neow_bonus":"TRANSFORM_TWO_CARDS","is_daily":false,"chose_seed":false,"campfire_upgraded":3,"win_rate":0.0,"timestamp":1609535625,"path_taken":["M","?","M","?","M","E","R","E","T","M","$","R","M","?","R","BOSS","M","?","?","M","$","?","M","E","T","E","?","R","M","E","R","BOSS","M","M","M","$","M","R","E","M","T","E","M","?","R","E","R","BOSS","BOSS","R","$","E","BOSS"],"items_purchased_type":["Card","Relic"],"build_version":"2020-12-22","purchased_purges":4,"victory":true,"max_hp_per_floor":[62,62,62,62,62,62,62,62,62,62,62,62,62,62,62,62,62,62,62,62,62,62,72,72,72,72,72,72,72,72,72,72,72,72,72,72,72,72,72,72,72,72,72,74,76,76,76,78,78,78,78,78,78,78,80,80],"card_choices":[{"not_picked":["Prostrate","Consecrate"],"picked":"Adaptation","floor":1.0},{"not_picked":["Swivel","Pray","Protect"],"picked":"SKIP","floor":3.0},{"not_picked":["Consecrate","ClearTheMind"],"picked":"Tantrum","floor":5.0},{"not_picked":["EmptyBody","ClearTheMind"],"picked":"FearNoEvil","floor":6.0},{"not_picked":["Tantrum","Nirvana","Worship"],"picked":"SKIP","floor":8.0},{"not_picked":["Indignation","Prostrate","BowlingBash"],"picked":"SKIP","floor":10.0},{"not_picked":["BowlingBash","PathToVictory","Halt"],"picked":"SKIP","floor":13.0},{"not_picked":["ThirdEye","WaveOfTheHand"],"picked":"InnerPeace","floor":14.0},{"not_picked":["Judgement","DeusExMachina"],"picked":"LessonLearned","floor":16.0},{"not_picked":["MentalFortress+1","FollowUp+1","Prostrate+1"],"picked":"SKIP","floor":18.0},{"not_picked":["SignatureMove","FlurryOfBlows","LikeWater"],"picked":"SKIP","floor":21.0},{"not_picked":["Protect","Nirvana","EmptyMind"],"picked":"SKIP","floor":24.0},{"not_picked":["Wireheading","ThirdEye","Crescendo"],"picked":"SKIP","floor":25.0},{"not_picked":["WreathOfFlame","Protect","Halt"],"picked":"SKIP","floor":27.0},{"not_picked":["FlurryOfBlows","BowlingBash","PathToVictory+1"],"picked":"SKIP","floor":28.0},{"not_picked":["FollowUp","ClearTheMind+1","CrushJoints"],"picked":"SKIP","floor":30.0},{"not_picked":["Alpha","Prostrate","SandsOfTime"],"picked":"SKIP","floor":31.0},{"not_picked":["Evaluate+1"],"picked":"SKIP","floor":35.0},{"not_picked":["PathToVictory"],"picked":"SKIP","floor":36.0},{"not_picked":["Crescendo"],"picked":"SKIP","floor":37.0},{"not_picked":["CutThroughFate"],"picked":"SKIP","floor":39.0},{"not_picked":["Wireheading+1"],"picked":"SKIP","floor":41.0},{"not_picked":["ClearTheMind"],"picked":"SKIP","floor":42.0},{"not_picked":["EmptyFist"],"picked":"Singing Bowl","floor":44.0},{"not_picked":["ForeignInfluence"],"picked":"Singing Bowl","floor":45.0},{"not_picked":["FollowUp"],"picked":"Singing Bowl","floor":48.0},{"not_picked":["BowlingBash"],"picked":"Singing Bowl","floor":55}],"player_experience":2819434,"relics_obtained":[{"floor":6.0,"key":"Akabeko"},{"floor":8.0,"key":"Centennial Puzzle"},{"floor":25.0,"key":"Unceasing Top"},{"floor":26.0,"key":"MealTicket"},{"floor":27.0,"key":"Bag of Marbles"},{"floor":31.0,"key":"Gremlin Horn"},{"floor":41.0,"key":"Orichalcum"},{"floor":43.0,"key":"Singing Bowl"},{"floor":44.0,"key":"Turnip"},{"floor":48.0,"key":"MawBank"},{"floor":55,"key":"Whetstone"}],"event_choices":[{"damage_healed":0.0,"max_hp_gain":0.0,"max_hp_loss":0.0,"gold_gain":0.0,"event_name":"Scrap Ooze","player_choice":"Success","floor":2.0,"gold_loss":0.0,"damage_taken":5.0,"relics_obtained":["Bag of Preparation"]},{"damage_healed":0.0,"max_hp_gain":0.0,"max_hp_loss":0.0,"gold_gain":0.0,"event_name":"Shining Light","player_choice":"Entered Light","floor":4.0,"gold_loss":0.0,"damage_taken":19.0,"cards_upgraded":["Defend_P","Defend_P"]},{"cards_removed":["Strike_P"],"damage_healed":0.0,"max_hp_gain":0.0,"max_hp_loss":0.0,"gold_gain":0.0,"event_name":"Beggar","player_choice":"Gave Gold","floor":19.0,"gold_loss":75.0,"damage_taken":0.0},{"damage_healed":0.0,"max_hp_gain":0.0,"max_hp_loss":0.0,"gold_gain":0.0,"event_name":"Vampires","player_choice":"Ignored","floor":20.0,"gold_loss":0.0,"damage_taken":0.0},{"cards_removed":["Establishment"],"damage_healed":14.0,"max_hp_gain":10.0,"max_hp_loss":0.0,"gold_gain":0.0,"event_name":"Bonfire Elementals","player_choice":"Offered Rare","floor":23.0,"gold_loss":0.0,"damage_taken":0.0},{"damage_healed":0.0,"max_hp_gain":0.0,"max_hp_loss":0.0,"gold_gain":0.0,"event_name":"Tomb of Lord Red Mask","player_choice":"Ignored","floor":46.0,"gold_loss":0.0,"damage_taken":0.0}],"is_beta":false,"boss_relics":[{"not_picked":["Velvet Choker","Ectoplasm"],"picked":"Runic Pyramid"},{"not_picked":["Sozu","Calling Bell"],"picked":"Busted Crown"}],"items_purged_floors":[11,22,38,54],"is_endless":false,"potions_floor_spawned":[3,6,8,13,14,18,27,28,31,33,36,39,41,44,55],"ascension_level":20}}