{"host":"g0wzhe4c0sx9de9x","time":1609541217,"event":{"mods":["Act Like it!","BaseMod","DeckTracker","Downfall","Friendly Minions","Gensokyo","Hermit","Highlight Path","Jorbs\u0027s Wanderer Trilogy","Kiyohime????","Koishi","Lobotomy","Marisa????????","Minty Spire (QoL Compilation)","Prisma Mod","Quick Restart","Rare Cards Sparkle","Reimu??????","StSLib","The Cursed","The Hierophant","The Servant 0.9.4","The Wild Card","TheBandit"],"gold_per_floor":[112,128,147,157,3,3,20,37,37,37,49,68,102,102,102,102,102],"floor_reached":16,"playtime":743,"items_purged":[],"score":106,"play_id":"4c30980b-1589-475f-9178-0905e9dec59a","local_time":"20210101234657","is_ascension_mode":false,"campfire_choices":[{"data":"hermit:SprayPray","floor":6,"key":"SMITH"},{"floor":10,"key":"REST"},{"floor":15,"key":"REST"}],"circlet_count":0,"master_deck":["hermit:Strike_Hermit","hermit:Strike_Hermit","hermit:Strike_Hermit","hermit:Strike_Hermit","hermit:Defend_Hermit","hermit:Defend_Hermit","hermit:Defend_Hermit","hermit:Defend_Hermit","hermit:Snapshot","hermit:Malice","hermit:Brawl","hermit:TrackingShot","hermit:Ricochet","hermit:SprayPray+1","hermit:Deadeye","hermit:Roughhouse","hermit:Showdown","hermit:Glare","hermit:Reprieve"],"relics":["hermit:Momento","Lee\u0027s Waffle","Frozen Egg 2","Meat on the Bone"],"acts_visited":["Exordium"],"potions_floor_usage":[13,16],"damage_taken":[{"damage":4,"enemies":"Cultist","floor":1,"turns":4},{"damage":14,"enemies":"Jaw Worm","floor":2,"turns":4},{"damage":5,"enemies":"2 Louse","floor":3,"turns":2},{"damage":36,"enemies":"Gremlin Gang","floor":4,"turns":6},{"damage":20,"enemies":"Large Slime","floor":7,"turns":5},{"damage":14,"enemies":"Blue Slaver","floor":8,"turns":3},{"damage":14,"enemies":"Exordium Thugs","floor":11,"turns":3},{"damage":8,"enemies":"3 Louse","floor":12,"turns":2},{"damage":31,"enemies":"3 Sentries","floor":13,"turns":6},{"damage":43,"enemies":"The Guardian","floor":16,"turns":4}],"seed_played":"-1485296632433840751","potions_obtained":[{"floor":2,"key":"champ:CounterPotion"},{"floor":3,"key":"Energy Potion"},{"floor":4,"key":"BlessingOfTheForge"}],"is_trial":false,"path_per_floor":["M","M","M","M","$","R","M","M","T","R","M","M","E","?","R","B"],"character_chosen":"HERMIT","items_purchased":["Lee\u0027s Waffle"],"campfire_rested":2,"item_purchase_floors":[5],"current_hp_per_floor":[71,57,52,16,82,82,62,48,48,72,58,50,19,19,43,0,0],"gold":102,"neow_bonus":"THREE_CARDS","is_daily":false,"chose_seed":false,"campfire_upgraded":1,"win_rate":0.0,"timestamp":1609541217,"path_taken":["M","M","M","M","$","R","?","?","T","R","?","M","E","?","R","BOSS"],"items_purchased_type":["Relic"],"build_version":"2020-12-22","purchased_purges":0,"victory":false,"max_hp_per_floor":[75,75,75,75,82,82,82,82,82,82,82,82,82,82,82,82,82],"card_choices":[{"not_picked":["hermit:LowProfile","hermit:BodyArmor"],"picked":"hermit:Malice","floor":0},{"not_picked":["hermit:BodyArmor","hermit:Shortfuse"],"picked":"hermit:Brawl","floor":1},{"not_picked":["hermit:FlashPowder","hermit:Misfire"],"picked":"hermit:TrackingShot","floor":2},{"not_picked":["hermit:Headshot","hermit:TrackingShot"],"picked":"hermit:Ricochet","floor":3},{"not_picked":["hermit:Feint","hermit:Cheat"],"picked":"hermit:SprayPray","floor":4},{"not_picked":["hermit:Manifest","hermit:BodyArmor"],"picked":"hermit:Deadeye","floor":7},{"not_picked":["hermit:LowProfile","hermit:Cheat","hermit:DeadMansHand"],"picked":"SKIP","floor":8},{"not_picked":["hermit:TakeCover","hermit:Snipe"],"picked":"hermit:Roughhouse","floor":11},{"not_picked":["hermit:Glare","hermit:HoleUp"],"picked":"hermit:Showdown","floor":12},{"not_picked":["hermit:LowProfile","hermit:Brawl+1"],"picked":"hermit:Glare","floor":13}],"player_experience":432367,"relics_obtained":[{"floor":9,"key":"Frozen Egg 2"},{"floor":13,"key":"Meat on the Bone"}],"event_choices":[{"damage_healed":0,"gold_gain":0,"cards_transformed":["hermit:Covet"],"player_choice":"Change","damage_taken":0,"max_hp_gain":0,"max_hp_loss":0,"event_name":"Living Wall","floor":14,"gold_loss":0,"cards_obtained":["hermit:Reprieve"]}],"is_beta":false,"boss_relics":[],"items_purged_floors":[],"is_endless":false,"potions_floor_spawned":[2,3,4,12],"killed_by":"The Guardian","ascension_level":0}}