{"host":"sc0o2qwpf9j16a4i","time":1609525165,"event":{"mods":["AchievementEnabler","BaseMod","BetterRewards","Block Reminder","Colored Map","Colored Powertips","Custom Start","Highlight Path","Minty Spire (QoL Compilation)","Relic Stats"],"gold_per_floor":[113,113,113,126,143,143,178,197,246,268,268,281,281,281,281,379,379,392,240,256,256,256,256],"floor_reached":22,"playtime":535,"items_purged":["Strike_B"],"score":568,"play_id":"f8e96090-f621-4b89-912b-cfe27f3e8ddf","local_time":"20210101201925","is_ascension_mode":true,"campfire_choices":[{"data":"Darkness","floor":6.0,"key":"SMITH"},{"floor":11,"key":"REST"},{"data":"Undo","floor":13,"key":"SMITH"},{"data":"Gash","floor":15,"key":"SMITH"}],"circlet_count":0,"master_deck":["AscendersBane","Strike_B","Strike_B","Defend_B","Defend_B","Defend_B","Defend_B","Zap","Dualcast","Darkness+1","Gash+1","Gash","Stack","Undo+1","Gash","Sweeping Beam","Ball Lightning","Echo Form","Hologram+1","Self Repair"],"relics":["Cracked Core","Lee\u0027s Waffle","Blue Candle","Bronze Scales","Odd Mushroom","Golden Idol","Sozu"],"acts_visited":["Exordium","TheCity"],"potions_floor_usage":[7,7,12,16,22],"damage_taken":[{"damage":15.0,"enemies":"Small Slimes","floor":1.0,"turns":3.0},{"damage":9.0,"enemies":"Jaw Worm","floor":4.0,"turns":4.0},{"damage":7.0,"enemies":"2 Louse","floor":5.0,"turns":3.0},{"damage":11,"enemies":"Gremlin Nob","floor":7,"turns":3},{"damage":0,"enemies":"2 Fungi Beasts","floor":8,"turns":5},{"damage":12,"enemies":"The Mushroom Lair","floor":10,"turns":4},{"damage":5,"enemies":"Gremlin Gang","floor":12,"turns":3},{"damage":5,"enemies":"Slime Boss","floor":16,"turns":5},{"damage":7,"enemies":"Spheric Guardian","floor":18,"turns":5},{"damage":25,"enemies":"Shell Parasite","floor":20,"turns":5},{"damage":51,"enemies":"Chosen and Byrds","floor":22,"turns":5}],"seed_played":"-8995231051561981541","potions_obtained":[{"floor":5.0,"key":"EntropicBrew"},{"floor":8,"key":"Dexterity Potion"},{"floor":10,"key":"SteroidPotion"},{"floor":12,"key":"ColorlessPotion"}],"is_trial":false,"path_per_floor":["M","?","?","M","M","R","E","M","T","?","R","M","R","?","R","B",null,"M","$","M","?","M"],"character_chosen":"DEFECT","items_purchased":["Lee\u0027s Waffle","Darkness","Self Repair"],"campfire_rested":1,"item_purchase_floors":[0,0,19],"current_hp_per_floor":[63,68,61,52,45,45,34,34,34,22,46,41,41,41,41,36,65,58,58,40,40,0,0],"gold":256,"neow_bonus":"","is_daily":false,"chose_seed":false,"campfire_upgraded":3,"win_rate":0.0,"timestamp":1609525165,"path_taken":["M","?","?","M","M","R","E","?","T","?","R","M","R","?","R","BOSS","M","$","M","?","M"],"items_purchased_type":["Relic","Card","Card"],"build_version":"2020-12-22","purchased_purges":1,"victory":false,"max_hp_per_floor":[78,83,83,83,83,83,83,83,83,83,83,83,83,75,75,75,75,75,75,75,75,75,75],"relic_stats":{"Sozu":1,"Lee\u0027s Waffle":25,"counters":[23,92],"Golden Idol":26,"Blue Candle":[0],"Bronze Scales":[57],"obtain_stats":[{"Potion Belt":9,"Lee\u0027s Waffle":0,"Golden Idol":14,"Astrolabe":17,"Blue Candle":7,"Thread and Needle":0,"Pen Nib":0,"Juzu Bracelet":12,"Odd Mushroom":10,"Calling Bell":0,"Sozu":17,"Matryoshka":7,"Bronze Scales":9,"Molten Egg 2":0,"Red Mask":19,"Cracked Core":0,"Symbiotic Virus":9},{"Potion Belt":5,"Lee\u0027s Waffle":12,"Golden Idol":19,"Astrolabe":9,"Blue Candle":16,"Thread and Needle":0,"Pen Nib":0,"Juzu Bracelet":7,"Odd Mushroom":18,"Calling Bell":0,"Sozu":20,"Matryoshka":4,"Bronze Scales":17,"Molten Egg 2":0,"Red Mask":11,"Cracked Core":0,"Symbiotic Virus":5},{"Potion Belt":18,"Lee\u0027s Waffle":47,"Golden Idol":72,"Astrolabe":35,"Blue Candle":60,"Thread and Needle":0,"Pen Nib":0,"Juzu Bracelet":23,"Odd Mushroom":69,"Calling Bell":0,"Sozu":77,"Matryoshka":16,"Bronze Scales":65,"Molten Egg 2":0,"Red Mask":44,"Cracked Core":0,"Symbiotic Virus":18}]},"card_choices":[{"not_picked":["Steam","Go for the Eyes"],"picked":"Gash","floor":1.0},{"not_picked":["Steam","Leap"],"picked":"Gash","floor":4.0},{"not_picked":["Turbo","Aggregate"],"picked":"Stack","floor":5.0},{"not_picked":["Sunder","Reboot"],"picked":"Undo","floor":7},{"not_picked":["Steam Power","Turbo"],"picked":"Gash","floor":8},{"not_picked":["Gash","Skim"],"picked":"Sweeping Beam","floor":10},{"not_picked":["Redo","Double Energy"],"picked":"Ball Lightning","floor":12},{"not_picked":["Meteor Strike","Rainbow"],"picked":"Echo Form","floor":16},{"not_picked":["Sweeping Beam","Rebound"],"picked":"Hologram","floor":18},{"not_picked":["Gash","Rip and Tear","Ball Lightning"],"picked":"SKIP","floor":20}],"player_experience":487620,"relics_obtained":[{"floor":7,"key":"Blue Candle"},{"floor":9,"key":"Bronze Scales"},{"floor":10,"key":"Odd Mushroom"}],"event_choices":[{"damage_healed":0.0,"max_hp_gain":5.0,"max_hp_loss":0.0,"gold_gain":0.0,"event_name":"Big Fish","player_choice":"Donut","floor":2.0,"gold_loss":0.0,"damage_taken":0.0},{"cards_removed":["Strike_B"],"damage_healed":0.0,"max_hp_gain":0.0,"max_hp_loss":0.0,"gold_gain":0.0,"event_name":"Golden Wing","player_choice":"Card Removal","floor":3.0,"gold_loss":0.0,"damage_taken":7.0},{"damage_healed":0,"gold_gain":0,"player_choice":"Fought Mushrooms","damage_taken":0,"max_hp_gain":0,"max_hp_loss":0,"event_name":"Mushrooms","floor":10,"gold_loss":0},{"damage_healed":0,"gold_gain":0,"player_choice":"Lose Max HP","damage_taken":0,"relics_obtained":["Golden Idol"],"max_hp_gain":0,"max_hp_loss":8,"event_name":"Golden Idol","floor":14,"gold_loss":0},{"damage_healed":0,"gold_gain":0,"player_choice":"Upgraded","damage_taken":0,"max_hp_gain":0,"max_hp_loss":0,"event_name":"Upgrade Shrine","floor":21,"gold_loss":0,"cards_upgraded":["Hologram"]}],"is_beta":false,"boss_relics":[{"not_picked":["SlaversCollar","FrozenCore"],"picked":"Sozu"}],"items_purged_floors":[19],"is_endless":false,"potions_floor_spawned":[5,8,10,12,18],"killed_by":"Chosen and Byrds","ascension_level":20}}