{"host":"pi8b3ffzwvxqztac","time":1609481752,"event":{"mods":["BaseMod","Colored Map","Downfall","Minty Spire (QoL Compilation)","StSLib"],"gold_per_floor":[99,111,130,145,145,156,180,105,130,142,139,170,182,214,242,349,361,373,398,421,443,455,467,505,547,296,307,157,157,257,268,281,385,385,385,396,26,40,25,209,232,267,284,284,284,316,332,352,362,362,362,362,362,362],"floor_reached":52,"playtime":5180,"items_purged":["Pain"],"score":774,"play_id":"86eab62f-79c2-4538-ba7c-f33748243fb3","local_time":"20210101191552","is_ascension_mode":true,"campfire_choices":[{"floor":1.0,"key":"RECALL"},{"data":"champ:FanOfKnives","floor":8.0,"key":"SMITH"},{"data":"champ:Shatter","floor":13.0,"key":"SMITH"},{"data":"champ:CheapShot","floor":18.0,"key":"SMITH"},{"floor":28.0,"key":"REST"},{"data":"champ:VampiricStrike","floor":35.0,"key":"SMITH"},{"data":"expansioncontent:DashGenerateEvil","floor":44,"key":"SMITH"}],"circlet_count":0,"master_deck":["champ:Strike","champ:Strike","champ:Strike","champ:Defend","champ:Defend","champ:Defend+1","champ:Execute","champ:Taunt+1","champ:FanOfKnives+1","champ:Shatter+1","champ:Aggression+1","champ:GladiatorsShout","champ:CheapShot+1","champ:BringItOn","champ:IronFortress","champ:VampiricStrike+1","champ:IronFortress","champ:AdrenalArmor+1","champ:IronFortress","champ:StanceDance+1","expansioncontent:DashGenerateEvil+1","champ:Backstep+1","champ:Shatter+1"],"relics":["champ:ChampionCrown","Bird Faced Urn","War Paint","downfall:HeartBlessingRed","MawBank","Empty Cage","WarpedTongs","Ginger","downfall:HeartBlessingBlue","downfall:HeartBlessingGreen","Potion Belt","Black Star","Pocketwatch","MealTicket","HornCleat","Regal Pillow","Blood Vial","Calipers"],"acts_visited":["Exordium","TheCity","TheBeyond","TheEnding"],"potions_floor_usage":[46,52],"damage_taken":[{"damage":5.0,"enemies":"2 Louse","floor":2.0,"turns":2.0},{"damage":5.0,"enemies":"Cultist","floor":3.0,"turns":3.0},{"damage":7.0,"enemies":"Small Slimes","floor":4.0,"turns":4.0},{"damage":11.0,"enemies":"Blue Slaver","floor":6.0,"turns":6.0},{"damage":23.0,"enemies":"Lagavulin","floor":9.0,"turns":5.0},{"damage":8.0,"enemies":"downfall:FleeingMerchant","floor":11.0,"turns":4.0},{"damage":10.0,"enemies":"Gremlin Gang","floor":12.0,"turns":4.0},{"damage":8.0,"enemies":"Exordium Wildlife","floor":14.0,"turns":2.0},{"damage":20.0,"enemies":"Large Slime","floor":15.0,"turns":4.0},{"damage":32.0,"enemies":"downfall:Ironclad","floor":16.0,"turns":8.0},{"damage":5.0,"enemies":"Spheric Guardian","floor":19.0,"turns":3.0},{"damage":0.0,"enemies":"Snake Plant","floor":20.0,"turns":2.0},{"damage":24.0,"enemies":"Chosen and Byrds","floor":21.0,"turns":6.0},{"damage":62.0,"enemies":"Gremlin Leader","floor":25.0,"turns":7.0},{"damage":16.0,"enemies":"downfall:FleeingMerchant","floor":26.0,"turns":5.0},{"damage":10.0,"enemies":"Snecko","floor":27.0,"turns":5.0},{"damage":21.0,"enemies":"downfall:LadyInBlue","floor":30.0,"turns":7.0},{"damage":8.0,"enemies":"Centurion and Healer","floor":31.0,"turns":4.0},{"damage":0.0,"enemies":"Cultist and Chosen","floor":32.0,"turns":6.0},{"damage":75.0,"enemies":"downfall:Silent","floor":33.0,"turns":9.0},{"damage":26.0,"enemies":"3 Shapes","floor":36.0,"turns":8.0},{"damage":13,"enemies":"downfall:FleeingMerchant","floor":37,"turns":5},{"damage":12,"enemies":"Orb Walker","floor":38,"turns":4},{"damage":15,"enemies":"downfall:FleeingMerchant","floor":39,"turns":5},{"damage":12,"enemies":"downfall:FleeingMerchant","floor":40,"turns":2},{"damage":36,"enemies":"Nemesis","floor":42,"turns":9},{"damage":14,"enemies":"Spire Growth","floor":43,"turns":6},{"damage":9,"enemies":"Reptomancer","floor":46,"turns":6},{"damage":7,"enemies":"3 Darklings","floor":47,"turns":5},{"damage":29,"enemies":"Sphere and 2 Shapes","floor":48,"turns":6},{"damage":37,"enemies":"Maw","floor":49,"turns":9},{"damage":117,"enemies":"downfall:Defect","floor":50,"turns":12},{"damage":145,"enemies":"downfall:CharBossMerchant","floor":52,"turns":12}],"seed_played":"-793416286809547275","potions_obtained":[{"floor":2.0,"key":"Energy Potion"},{"floor":4.0,"key":"Dexterity Potion"},{"floor":9.0,"key":"Strength Potion"},{"floor":15.0,"key":"DuplicationPotion"},{"floor":16.0,"key":"SpeedPotion"},{"floor":19.0,"key":"sneckomod:MuddlingPotion"},{"floor":27.0,"key":"ColorlessPotion"},{"floor":29.0,"key":"CultistPotion"},{"floor":30.0,"key":"champ:TechniquePotion"},{"floor":30.0,"key":"SteroidPotion"},{"floor":32.0,"key":"Ancient Potion"},{"floor":33.0,"key":"sneckomod:MuddlingPotion"},{"floor":38,"key":"Fire Potion"},{"floor":43,"key":"Weak Potion"},{"floor":47,"key":"Weak Potion"},{"floor":49,"key":"SkillPotion"}],"is_trial":false,"path_per_floor":["R","M","M","M","?","M","T","R","E","?","$","M","R","M","M","B",null,"R","M","M","M","?","?","T","E","$","M","R","?","?","M","M","B",null,"R","M","?","M","$","$","T","E","M","R","?","E","M","M","M","B",null,"E"],"character_chosen":"THE_CHAMP","items_purchased":["FairyPotion","champ:IronFortress","Pocketwatch","champ:IronFortress","expansioncontent:DashGenerateEvil"],"campfire_rested":1,"item_purchase_floors":[26,26,37,37,40],"current_hp_per_floor":[81,81,81,79,79,71,71,71,58,58,53,48,48,47,35,18,81,81,81,81,65,65,65,65,22,9,8,45,45,45,47,63,42,91,91,74,68,84,76,76,76,73,91,91,91,91,91,77,91,36,91,0,0,0],"gold":362,"neow_bonus":"ONE_RARE_RELIC","is_daily":false,"chose_seed":false,"campfire_upgraded":5,"win_rate":0.0,"timestamp":1609481752,"path_taken":["R","M","M","M","?","?","T","R","E","?","$","M","R","M","M","BOSS","R","M","M","M","?","?","T","E","$","?","R","?","?","M","M","BOSS","R","M","?","M","?","$","T","E","?","R","?","E","M","M","M","BOSS","E"],"items_purchased_type":["Potion","Card","Relic","Card","Card"],"build_version":"2020-12-22","purchased_purges":1,"victory":false,"max_hp_per_floor":[81,81,81,81,81,81,81,81,81,81,81,81,81,81,81,81,81,81,81,81,81,81,81,81,81,81,81,91,91,91,91,91,91,91,91,91,91,91,91,91,91,91,91,91,91,91,91,91,91,91,91,91,91,91],"card_choices":[{"not_picked":["champ:FocusedGladiator","champ:AdrenalArmor"],"picked":"champ:FanOfKnives","floor":2.0},{"not_picked":["champ:FocusedBerserking","champ:EnragedBash"],"picked":"champ:Shatter","floor":3.0},{"not_picked":["champ:EnragedBash","champ:DefensiveShout","champ:FightOn"],"picked":"SKIP","floor":4.0},{"not_picked":["champ:TornadoPunch","champ:ShieldWall"],"picked":"champ:Aggression","floor":6.0},{"not_picked":["champ:TornadoPunch","champ:Haymaker"],"picked":"champ:GladiatorsShout","floor":9.0},{"not_picked":["champ:SkillfulDodge","champ:DefensiveShout","champ:HeartStrike"],"picked":"SKIP","floor":11.0},{"not_picked":["champ:Haymaker","champ:Backstep","champ:StanceDance"],"picked":"SKIP","floor":12.0},{"not_picked":["champ:CrookedStrike","champ:FightOn","champ:PreciseThrust"],"picked":"SKIP","floor":14.0},{"not_picked":["champ:BerserkersShout","champ:Aggression","champ:StanceDance"],"picked":"SKIP","floor":15.0},{"not_picked":["champ:HoldFirm","champ:CrownThrow"],"picked":"champ:CheapShot","floor":16.0},{"not_picked":["champ:BerserkersShout","champ:ShieldWall","champ:FlashCut"],"picked":"SKIP","floor":19.0},{"not_picked":["champ:FanOfKnives","champ:BerserkersShout","champ:GladiatorsShout"],"picked":"SKIP","floor":20.0},{"not_picked":["champ:FalseCounter","champ:Circumvent"],"picked":"champ:BringItOn","floor":21.0},{"not_picked":["champ:FalseCounter","champ:BladeFlurry","champ:EnGarde"],"picked":"SKIP","floor":25.0},{"not_picked":["champ:CrookedStrike","champ:BladeFlurry","champ:FanOfKnives"],"picked":"SKIP","floor":26.0},{"not_picked":["champ:BladeFlurry","champ:Backstep","champ:BerserkersShout"],"picked":"SKIP","floor":27.0},{"not_picked":["champ:FanOfKnives","champ:PreciseThrust+1"],"picked":"champ:VampiricStrike","floor":31.0},{"not_picked":["champ:Circumvent","champ:FocusedGladiator+1"],"picked":"champ:IronFortress","floor":32.0},{"not_picked":["champ:CrookedStrike","champ:FanOfKnives+1","champ:BladeFlurry+1"],"picked":"SKIP","floor":36},{"not_picked":["champ:RisingSlash","champ:GutPunch"],"picked":"champ:AdrenalArmor+1","floor":37},{"not_picked":["champ:AdrenalArmor","champ:BerserkersShout+1","champ:BladeFlurry"],"picked":"SKIP","floor":38},{"not_picked":["champ:EnragedBash","champ:ShieldSlam"],"picked":"champ:StanceDance+1","floor":39},{"not_picked":["champ:Balance+1","champ:BerserkerStyle","champ:FanOfKnives+1"],"picked":"SKIP","floor":40},{"not_picked":["champ:EnGarde+1","champ:FalseCounter"],"picked":"champ:Backstep+1","floor":42},{"not_picked":["champ:PerfectedStrike+1","champ:BringItOn","champ:Riposte"],"picked":"SKIP","floor":43},{"not_picked":["champ:SkillfulDodge","champ:FocusedBerserking+1","champ:EndlessRage+1"],"picked":"SKIP","floor":46},{"not_picked":["champ:FocusedBerserking+1","champ:GutPunch+1"],"picked":"champ:Shatter+1","floor":47},{"not_picked":["champ:ArenaPreparation+1","champ:BladeFlurry","champ:Circumvent+1"],"picked":"SKIP","floor":48},{"not_picked":["champ:DefensiveStyle+1","champ:DefensiveShout","champ:BerserkersShout"],"picked":"SKIP","floor":49}],"player_experience":457772,"relics_obtained":[{"floor":7.0,"key":"War Paint"},{"floor":9.0,"key":"MawBank"},{"floor":25.0,"key":"Ginger"},{"floor":30.0,"key":"Potion Belt"},{"floor":41,"key":"MealTicket"},{"floor":42,"key":"HornCleat"},{"floor":42,"key":"Regal Pillow"},{"floor":46,"key":"Blood Vial"},{"floor":46,"key":"Calipers"}],"event_choices":[{"damage_healed":0.0,"max_hp_gain":0.0,"max_hp_loss":0.0,"gold_gain":0.0,"event_name":"Living Wall","player_choice":"Grow","floor":10.0,"gold_loss":0.0,"damage_taken":0.0,"cards_upgraded":["champ:Aggression"]},{"damage_healed":0.0,"max_hp_gain":0.0,"max_hp_loss":0.0,"gold_gain":0.0,"event_name":"Accursed Blacksmith","player_choice":"Rummage","floor":23.0,"gold_loss":0.0,"damage_taken":0.0,"relics_obtained":["WarpedTongs"],"cards_obtained":["Pain"]},{"damage_healed":0,"gold_gain":0,"player_choice":"Ignored","damage_taken":0,"max_hp_gain":0,"max_hp_loss":0,"event_name":"Mysterious Sphere","floor":45,"gold_loss":0}],"is_beta":false,"boss_relics":[{"not_picked":["SlaversCollar","Fusion Hammer"],"picked":"Empty Cage"},{"not_picked":["Coffee Dripper","Runic Dome"],"picked":"Black Star"}],"items_purged_floors":[26],"is_endless":false,"potions_floor_spawned":[2,4,9,15,16,19,27,32,33,38,42,43,47,49],"killed_by":"downfall:CharBossMerchant","ascension_level":1}}