{"host":"l9yshwnp37vxhsgm","time":1609521974,"event":{"mods":["BaseMod","Block Reminder","Colored Map","Colored Powertips","DeckTracker","Highlight Path","Minty Spire (QoL Compilation)","Quick Restart","Relic Stats"],"gold_per_floor":[117,130,130,130,155,155,178,218,218,239,85,85,103,103,103,226,226,240,240,339,339,349,349,360,370,370,370,330,343,343,353,353,353,353],"floor_reached":33,"playtime":1906,"items_purged":[],"score":274,"play_id":"74928248-9bcf-48eb-8b86-f122ab871197","local_time":"20210101182614","is_ascension_mode":false,"campfire_choices":[{"floor":6,"key":"REST"},{"floor":12,"key":"REST"},{"floor":15,"key":"REST"},{"floor":23,"key":"RECALL"},{"floor":27,"key":"REST"},{"floor":32,"key":"REST"}],"circlet_count":0,"master_deck":["Strike_G","Strike_G","Strike_G","Strike_G","Strike_G","Defend_G","Defend_G","Defend_G+1","Defend_G+1","Defend_G","Survivor","Neutralize","Deadly Poison","Backflip","Slice","Dagger Spray","Sucker Punch","Bouncing Flask","Die Die Die","Deflect","Flying Knee","Slice","Dash","Noxious Fumes+1","Slice","Poisoned Stab","Quick Slash","Cloak And Dagger","Deflect","Dodge and Roll","Escape Plan+1","Storm of Steel","Slice"],"relics":["Ring of the Snake","NeowsBlessing","Bloody Idol","Prayer Wheel","WristBlade","Shovel"],"acts_visited":["Exordium","TheCity"],"potions_floor_usage":[8,24,24,24,33],"damage_taken":[{"damage":0,"enemies":"Cultist","floor":1,"turns":1},{"damage":0,"enemies":"2 Louse","floor":2,"turns":1},{"damage":0,"enemies":"Small Slimes","floor":5,"turns":1},{"damage":4,"enemies":"Exordium Wildlife","floor":7,"turns":8},{"damage":44,"enemies":"Gremlin Nob","floor":8,"turns":6},{"damage":0,"enemies":"Exordium Thugs","floor":10,"turns":4},{"damage":0,"enemies":"3 Louse","floor":13,"turns":1},{"damage":54,"enemies":"Slime Boss","floor":16,"turns":13},{"damage":0,"enemies":"Chosen","floor":18,"turns":4},{"damage":20,"enemies":"Spheric Guardian","floor":22,"turns":4},{"damage":0,"enemies":"Centurion and Healer","floor":24,"turns":6},{"damage":32,"enemies":"Shelled Parasite and Fungi","floor":25,"turns":4},{"damage":12,"enemies":"3 Cultists","floor":29,"turns":4},{"damage":26,"enemies":"Snake Plant","floor":31,"turns":6},{"damage":66,"enemies":"Automaton","floor":33,"turns":6}],"seed_played":"-2036195073165231880","potions_obtained":[{"floor":1,"key":"Weak Potion"},{"floor":10,"key":"EssenceOfSteel"},{"floor":13,"key":"FearPotion"},{"floor":16,"key":"Block Potion"},{"floor":22,"key":"Explosive Potion"},{"floor":28,"key":"Block Potion"},{"floor":28,"key":"SteroidPotion"},{"floor":28,"key":"FearPotion"}],"is_trial":false,"path_per_floor":["M","M","?","?","M","R","M","E","T","M","$","R","M","$","R","B",null,"M","?","?","?","M","R","M","M","T","R","?","M","?","M","R","B"],"character_chosen":"THE_SILENT","items_purchased":["Die Die Die"],"campfire_rested":5,"item_purchase_floors":[11],"current_hp_per_floor":[70,70,65,52,52,65,61,17,17,17,17,36,36,36,55,1,65,65,65,65,65,50,50,55,28,28,47,47,40,40,19,38,0,0],"gold":353,"neow_bonus":"THREE_ENEMY_KILL","is_daily":false,"chose_seed":false,"campfire_upgraded":0,"win_rate":0.0,"timestamp":1609521974,"path_taken":["M","?","?","?","M","R","M","E","T","M","$","R","M","?","R","BOSS","M","?","?","?","M","R","M","M","T","R","?","?","?","M","R","BOSS"],"items_purchased_type":["Card"],"build_version":"2020-12-22","purchased_purges":0,"victory":false,"max_hp_per_floor":[70,70,65,65,65,65,65,65,65,65,65,65,65,65,65,65,65,65,65,65,65,65,65,65,65,65,65,65,65,65,65,65,65,65],"relic_stats":{"Shovel":0,"counters":[15,69],"Bloody Idol":25,"Prayer Wheel":8,"obtain_stats":[{"Shovel":26,"NeowsBlessing":0,"WristBlade":17,"Golden Idol":3,"Bloody Idol":21,"Prayer Wheel":8,"Ring of the Snake":0},{"Shovel":12,"NeowsBlessing":0,"WristBlade":8,"Golden Idol":2,"Bloody Idol":9,"Prayer Wheel":5,"Ring of the Snake":0},{"Shovel":53,"NeowsBlessing":0,"WristBlade":35,"Golden Idol":2,"Bloody Idol":39,"Prayer Wheel":17,"Ring of the Snake":0}],"Ring of the Snake":[30]},"card_choices":[{"not_picked":["Concentrate","Setup"],"picked":"Deadly Poison","floor":1},{"not_picked":["Dagger Throw","Skewer"],"picked":"Backflip","floor":2},{"not_picked":["Blade Dance","Finisher"],"picked":"Slice","floor":5},{"not_picked":["Sucker Punch","Backflip"],"picked":"Dagger Spray","floor":7},{"not_picked":["Terror","Footwork","Burst"],"picked":"SKIP","floor":8},{"not_picked":["Dodge and Roll","Outmaneuver"],"picked":"Sucker Punch","floor":10},{"not_picked":["PiercingWail","Setup"],"picked":"Bouncing Flask","floor":10},{"not_picked":["Blur","Terror"],"picked":"Deflect","floor":13},{"not_picked":["Sucker Punch","PiercingWail"],"picked":"Flying Knee","floor":13},{"not_picked":["Bouncing Flask+1","Well Laid Plans"],"picked":"Slice","floor":18},{"not_picked":["Dagger Throw+1","Underhanded Strike+1"],"picked":"Dash","floor":18},{"not_picked":["Deflect+1","Dagger Throw"],"picked":"Noxious Fumes+1","floor":22},{"not_picked":["Finisher","Flying Knee"],"picked":"Slice","floor":22},{"not_picked":["Flechettes","Deflect"],"picked":"Poisoned Stab","floor":24},{"not_picked":["PiercingWail+1","Accuracy"],"picked":"Quick Slash","floor":24},{"not_picked":["Dagger Throw","All Out Attack"],"picked":"Cloak And Dagger","floor":25},{"not_picked":["Riddle With Holes","Noxious Fumes"],"picked":"Deflect","floor":25},{"not_picked":["Outmaneuver","All Out Attack+1"],"picked":"Dodge and Roll","floor":29},{"not_picked":["Flechettes","Deadly Poison+1"],"picked":"Escape Plan+1","floor":29},{"not_picked":["Terror","Dagger Throw+1"],"picked":"Storm of Steel","floor":31},{"not_picked":["Deadly Poison","Flying Knee"],"picked":"Slice","floor":31}],"player_experience":199780,"relics_obtained":[{"floor":8,"key":"Prayer Wheel"},{"floor":26,"key":"Shovel"}],"event_choices":[{"damage_healed":0,"gold_gain":0,"player_choice":"Lose Max HP","damage_taken":0,"relics_obtained":["Golden Idol"],"max_hp_gain":0,"max_hp_loss":5,"event_name":"Golden Idol","floor":3,"gold_loss":0},{"damage_healed":0,"gold_gain":0,"player_choice":"Entered Light","damage_taken":13,"max_hp_gain":0,"max_hp_loss":0,"event_name":"Shining Light","floor":4,"gold_loss":0,"cards_upgraded":["Defend_G","Defend_G"]},{"damage_healed":0,"gold_gain":0,"player_choice":"Ignored","damage_taken":0,"max_hp_gain":0,"max_hp_loss":0,"event_name":"Ghosts","floor":19,"gold_loss":0},{"damage_healed":0,"gold_gain":99,"player_choice":"Stole From Cult","damage_taken":0,"max_hp_gain":0,"max_hp_loss":0,"event_name":"Nest","floor":20,"gold_loss":0},{"damage_healed":0,"gold_gain":0,"player_choice":"Gave Idol","damage_taken":0,"relics_obtained":["Bloody Idol"],"max_hp_gain":0,"max_hp_loss":0,"event_name":"Forgotten Altar","floor":21,"relics_lost":["Golden Idol"],"gold_loss":0},{"damage_healed":0,"gold_gain":0,"player_choice":"Bought 3 Potions","damage_taken":0,"max_hp_gain":0,"max_hp_loss":0,"event_name":"The Woman in Blue","floor":28,"gold_loss":0},{"damage_healed":0,"gold_gain":0,"player_choice":"Ignored","damage_taken":0,"max_hp_gain":0,"max_hp_loss":0,"event_name":"Beggar","floor":30,"gold_loss":0}],"is_beta":false,"boss_relics":[{"not_picked":["Runic Dome","Philosopher\u0027s Stone"],"picked":"WristBlade"}],"items_purged_floors":[],"is_endless":false,"potions_floor_spawned":[1,10,13,16,22,29,31],"killed_by":"Automaton","ascension_level":0}}