{"host":"ft2xazkv7v30fddt","time":1609487145,"event":{"mods":["AchievementEnabler","Act Like it!","Aspiration","Astrologer","Bard","BaseMod","Better Altar","Better Match","Better Note","Better Sensory Stone","Better Skull","CapriCore","Chen","Colored Powertips","Downfall","Elementarium","Energized Spire","Gensokyo","GifTheSpireLib","Gremlin Mod","Hallownest","Hermit","Hubris","Infinite Spire","KinomotoSakuraMod(????)","Koishi","Marisa????????","Minty Spire (QoL Compilation)","Pale of the Ancients","Permanent Neow","Potionbrewer","Prisma Mod","Replay The Spire","StSLib","Stuff the Spire","The Blackbeard","The Bladedancer","The Construct","The Cursed","The Forsaken","The Gatherer","The Hayseed","The Immortal","The Runesmith","The Servant 0.9.4","The Showman","The Vixen","TheArtist","TheSwordswoman","Wandering Minibosses","thorton","vexMod"],"gold_per_floor":[99,99,99,18,36,55,55,55,55,71,102,102,131,131,143,241,241,241,257,275,275,225,225,225,251,251,269,59,86,86,161,179,283,283,283,297,297,312,222,249,274,290,290,290,290,313,313,317,317,317],"floor_reached":48,"playtime":2643,"items_purged":["Guardian:Strike_Guardian"],"score":572,"play_id":"25a1c386-15ec-4026-9efe-0e8f8a54aeb8","local_time":"20210101154545","is_ascension_mode":true,"campfire_choices":[{"data":"Guardian:TwinSlam","floor":1,"key":"SMITH"},{"data":"Guardian:SpikerProtocol","floor":9,"key":"SMITH"},{"data":"Guardian:Emergency","floor":12,"key":"SMITH"},{"data":"Guardian:TimeSifter","floor":18,"key":"SMITH"},{"floor":26,"key":"REST"},{"data":"Guardian:FierceBash","floor":35,"key":"SMITH"}],"circlet_count":0,"master_deck":["Guardian:Strike_Guardian","Guardian:Strike_Guardian","Guardian:Defend_Guardian","Guardian:Defend_Guardian","Guardian:Defend_Guardian","Guardian:Defend_Guardian","Guardian:CurlUp+1","Guardian:TwinSlam+1","Guardian:TimeCapacitor+1","Guardian:ShieldCharger","Guardian:SpikerProtocol+1","Guardian:TemporalStrike","Guardian:TimeBomb","Guardian:Planning","Guardian:Emergency+1","Guardian:TemporalShield","Guardian:TimeSifter+1","Guardian:Clone+1","Guardian:FierceBash+1","Guardian:Orbwalk+1","Guardian:EvasiveProtocol","Guardian:Recover","Guardian:ExploitGems+1","Guardian:Clone+1","Guardian:ArmoredProtocol","Guardian:ChargeUp+1","Guardian:Gem_Green","Guardian:Gem_Crimson"],"relics":["Guardian:ModeShifter","downfall:HeartsMalice","Guardian:StasisCodex","Replay:Kaleidoscope","Lizard Tail","aspiration:FutureDiary","aspiration:Lifesprig","Gremlin Horn","Art of War","vexMod:FocusSash","Oddly Smooth Stone","infinitespire:Midas Blood","Busted Crown","War Paint"],"acts_visited":["Exordium","TheCity","TheBeyond"],"potions_floor_usage":[11,16,20,25,29,33,39,39,48],"damage_taken":[{"damage":0,"enemies":"Cultist","floor":2,"turns":1},{"damage":0,"enemies":"2 Louse","floor":3,"turns":1},{"damage":0,"enemies":"downfall:FleeingMerchant","floor":4,"turns":1},{"damage":4,"enemies":"Small Slimes","floor":5,"turns":3},{"damage":1,"enemies":"Gremlin Gang","floor":6,"turns":3},{"damage":0,"enemies":"Exordium Wildlife","floor":10,"turns":4},{"damage":19,"enemies":"Lagavulin","floor":11,"turns":6},{"damage":23,"enemies":"3 Sentries","floor":13,"turns":7},{"damage":9,"enemies":"Exordium Thugs","floor":15,"turns":6},{"damage":22,"enemies":"downfall:Defect","floor":16,"turns":8},{"damage":67,"enemies":"Chosen","floor":19,"turns":9},{"damage":1,"enemies":"Shell Parasite","floor":20,"turns":4},{"damage":17,"enemies":"Replay:Snechameleon","floor":25,"turns":6},{"damage":2,"enemies":"3 Cultists","floor":27,"turns":5},{"damage":0,"enemies":"downfall:FleeingMerchant","floor":28,"turns":4},{"damage":22,"enemies":"Gremlin Leader","floor":29,"turns":5},{"damage":6,"enemies":"Snake Plant","floor":32,"turns":4},{"damage":17,"enemies":"downfall:Watcher","floor":33,"turns":7},{"damage":0,"enemies":"3 Darklings","floor":36,"turns":5},{"damage":6,"enemies":"3 Shapes","floor":38,"turns":4},{"damage":0,"enemies":"downfall:FleeingMerchant","floor":39,"turns":4},{"damage":18,"enemies":"3 Darklings","floor":40,"turns":5},{"damage":33,"enemies":"Spire Growth","floor":42,"turns":6},{"damage":17,"enemies":"Jaw Worm Horde","floor":46,"turns":3},{"damage":45,"enemies":"Transient","floor":48,"turns":3}],"seed_played":"7328820134260461299","potions_obtained":[{"floor":6,"key":"PowerPotion"},{"floor":11,"key":"Dexterity Potion"},{"floor":13,"key":"Dexterity Potion"},{"floor":15,"key":"Block Potion"},{"floor":16,"key":"Milkshake"},{"floor":20,"key":"potionbrewer:BlacksmithPotion"},{"floor":21,"key":"CultistPotion"},{"floor":27,"key":"SneckoOil"},{"floor":29,"key":"potionbrewer:BoundlessPotion"},{"floor":32,"key":"Reflective Coating"},{"floor":33,"key":"potionbrewer:ToxicPotion"},{"floor":40,"key":"SpeedPotion"},{"floor":46,"key":"Weak Potion"}],"is_trial":false,"path_per_floor":["R","M","M","$","M","M","T","?","R","M","E","R","E","?","M","B",null,"R","M","M","?","?","T","T","E","R","M","$","E","?","T","M","B",null,"R","M","?","M","$","M","T","M","?","PTL","PTL","M","?","M"],"character_chosen":"GUARDIAN","items_purchased":["Guardian:Gem_Yellow","Guardian:TemporalStrike","Guardian:EvasiveProtocol","vexMod:FocusSash"],"campfire_rested":1,"item_purchase_floors":[4,4,28,28],"current_hp_per_floor":[80,80,80,80,76,75,75,75,75,75,56,56,33,33,24,2,80,80,13,12,12,42,42,42,25,49,47,47,25,9,9,3,26,80,80,80,80,74,74,56,56,23,31,31,31,14,14,0,0,0],"gold":317,"neow_bonus":"THREE_ENEMY_KILL","is_daily":false,"chose_seed":false,"campfire_upgraded":5,"win_rate":0.0,"timestamp":1609487145,"path_taken":["R","M","M","?","?","M","T","?","R","?","E","R","E","?","M","BOSS","R","M","M","?","?","?","T","E","R","M","?","E","?","?","M","BOSS","R","M","?","?","?","M","T","M","?","PTL","PTL","M","?","M"],"items_purchased_type":["Card","Card","Card","Relic"],"build_version":"2020-12-22","purchased_purges":1,"victory":false,"max_hp_per_floor":[80,80,80,80,80,80,80,80,80,80,80,80,80,80,80,80,80,80,80,80,80,80,80,80,80,80,80,80,80,80,80,80,80,80,80,80,80,80,80,80,80,80,80,80,80,80,80,80,80,80],"card_choices":[{"not_picked":["Guardian:ChargeCore","Guardian:Gem_Green"],"picked":"Guardian:TimeCapacitor","floor":2},{"not_picked":["Guardian:TemporalShield","Guardian:PiercingHide"],"picked":"Guardian:ShieldCharger","floor":3},{"not_picked":["Guardian:Gem_Red","Guardian:Harden"],"picked":"Guardian:SpikerProtocol","floor":4},{"not_picked":["Guardian:TemporalShield","Guardian:Gem_Yellow"],"picked":"Guardian:TimeBomb","floor":5},{"not_picked":["Guardian:SentryBeam","Guardian:Repulse"],"picked":"Guardian:Planning","floor":6},{"not_picked":["Guardian:Planning","Guardian:FloatingOrbs"],"picked":"Guardian:Gem_White","floor":10},{"not_picked":["Guardian:PrismaticBarrier","Guardian:PolyBeam"],"picked":"Guardian:Emergency","floor":11},{"not_picked":["Guardian:Suspension","Guardian:TemporalShield","Guardian:TimeCapacitor"],"picked":"SKIP","floor":13},{"not_picked":["Guardian:Suspension","Guardian:TimeCapacitor"],"picked":"Guardian:TemporalShield","floor":13},{"not_picked":["Guardian:PiercingHide","Guardian:SpikerProtocol"],"picked":"Guardian:Gem_Blue","floor":15},{"not_picked":["Guardian:SphericShield","Guardian:FastForward"],"picked":"Guardian:TimeSifter","floor":16},{"not_picked":["Guardian:Gem_Red","Guardian:ShieldCharger","Guardian:ShieldSpikes+1"],"picked":"SKIP","floor":19},{"not_picked":["Guardian:RefractedBeam","Guardian:ShieldCharger"],"picked":"Guardian:Clone+1","floor":20},{"not_picked":["Guardian:CrystalBeam","Guardian:TemporalStrike"],"picked":"Guardian:FierceBash","floor":25},{"not_picked":["Guardian:Gem_Red","Guardian:Gem_Fragmented","Guardian:TemporalStrike"],"picked":"SKIP","floor":27},{"not_picked":["Guardian:Gem_Red","Guardian:PrimingBeam+1"],"picked":"Guardian:Orbwalk+1","floor":28},{"not_picked":["Guardian:SentryBeam","Guardian:TemporalShield"],"picked":"Guardian:Recover","floor":29},{"not_picked":["Guardian:TimeBomb","Guardian:WalkerClaw","Guardian:CrystalBeam"],"picked":"SKIP","floor":32},{"not_picked":["Guardian:HyperBeam_Guardian","Guardian:Gem_Orange"],"picked":"Guardian:ExploitGems","floor":33},{"not_picked":["Guardian:Recover+1"],"picked":"SKIP","floor":36},{"not_picked":[],"picked":"Guardian:ArmoredProtocol","floor":38},{"not_picked":[],"picked":"Guardian:ChargeUp+1","floor":39},{"not_picked":[],"picked":"Guardian:Gem_Green","floor":40},{"not_picked":[],"picked":"Guardian:Gem_Crimson","floor":42},{"not_picked":["Guardian:CrystalBeam+1"],"picked":"SKIP","floor":46}],"player_experience":1656766,"relics_obtained":[{"floor":7,"key":"Guardian:StasisCodex"},{"floor":11,"key":"Replay:Kaleidoscope"},{"floor":13,"key":"Lizard Tail"},{"floor":23,"key":"aspiration:Lifesprig"},{"floor":24,"key":"Gremlin Horn"},{"floor":25,"key":"Art of War"},{"floor":29,"key":"Oddly Smooth Stone"},{"floor":31,"key":"infinitespire:Midas Blood"},{"floor":41,"key":"War Paint"}],"event_choices":[{"damage_healed":0,"gold_gain":0,"player_choice":"Copied","damage_taken":0,"max_hp_gain":0,"max_hp_loss":0,"event_name":"Duplicator","floor":37,"gold_loss":0,"cards_obtained":["Guardian:Clone"]}],"is_beta":false,"boss_relics":[{"not_picked":["Replay:Drink Me","hubris:VirtuousBlindfold"],"picked":"aspiration:FutureDiary"},{"not_picked":["vexMod:EndlessSickness","energizedSpire:DeadBattery"],"picked":"Busted Crown"}],"items_purged_floors":[39],"is_endless":false,"potions_floor_spawned":[6,11,13,15,16,20,27,29,32,33,40,46],"killed_by":"Transient","ascension_level":3}}