{"host":"0cm5wy4nhuju7tij","time":1609475803,"event":{"mods":["2.2 Compatiblity","AchievementEnabler","Arknights The Spire","Aspiration","BaseMod","Better Third Choice","BetterRewards","CCEM","CapriCore","Colored Powertips","Custom Start","Displayed Cursed Tome","Downfall","Energized Spire","Evolution","Filter the Spire","Fireblade Mod","Highlight Path","Jess\u0027s Bottle","Minty Spire (QoL Compilation)","Permanent Neow","Relic Stats","Shop Mod","Spicy Shops","StSLib","The Servant 0.9.4"],"gold_per_floor":[118,131,143,25,35,35,49,74,74,94,94,94,94,118,118,239,239,254,268,288,43,43,43,57,57,57,57,91,122,122,149,149,250,250,266,284,284,297,307,307,41,41,41],"floor_reached":42,"playtime":2583,"items_purged":[],"score":540,"play_id":"5e364d79-74da-422f-9f76-610e8c777c5b","local_time":"20201231233643","is_ascension_mode":false,"campfire_choices":[{"data":"ats:Mental Burst","floor":6,"key":"SMITH"},{"floor":11,"key":"REST"},{"data":"ats:Thorns","floor":13,"key":"SMITH"},{"data":"ats:Magnetic Hammer","floor":15,"key":"SMITH"},{"data":"ats:Roar Of Ursus","floor":23,"key":"SMITH"},{"data":"ats:Hammer On","floor":27,"key":"SMITH"},{"floor":32,"key":"REST"},{"floor":40,"key":"REST"}],"circlet_count":0,"master_deck":["ats:Explosion Area Strengthen","ats:Explosion Area Strengthen","ats:Explosion Area Strengthen","ats:Explosion Area Strengthen","ats:Armor Crushing Shot+1","ats:Defend","ats:Defend","ats:Defend","ats:Defend","ats:Emotion Absorption","ats:Healing Drone","ats:Powerful Strike","ats:Mental Burst+1","ats:Thorns+1","ats:Magnetic Hammer+1","ats:Very Hot Blade","ats:Revitalization","ats:Ignite","ats:Apocalypse","ats:Roar Of Ursus+1","ats:Flexible Camouflage","ats:Defend Order+1","ats:Assault Order","ats:Hammer On+1","ats:Apocalypse","ats:Poison Spread+1","ats:Cat Scratch","ats:Sunburst","ats:Childhood Dance","ats:Ambush","ats:Cat Scratch+1","ats:Automatic Cover","ats:Ignite+1","ats:Apocalypse","ats:Apocalypse"],"relics":["ats:Sanity Plus","EVO:Axolotl","ats:Originium","StoneCalendar","Pear","Bloody Idol","jessBottle:WaterBottleRelic","aspiration:Nostalgia","hexamod:SpiritBrand","aspiration:RitualStick","CaptainsWheel","Red Mask","Bag of Preparation","Mango","Centennial Puzzle","aspiration:StickyExplosives_weak"],"acts_visited":["Exordium","TheCity","TheBeyond"],"potions_floor_usage":[],"damage_taken":[{"damage":1,"enemies":"Cultist","floor":1,"turns":4},{"damage":8,"enemies":"Jaw Worm","floor":2,"turns":4},{"damage":7,"enemies":"Small Slimes","floor":3,"turns":2},{"damage":12,"enemies":"Exordium Wildlife","floor":5,"turns":3},{"damage":6,"enemies":"3 Louse","floor":7,"turns":2},{"damage":6,"enemies":"Gremlin Nob","floor":8,"turns":3},{"damage":10,"enemies":"Looter","floor":10,"turns":2},{"damage":6,"enemies":"Red Slaver","floor":14,"turns":3},{"damage":54,"enemies":"Hexaghost","floor":16,"turns":8},{"damage":7,"enemies":"3 Byrds","floor":18,"turns":4},{"damage":17,"enemies":"Shell Parasite","floor":19,"turns":7},{"damage":24,"enemies":"Snecko","floor":20,"turns":5},{"damage":5,"enemies":"Centurion and Healer","floor":24,"turns":7},{"damage":0,"enemies":"Masked Bandits","floor":28,"turns":2},{"damage":16,"enemies":"Gremlin Leader","floor":29,"turns":5},{"damage":57,"enemies":"Slavers","floor":31,"turns":5},{"damage":35,"enemies":"Collector","floor":33,"turns":8},{"damage":15,"enemies":"3 Darklings","floor":35,"turns":5},{"damage":58,"enemies":"3 Shapes","floor":36,"turns":4},{"damage":14,"enemies":"3 Darklings","floor":38,"turns":5},{"damage":51,"enemies":"Sphere and 2 Shapes","floor":39,"turns":6},{"damage":75,"enemies":"Giant Head","floor":42,"turns":7}],"seed_played":"8511159474301918337","potions_obtained":[{"floor":1,"key":"Weak Potion"},{"floor":3,"key":"champ:CounterPotion"},{"floor":7,"key":"Strength Potion"},{"floor":16,"key":"Dexterity Potion"},{"floor":38,"key":"LiquidBronze"}],"is_trial":false,"path_per_floor":["M","M","M","$","M","R","M","E","T","M","R","?","R","M","R","B",null,"M","M","M","$","?","R","M","?","T","R","?","E","?","E","R","B",null,"M","M","?","M","M","R","$","E"],"character_chosen":"DOCTOR_CLASS","items_purchased":["ats:Thorns","aspiration:Nostalgia","ats:Hammer On","ats:Apocalypse","aspiration:StickyExplosives_weak","ats:Apocalypse"],"campfire_rested":3,"item_purchase_floors":[4,21,21,21,41,41],"current_hp_per_floor":[71,67,66,66,60,60,60,54,64,54,78,76,76,70,70,36,76,69,66,55,55,40,40,66,66,66,66,66,62,62,41,68,63,90,83,47,47,55,19,46,46,0,0],"gold":41,"neow_bonus":"UPGRADE_CARD","is_daily":false,"chose_seed":false,"campfire_upgraded":5,"win_rate":0.0,"timestamp":1609475803,"path_taken":["M","M","M","$","?","R","M","E","T","M","R","?","R","M","R","BOSS","M","M","M","$","?","R","M","?","T","R","?","E","?","E","R","BOSS","M","M","?","?","M","R","$","E"],"items_purchased_type":["Card","Relic","Card","Card","Relic","Card"],"build_version":"2020-12-22","purchased_purges":0,"victory":false,"max_hp_per_floor":[72,72,72,72,72,72,72,72,82,82,82,76,76,76,76,76,76,76,76,76,76,76,76,76,76,76,76,76,76,76,90,90,90,90,90,90,90,90,90,90,90,90,90],"relic_stats":{"Centennial Puzzle":[9],"counters":[22,101],"Bloody Idol":30,"StoneCalendar":[204],"Bag of Preparation":[14],"obtain_stats":[{"Pear":9,"ats:Sanity Plus":34,"Golden Idol":12,"aspiration:Nostalgia":21,"StoneCalendar":8,"Mango":31,"Bag of Preparation":29,"EVO:Axolotl":0,"aspiration:RitualStick":22,"aspiration:StickyExplosives_weak":41,"CaptainsWheel":26,"Centennial Puzzle":37,"ats:Originium":8,"Bloody Idol":30,"Red Mask":28,"ats:Sanity":0,"jessBottle:WaterBottleRelic":17,"hexamod:SpiritBrand":21},{"Pear":6,"ats:Sanity Plus":17,"Golden Idol":7,"aspiration:Nostalgia":12,"StoneCalendar":6,"Mango":16,"Bag of Preparation":15,"EVO:Axolotl":0,"aspiration:RitualStick":12,"aspiration:StickyExplosives_weak":21,"CaptainsWheel":13,"Centennial Puzzle":19,"ats:Originium":6,"Bloody Idol":15,"Red Mask":14,"ats:Sanity":0,"jessBottle:WaterBottleRelic":9,"hexamod:SpiritBrand":12},{"Pear":18,"ats:Sanity Plus":74,"Golden Idol":20,"aspiration:Nostalgia":47,"StoneCalendar":18,"Mango":66,"Bag of Preparation":61,"EVO:Axolotl":0,"aspiration:RitualStick":47,"aspiration:StickyExplosives_weak":94,"CaptainsWheel":54,"Centennial Puzzle":83,"ats:Originium":18,"Bloody Idol":61,"Red Mask":56,"ats:Sanity":0,"jessBottle:WaterBottleRelic":31,"hexamod:SpiritBrand":47}],"aspiration:RitualStick":[0]},"card_choices":[{"not_picked":["ats:Revitalization","ats:Curse Doll"],"picked":"ats:Healing Drone","floor":1},{"not_picked":["ats:Cat Scratch","ats:Flexible Camouflage"],"picked":"ats:Powerful Strike","floor":2},{"not_picked":["ats:Sunburst","ats:Hammer On"],"picked":"ats:Mental Burst","floor":3},{"not_picked":["ats:Revitalization","ats:Part Time Job"],"picked":"ats:Magnetic Hammer","floor":5},{"not_picked":["ats:Directed Diagnosis","ats:Curse Doll"],"picked":"ats:Very Hot Blade","floor":7},{"not_picked":["ats:Demon Strength","ats:Composite Medical Shells"],"picked":"ats:Revitalization","floor":8},{"not_picked":["ats:Sunburst","ats:Curse Doll"],"picked":"ats:Ignite","floor":10},{"not_picked":["ats:Part Time Job","ats:Flexible Camouflage"],"picked":"ats:Apocalypse","floor":14},{"not_picked":["ats:Durian","ats:Shadow Assault"],"picked":"ats:Roar Of Ursus","floor":16},{"not_picked":["ats:Curse Doll","ats:Encircling Forest"],"picked":"ats:Flexible Camouflage","floor":18},{"not_picked":["ats:Ignite","ats:Flexible Camouflage"],"picked":"ats:Defend Order+1","floor":19},{"not_picked":["ats:LN2 Cannon+1","ats:Shell Defense"],"picked":"ats:Assault Order","floor":20},{"not_picked":["ats:Shadow Raid","ats:Magnetic Hammer"],"picked":"ats:Poison Spread+1","floor":24},{"not_picked":["ats:Explosion Area Strengthen","ats:Poison Spread"],"picked":"ats:Cat Scratch","floor":28},{"not_picked":["ats:Consecutive Shot Auto","ats:Cat Scratch"],"picked":"ats:Sunburst","floor":29},{"not_picked":["ats:Shadow Raid","ats:True Silver Slash"],"picked":"ats:Childhood Dance","floor":31},{"not_picked":["ats:Soul Rend","ats:Dogmatic Field"],"picked":"ats:Ambush","floor":33},{"not_picked":["ats:Ignite","ats:Red Shift+1"],"picked":"ats:Cat Scratch+1","floor":35},{"not_picked":["ats:Hammer On+1","ats:Hook Shot+1"],"picked":"ats:Automatic Cover","floor":36},{"not_picked":["ats:Very Hot Blade","ats:Flexible Camouflage"],"picked":"ats:Ignite+1","floor":38},{"not_picked":["ats:Powerful Strike+1","ats:Healing Drone"],"picked":"ats:Apocalypse","floor":39}],"player_experience":229912,"relics_obtained":[{"floor":8,"key":"ats:Originium"},{"floor":8,"key":"StoneCalendar"},{"floor":9,"key":"Pear"},{"floor":26,"key":"CaptainsWheel"},{"floor":28,"key":"Red Mask"},{"floor":29,"key":"ats:Originium"},{"floor":29,"key":"Bag of Preparation"},{"floor":31,"key":"ats:Originium"},{"floor":31,"key":"Mango"}],"event_choices":[{"damage_healed":0,"gold_gain":0,"player_choice":"Lose Max HP","damage_taken":0,"relics_obtained":["Golden Idol"],"max_hp_gain":0,"max_hp_loss":6,"event_name":"Golden Idol","floor":12,"gold_loss":0},{"damage_healed":0,"gold_gain":0,"player_choice":"Ignored","damage_taken":0,"max_hp_gain":0,"max_hp_loss":0,"event_name":"Vampires","floor":25,"gold_loss":0},{"damage_healed":0,"gold_gain":0,"player_choice":"Fought Bandits","damage_taken":0,"max_hp_gain":0,"max_hp_loss":0,"event_name":"Masked Bandits","floor":28,"gold_loss":0},{"damage_healed":0,"gold_gain":0,"player_choice":"Gave Idol","damage_taken":0,"relics_obtained":["Bloody Idol"],"max_hp_gain":0,"max_hp_loss":0,"event_name":"Forgotten Altar","floor":30,"relics_lost":["Golden Idol"],"gold_loss":0},{"damage_healed":0,"gold_gain":0,"player_choice":"Gave Potion","damage_taken":0,"relics_obtained":["Centennial Puzzle"],"max_hp_gain":0,"max_hp_loss":0,"event_name":"WeMeetAgain","floor":37,"gold_loss":0}],"is_beta":false,"boss_relics":[{"not_picked":["Tiny House","Coffee Dripper"],"picked":"jessBottle:WaterBottleRelic"},{"not_picked":["Calling Bell","aspiration:WatcherSkillbook"],"picked":"ats:Sanity Plus"}],"items_purged_floors":[],"is_endless":false,"potions_floor_spawned":[1,3,7,16,19,29,36,38],"killed_by":"Giant Head","ascension_level":0}}