{"host":"45elk2x1nmxetvky","time":1609466967,"event":{"mods":["BaseMod","Downfall","Minty Spire (QoL Compilation)","StSLib"],"gold_per_floor":[99,99,99,24,24,54,54,54,89,74,100,118,18,50,67,67,67,67],"floor_reached":16,"playtime":649,"items_purged":["Pain"],"score":186,"play_id":"a6cdcd21-5457-4437-974b-7dc0e3d6c9b8","local_time":"20210101020927","is_ascension_mode":true,"campfire_choices":[{"floor":1.0,"key":"RECALL"},{"data":"Slimebound:AcidTongue","floor":8.0,"key":"SMITH"},{"floor":13,"key":"REST"}],"circlet_count":0,"master_deck":["Slimebound:Strike_Slimebound","Slimebound:Strike_Slimebound","Slimebound:Strike_Slimebound","Slimebound:Tackle","Slimebound:Defend_Slimebound","Slimebound:Defend_Slimebound","Slimebound:Defend_Slimebound","Slimebound:Defend_Slimebound","Slimebound:Split","Slimebound:CorrosiveSpit","Slimebound:Schlurp","Slimebound:SamplingLick","Slimebound:AcidTongue+1","Slimebound:Repurpose","Slimebound:OneTwoCombo","Slimebound:Gluttony","Slimebound:GrowthPunch"],"relics":["Slimebound:AbsorbEndCombat","downfall:HeartsMalice","WarpedTongs","Bag of Preparation","Bottled Lightning","Singing Bowl","Shuriken","downfall:HeartBlessingRed","StrikeDummy"],"acts_visited":["Exordium"],"potions_floor_usage":[12,15],"damage_taken":[{"damage":0.0,"enemies":"2 Louse","floor":2.0,"turns":1.0},{"damage":0.0,"enemies":"downfall:FleeingMerchant","floor":4.0,"turns":1.0},{"damage":0.0,"enemies":"Cultist","floor":5.0,"turns":1.0},{"damage":24.0,"enemies":"3 Sentries","floor":6.0,"turns":7.0},{"damage":0.0,"enemies":"Lagavulin","floor":9.0,"turns":5.0},{"damage":8.0,"enemies":"downfall:FleeingMerchant","floor":10.0,"turns":4.0},{"damage":33,"enemies":"Gremlin Nob","floor":11,"turns":4},{"damage":0,"enemies":"Small Slimes","floor":12,"turns":2},{"damage":38,"enemies":"3 Sentries","floor":14,"turns":8},{"damage":1,"enemies":"Red Slaver","floor":15,"turns":2},{"damage":23,"enemies":"downfall:Defect","floor":16,"turns":3}],"seed_played":"9015767106082271561","potions_obtained":[{"floor":6.0,"key":"Strength Potion"},{"floor":9.0,"key":"Guardian:BlockOnCardUsePotion"},{"floor":11,"key":"Fire Potion"},{"floor":12,"key":"champ:CounterPotion"},{"floor":14,"key":"Weak Potion"}],"is_trial":false,"path_per_floor":["R","M","?","$","M","E","T","R","E","$","E","M","R","E","M","B"],"character_chosen":"SLIMEBOUND","items_purchased":[],"campfire_rested":1,"item_purchase_floors":[],"current_hp_per_floor":[65,65,65,65,65,44,44,44,49,44,16,19,39,10,11,0,0,0],"gold":67,"neow_bonus":"THREE_ENEMY_KILL","is_daily":false,"chose_seed":false,"campfire_upgraded":1,"win_rate":0.0,"timestamp":1609466967,"path_taken":["R","M","?","$","M","E","T","R","E","$","E","?","R","E","M","BOSS"],"items_purchased_type":[],"build_version":"2020-12-22","purchased_purges":1,"victory":false,"max_hp_per_floor":[65,65,65,65,65,65,65,65,67,67,67,67,67,69,69,69,69,69],"card_choices":[{"not_picked":["Slimebound:ComboTackle","Slimebound:SplitAcid"],"picked":"Slimebound:Schlurp","floor":2.0},{"not_picked":["Slimebound:BestDefense","Slimebound:SlimeBrawl"],"picked":"Slimebound:SamplingLick","floor":4.0},{"not_picked":["Slimebound:SplitLeeching","Slimebound:SplitBruiser","Slimebound:ProtectTheBoss"],"picked":"SKIP","floor":5.0},{"not_picked":["Slimebound:ViciousTackle","Slimebound:Schlurp"],"picked":"Slimebound:AcidTongue","floor":6.0},{"not_picked":["Slimebound:FormOfPuddle","Slimebound:Prepare","Slimebound:DuplicatedForm"],"picked":"Singing Bowl","floor":9.0},{"not_picked":["Slimebound:LeechingTouch","Slimebound:FinishingTackle"],"picked":"Slimebound:Repurpose","floor":10.0},{"not_picked":["Slimebound:HauntingLick","Slimebound:Schlurp"],"picked":"Slimebound:OneTwoCombo","floor":11},{"not_picked":["Slimebound:DivideAndConquer","Slimebound:SplitAcid"],"picked":"Slimebound:Gluttony","floor":12},{"not_picked":["Slimebound:SplitAcid","Slimebound:LeechEnergy","Slimebound:SplitMire"],"picked":"Singing Bowl","floor":14},{"not_picked":["Slimebound:AcidTongue","Slimebound:Schlurp"],"picked":"Slimebound:GrowthPunch","floor":15}],"player_experience":371933,"relics_obtained":[{"floor":6.0,"key":"Bag of Preparation"},{"floor":7.0,"key":"Bottled Lightning"},{"floor":9.0,"key":"Singing Bowl"},{"floor":11,"key":"Shuriken"},{"floor":14,"key":"StrikeDummy"}],"event_choices":[{"damage_healed":0.0,"max_hp_gain":0.0,"max_hp_loss":0.0,"gold_gain":0.0,"event_name":"Accursed Blacksmith","player_choice":"Rummage","floor":3.0,"gold_loss":0.0,"damage_taken":0.0,"relics_obtained":["WarpedTongs"],"cards_obtained":["Pain"]}],"is_beta":false,"boss_relics":[],"items_purged_floors":[4],"is_endless":false,"potions_floor_spawned":[6,9,11,12,14],"killed_by":"downfall:Defect","ascension_level":5}}