{"host":"i0avyit1s6jb1siw","time":1609503761,"event":{"mods":["BaseMod","DeckTracker","Dota2Spire","Highlight Path","Minty Spire (QoL Compilation)","Quick Restart","Replay The Spire","StSLib","SuperFastMode"],"gold_per_floor":[109,34,109,53,72,102,116,116,116,116,116,136,136,167,167,241,241,220,235,235,235,235],"floor_reached":21,"playtime":349,"items_purged":["Strike_G"],"score":424,"play_id":"160dbe07-72f2-413a-b6e7-848e4602a84f","local_time":"20210101132241","is_ascension_mode":true,"campfire_choices":[{"data":"Crippling Poison","floor":11.0,"key":"SMITH"},{"data":"Dagger Spray","floor":13.0,"key":"SMITH"},{"floor":15.0,"key":"REST"}],"circlet_count":0,"master_deck":["AscendersBane","Strike_G","Strike_G","Strike_G","Defend_G","Defend_G","Defend_G","Defend_G","Defend_G","Survivor","Neutralize","Dagger Throw","Dagger Spray+1","Crippling Poison+1","Wraith Form v2","Infinite Blades+1","Hidden Blade"],"relics":["Ring of the Snake","NeowsBlessing","Happy Flower","Shuriken","Replay:WaspNest","Regal Pillow","HoveringKite"],"acts_visited":["Exordium","TheCity"],"potions_floor_usage":[16],"damage_taken":[{"damage":0.0,"enemies":"2 Louse","floor":1.0,"turns":1.0},{"damage":0.0,"enemies":"Jaw Worm","floor":5.0,"turns":1.0},{"damage":0.0,"enemies":"Gremlin Nob","floor":6.0,"turns":1.0},{"damage":4.0,"enemies":"Cultist","floor":7.0,"turns":4.0},{"damage":5.0,"enemies":"3 Louse","floor":12.0,"turns":3.0},{"damage":16.0,"enemies":"Lagavulin","floor":14.0,"turns":7.0},{"damage":61,"enemies":"Slime Boss","floor":16,"turns":9},{"damage":15,"enemies":"2 Thieves","floor":18,"turns":4},{"damage":16,"enemies":"3 Byrds","floor":19,"turns":3},{"damage":23,"enemies":"Shelled Parasite and Fungi","floor":21,"turns":3}],"seed_played":"3789118029897946446","potions_obtained":[{"floor":5.0,"key":"Poison Potion"},{"floor":12.0,"key":"Regen Potion"},{"floor":19,"key":"SneckoOil"}],"is_trial":false,"path_per_floor":["M","$","?","$","M","E","M","?","T","T","R","M","R","E","R","B",null,"M","M","?","M"],"character_chosen":"THE_SILENT","items_purchased":["SteroidPotion"],"campfire_rested":1,"item_purchase_floors":[4],"current_hp_per_floor":[59,59,48,48,48,48,44,37,37,37,37,32,32,31,65,4,51,36,20,20,0,0],"gold":235,"neow_bonus":"THREE_ENEMY_KILL","is_daily":false,"chose_seed":false,"campfire_upgraded":2,"win_rate":0.0,"timestamp":1609503761,"path_taken":["M","$","?","$","M","E","M","?","T","?","R","M","R","E","R","BOSS","M","?","?","M"],"items_purchased_type":["Potion"],"build_version":"2020-12-22","purchased_purges":1,"victory":false,"max_hp_per_floor":[66,66,66,66,66,66,66,66,66,66,66,66,66,66,66,66,66,66,66,66,66,66],"card_choices":[{"not_picked":["Flying Knee","Acrobatics"],"picked":"Dagger Throw","floor":1.0},{"not_picked":["Dodge and Roll","Quick Slash"],"picked":"Dagger Spray","floor":5.0},{"not_picked":["Backstab","ReplayTheSpireMod:Exploit Weakness"],"picked":"Crippling Poison","floor":6.0},{"not_picked":["PiercingWail","Expertise","Cloak And Dagger"],"picked":"SKIP","floor":7.0},{"not_picked":["Underhanded Strike","Bane","Bullet Time"],"picked":"SKIP","floor":12.0},{"not_picked":["Dagger Spray","Poisoned Stab","Bullet Time"],"picked":"SKIP","floor":14.0},{"not_picked":["A Thousand Cuts","Adrenaline"],"picked":"Wraith Form v2","floor":16},{"not_picked":["Dodge and Roll","Skewer"],"picked":"Infinite Blades+1","floor":18},{"not_picked":["Flying Knee","Bane"],"picked":"Hidden Blade","floor":19}],"player_experience":2152760,"relics_obtained":[{"floor":6.0,"key":"Happy Flower"},{"floor":9.0,"key":"Shuriken"},{"floor":10.0,"key":"Replay:WaspNest"},{"floor":14.0,"key":"Regal Pillow"}],"event_choices":[{"damage_healed":0.0,"max_hp_gain":0.0,"max_hp_loss":0.0,"gold_gain":75.0,"event_name":"World of Goop","player_choice":"Gather Gold","floor":3.0,"gold_loss":0.0,"damage_taken":11.0},{"cards_removed":["Strike_G"],"damage_healed":0.0,"max_hp_gain":0.0,"max_hp_loss":0.0,"gold_gain":0.0,"event_name":"Golden Wing","player_choice":"Card Removal","floor":8.0,"gold_loss":0.0,"damage_taken":7.0},{"damage_healed":0,"gold_gain":0,"player_choice":"Ignored","damage_taken":0,"max_hp_gain":0,"max_hp_loss":0,"event_name":"Ghosts","floor":20,"gold_loss":0}],"is_beta":false,"boss_relics":[{"not_picked":["Replay:Ancient Bell","Abe\u0027s Treasure"],"picked":"HoveringKite"}],"items_purged_floors":[2],"is_endless":false,"potions_floor_spawned":[5,12,19],"killed_by":"Shelled Parasite and Fungi","ascension_level":20}}