{"host":"ds1yr10zonoc6w4a","time":1609536630,"event":{"mods":["2.2 Compatiblity","AchievementEnabler","Act Like it!","BaseMod","Better Match","Better Third Choice","BetterRewards","Downfall","Elementarium","Evolution","Gensokyo","GifTheSpireLib","Infinite Spire","Jorbs\u0027s Wanderer Trilogy","Koishi","Menagerie","Minty Spire (QoL Compilation)","Pale of the Ancients","Replay The Spire","StSLib","Stuff the Spire","The Animator","Wandering Minibosses","vexMod","??????REMEMod"],"gold_per_floor":[119,119,119,132,132,146,146,46,99,99,172,172,225,341,341,479,479,548,548,548,561,624,659,659,718,744,744,850,925,1033,585,585,751,776,846,352,352,352,441,493,546,639,664,664,664,778,894,970,970,970,970],"floor_reached":50,"playtime":6815,"items_purged":["animator:Strike","Regret","animator:Strike"],"score":1427,"play_id":"260c5a0d-dd71-4cbd-892f-39aeec9e4509","local_time":"20210101143030","is_ascension_mode":true,"campfire_choices":[{"data":"animator:IrohaTamaki","floor":10,"key":"SMITH"},{"floor":15,"key":"RECALL"},{"data":"animator:DolaStephanie","floor":24,"key":"SMITH"},{"data":"animator:Shiro","floor":32,"key":"SMITH"},{"data":"animator:FeridBathory","floor":44,"key":"SMITH"},{"floor":49,"key":"REST"}],"circlet_count":0,"master_deck":["AscendersBane","animator:YuukaKazami","animator:ShizuruNakatsu+1","animator:YuukaKazami","animator:Defend+1","animator:Defend","animator:Chung","animator:Raven","Gensokyo:MorningStar","animator:IrohaTamaki+1","animator:Megumin+15","Burn","animator:UneriGinkaku","animator:Yuuichirou","Injury","animator:Aisha","animator:Shinoa","animator:Rimuru","animator:OrikoMikuni+1","animator:Ain","ReplayTheSpireMod:Splinters","animator:DolaStephanie+1","animator:Gilgamesh+11","animator:Jibril","animator:Rena","animator:Shiro+1","animator:FeridBathory+1","animator:Vanir","ReplayTheSpireMod:Chaos Vortex","animator:HigakiRinne","StuffTheSpire:BrainWave","animator:ElricEdward+1","animator:ChlammyZell","animator:HinaKagiyama","animator:Curse_Dizziness","animator:SayakaMiki+1","animator:Ain"],"relics":["animator:LivingPicture","animator:TheMissingPiece","EVO:Axolotl","REME_ComplimentaryCards","animator:PurgingStone","animator:ShionDessert","Boot","StuffTheSpire:ForceGauntlet","infinitespire:Eraser","Ring of Misfortune","ReplayTheSpireMod:Ring of Challenge","StuffTheSpire:RedRose","Smiling Mask","StuffTheSpire:Gunfinga","Golden Idol","animator:SoulGem","StuffTheSpire:CocoNut","vexMod:EndlessSickness","Blue Doll","Replay:Bottled Flurry","Anchor","Gremlin Horn","War Paint","Bag of Marbles","wanderingMiniBosses:OtherGremlinHorn","Membership Card","Onion Ring","Pantograph","infinitespire:EvilPickle","Philosopher\u0027s Stone","Dead Branch","Mercury Hourglass","The Courier","Toxic Egg 2"],"acts_visited":["Exordium","TheCity","TheBeyond"],"potions_floor_usage":[13,18,23,25,28,29,46,50],"damage_taken":[{"damage":0,"enemies":"Small Slimes","floor":1,"turns":3},{"damage":0,"enemies":"2 Louse","floor":4,"turns":2},{"damage":0,"enemies":"Jaw Worm","floor":6,"turns":2},{"damage":19,"enemies":"Lagavulin","floor":11,"turns":6},{"damage":3,"enemies":"3 Sentries","floor":13,"turns":5},{"damage":7,"enemies":"Lagavulin Event","floor":14,"turns":4},{"damage":3,"enemies":"Fading Forest","floor":16,"turns":11},{"damage":0,"enemies":"Chosen","floor":18,"turns":6},{"damage":0,"enemies":"Spheric Guardian","floor":21,"turns":2},{"damage":10,"enemies":"Book of Stabbing","floor":23,"turns":4},{"damage":13,"enemies":"Slavers","floor":25,"turns":3},{"damage":0,"enemies":"animator:HornedBat","floor":28,"turns":2},{"damage":0,"enemies":"Cultist and Chosen","floor":29,"turns":3},{"damage":2,"enemies":"Snake Plant","floor":30,"turns":4},{"damage":44,"enemies":"Pondfish","floor":33,"turns":9},{"damage":6,"enemies":"3 Darklings","floor":35,"turns":2},{"damage":23,"enemies":"2 Orb Walkers","floor":39,"turns":3},{"damage":0,"enemies":"Orb Walker","floor":40,"turns":2},{"damage":0,"enemies":"Writhing Mass","floor":41,"turns":1},{"damage":0,"enemies":"Nemesis","floor":42,"turns":3},{"damage":8,"enemies":"Maw","floor":46,"turns":4},{"damage":0,"enemies":"R_Hoarder","floor":47,"turns":5},{"damage":0,"enemies":"Jaw Worm Horde","floor":48,"turns":2},{"damage":123,"enemies":"LordOfAnnihilation","floor":50,"turns":16}],"seed_played":"-2758687814394564456","potions_obtained":[{"floor":1,"key":"LiquidMemories"},{"floor":13,"key":"champ:CounterPotion"},{"floor":21,"key":"PowerPotion"},{"floor":23,"key":"Fire Potion"},{"floor":25,"key":"ColorlessPotion"},{"floor":28,"key":"PowerPotion"},{"floor":41,"key":"AttackPotion"},{"floor":47,"key":"FearPotion"},{"floor":48,"key":"Fire Potion"}],"is_trial":false,"path_per_floor":["M","?","?","M","?","M","?","$","T","R","E","?","E","?","R","B",null,"M","?","?","M","?","E","R","E","T","?","E","M","M","$","R","B",null,"M","?","?","?","?","M","M","E","T","R","?","M","E","M","R","B"],"character_chosen":"THE_ANIMATOR","items_purchased":["animator:ShionDessert","Boot","Membership Card","Onion Ring","Pantograph"],"campfire_rested":1,"item_purchase_floors":[0,0,31,31,31],"current_hp_per_floor":[59,53,53,53,53,53,53,53,53,53,34,34,31,31,31,36,64,64,64,64,65,65,55,55,42,42,42,42,42,40,40,40,21,61,55,55,46,46,23,23,23,23,23,23,23,18,21,21,41,0,0],"gold":970,"neow_bonus":"","is_daily":false,"chose_seed":false,"campfire_upgraded":4,"win_rate":0.0,"timestamp":1609536630,"path_taken":["M","?","?","M","?","?","?","$","T","R","E","?","E","?","R","BOSS","M","?","?","?","?","E","R","E","T","?","E","M","M","?","R","BOSS","M","?","?","?","?","M","?","E","T","R","?","M","E","M","R","BOSS"],"items_purchased_type":["Relic","Relic","Relic","Relic","Relic"],"build_version":"2020-12-22","purchased_purges":3,"victory":false,"max_hp_per_floor":[66,66,66,66,66,66,66,66,66,66,66,66,66,73,73,73,73,73,73,73,74,74,74,74,74,74,74,74,74,74,74,74,74,74,74,74,74,67,67,67,67,67,67,67,67,67,67,67,67,67,67],"card_choices":[{"not_picked":["animator:SilverFang","animator:Priestess"],"picked":"animator:IrohaTamaki","floor":1},{"not_picked":["animator:Konayuki","animator:DolaCouronne"],"picked":"animator:Megumin","floor":4},{"not_picked":["animator:Cocytus","animator:RoryMercury"],"picked":"animator:UneriGinkaku","floor":6},{"not_picked":["animator:Yoichi","animator:CrowleyEusford"],"picked":"animator:Yuuichirou","floor":11},{"not_picked":["animator:Boros","animator:EmiyaShirou"],"picked":"animator:Aisha","floor":13},{"not_picked":["animator:Gluttony","animator:ElricEdward"],"picked":"animator:Shinoa","floor":14},{"not_picked":["animator:MadokaKaname","animator:Wiz"],"picked":"animator:Rimuru","floor":16},{"not_picked":["animator:NarberalGamma","animator:Ara"],"picked":"animator:OrikoMikuni+1","floor":18},{"not_picked":["animator:Ara","animator:Elsword"],"picked":"animator:Ain","floor":21},{"not_picked":["animator:Demiurge+1","animator:Mitsuba"],"picked":"animator:DolaStephanie","floor":22},{"not_picked":["animator:KyokoSakura","animator:Megumin"],"picked":"animator:Gilgamesh","floor":23},{"not_picked":["animator:Hitei","animator:Sloth"],"picked":"animator:Gilgamesh","floor":25},{"not_picked":["animator:ElricEdward","animator:Albedo"],"picked":"animator:Jibril","floor":28},{"not_picked":["animator:Chung","animator:Elsword"],"picked":"animator:Rena","floor":29},{"not_picked":["animator:Melzalgald","animator:AcuraTooru"],"picked":"animator:Shiro","floor":30},{"not_picked":["animator:Saitama","animator:Wiz"],"picked":"animator:FeridBathory","floor":33},{"not_picked":["animator:EmiyaShirou","animator:DolaRiku"],"picked":"animator:Vanir","floor":35},{"not_picked":["infinitespire:Menacing","ReplayTheSpireMod:Black Plague"],"picked":"ReplayTheSpireMod:Chaos Vortex","floor":36},{"not_picked":["animator:Layla","animator:Chung+1"],"picked":"animator:ElricEdward+1","floor":39},{"not_picked":["animator:Mitsurugi","animator:Mitsuba"],"picked":"animator:Megumin+1","floor":40},{"not_picked":["animator:DolaSchwi","animator:FielNirvalen"],"picked":"animator:ChlammyZell","floor":41},{"not_picked":["animator:Caster","animator:Millim+1"],"picked":"animator:Eris","floor":42},{"not_picked":["animator:Chung+1","animator:Raven","animator:Konayuki+1"],"picked":"SKIP","floor":46},{"not_picked":["animator:LizardPriest+1","animator:Yuuichirou"],"picked":"animator:SayakaMiki+1","floor":47},{"not_picked":["animator:Ara","animator:Raven"],"picked":"animator:Ain","floor":48}],"player_experience":685135,"relics_obtained":[{"floor":3,"key":"Ring of Misfortune"},{"floor":3,"key":"ReplayTheSpireMod:Ring of Challenge"},{"floor":9,"key":"Smiling Mask"},{"floor":11,"key":"StuffTheSpire:Gunfinga"},{"floor":13,"key":"animator:SoulGem"},{"floor":18,"key":"Blue Doll"},{"floor":22,"key":"Replay:Bottled Flurry"},{"floor":23,"key":"Anchor"},{"floor":25,"key":"Gremlin Horn"},{"floor":28,"key":"War Paint"},{"floor":30,"key":"Bag of Marbles"},{"floor":30,"key":"wanderingMiniBosses:OtherGremlinHorn"},{"floor":39,"key":"Dead Branch"},{"floor":42,"key":"Mercury Hourglass"},{"floor":43,"key":"The Courier"},{"floor":47,"key":"Toxic Egg 2"}],"event_choices":[{"damage_healed":0,"gold_gain":1,"player_choice":"Relic Relic ","damage_taken":6,"max_hp_gain":0,"max_hp_loss":0,"event_name":"betterThird:BetterScrap","floor":2,"gold_loss":0,"cards_obtained":["Meditate"]},{"damage_healed":53,"gold_gain":0,"player_choice":"Embrace Burn","damage_taken":0,"max_hp_gain":0,"max_hp_loss":66,"event_name":"betterThird:BetterShining","floor":5,"gold_loss":0},{"damage_healed":0,"gold_gain":0,"player_choice":"Take Wound","damage_taken":0,"relics_obtained":["Golden Idol"],"max_hp_gain":0,"max_hp_loss":0,"event_name":"Golden Idol","floor":12,"gold_loss":0,"cards_obtained":["Injury"]},{"damage_healed":0,"gold_gain":0,"player_choice":"Searched \u00272\u0027 times","damage_taken":0,"relics_obtained":["StuffTheSpire:CocoNut"],"max_hp_gain":0,"max_hp_loss":0,"event_name":"Dead Adventurer","floor":14,"gold_loss":0},{"damage_healed":0,"gold_gain":0,"player_choice":"Ignored","damage_taken":0,"max_hp_gain":0,"max_hp_loss":0,"event_name":"Vampires","floor":19,"gold_loss":0},{"damage_healed":0,"gold_gain":0,"player_choice":"Embrace Madness","damage_taken":9,"max_hp_gain":0,"max_hp_loss":0,"event_name":"Winding Halls","floor":37,"gold_loss":0,"cards_obtained":["animator:HigakiRinne"]},{"damage_healed":0,"gold_gain":0,"player_choice":"Fight","damage_taken":0,"max_hp_gain":0,"max_hp_loss":0,"event_name":"Mysterious Sphere","floor":39,"gold_loss":0}],"is_beta":false,"boss_relics":[{"not_picked":["Runic Dome","vexMod:NewClearReactor"],"picked":"vexMod:EndlessSickness"},{"not_picked":["Velvet Choker","Mark of Pain"],"picked":"Philosopher\u0027s Stone"}],"items_purged_floors":[0,8,31],"is_endless":false,"potions_floor_spawned":[1,13,21,23,25,28,41,47,48],"killed_by":"LordOfAnnihilation","ascension_level":13}}