{"host":"a99cgagtsic7fuyb","time":1609486157,"event":{"mods":["BaseMod","Downfall","Hermit","Lobotomy","Minty Spire (QoL Compilation)","Replay The Spire","StSLib","The Cursed"],"gold_per_floor":[99,199,199,199,199,199,199,229,245,20,20,20,20,20],"floor_reached":13,"playtime":452,"items_purged":[],"score":102,"play_id":"4895b119-9de0-47d0-96af-613b2cf6629a","local_time":"20210101152917","is_ascension_mode":false,"campfire_choices":[{"floor":1,"key":"RECALL"},{"data":"sneckomod:Nope","floor":10,"key":"SMITH"},{"data":"sneckomod:Restock","floor":12,"key":"SMITH"}],"circlet_count":0,"master_deck":["sneckomod:Strike","sneckomod:Strike+1","sneckomod:Strike","sneckomod:Defend","sneckomod:Defend","sneckomod:Defend+1","sneckomod:TailWhip","sneckomod:SnekBite+1","sneckomod:Unknown","sneckomod:Unknown","Regret","sneckomod:Nope+1","sneckomod:WideSting","sneckomod:Restock+1","Regret"],"relics":["sneckomod:SneckoSoul","downfall:HeartsMalice","Nunchaku","downfall:HeartBlessingRed","downfall:HeartBlessingGreen","downfall:HeartBlessingBlue","Garlic"],"acts_visited":["Exordium"],"potions_floor_usage":[13,13],"damage_taken":[{"damage":0,"enemies":"Cultist","floor":5,"turns":1},{"damage":0,"enemies":"2 Louse","floor":6,"turns":1},{"damage":0,"enemies":"Lagavulin","floor":8,"turns":1},{"damage":4,"enemies":"Small Slimes","floor":9,"turns":4},{"damage":207,"enemies":"Gremlin Nob","floor":13,"turns":3}],"seed_played":"-5608313306329691736","potions_obtained":[{"floor":4,"key":"BlessingOfTheForge"},{"floor":4,"key":"Weak Potion"},{"floor":4,"key":"Reflective Coating"},{"floor":8,"key":"LiquidMemories"}],"is_trial":false,"path_per_floor":["R","?","?","?","M","M","T","E","M","R","?","R","E"],"character_chosen":"THE_SNECKO","items_purchased":[],"campfire_rested":0,"item_purchase_floors":[],"current_hp_per_floor":[90,90,90,90,90,90,90,90,86,96,96,96,0,0],"gold":20,"neow_bonus":"THREE_ENEMY_KILL","is_daily":false,"chose_seed":false,"campfire_upgraded":2,"win_rate":0.0,"timestamp":1609486157,"path_taken":["R","?","?","?","M","M","T","E","?","R","?","R","E"],"items_purchased_type":[],"build_version":"2020-12-22","purchased_purges":0,"victory":false,"max_hp_per_floor":[90,90,90,90,90,90,90,90,90,100,100,100,100,100],"card_choices":[{"not_picked":["sneckomod:RainOfDice","sneckomod:UnknownClassAngela"],"picked":"sneckomod:Nope","floor":5},{"not_picked":["sneckomod:MasterEye","sneckomod:Nope"],"picked":"sneckomod:WideSting","floor":6},{"not_picked":["sneckomod:SoulDraw","sneckomod:QuickBite"],"picked":"sneckomod:Restock","floor":8},{"not_picked":["sneckomod:QuickBite","sneckomod:UnknownCommonAttack","sneckomod:Unknown1Cost"],"picked":"SKIP","floor":9}],"player_experience":115470,"relics_obtained":[{"floor":8,"key":"Nunchaku"}],"event_choices":[{"damage_healed":0,"gold_gain":0,"player_choice":"Got Potions","damage_taken":0,"max_hp_gain":0,"max_hp_loss":0,"event_name":"Lab","floor":4,"gold_loss":0},{"damage_healed":0,"gold_gain":0,"player_choice":"Box","damage_taken":0,"relics_obtained":["Garlic"],"max_hp_gain":0,"max_hp_loss":0,"event_name":"Big Fish","floor":11,"gold_loss":0,"cards_obtained":["Regret"]}],"is_beta":false,"boss_relics":[],"items_purged_floors":[],"is_endless":false,"potions_floor_spawned":[8,9],"killed_by":"Gremlin Nob","ascension_level":0}}