{"host":"tpad8qsc9e0g0pa5","time":1609488837,"event":{"mods":["BaseMod","Minty Spire (QoL Compilation)","Quick Restart","StSLib","The Bug Knight","The Servant 0.9.4"],"gold_per_floor":[114,114,39,214,214,249,249,6,6,6,6,26,61,81,81,81,81],"floor_reached":16,"playtime":616,"items_purged":["Defend_G","Strike_G"],"score":138,"play_id":"fda4dda9-d73b-4db5-88a9-2576aca5a1e3","local_time":"20210101161357","is_ascension_mode":true,"campfire_choices":[{"data":"Underhanded Strike","floor":7.0,"key":"SMITH"},{"floor":10.0,"key":"REST"},{"data":"Tactician","floor":15,"key":"SMITH"}],"circlet_count":0,"master_deck":["Strike_G","Strike_G","Strike_G","Strike_G","Defend_G","Defend_G","Defend_G","Defend_G","Survivor","Neutralize","Underhanded Strike+1","Doubt","Unload+1","Tactician","Tactician+1"],"relics":["Ring of the Snake","NeowsBlessing","Golden Idol","Bronze Scales","Molten Egg 2","Letter Opener","Matryoshka"],"acts_visited":["Exordium"],"potions_floor_usage":[],"damage_taken":[{"damage":0.0,"enemies":"Small Slimes","floor":1.0,"turns":1.0},{"damage":0.0,"enemies":"Gremlin Nob","floor":6.0,"turns":1.0},{"damage":0.0,"enemies":"2 Louse","floor":12.0,"turns":1.0},{"damage":22,"enemies":"3 Sentries","floor":13,"turns":7},{"damage":5,"enemies":"Jaw Worm","floor":14,"turns":3},{"damage":0,"enemies":"The Guardian","floor":16,"turns":1}],"seed_played":"985348647833619096","potions_obtained":[{"floor":12.0,"key":"Dexterity Potion"},{"floor":13,"key":"Block Potion"},{"floor":14,"key":"EntropicBrew"}],"is_trial":false,"path_per_floor":["M","?","$","?","T","E","R","$","T","R","$","M","E","M","R","B"],"character_chosen":"THE_SILENT","items_purchased":["Unload+1"],"campfire_rested":1,"item_purchase_floors":[8],"current_hp_per_floor":[70,53,53,53,53,53,53,53,53,70,70,70,48,43,43,43,43],"gold":81,"neow_bonus":"THREE_ENEMY_KILL","is_daily":false,"chose_seed":false,"campfire_upgraded":2,"win_rate":0.0,"timestamp":1609488837,"path_taken":["M","?","$","?","?","E","R","$","T","R","?","M","E","M","R","BOSS"],"items_purchased_type":["Card"],"build_version":"2020-12-22","purchased_purges":2,"victory":false,"max_hp_per_floor":[70,70,70,70,70,70,70,70,70,70,70,70,70,70,70,70,70],"card_choices":[{"not_picked":["Dagger Throw","PiercingWail"],"picked":"Underhanded Strike","floor":1.0},{"not_picked":["PiercingWail","Catalyst","Endless Agony+1"],"picked":"SKIP","floor":6.0},{"not_picked":["Slice+1","Outmaneuver"],"picked":"Tactician","floor":12.0},{"not_picked":["Cloak And Dagger","Backflip","Accuracy"],"picked":"SKIP","floor":13},{"not_picked":["Flechettes+1","Prepared"],"picked":"Tactician","floor":14}],"player_experience":317676,"relics_obtained":[{"floor":5.0,"key":"Bronze Scales"},{"floor":6.0,"key":"Molten Egg 2"},{"floor":9.0,"key":"Letter Opener"},{"floor":13,"key":"Matryoshka"}],"event_choices":[{"damage_healed":0.0,"max_hp_gain":0.0,"max_hp_loss":0.0,"gold_gain":0.0,"event_name":"Golden Idol","player_choice":"Take Damage","floor":2.0,"gold_loss":0.0,"damage_taken":17.0,"relics_obtained":["Golden Idol"]},{"damage_healed":0.0,"max_hp_gain":0.0,"max_hp_loss":0.0,"gold_gain":175.0,"event_name":"Liars Game","player_choice":"AGREE","floor":4.0,"gold_loss":0.0,"damage_taken":0.0,"cards_obtained":["Doubt"]}],"is_beta":false,"boss_relics":[],"items_purged_floors":[3,8],"is_endless":false,"potions_floor_spawned":[12,13,14],"killed_by":"The Guardian","ascension_level":1}}