{"host":"2v1wccdd5g2xowsh","time":1609514417,"event":{"mods":["BaseMod","Downfall","Hermit","Minty Spire (QoL Compilation)","StSLib","SuperFastMode","The Bug Knight","The Cursed"],"gold_per_floor":[119,70,70,89,89,132,132,30,30,63,128,128,142,292,292,423,423,442,485,34,34,34],"floor_reached":21,"playtime":860,"items_purged":[],"score":244,"play_id":"f652de8c-b579-4913-a58e-2f303e1c3e58","local_time":"20210101232017","is_ascension_mode":true,"campfire_choices":[{"floor":7,"key":"REST"},{"floor":12,"key":"REST"},{"data":"Loop","floor":15,"key":"SMITH"}],"circlet_count":0,"master_deck":["Strike_B","Strike_B","Strike_B","Strike_B","Defend_B","Defend_B","Defend_B","Defend_B","Zap","Dualcast","Genetic Algorithm","Sweeping Beam","Conserve Battery","Core Surge","Capacitor","Turbo","Reprogram","Loop+1","Steam","Biased Cognition","Recycle+1","Self Repair+1"],"relics":["Cracked Core","NeowsBlessing","Golden Idol","SsserpentHead","Bag of Preparation","Eternal Feather","Matryoshka","Inserter","Pen Nib","HandDrill","Ancient Tea Set"],"acts_visited":["Exordium","TheCity"],"potions_floor_usage":[10,16,19],"damage_taken":[{"damage":0,"enemies":"Jaw Worm","floor":1,"turns":1},{"damage":0,"enemies":"Cultist","floor":4,"turns":1},{"damage":0,"enemies":"3 Sentries","floor":6,"turns":1},{"damage":40,"enemies":"Lagavulin","floor":10,"turns":8},{"damage":0,"enemies":"2 Louse","floor":11,"turns":1},{"damage":0,"enemies":"Large Slime","floor":13,"turns":5},{"damage":40,"enemies":"Slime Boss","floor":16,"turns":11},{"damage":12,"enemies":"Chosen","floor":18,"turns":5},{"damage":32,"enemies":"2 Thieves","floor":19,"turns":4},{"damage":42,"enemies":"Snecko","floor":21,"turns":6}],"seed_played":"4946590773248670549","potions_obtained":[{"floor":6,"key":"Weak Potion"},{"floor":11,"key":"SpeedPotion"},{"floor":13,"key":"Energy Potion"},{"floor":19,"key":"Strength Potion"}],"is_trial":false,"path_per_floor":["M","$","?","M","?","E","R","$","T","E","M","R","M","?","R","B",null,"M","M","$","M"],"character_chosen":"DEFECT","items_purchased":["Sweeping Beam","Capacitor","Turbo","Pen Nib","HandDrill","Ancient Tea Set"],"campfire_rested":2,"item_purchase_floors":[2,8,8,20,20,20],"current_hp_per_floor":[75,75,57,57,57,57,75,75,75,35,35,66,66,66,75,35,75,63,31,31,0,0],"gold":34,"neow_bonus":"THREE_ENEMY_KILL","is_daily":false,"chose_seed":false,"campfire_upgraded":1,"win_rate":0.0,"timestamp":1609514417,"path_taken":["M","$","?","M","?","E","R","$","T","E","?","R","M","?","R","BOSS","M","?","$","M"],"items_purchased_type":["Card","Card","Card","Relic","Relic","Relic"],"build_version":"2020-12-22","purchased_purges":0,"victory":false,"max_hp_per_floor":[75,75,75,75,75,75,75,75,75,75,75,75,75,75,75,75,75,75,75,75,75,75],"card_choices":[{"not_picked":["Beam Cell","Ball Lightning"],"picked":"Genetic Algorithm","floor":1},{"not_picked":["Beam Cell","Cold Snap"],"picked":"Conserve Battery","floor":4},{"not_picked":["Sweeping Beam","Storm"],"picked":"Core Surge","floor":6},{"not_picked":["Force Field","Sweeping Beam"],"picked":"Reprogram","floor":10},{"not_picked":["Compile Driver","Rebound"],"picked":"Loop","floor":11},{"not_picked":["Defragment","Recycle"],"picked":"Steam","floor":13},{"not_picked":["Seek","Fission"],"picked":"Biased Cognition","floor":16},{"not_picked":["Leap","Beam Cell"],"picked":"Recycle+1","floor":18},{"not_picked":["Leap","Go for the Eyes+1"],"picked":"Self Repair+1","floor":19}],"player_experience":271994,"relics_obtained":[{"floor":6,"key":"Bag of Preparation"},{"floor":9,"key":"Eternal Feather"},{"floor":10,"key":"Matryoshka"}],"event_choices":[{"damage_healed":0,"gold_gain":0,"player_choice":"Take Damage","damage_taken":18,"relics_obtained":["Golden Idol"],"max_hp_gain":0,"max_hp_loss":0,"event_name":"Golden Idol","floor":3,"gold_loss":0},{"damage_healed":0,"gold_gain":0,"player_choice":"Trade","damage_taken":0,"relics_obtained":["SsserpentHead"],"max_hp_gain":0,"max_hp_loss":0,"event_name":"FaceTrader","floor":5,"gold_loss":0},{"damage_healed":0,"gold_gain":100,"player_choice":"Pray","damage_taken":0,"max_hp_gain":0,"max_hp_loss":0,"event_name":"Golden Shrine","floor":14,"gold_loss":0}],"is_beta":false,"boss_relics":[{"not_picked":["Ectoplasm","Velvet Choker"],"picked":"Inserter"}],"items_purged_floors":[],"is_endless":false,"potions_floor_spawned":[6,11,13,19],"killed_by":"Snecko","ascension_level":3}}