{"host":"i2ir6b55gxkcwpt4","time":1609535277,"event":{"mods":["BaseMod","Colored Map","Colored Powertips","Lobotomy","LobotomyExtend","Minty Spire (QoL Compilation)"],"gold_per_floor":[117,129,17,17,36,65,65,79,79,79,79,99,149,180,180,283,283,297,297,65,78,3,28,28,28,28,28,28,28,54,69,69,172,172,186,206,56,56,76,106,159,185,185,185,185,199,27,37,37,37],"floor_reached":51,"playtime":4148,"items_purged":["Strike_G"],"score":967,"play_id":"92aaa129-9f3a-46f2-be4b-a952a290b566","local_time":"20210102050757","is_ascension_mode":true,"campfire_choices":[{"data":"Infinite Blades","floor":7.0,"key":"SMITH"},{"data":"Accuracy","floor":11.0,"key":"SMITH"},{"data":"Distraction","floor":15.0,"key":"SMITH"},{"floor":25.0,"key":"REST"},{"floor":29.0,"key":"DIG"},{"floor":32.0,"key":"REST"},{"floor":44.0,"key":"REST"},{"floor":49.0,"key":"REST"}],"circlet_count":0,"master_deck":["Strike_G","Strike_G","Strike_G","Strike_G","Defend_G","Defend_G","Defend_G","Defend_G","Survivor","Neutralize","Accuracy+1","Cloak And Dagger","Distraction+1","Masterful Stab","Infinite Blades+1","Footwork","Wellcheers","Blade Dance","Laetitia","Blade Dance","Dagger Spray","Adrenaline","Flechettes","Cloak And Dagger","Finisher","Accuracy","Terror","Noxious Fumes","Slice+1","Dagger Spray+1","Storm of Steel","GalaxyChild","Backstab+1","Accuracy+1","Rudolta","Slice+1","Backflip","OldLady","VoidDream","Deflect+1","Deflect+1","BigBird","Deflect+1","DreamingCurrent","Violence","Finisher+1","BlackArmy"],"relics":["Ring of the Snake","CogitoBucket","LetterFromLob","Thread and Needle","Mango","Theresia","Regal Pillow","Paper Crane","SacredBark","Vajra","Shovel","Ninja Scroll","Molten Egg 2","Strawberry","WristBlade","Medical Kit","Lantern","Unceasing Top","FossilizedHelix","Bottled Flame","ChangeAnything"],"acts_visited":["Exordium","TheCity","TheBeyond"],"potions_floor_usage":[50,50],"damage_taken":[{"damage":6.0,"enemies":"Cultist","floor":1.0,"turns":5.0},{"damage":16.0,"enemies":"Jaw Worm","floor":2.0,"turns":8.0},{"damage":0.0,"enemies":"2 Louse","floor":5.0,"turns":3.0},{"damage":25.0,"enemies":"Lagavulin","floor":6.0,"turns":5.0},{"damage":16.0,"enemies":"Lots of Slimes","floor":8.0,"turns":4.0},{"damage":16.0,"enemies":"3 Louse","floor":12.0,"turns":3.0},{"damage":0.0,"enemies":"3 Sentries","floor":14.0,"turns":6.0},{"damage":2.0,"enemies":"The Guardian","floor":16.0,"turns":7.0},{"damage":0.0,"enemies":"Chosen","floor":18.0,"turns":4.0},{"damage":22.0,"enemies":"2 Thieves","floor":21.0,"turns":4.0},{"damage":27.0,"enemies":"Book of Stabbing","floor":23.0,"turns":4.0},{"damage":5.0,"enemies":"Gremlin Leader","floor":30.0,"turns":4.0},{"damage":76.0,"enemies":"Centurion and Healer","floor":31.0,"turns":5.0},{"damage":63.0,"enemies":"Champ","floor":33.0,"turns":7.0},{"damage":0.0,"enemies":"3 Shapes","floor":35.0,"turns":4.0},{"damage":5.0,"enemies":"3 Darklings","floor":36.0,"turns":2.0},{"damage":0.0,"enemies":"Transient","floor":39.0,"turns":5.0},{"damage":24.0,"enemies":"Reptomancer","floor":40.0,"turns":4.0},{"damage":18.0,"enemies":"2 Orb Walkers","floor":41.0,"turns":3.0},{"damage":35.0,"enemies":"Giant Head","floor":42.0,"turns":7.0},{"damage":14.0,"enemies":"Spire Growth","floor":46.0,"turns":5.0},{"damage":23.0,"enemies":"3 Darklings","floor":48.0,"turns":5.0},{"damage":29,"enemies":"Donu and Deca","floor":50,"turns":4}],"seed_played":"477558474410302608","potions_obtained":[{"floor":2.0,"key":"ColorlessPotion"},{"floor":6.0,"key":"Strength Potion"},{"floor":12.0,"key":"LiquidBronze"},{"floor":16.0,"key":"FearPotion"},{"floor":23.0,"key":"AttackPotion"},{"floor":33.0,"key":"Explosive Potion"},{"floor":35.0,"key":"LiquidBronze"},{"floor":40.0,"key":"Fruit Juice"},{"floor":48.0,"key":"PowerPotion"}],"is_trial":false,"path_per_floor":["M","M","$","?","M","E","R","M","T","?","R","M","T","E","R","B",null,"M","?","$","M","?","E","T","R","T","M","?","R","E","M","R","B",null,"M","M","$","?","M","E","?","E","T","R","?","M","$","M","R","B",null],"character_chosen":"THE_SILENT","items_purchased":["Distraction","Masterful Stab","Finisher","Accuracy","Medical Kit","Violence"],"campfire_rested":4,"item_purchase_floors":[3,3,20,20,37,47],"current_hp_per_floor":[64,48,48,56,56,31,31,15,29,84,84,68,68,68,68,72,84,84,84,84,65,65,38,38,78,78,78,72,72,77,1,43,62,91,91,86,86,86,86,65,47,15,15,57,57,46,46,35,77,60],"gold":37,"neow_bonus":"","is_daily":false,"chose_seed":false,"campfire_upgraded":3,"win_rate":0.0,"timestamp":1609535277,"path_taken":["M","M","?","?","?","E","R","M","T","?","R","?","?","E","R","BOSS","M","?","?","M","?","E","?","R","T","?","?","R","E","?","R","BOSS","M","M","$","?","M","E","?","E","T","R","?","M","$","M","R","BOSS"],"items_purchased_type":["Card","Card","Card","Card","Relic","Card"],"build_version":"2020-12-22","purchased_purges":1,"victory":true,"max_hp_per_floor":[70,70,70,70,70,70,70,70,84,84,84,84,84,84,84,84,84,84,84,84,84,84,84,84,84,84,84,84,84,91,91,91,91,91,91,91,91,91,91,91,91,91,91,91,91,91,91,91,91,91],"card_choices":[{"not_picked":["MeatLantern","Scorched"],"picked":"Mercenary","floor":1.0},{"not_picked":["Finisher","Outmaneuver"],"picked":"Accuracy","floor":1.0},{"not_picked":["Backflip","Accuracy"],"picked":"Cloak And Dagger","floor":2.0},{"not_picked":["Flying Knee","Poisoned Stab"],"picked":"Infinite Blades","floor":5.0},{"not_picked":["Eviscerate","Heel Hook"],"picked":"Footwork","floor":6.0},{"not_picked":["CrumblingArmor","ShyLook"],"picked":"Wellcheers","floor":8.0},{"not_picked":["Sucker Punch","Catalyst"],"picked":"Blade Dance","floor":8.0},{"not_picked":["FairyFestival","NakedNest"],"picked":"Laetitia","floor":12.0},{"not_picked":["Endless Agony","Slice"],"picked":"Blade Dance","floor":12.0},{"not_picked":["Eviscerate","Dash"],"picked":"Dagger Spray","floor":14.0},{"not_picked":["Wraith Form v2","Venomology"],"picked":"Adrenaline","floor":16.0},{"not_picked":["Deadly Poison","Quick Slash"],"picked":"Flechettes","floor":18.0},{"not_picked":["Prepared","Infinite Blades"],"picked":"Terror","floor":21.0},{"not_picked":["MeatLantern","UniverseFragment"],"picked":"SpiderBud","floor":23.0},{"not_picked":["Eviscerate","Poisoned Stab"],"picked":"Noxious Fumes","floor":23.0},{"not_picked":["Caltrops","Backflip"],"picked":"Slice+1","floor":30.0},{"not_picked":["BigBird","Mercenary"],"picked":"Yin","floor":30.0},{"not_picked":["Slice+1","Poisoned Stab+1"],"picked":"Dagger Spray+1","floor":31.0},{"not_picked":["Die Die Die+1","Corpse Explosion"],"picked":"Storm of Steel","floor":33.0},{"not_picked":["LaLuna","HeroicMonk"],"picked":"GalaxyChild","floor":33.0},{"not_picked":["Deflect+1","Dagger Throw+1"],"picked":"Backstab+1","floor":35.0},{"not_picked":["Tools of the Trade","Blur"],"picked":"Accuracy+1","floor":36.0},{"not_picked":["BigBird","SingingMachine"],"picked":"Rudolta","floor":39.0},{"not_picked":["Reflex+1","Underhanded Strike+1"],"picked":"Slice+1","floor":39.0},{"not_picked":["Sucker Punch+1","PiercingWail"],"picked":"Backflip","floor":40.0},{"not_picked":["MeltingLove","CrumblingArmor"],"picked":"OldLady","floor":40.0},{"not_picked":["QueenOfHatred","BlackSwan"],"picked":"VoidDream","floor":41.0},{"not_picked":["Underhanded Strike+1","Terror+1"],"picked":"Deflect+1","floor":41.0},{"not_picked":["Quick Slash+1","Prepared"],"picked":"Deflect+1","floor":42.0},{"not_picked":["QueenOfHatred","LittlePrince"],"picked":"BigBird","floor":42.0},{"not_picked":["Dagger Throw+1","Deadly Poison"],"picked":"Deflect+1","floor":46.0},{"not_picked":["MeltingLove","BlueStar"],"picked":"DreamingCurrent","floor":46.0},{"not_picked":["Underhanded Strike+1","Backflip"],"picked":"Finisher+1","floor":48.0},{"not_picked":["BigBadWolf","BodiesMountain"],"picked":"BlackArmy","floor":48.0}],"player_experience":57904,"relics_obtained":[{"floor":1.0,"key":"LetterFromLob"},{"floor":6.0,"key":"Thread and Needle"},{"floor":9.0,"key":"Mango"},{"floor":13.0,"key":"Regal Pillow"},{"floor":14.0,"key":"Paper Crane"},{"floor":23.0,"key":"Vajra"},{"floor":24.0,"key":"Shovel"},{"floor":26.0,"key":"Ninja Scroll"},{"floor":29.0,"key":"Molten Egg 2"},{"floor":30.0,"key":"Strawberry"},{"floor":40.0,"key":"Lantern"},{"floor":41.0,"key":"Unceasing Top"},{"floor":42.0,"key":"FossilizedHelix"},{"floor":43.0,"key":"Bottled Flame"}],"event_choices":[{"cards_removed":["Mercenary"],"damage_healed":55.0,"max_hp_gain":0.0,"max_hp_loss":0.0,"gold_gain":0.0,"event_name":"Bonfire Elementals","player_choice":"Offered Uncommon","floor":10.0,"gold_loss":0.0,"damage_taken":0.0},{"damage_healed":0.0,"max_hp_gain":0.0,"max_hp_loss":0.0,"gold_gain":0.0,"event_name":"Match and Keep!","player_choice":"1 cards matched","floor":19.0,"gold_loss":0.0,"damage_taken":0.0,"cards_obtained":["Cloak And Dagger"]},{"cards_removed":["Defend_G"],"damage_healed":0.0,"max_hp_gain":0.0,"max_hp_loss":0.0,"gold_gain":0.0,"event_name":"Beggar","player_choice":"Gave Gold","floor":22.0,"gold_loss":75.0,"damage_taken":0.0},{"damage_healed":0.0,"max_hp_gain":0.0,"max_hp_loss":0.0,"gold_gain":0.0,"event_name":"Knowing Skull","player_choice":"","floor":28.0,"potions_obtained":[],"gold_loss":0.0,"damage_taken":6.0,"cards_obtained":[]},{"cards_removed":["SpiderBud"],"damage_healed":0.0,"max_hp_gain":0.0,"max_hp_loss":0.0,"gold_gain":0.0,"event_name":"Falling","player_choice":"Removed Skill","floor":38.0,"gold_loss":0.0,"damage_taken":0.0},{"damage_healed":0.0,"max_hp_gain":0.0,"max_hp_loss":0.0,"gold_gain":0.0,"event_name":"Mysterious Sphere","player_choice":"Fight","floor":41.0,"gold_loss":0.0,"damage_taken":0.0}],"is_beta":false,"boss_relics":[{"not_picked":["Velvet Choker","Coffee Dripper"],"picked":"SacredBark"},{"not_picked":["Runic Pyramid","Tiny House"],"picked":"WristBlade"}],"items_purged_floors":[20],"is_endless":false,"potions_floor_spawned":[2,6,12,16,23,33,35,40,48],"ascension_level":3}}