{"host":"52m1o8iwwagurbjs","time":1609516927,"event":{"mods":["AchievementEnabler","BaseMod","Bestiary","Colored Powertips","GifTheSpireLib","Minty Spire (QoL Compilation)","Quick Restart","RNG Fix","Relic Stats","StSLib"],"gold_per_floor":[112,130,130,54,74,74,118,118,118,118,151,175,175,133,133,226,289,310,331,331,351,351,351,351],"floor_reached":23,"playtime":592,"items_purged":[],"score":328,"play_id":"e57f242f-ff44-46a9-bed1-02c2ca5aa81c","local_time":"20210101110207","is_ascension_mode":true,"campfire_choices":[{"data":"Bash","floor":6.0,"key":"SMITH"},{"floor":10,"key":"REST"},{"data":"Inflame","floor":13,"key":"SMITH"},{"data":"Dropkick","floor":15,"key":"SMITH"}],"circlet_count":0,"master_deck":["AscendersBane","Strike_R","Strike_R","Strike_R","Strike_R","Strike_R+1","Defend_R","Defend_R+1","Defend_R","Defend_R","Bash+1","Inflame+1","Battle Trance","Pommel Strike","Sword Boomerang+1","Clothesline","Intimidate","Dropkick+1","Burning Pact","Barricade","Second Wind","Dropkick"],"relics":["Runic Dome","Golden Idol","Bronze Scales","Pen Nib","Vajra","Tiny House","Ornamental Fan"],"acts_visited":["Exordium","TheCity"],"potions_floor_usage":[11,16,21],"damage_taken":[{"damage":12.0,"enemies":"Jaw Worm","floor":1.0,"turns":3.0},{"damage":3.0,"enemies":"Small Slimes","floor":2.0,"turns":2.0},{"damage":6.0,"enemies":"2 Louse","floor":5.0,"turns":3.0},{"damage":25,"enemies":"Lagavulin","floor":7,"turns":6},{"damage":6,"enemies":"3 Sentries","floor":11,"turns":6},{"damage":1,"enemies":"2 Fungi Beasts","floor":12,"turns":3},{"damage":20,"enemies":"The Guardian","floor":16,"turns":8},{"damage":6,"enemies":"Shell Parasite","floor":18,"turns":2},{"damage":19,"enemies":"Chosen","floor":19,"turns":3},{"damage":18,"enemies":"Snake Plant","floor":21,"turns":2},{"damage":20,"enemies":"Slavers","floor":23,"turns":1}],"seed_played":"1433709939494642802","potions_obtained":[{"floor":2.0,"key":"EssenceOfSteel"},{"floor":12,"key":"Explosive Potion"},{"floor":17,"key":"SteroidPotion"}],"is_trial":false,"path_per_floor":["M","M","?","$","M","R","E","?","T","R","E","M","R","?","R","B",null,"M","M","?","M","T","E"],"character_chosen":"IRONCLAD","items_purchased":["Pommel Strike","Sword Boomerang"],"campfire_rested":1,"item_purchase_floors":[4,4],"current_hp_per_floor":[60,57,57,57,51,51,26,11,11,33,27,26,26,26,26,6,62,56,37,37,19,19,0,0],"gold":351,"neow_bonus":"BOSS_RELIC","is_daily":false,"chose_seed":false,"campfire_upgraded":3,"win_rate":0.0,"timestamp":1609516927,"path_taken":["M","M","?","$","M","R","E","?","T","R","E","?","R","?","R","BOSS","M","M","?","?","?","E"],"items_purchased_type":["Card","Card"],"build_version":"2020-12-22","purchased_purges":0,"victory":false,"max_hp_per_floor":[80,80,74,74,74,74,74,74,74,74,74,74,74,74,74,74,79,79,79,79,79,79,79,79],"relic_stats":{"counters":[11,39],"Golden Idol":69,"Ornamental Fan":[0],"Bronze Scales":[63],"Pen Nib":[5],"obtain_stats":[{"Runic Dome":0,"Tiny House":17,"Golden Idol":3,"Ornamental Fan":22,"Bronze Scales":7,"Vajra":11,"Pen Nib":9,"Burning Blood":0},{"Runic Dome":0,"Tiny House":7,"Golden Idol":2,"Ornamental Fan":10,"Bronze Scales":4,"Vajra":5,"Pen Nib":4,"Burning Blood":0},{"Runic Dome":0,"Tiny House":31,"Golden Idol":5,"Ornamental Fan":38,"Bronze Scales":14,"Vajra":20,"Pen Nib":14,"Burning Blood":0}]},"card_choices":[{"not_picked":["Blood for Blood","Headbutt"],"picked":"Inflame","floor":1.0},{"not_picked":["Shockwave","Clash"],"picked":"Battle Trance","floor":2.0},{"not_picked":["Reckless Charge","Pummel"],"picked":"Clothesline","floor":5.0},{"not_picked":["Perfected Strike","Shrug It Off"],"picked":"Intimidate","floor":7},{"not_picked":["Twin Strike","Sever Soul"],"picked":"Dropkick","floor":11},{"not_picked":["Ghostly Armor","Heavy Blade"],"picked":"Burning Pact","floor":12},{"not_picked":["Juggernaut","Immolate"],"picked":"Barricade","floor":16},{"not_picked":["Evolve","Infernal Blade+1"],"picked":"Second Wind","floor":18},{"not_picked":["Shrug It Off+1","Clothesline"],"picked":"Dropkick","floor":19},{"not_picked":["Warcry","Pommel Strike+1","Wild Strike"],"picked":"SKIP","floor":21}],"player_experience":1084262,"relics_obtained":[{"floor":7,"key":"Bronze Scales"},{"floor":9,"key":"Pen Nib"},{"floor":11,"key":"Vajra"},{"floor":22,"key":"Ornamental Fan"}],"event_choices":[{"damage_healed":0.0,"max_hp_gain":0.0,"max_hp_loss":6.0,"gold_gain":0.0,"event_name":"Golden Idol","player_choice":"Lose Max HP","floor":3.0,"gold_loss":0.0,"damage_taken":0.0,"relics_obtained":["Golden Idol"]},{"damage_healed":0,"gold_gain":0,"player_choice":"Entered Light","damage_taken":15,"max_hp_gain":0,"max_hp_loss":0,"event_name":"Shining Light","floor":8,"gold_loss":0,"cards_upgraded":["Strike_R","Defend_R"]},{"damage_healed":0,"gold_gain":0,"player_choice":"Left Gold","damage_taken":0,"max_hp_gain":0,"max_hp_loss":0,"event_name":"World of Goop","floor":14,"gold_loss":42},{"damage_healed":0,"gold_gain":0,"player_choice":"0 cards matched","damage_taken":0,"max_hp_gain":0,"max_hp_loss":0,"event_name":"Match and Keep!","floor":20,"gold_loss":0,"cards_obtained":[]}],"is_beta":false,"boss_relics":[{"not_picked":["Runic Cube","Coffee Dripper"],"picked":"Tiny House"}],"items_purged_floors":[],"is_endless":false,"potions_floor_spawned":[2,12],"killed_by":"Slavers","ascension_level":13}}