{"host":"v4tuy5ykrbdcm9o9","time":1609519759,"event":{"mods":["BaseMod","Duelist Mod","Minty Spire (QoL Compilation)","Replay The Spire","StSLib"],"gold_per_floor":[113,125,75,75,0,0,40,298,298,312,332,332,332,365,365,491,491,504,528,76,101,101,101],"floor_reached":22,"playtime":1495,"items_purged":["Hallucinations"],"score":233,"play_id":"c236d55a-9c60-425c-88b1-273962b39f04","local_time":"20210101114919","is_ascension_mode":true,"campfire_choices":[{"floor":6,"key":"REST"},{"floor":12,"key":"REST"},{"floor":15,"key":"REST"}],"circlet_count":0,"master_deck":["Strike_B","Strike_B","Strike_B","Strike_B","Defend_B","Defend_B","Defend_B","Zap","Dualcast","Beam Cell","Rebound","Aggregate","Self Repair","Redo","Lockon","Mirror Shield","BootSequence","Multi-Cast","Tempest+1","Ball Lightning","Auto Shields","Panic Button+1"],"relics":["Cracked Core","Strawberry","Golden Idol","MealTicket","Shuriken","ReplayTheSpireMod:Ring of Collecting","ReplayTheSpireMod:TigerMarble","Inserter","ReplayTheSpireMod:Ninjato"],"acts_visited":["Exordium","TheCity"],"potions_floor_usage":[7,7,14,16,21,21],"damage_taken":[{"damage":0,"enemies":"Small Slimes","floor":1,"turns":2},{"damage":7,"enemies":"Jaw Worm","floor":2,"turns":3},{"damage":6,"enemies":"Replay:BlueRogue","floor":7,"turns":4},{"damage":0,"enemies":"2 Louse","floor":10,"turns":2},{"damage":6,"enemies":"Looter","floor":11,"turns":2},{"damage":30,"enemies":"Lagavulin","floor":14,"turns":6},{"damage":6,"enemies":"Slime Boss","floor":16,"turns":8},{"damage":24,"enemies":"Spheric Guardian","floor":18,"turns":5},{"damage":41,"enemies":"Shell Parasite","floor":19,"turns":6},{"damage":16,"enemies":"3 Cultists","floor":21,"turns":4},{"damage":33,"enemies":"Centurion and Healer","floor":22,"turns":4}],"seed_played":"72129216122378339","potions_obtained":[{"floor":1,"key":"Milkshake"},{"floor":2,"key":"Toxic Potion"},{"floor":7,"key":"Dexterity Potion"},{"floor":11,"key":"FocusPotion"},{"floor":16,"key":"Dexterity Potion"},{"floor":19,"key":"Block Potion"}],"is_trial":false,"path_per_floor":["M","M","?","?","$","R","E","?","T","M","M","R","?","E","R","B",null,"M","M","$","M","M"],"character_chosen":"DEFECT","items_purchased":["Aggregate","ReplayTheSpireMod:Ninjato","Auto Shields","AttackPotion"],"campfire_rested":3,"item_purchase_floors":[5,20,20,20],"current_hp_per_floor":[82,75,75,55,55,79,73,41,41,48,42,66,66,43,67,68,82,65,31,46,30,0,0],"gold":101,"neow_bonus":"RANDOM_COMMON_RELIC","is_daily":false,"chose_seed":false,"campfire_upgraded":0,"win_rate":0.0,"timestamp":1609519759,"path_taken":["M","M","?","?","?","R","E","?","T","M","M","R","?","E","R","BOSS","M","M","$","M","M"],"items_purchased_type":["Card","Relic","Card","Potion"],"build_version":"2020-12-22","purchased_purges":1,"victory":false,"max_hp_per_floor":[82,82,82,82,82,82,82,82,82,82,82,82,82,82,82,82,82,82,82,82,82,82,82],"card_choices":[{"not_picked":["Chill","Streamline"],"picked":"Beam Cell","floor":1},{"not_picked":["Hologram","Barrage"],"picked":"Rebound","floor":2},{"not_picked":["Rebound","Genetic Algorithm"],"picked":"Self Repair","floor":7},{"not_picked":["ReplaySolidLightProjector","BasicCrystalCard"],"picked":"Redo","floor":8},{"not_picked":["BasicCrystalCard","Force Field"],"picked":"Lockon","floor":10},{"not_picked":["Streamline","Steam"],"picked":"Mirror Shield","floor":11},{"not_picked":["Steam","Skim"],"picked":"BootSequence","floor":14},{"not_picked":["ReplayTheSpireMod:Fabricate Wheel","Amplify"],"picked":"Multi-Cast","floor":16},{"not_picked":["Stack","Sweeping Beam"],"picked":"Tempest+1","floor":18},{"not_picked":["Compile Driver+1","ReplayGash"],"picked":"Ball Lightning","floor":19},{"not_picked":["Go for the Eyes","BasicCrystalCard"],"picked":"Panic Button+1","floor":21}],"player_experience":516876,"relics_obtained":[{"floor":7,"key":"MealTicket"},{"floor":9,"key":"Shuriken"},{"floor":13,"key":"ReplayTheSpireMod:Ring of Collecting"},{"floor":14,"key":"ReplayTheSpireMod:TigerMarble"}],"event_choices":[{"cards_removed":["Defend_B"],"damage_healed":0,"gold_gain":0,"player_choice":"Card Removal","damage_taken":0,"max_hp_gain":0,"max_hp_loss":0,"event_name":"The Cleric","floor":3,"gold_loss":50},{"damage_healed":0,"gold_gain":0,"player_choice":"Take Damage","damage_taken":20,"relics_obtained":["Golden Idol"],"max_hp_gain":0,"max_hp_loss":0,"event_name":"Golden Idol","floor":4,"gold_loss":0}],"is_beta":false,"boss_relics":[{"not_picked":["Replay:Grab Bag","Fusion Hammer"],"picked":"Inserter"}],"items_purged_floors":[20],"is_endless":false,"potions_floor_spawned":[1,2,7,11,16,19],"killed_by":"Centurion and Healer","ascension_level":4}}