{"host":"g01l53quoe6lrer0","time":1609526996,"event":{"mods":["2.2 Compatiblity","BaseMod","Colored Map","Highlight Path","Keyboard Shortcuts","Minty Spire (QoL Compilation)","Permanent Neow","Quick Restart","StSLib","everything is the same but u backflip on backflip"],"gold_per_floor":[19,33,33,33,49,79,79,79,152,152,152],"floor_reached":10,"playtime":370,"items_purged":[],"score":73,"play_id":"cce22681-1c90-465c-bd31-df0ee5d46bd5","local_time":"20210102034956","is_ascension_mode":true,"campfire_choices":[],"circlet_count":0,"master_deck":["Strike_R","Strike_R+1","Strike_R","Strike_R","Strike_R","Defend_R","Defend_R","Defend_R","Defend_R+1","Bash+1","Heavy Blade+1","Thunderclap","Dual Wield","Shrug It Off","Regret"],"relics":["Burning Blood","Gambling Chip","Juzu Bracelet","Centennial Puzzle","Molten Egg 2"],"acts_visited":["Exordium"],"potions_floor_usage":[6,10],"damage_taken":[{"damage":7.0,"enemies":"Jaw Worm","floor":1.0,"turns":3.0},{"damage":7.0,"enemies":"2 Louse","floor":2.0,"turns":4.0},{"damage":0,"enemies":"Cultist","floor":5,"turns":3},{"damage":23,"enemies":"3 Sentries","floor":6,"turns":7},{"damage":33,"enemies":"Lagavulin","floor":10,"turns":4}],"seed_played":"5703163920263040783","potions_obtained":[{"floor":2.0,"key":"Energy Potion"},{"floor":6,"key":"SkillPotion"}],"is_trial":false,"path_per_floor":["M","M","?","?","M","E","?","?","T","E"],"character_chosen":"IRONCLAD","items_purchased":[],"campfire_rested":0,"item_purchase_floors":[],"current_hp_per_floor":[79,78,78,62,68,51,51,51,51,18,18],"gold":152,"neow_bonus":"ONE_RARE_RELIC","is_daily":false,"chose_seed":false,"campfire_upgraded":0,"win_rate":0.0,"timestamp":1609526996,"path_taken":["M","M","?","?","M","E","?","?","T","E"],"items_purchased_type":[],"build_version":"2020-12-22","purchased_purges":0,"victory":false,"max_hp_per_floor":[80,80,80,80,80,80,80,80,80,80,80],"card_choices":[{"not_picked":["Heavy Blade","Warcry","Anger"],"picked":"SKIP","floor":1.0},{"not_picked":["Warcry","Anger"],"picked":"Heavy Blade","floor":1.0},{"not_picked":["Heavy Blade","Clash"],"picked":"Thunderclap","floor":2.0},{"not_picked":["Anger","Perfected Strike"],"picked":"Dual Wield","floor":5},{"not_picked":["Sever Soul","Heavy Blade"],"picked":"Shrug It Off","floor":6}],"player_experience":5885,"relics_obtained":[{"floor":6,"key":"Juzu Bracelet"},{"floor":9,"key":"Molten Egg 2"}],"event_choices":[{"damage_healed":0.0,"max_hp_gain":0.0,"max_hp_loss":0.0,"gold_gain":0.0,"event_name":"Living Wall","player_choice":"Grow","floor":3.0,"gold_loss":0.0,"damage_taken":0.0,"cards_upgraded":["Bash"]},{"damage_healed":0.0,"max_hp_gain":0.0,"max_hp_loss":0.0,"gold_gain":0.0,"event_name":"Shining Light","player_choice":"Entered Light","floor":4.0,"gold_loss":0.0,"damage_taken":16.0,"cards_upgraded":["Defend_R","Strike_R"]},{"damage_healed":0,"gold_gain":0,"player_choice":"Forge","damage_taken":0,"max_hp_gain":0,"max_hp_loss":0,"event_name":"Accursed Blacksmith","floor":7,"gold_loss":0,"cards_upgraded":["Heavy Blade"]},{"damage_healed":0,"gold_gain":0,"player_choice":"Box","damage_taken":0,"relics_obtained":["Centennial Puzzle"],"max_hp_gain":0,"max_hp_loss":0,"event_name":"Big Fish","floor":8,"gold_loss":0,"cards_obtained":["Regret"]}],"is_beta":false,"boss_relics":[],"items_purged_floors":[],"is_endless":false,"potions_floor_spawned":[2,6],"killed_by":"Lagavulin","ascension_level":2}}