{"host":"ko4b5atusvmax52d","time":1609506948,"event":{"mods":["AchievementEnabler","Act Like it!","Aspiration","BaseMod","Better Third Choice","BetterRewards","Friendly Minions","Hermit","Hubris","Infinite Spire","Koishi","Marisa????????","Minty Spire (QoL Compilation)","Rare Cards Sparkle","Replay The Spire","Shade Mod","Spicy Shops","StSLib","SuperFastMode","The Animator","The Bug Knight","The Wild Card","Wandering Minibosses","vexMod"],"gold_per_floor":[116,140,140,5,49,49,85,102,102,148,17,17,39,63,63,165,165,179,179,179,179],"floor_reached":20,"playtime":1114,"items_purged":[],"score":182,"play_id":"8b9962b8-3e26-4d90-a75a-ab75c03dcb15","local_time":"20210101141548","is_ascension_mode":false,"campfire_choices":[{"data":"animator:HigakiRinne","floor":6,"key":"SMITH"},{"floor":15,"key":"REST"}],"circlet_count":0,"master_deck":["animator:Strike_OnePunchMan","animator:Strike","animator:Strike","animator:Strike","animator:Defend","animator:Defend","animator:Genos","animator:GuildGirl","animator:Entoma+2","Replay:Hysterical Blindness","animator:Saitama+1","animator:HigakiRinne+1","animator:CowGirl","animator:Sora","animator:MisaKurobane","animator:Zero","animator:TanyaDegurechaff","theWildCard:Scathach","animator:Togame","animator:Shiro","animator:Azriel"],"relics":["animator:LivingPicture","animator:TheMissingPiece","animator:PurgingStone","ReplayTheSpireMod:CursedCoin","hubris:BundleOfHerbs","PreservedInsect","hubris:MysteriousPyramids","Garlic","ReplayTheSpireMod:ShopPack","Black Star","animator:CursedGlyph"],"acts_visited":["Exordium","TheCity"],"potions_floor_usage":[10],"damage_taken":[{"damage":0,"enemies":"Small Slimes","floor":1,"turns":2},{"damage":11,"enemies":"Jaw Worm","floor":2,"turns":3},{"damage":40,"enemies":"Gremlin Nob","floor":7,"turns":5},{"damage":11,"enemies":"2 Louse","floor":8,"turns":2},{"damage":15,"enemies":"3 Sentries","floor":10,"turns":6},{"damage":3,"enemies":"Blue Slaver","floor":13,"turns":4},{"damage":4,"enemies":"Gremlin Gang","floor":14,"turns":4},{"damage":17,"enemies":"The Guardian","floor":16,"turns":11},{"damage":0,"enemies":"Chosen","floor":18,"turns":7},{"damage":0,"enemies":"3 Byrds","floor":20,"turns":2}],"seed_played":"7027976602014002421","potions_obtained":[{"floor":8,"key":"infinitespire:BlackPotion"},{"floor":13,"key":"SpeedPotion"},{"floor":16,"key":"Swift Potion"}],"is_trial":false,"path_per_floor":["M","M","?","$","?","R","E","M","T","E","$","?","M","M","R","B",null,"M","?","M"],"character_chosen":"THE_ANIMATOR","items_purchased":["ReplayTheSpireMod:CursedCoin","animator:Saitama+1","animator:HigakiRinne","hubris:BundleOfHerbs","ReplayTheSpireMod:ShopPack"],"campfire_rested":1,"item_purchase_floors":[4,4,4,4,11],"current_hp_per_floor":[66,55,55,55,55,55,20,9,9,16,16,16,13,11,32,21,70,66,66,66,66],"gold":179,"neow_bonus":"RANDOM_EVENT","is_daily":false,"chose_seed":false,"campfire_upgraded":1,"win_rate":0.0,"timestamp":1609506948,"path_taken":["M","M","?","?","?","R","E","M","T","E","$","?","M","M","R","BOSS","M","?","?"],"items_purchased_type":["Relic","Card","Card","Relic","Relic"],"build_version":"2020-12-22","purchased_purges":0,"victory":false,"max_hp_per_floor":[66,66,66,66,66,66,66,66,66,68,68,68,68,70,70,70,70,66,66,66,66],"card_choices":[{"not_picked":["animator:Caster","animator:Spearman"],"picked":"animator:GuildGirl","floor":1},{"not_picked":["animator:DolaCouronne","animator:Jibril"],"picked":"animator:Entoma","floor":2},{"not_picked":["animator:Spearman","animator:Shuna"],"picked":"animator:CowGirl","floor":7},{"not_picked":["animator:Gillette","animator:Benimaru"],"picked":"animator:Sora","floor":10},{"not_picked":["animator:Magilou","animator:IchigoKurosaki"],"picked":"animator:MisaKurobane","floor":11},{"not_picked":["animator:Kagari","animator:Magilou"],"picked":"animator:Zero","floor":11},{"not_picked":["animator:KotoriKanbe","animator:Kira"],"picked":"animator:TanyaDegurechaff","floor":11},{"not_picked":["animator:ZankiKiguchi","animator:Kazuma"],"picked":"animator:Togame","floor":13},{"not_picked":["animator:ChaikaBohdan","animator:Guy","animator:Jibril"],"picked":"SKIP","floor":14},{"not_picked":["animator:Wiz","animator:Sora"],"picked":"animator:Shiro","floor":16},{"not_picked":["animator:DolaRiku","animator:FielNirvalen"],"picked":"animator:Azriel","floor":18}],"player_experience":258421,"relics_obtained":[{"floor":7,"key":"PreservedInsect"},{"floor":9,"key":"hubris:MysteriousPyramids"},{"floor":10,"key":"Garlic"},{"floor":18,"key":"animator:CursedGlyph"}],"event_choices":[{"damage_healed":0,"gold_gain":0,"player_choice":"0 cards matched","damage_taken":0,"max_hp_gain":0,"max_hp_loss":0,"event_name":"Match and Keep!","floor":19,"gold_loss":0,"cards_obtained":[]}],"is_beta":false,"boss_relics":[{"not_picked":["vexMod:BigBerry","aspiration:RunicSpoon"],"picked":"Black Star"}],"items_purged_floors":[],"is_endless":false,"potions_floor_spawned":[8,13,16],"killed_by":"3 Byrds","ascension_level":0}}