{"host":"9tzam4717zt8ei1o","time":1609531947,"event":{"mods":["BaseMod","Colored Map","Keyboard Shortcuts","Minty Spire (QoL Compilation)","Quick Restart","StSLib","SuperFastMode"],"gold_per_floor":[109,109,127,127,127,157,175,205,285,285,303,108,123,123,123],"floor_reached":14,"playtime":243,"items_purged":["Strike_R"],"score":250,"play_id":"60e003b6-b02d-4232-bcad-978ef77a5cc0","local_time":"20210102051227","is_ascension_mode":true,"campfire_choices":[{"data":"Body Slam","floor":10,"key":"SMITH"}],"circlet_count":0,"master_deck":["AscendersBane","Strike_R","Strike_R","Strike_R+1","Defend_R+1","Defend_R","Defend_R","Defend_R","Bash","Twin Strike","Cleave","Carnage","Seeing Red","Body Slam+1","Evolve","Blood for Blood","Sever Soul"],"relics":["Burning Blood","NeowsBlessing","TungstenRod","Strawberry","Tiny Chest","Gremlin Horn"],"acts_visited":["Exordium"],"potions_floor_usage":[8,14],"damage_taken":[{"damage":0,"enemies":"2 Louse","floor":1,"turns":2},{"damage":0,"enemies":"Jaw Worm","floor":3,"turns":1},{"damage":0,"enemies":"Gremlin Nob","floor":6,"turns":1},{"damage":0,"enemies":"Small Slimes","floor":7,"turns":3},{"damage":26,"enemies":"3 Sentries","floor":8,"turns":8},{"damage":3,"enemies":"Red Slaver","floor":11,"turns":3},{"damage":0,"enemies":"Exordium Wildlife","floor":13,"turns":2},{"damage":44,"enemies":"Lagavulin","floor":14,"turns":5}],"seed_played":"4891138374999461643","potions_obtained":[{"floor":3,"key":"SteroidPotion"},{"floor":7,"key":"SteroidPotion"},{"floor":11,"key":"SpeedPotion"}],"is_trial":false,"path_per_floor":["M","?","M","?","?","E","M","E","T","R","M","$","M","E"],"character_chosen":"IRONCLAD","items_purchased":["Evolve","Blood for Blood"],"campfire_rested":0,"item_purchase_floors":[12,12],"current_hp_per_floor":[74,74,75,57,35,48,54,34,34,34,37,37,43,0,0],"gold":123,"neow_bonus":"THREE_ENEMY_KILL","is_daily":false,"chose_seed":false,"campfire_upgraded":1,"win_rate":0.0,"timestamp":1609531947,"path_taken":["M","?","M","?","?","E","M","E","T","R","M","$","M","E"],"items_purchased_type":["Card","Card"],"build_version":"2020-12-22","purchased_purges":1,"victory":false,"max_hp_per_floor":[75,75,75,75,75,82,82,82,82,82,82,82,82,82,82],"card_choices":[{"not_picked":["Headbutt","Dark Embrace"],"picked":"Twin Strike","floor":1},{"not_picked":["Infernal Blade","Flame Barrier"],"picked":"Cleave","floor":3},{"not_picked":["Twin Strike","Feel No Pain"],"picked":"Carnage","floor":6},{"not_picked":["Armaments","Anger"],"picked":"Seeing Red","floor":7},{"not_picked":["Anger","Sword Boomerang"],"picked":"Body Slam","floor":8},{"not_picked":["Headbutt","Reaper","Cleave"],"picked":"SKIP","floor":11},{"not_picked":["Anger","Rampage"],"picked":"Sever Soul","floor":13}],"player_experience":141250,"relics_obtained":[{"floor":6,"key":"Strawberry"},{"floor":8,"key":"Tiny Chest"},{"floor":9,"key":"Gremlin Horn"}],"event_choices":[{"cards_removed":["Strike_R"],"damage_healed":0,"gold_gain":0,"player_choice":"Forget","damage_taken":0,"max_hp_gain":0,"max_hp_loss":0,"event_name":"Living Wall","floor":2,"gold_loss":0},{"damage_healed":0,"gold_gain":0,"player_choice":"Success","damage_taken":18,"relics_obtained":["TungstenRod"],"max_hp_gain":0,"max_hp_loss":0,"event_name":"Scrap Ooze","floor":4,"gold_loss":0},{"damage_healed":0,"gold_gain":0,"player_choice":"Entered Light","damage_taken":23,"max_hp_gain":0,"max_hp_loss":0,"event_name":"Shining Light","floor":5,"gold_loss":0,"cards_upgraded":["Strike_R","Defend_R"]}],"is_beta":false,"boss_relics":[],"items_purged_floors":[12],"is_endless":false,"potions_floor_spawned":[3,7,11,13],"killed_by":"Lagavulin","ascension_level":20}}