{"host":"mi24dmma43d7mlws","time":1609543809,"event":{"mods":["2.2 Compatiblity","Astrologer","Bard","BaseMod","Beaked The Cultist","Bestiary","CatGirl Mod","Colored Map","Colored Powertips","Custom Start","Downfall","Fiend Mod","Fireblade Mod","Hermit","Highlight Path","JesterMod","Jorbs\u0027s Wanderer Trilogy","Mad Scientist","Magitek Elite","Minty Spire (QoL Compilation)","Potionbrewer","QueenMod","Quick Restart","Rare Cards Sparkle","Relic Stats","Shade Mod","Somnambulant","StSLib","Td1madao Mod","The Accelerator","The Blackbeard","The Bladedancer","The Bug Knight","The Clintock","The Construct","The Cursed","The Death Knight","The Disciple","The Elementalist","The Florist","The Forsaken","The Gatherer","The Hayseed","The Hierophant","The Judge","The Juggle","The Mystic","The Necromancer","The Problem Sleuth","The Runesmith","The Sage","The Senshi","The Servant 0.9.4","The Showman","The Spell Scribe","The Trickster","The Valiant","The Vixen","The Wild Card","TheArtist","TheBandit","TheFirefly","TheHeartMod","TheHero","TheLocksmith","everything is the same but u backflip on backflip","slay the spire mod where everything is the same but ironclad has a cowboy hat","thorton"],"gold_per_floor":[112,112,187,205,205,233,247,277,304,304,333,346,417,432,432,528,528,546,559,569,584,26,26,26,61,85,113,125,125,140,140,140],"floor_reached":31,"playtime":3102,"items_purged":["Runesmith:Strike_RS"],"score":322,"play_id":"6d654174-3aee-44d8-b940-a7476fadb625","local_time":"20210101233009","is_ascension_mode":false,"campfire_choices":[{"data":"Runesmith:Permafrost","floor":10,"key":"SMITH"},{"data":"Runesmith:BackupBattery","floor":15,"key":"SMITH"},{"data":"Runesmith:Fortify","floor":23,"key":"SMITH"}],"circlet_count":0,"master_deck":["Runesmith:Strike_RS+1","Runesmith:Strike_RS","Runesmith:Defend_RS","Runesmith:Defend_RS","Runesmith:Defend_RS","Runesmith:Defend_RS+1","Runesmith:CraftFirestone+1","Runesmith:Fortify+1","Runesmith:CraftProtectio","Runesmith:BackupBattery+1","Runesmith:FissionHammer","Runesmith:HeatedChisel","Runesmith:Permafrost+1","Runesmith:CraftIncendium","Runesmith:UnstableHammer","Runesmith:StaticCage","Runesmith:CreatorForm+1","Runesmith:CraftMagma","Runesmith:HammerThrow","Runesmith:HammerThrow+1","Runesmith:CraftIncendium+1","Runesmith:DuctTape+1","Runesmith:CraftIndustria","Runesmith:Grindstone","Runesmith:GoWithTheFlow","Runesmith:Duplicate","Runesmith:Attraction+1"],"relics":["Runesmith:BrokenRuby","Art of War","Bag of Preparation","Juzu Bracelet","HollowMod:StagPassRelic","Frozen Egg 2","Sozu","Frozen Eye","Eternal Feather","Kunai","Guard_Bracelet","DeathKnight:PutricidesVial"],"acts_visited":["Exordium","TheCity"],"potions_floor_usage":[8],"damage_taken":[{"damage":0,"enemies":"Small Slimes","floor":1,"turns":3},{"damage":0,"enemies":"2 Louse","floor":4,"turns":3},{"damage":5,"enemies":"3 Sentries","floor":6,"turns":7},{"damage":0,"enemies":"Cultist","floor":7,"turns":4},{"damage":0,"enemies":"Gremlin Nob","floor":8,"turns":3},{"damage":9,"enemies":"3 Sentries","floor":11,"turns":11},{"damage":0,"enemies":"Lots of Slimes","floor":12,"turns":3},{"damage":4,"enemies":"Red Slaver","floor":14,"turns":3},{"damage":28,"enemies":"Hexaghost","floor":16,"turns":13},{"damage":20,"enemies":"3 Byrds","floor":18,"turns":3},{"damage":3,"enemies":"Chosen","floor":19,"turns":6},{"damage":4,"enemies":"Shelled Parasite and Fungi","floor":20,"turns":5},{"damage":0,"enemies":"Centurion and Healer","floor":21,"turns":6},{"damage":36,"enemies":"Slavers","floor":25,"turns":4},{"damage":14,"enemies":"Book of Stabbing","floor":27,"turns":5},{"damage":10,"enemies":"Snake Plant","floor":28,"turns":5},{"damage":1,"enemies":"Shelled Parasite and Fungi","floor":30,"turns":7},{"damage":6,"enemies":"Chosen and Byrds","floor":31,"turns":6}],"seed_played":"-8469528420862610061","potions_obtained":[{"floor":7,"key":"SteroidPotion"},{"floor":11,"key":"SmokeBomb"}],"is_trial":false,"path_per_floor":["M","?","?","M","?","E","M","E","T","R","E","M","T","M","R","B",null,"M","M","M","M","$","R","?","E","T","E","M","?","M","M"],"character_chosen":"RUNESMITH_CLASS","items_purchased":["Frozen Eye","Eternal Feather","Runesmith:CraftIncendium"],"campfire_rested":0,"item_purchase_floors":[22,22,22],"current_hp_per_floor":[77,62,51,51,51,46,46,46,46,46,37,37,37,33,33,5,77,57,54,50,50,50,62,62,26,26,12,2,2,1,0,0],"gold":140,"neow_bonus":"TEN_PERCENT_HP_BONUS","is_daily":false,"chose_seed":false,"campfire_upgraded":3,"win_rate":0.0,"timestamp":1609543809,"path_taken":["M","?","?","M","?","E","M","E","T","R","E","M","?","M","R","BOSS","M","M","M","M","$","R","?","E","T","E","M","?","M","M"],"items_purchased_type":["Relic","Relic","Card"],"build_version":"2020-12-22","purchased_purges":1,"victory":false,"max_hp_per_floor":[77,77,77,77,77,77,77,77,77,77,77,77,77,77,77,77,77,77,77,77,77,77,77,77,77,77,77,77,77,77,77,77],"relic_stats":{"Sozu":3,"counters":[18,97],"Eternal Feather":12,"Art of War":[14],"Bag of Preparation":[26],"Juzu Bracelet":2,"Kunai":[3],"obtain_stats":[{"Sozu":17,"Frozen Eye":22,"Runesmith:BrokenRuby":0,"DeathKnight:PutricidesVial":27,"Eternal Feather":22,"Art of War":6,"Bag of Preparation":8,"Juzu Bracelet":9,"Kunai":25,"Frozen Egg 2":13,"Guard_Bracelet":26,"HollowMod:StagPassRelic":11},{"Sozu":9,"Frozen Eye":13,"Runesmith:BrokenRuby":0,"DeathKnight:PutricidesVial":15,"Eternal Feather":13,"Art of War":3,"Bag of Preparation":5,"Juzu Bracelet":5,"Kunai":14,"Frozen Egg 2":7,"Guard_Bracelet":14,"HollowMod:StagPassRelic":6},{"Sozu":50,"Frozen Eye":70,"Runesmith:BrokenRuby":0,"DeathKnight:PutricidesVial":79,"Eternal Feather":70,"Art of War":13,"Bag of Preparation":20,"Juzu Bracelet":20,"Kunai":74,"Frozen Egg 2":34,"Guard_Bracelet":74,"HollowMod:StagPassRelic":31}]},"card_choices":[{"not_picked":["Runesmith:MakeshiftArmor","Runesmith:CraftReservo"],"picked":"Runesmith:CraftProtectio","floor":1},{"not_picked":["Runesmith:HeatExchange","Runesmith:CraftProtectio"],"picked":"Runesmith:BackupBattery","floor":4},{"not_picked":["Runesmith:Attraction","Runesmith:Superposition"],"picked":"Runesmith:FissionHammer","floor":6},{"not_picked":["Runesmith:Repurpose","Runesmith:Overpower"],"picked":"Runesmith:HeatedChisel","floor":7},{"not_picked":["Runesmith:ChiselStab","Runesmith:CraftMagma"],"picked":"Runesmith:Permafrost","floor":8},{"not_picked":["Runesmith:Overpower","Runesmith:UnstableHammer"],"picked":"Runesmith:CraftIncendium","floor":11},{"not_picked":["Runesmith:Superposition","Runesmith:NanitesCloud"],"picked":"Runesmith:UnstableHammer","floor":12},{"not_picked":["Runesmith:CraftProtectio","Runesmith:HammerTime"],"picked":"Runesmith:StaticCage","floor":14},{"not_picked":["Runesmith:MetallurgicalResearch","Runesmith:GrandSlam"],"picked":"Runesmith:CreatorForm+1","floor":16},{"not_picked":["Runesmith:Repurpose+1","Runesmith:MakeshiftArmor"],"picked":"Runesmith:CraftMagma","floor":18},{"not_picked":["Runesmith:ChiselStab","Runesmith:BackupBattery"],"picked":"Runesmith:HammerThrow","floor":19},{"not_picked":["Runesmith:MakeshiftArmor","Runesmith:ChiselStab","Runesmith:Malloc"],"picked":"SKIP","floor":20},{"not_picked":["Runesmith:EnergizedChisel+1","Runesmith:MakeshiftArmor"],"picked":"Runesmith:HammerThrow+1","floor":21},{"not_picked":["Runesmith:MakeshiftArmor","Runesmith:HeatedChisel"],"picked":"Runesmith:CraftIndustria","floor":25},{"not_picked":["Runesmith:StaticCage","Runesmith:ElementalConversion+1"],"picked":"Runesmith:Grindstone","floor":27},{"not_picked":["Runesmith:WhiteBalance","Runesmith:Repurpose","Runesmith:HeatExchange"],"picked":"SKIP","floor":28},{"not_picked":["Runesmith:RunicBlueprint","Runesmith:EnergizedChisel"],"picked":"Runesmith:Attraction+1","floor":30}],"player_experience":1049354,"relics_obtained":[{"floor":6,"key":"Art of War"},{"floor":8,"key":"Bag of Preparation"},{"floor":9,"key":"Juzu Bracelet"},{"floor":11,"key":"HollowMod:StagPassRelic"},{"floor":13,"key":"Frozen Egg 2"},{"floor":25,"key":"Kunai"},{"floor":26,"key":"Guard_Bracelet"},{"floor":27,"key":"DeathKnight:PutricidesVial"}],"event_choices":[{"damage_healed":0,"gold_gain":0,"player_choice":"Entered Light","damage_taken":15,"max_hp_gain":0,"max_hp_loss":0,"event_name":"Shining Light","floor":2,"gold_loss":0,"cards_upgraded":["Runesmith:Strike_RS","Runesmith:Defend_RS"]},{"damage_healed":0,"gold_gain":75,"player_choice":"Gather Gold","damage_taken":11,"max_hp_gain":0,"max_hp_loss":0,"event_name":"World of Goop","floor":3,"gold_loss":0},{"damage_healed":0,"gold_gain":0,"player_choice":"Grow","damage_taken":0,"max_hp_gain":0,"max_hp_loss":0,"event_name":"Living Wall","floor":5,"gold_loss":0,"cards_upgraded":["Runesmith:CraftFirestone"]},{"damage_healed":0,"gold_gain":0,"cards_transformed":["Runesmith:Strike_RS"],"player_choice":"Transformed","damage_taken":0,"max_hp_gain":0,"max_hp_loss":0,"event_name":"Transmorgrifier","floor":24,"gold_loss":0,"cards_obtained":["Runesmith:DuctTape"]},{"damage_healed":0,"gold_gain":0,"player_choice":"2 cards matched","damage_taken":0,"max_hp_gain":0,"max_hp_loss":0,"event_name":"Match and Keep!","floor":29,"gold_loss":0,"cards_obtained":["Runesmith:GoWithTheFlow","Runesmith:Duplicate"]}],"is_beta":false,"boss_relics":[{"not_picked":["SacredBark","Runesmith:UraniumAnvil"],"picked":"Sozu"}],"items_purged_floors":[22],"is_endless":false,"potions_floor_spawned":[7,11,19,20,28],"killed_by":"Chosen and Byrds","ascension_level":0}}