{"host":"11x7bwb6uta9qxyq","time":1609487092,"event":{"mods":["Act Like it!","BaseMod","Colored Powertips","Colorless Booster Pack","Conjunction","Conspire","Custom Cards and Relics","Dota2Spire","Elementarium","Energized Spire","Friendly Minions","FruityMod","Gensokyo","GifTheSpireLib","Halation","Hallownest","Hubris","Hyrulean Relics","Infinite Spire","Jedi Mod","Menagerie","Minty Spire (QoL Compilation)","Permanent Neow","Replay The Spire","SOS???????","Shop Mod","Small Relic Pack","Spicy Shops","StSLib","Stuff the Spire","The Animator","The Blue Laboratory","The Exalted","The Factory","Thieving Mod","Trackpad","vexMod"],"gold_per_floor":[136,136,166,185,196,196,212,142,165,165,9,46,46,128,128,303,969,1024,1024,1094,1094,1194,1286,1286,1286,1286,1319,500,581,685,640,640,698,698],"floor_reached":33,"playtime":3489,"items_purged":["animator:Strike","animator:Defend","animator:Strike","animator:Strike"],"score":292,"play_id":"4cab24ee-e481-4163-9a20-bc7b35e57891","local_time":"20210101014452","is_ascension_mode":false,"campfire_choices":[{"data":"animator:GoblinSlayer","floor":6,"key":"SMITH"},{"data":"animator:Chris","floor":10,"key":"SMITH"},{"data":"animator:DolaStephanie","floor":13,"key":"SMITH"},{"data":"animator:Wiz","floor":15,"key":"SMITH"},{"data":"animator:Eris","floor":24,"key":"SMITH"},{"floor":32,"key":"DIG"}],"circlet_count":0,"master_deck":["animator:Strike_Konosuba","animator:Defend_Konosuba","animator:Defend","animator:Defend","animator:Kazuma","animator:Aqua","animator:GoblinSlayer+1","animator:DolaStephanie+1","animator:YunYun","animator:Witch","animator:Chris+1","animator:GuildGirl","animator:Wiz+1","animator:Eris+1","animator:Aqua+1","animator:Hibiki","animator:DolaStephanie","animator:Priestess+1"],"relics":["animator:LivingPicture","animator:ColorlessFragment","Hallownest:DreamNailRelic","Hallownest:StagBellRelic1","halation:IllGainedPizza","vexMod:Cooldron","Dota2Spire:HandOfMidas","vexMod:RockOfEvil","jedi:cryingmask","Hallownest:WatcherSealRelic","Replay:Wanted Poster","StuffTheSpire:CocoNut","vexMod:BerryBomb","Anchor","Dota2Spire:EchoSabre","Dota2Spire:ArcaneBoots"],"acts_visited":["Hallownest:Greenpath","Hallownest:CityofTears"],"potions_floor_usage":[16,16,16,20,20,22,23,23,33,33],"damage_taken":[{"damage":0,"enemies":"Hallownest:monsterHuskWarrior","floor":1,"turns":7},{"damage":2,"enemies":"Hallownest:2_Baldur","floor":3,"turns":5},{"damage":1,"enemies":"Hallownest:2_Tiktiks_and_1_Crawlid","floor":4,"turns":4},{"damage":0,"enemies":"Hallownest:MossCreep_and_Mosskin","floor":5,"turns":6},{"damage":0,"enemies":"Hallownest:1_Baldur_1_Crawlid_1_Warrior","floor":7,"turns":4},{"damage":0,"enemies":"Hallownest:monsterMossCharger","floor":12,"turns":6},{"damage":12,"enemies":"Hallownest:eliteMossKnight","floor":14,"turns":12},{"damage":71,"enemies":"Hallownest:BossHornet","floor":16,"turns":10},{"damage":8,"enemies":"Hallownest:Flukemon_and_Top","floor":18,"turns":6},{"damage":20,"enemies":"Hallownest:Guard_and_Sentry","floor":20,"turns":7},{"damage":13,"enemies":"Hallownest:Nosk","floor":23,"turns":11},{"damage":0,"enemies":"Hallownest:monsterShrumalOgre","floor":27,"turns":4},{"damage":4,"enemies":"Hallownest:3_Mistakes","floor":29,"turns":5},{"damage":0,"enemies":"Hallownest:2_Flukemon","floor":30,"turns":5},{"damage":88,"enemies":"Hallownest:BossGrimm","floor":33,"turns":6}],"seed_played":"7611091530735201532","potions_obtained":[{"floor":3,"key":"Languid Potion"},{"floor":4,"key":"jedi:StrikingPotion"},{"floor":12,"key":"EntropicBrew"},{"floor":14,"key":"EntropicBrew"},{"floor":16,"key":"EntropicBrew"},{"floor":18,"key":"EntropicBrew"},{"floor":20,"key":"EntropicBrew"},{"floor":30,"key":"EntropicBrew"}],"is_trial":false,"path_per_floor":["M","?","M","M","M","R","M","?","T","R","$","M","R","E","R","B",null,"M","?","M","?","AVR","E","R","T","T","M","$","M","M","?","R","B"],"character_chosen":"THE_ANIMATOR","items_purchased":["vexMod:Cooldron","animator:ColorlessFragment","Dota2Spire:EchoSabre","animator:Hibiki","animator:DolaStephanie"],"campfire_rested":0,"item_purchase_floors":[11,28,28,28,28],"current_hp_per_floor":[60,60,60,59,61,61,62,62,62,62,62,62,62,52,52,15,63,63,48,38,38,38,43,43,49,49,66,66,74,79,79,79,0,0],"gold":698,"neow_bonus":"THREE_RARE_CARDS","is_daily":false,"chose_seed":false,"campfire_upgraded":5,"win_rate":0.0,"timestamp":1609487092,"path_taken":["M","?","M","M","?","R","M","?","T","R","?","?","R","E","R","BOSS","M","?","?","?","AVR","E","R","?","T","?","$","M","M","?","R","BOSS"],"items_purchased_type":["Relic","Relic","Relic","Card","Card"],"build_version":"2020-12-22","purchased_purges":4,"victory":false,"max_hp_per_floor":[60,60,60,60,61,61,62,62,62,62,62,62,62,62,62,63,63,63,63,65,65,65,72,72,78,78,78,78,79,79,79,79,79,79],"card_choices":[{"not_picked":["animator:Saber","animator:Shiro"],"picked":"animator:GoblinSlayer","floor":0},{"not_picked":["animator:Shichika","animator:Vanir"],"picked":"animator:DolaStephanie","floor":1},{"not_picked":["animator:Caster","animator:Illya"],"picked":"animator:YunYun","floor":3},{"not_picked":["animator:DolaSchwi","animator:Shalltear","animator:SilverFang"],"picked":"SKIP","floor":4},{"not_picked":["animator:Spearman","animator:CowGirl"],"picked":"animator:Witch","floor":5},{"not_picked":["animator:Witch","animator:DolaCouronne"],"picked":"animator:Chris","floor":7},{"not_picked":["animator:PandorasActor","animator:Sora"],"picked":"animator:GuildGirl","floor":12},{"not_picked":["animator:Sora","animator:TsurugaMeisai"],"picked":"animator:Wiz","floor":14},{"not_picked":["animator:Albedo","animator:Saber"],"picked":"animator:Eris","floor":16},{"not_picked":["animator:Vanir","animator:DwarfShaman","animator:Saber"],"picked":"SKIP","floor":20},{"not_picked":["animator:Mitsurugi","animator:DolaSchwi"],"picked":"animator:Aqua+1","floor":23},{"not_picked":["animator:LizardPriest","animator:Evileye","animator:MumenRider"],"picked":"SKIP","floor":27},{"not_picked":["animator:LizardPriest","animator:Evileye","animator:MumenRider"],"picked":"SKIP","floor":27},{"not_picked":["animator:Alexander+1","animator:Chris"],"picked":"animator:Priestess+1","floor":29},{"not_picked":["animator:SilverFang","animator:UneriGinkaku","animator:Caster"],"picked":"SKIP","floor":30}],"player_experience":159765,"relics_obtained":[{"floor":9,"key":"halation:IllGainedPizza"},{"floor":14,"key":"Dota2Spire:HandOfMidas"},{"floor":23,"key":"StuffTheSpire:CocoNut"},{"floor":25,"key":"vexMod:BerryBomb"},{"floor":26,"key":"Anchor"},{"floor":32,"key":"Dota2Spire:ArcaneBoots"}],"event_choices":[],"is_beta":false,"boss_relics":[{"not_picked":["StuffTheSpire:Kangaroo","Black Star"],"picked":"vexMod:RockOfEvil"}],"items_purged_floors":[22,28,28,28],"is_endless":false,"potions_floor_spawned":[3,4,12,14,16,18,20,30],"killed_by":"Hallownest:BossGrimm","ascension_level":0}}