{"host":"l017gercouzhorma","time":1609499888,"event":{"mods":["AchievementEnabler","Aspiration","BaseMod","Challenge The Spire","Conspire","Downfall","Halation","Hermit","Hubris","Infinite Spire","Jorbs\u0027s Wanderer Trilogy","Mad Scientist","Marisa????????","Mimic Mod","Minty Spire (QoL Compilation)","Random Character Button","Rare Cards Sparkle","Relic Stats","Replay The Spire","Shade Mod","StSLib","The Cursed","The Disciple","The Hierophant","The Jungle","The Runesmith","The Servant 0.9.4"],"gold_per_floor":[110,128,140,43,56,89,89,18,18,30,30,47,59,59,59,59,59],"floor_reached":16,"playtime":1079,"items_purged":[],"score":125,"play_id":"d3f41222-609c-43e4-81ca-823666a3ad1b","local_time":"20210101041808","is_ascension_mode":true,"campfire_choices":[{"floor":7,"key":"REST"},{"data":"Dual Wield","floor":11,"key":"SMITH"},{"floor":15,"key":"REST"}],"circlet_count":0,"master_deck":["Strike_R","Strike_R","Strike_R","Strike_R","Strike_R","Defend_R","Defend_R","Defend_R","Defend_R","Bash","Searing Blow","Power Through","Shrug It Off","expansioncontent:DefensiveStance","Reaper","Metallicize","Dual Wield+1","Feel No Pain","Demon Form"],"relics":["Burning Blood","King of Hearts","infinitespire:Beetle Shell","Happy Flower"],"acts_visited":["Exordium"],"potions_floor_usage":[10,12,13],"damage_taken":[{"damage":1,"enemies":"Cultist","floor":1,"turns":3},{"damage":10,"enemies":"conspire:RoseBush","floor":2,"turns":3},{"damage":0,"enemies":"Small Slimes","floor":3,"turns":3},{"damage":25,"enemies":"3 Louse","floor":5,"turns":5},{"damage":59,"enemies":"3 Sentries","floor":6,"turns":16},{"damage":14,"enemies":"Exordium Thugs","floor":10,"turns":7},{"damage":24,"enemies":"Exordium Wildlife","floor":12,"turns":7},{"damage":17,"enemies":"2 Fungi Beasts","floor":13,"turns":6},{"damage":37,"enemies":"Slime Boss","floor":16,"turns":8}],"seed_played":"-3495362431382284360","potions_obtained":[{"floor":5,"key":"sneckomod:MuddlingPotion"},{"floor":10,"key":"AttackPotion"},{"floor":12,"key":"Dexterity Potion"}],"is_trial":false,"path_per_floor":["M","M","M","$","M","E","R","$","T","M","R","M","M","$","R","B"],"character_chosen":"IRONCLAD","items_purchased":["expansioncontent:DefensiveStance","Metallicize"],"campfire_rested":2,"item_purchase_floors":[4,8],"current_hp_per_floor":[80,76,80,80,61,8,32,32,32,32,32,16,9,9,33,2,2],"gold":59,"neow_bonus":"RANDOM_COMMON_RELIC","is_daily":false,"chose_seed":false,"campfire_upgraded":1,"win_rate":0.0,"timestamp":1609499888,"path_taken":["M","M","M","$","M","E","R","?","T","M","R","M","M","$","R","BOSS"],"items_purchased_type":["Card","Card"],"build_version":"2020-12-22","purchased_purges":0,"victory":false,"max_hp_per_floor":[80,80,80,80,80,80,80,80,80,80,80,80,80,80,80,80,80],"relic_stats":{"Happy Flower":[9],"counters":[9,58],"obtain_stats":[{"Happy Flower":9,"King of Hearts":0,"infinitespire:Beetle Shell":6,"Burning Blood":0},{"Happy Flower":5,"King of Hearts":0,"infinitespire:Beetle Shell":5,"Burning Blood":0},{"Happy Flower":30,"King of Hearts":0,"infinitespire:Beetle Shell":30,"Burning Blood":0}],"Burning Blood":41},"card_choices":[{"not_picked":["Warcry","Anger"],"picked":"Searing Blow","floor":1},{"not_picked":["ReplayTheSpireMod:LeadingStrike","Cleave"],"picked":"Power Through","floor":2},{"not_picked":["Iron Wave","Thunderclap"],"picked":"Shrug It Off","floor":3},{"not_picked":["Sword Boomerang","Second Wind","Dropkick"],"picked":"SKIP","floor":5},{"not_picked":["Dual Wield","Power Through"],"picked":"Reaper","floor":6},{"not_picked":["Thunderclap","True Grit"],"picked":"Dual Wield","floor":10},{"not_picked":["Warcry","Headbutt"],"picked":"Feel No Pain","floor":12},{"not_picked":["Cleave","Abandon"],"picked":"Demon Form","floor":13}],"player_experience":836274,"relics_obtained":[{"floor":6,"key":"infinitespire:Beetle Shell"},{"floor":9,"key":"Happy Flower"}],"event_choices":[],"is_beta":false,"boss_relics":[],"items_purged_floors":[],"is_endless":false,"potions_floor_spawned":[5,10,12],"killed_by":"Slime Boss","ascension_level":4}}