{"host":"novohdx135h0xyrr","time":1609536281,"event":{"mods":["BaseMod","Colored Map","Colored Powertips","Highlight Path","Minty Spire (QoL Compilation)"],"gold_per_floor":[109,184,284,295,151,151,182,200,227,227,227],"floor_reached":10,"playtime":571,"items_purged":["Strike_P"],"score":73,"play_id":"500b5ab1-99f2-4376-bc01-421e0efdaa6d","local_time":"20210101132441","is_ascension_mode":true,"campfire_choices":[{"data":"Adaptation","floor":6,"key":"SMITH"}],"circlet_count":0,"master_deck":["Strike_P","Strike_P","Strike_P","Defend_P","Defend_P","Defend_P","Defend_P","Eruption","Vigilance","EmptyMind","Halt","Adaptation+1"],"relics":["PureWater","FossilizedHelix","Boot","Akabeko"],"acts_visited":["Exordium"],"potions_floor_usage":[10,10,10],"damage_taken":[{"damage":0,"enemies":"2 Louse","floor":1,"turns":2},{"damage":0,"enemies":"Small Slimes","floor":4,"turns":3},{"damage":18,"enemies":"Gremlin Nob","floor":7,"turns":5},{"damage":12,"enemies":"Cultist","floor":8,"turns":6},{"damage":22,"enemies":"Lagavulin","floor":10,"turns":5}],"seed_played":"-4677970230274023544","potions_obtained":[{"floor":4,"key":"SteroidPotion"},{"floor":7,"key":"Strength Potion"},{"floor":8,"key":"Energy Potion"}],"is_trial":false,"path_per_floor":["M","?","?","M","$","R","E","M","T","E"],"character_chosen":"WATCHER","items_purchased":["Adaptation"],"campfire_rested":0,"item_purchase_floors":[5],"current_hp_per_floor":[51,40,40,40,40,40,22,10,10,0,0],"gold":227,"neow_bonus":"ONE_RARE_RELIC","is_daily":false,"chose_seed":false,"campfire_upgraded":1,"win_rate":0.0,"timestamp":1609536281,"path_taken":["M","?","?","?","$","R","E","M","T","E"],"items_purchased_type":["Card"],"build_version":"2020-12-22","purchased_purges":1,"victory":false,"max_hp_per_floor":[72,72,72,72,72,72,72,72,72,72,72],"card_choices":[{"not_picked":["Evaluate","Halt"],"picked":"EmptyMind","floor":1},{"not_picked":["CrushJoints","Protect"],"picked":"Halt","floor":4},{"not_picked":["BowlingBash","Evaluate","Collect"],"picked":"SKIP","floor":7},{"not_picked":["PathToVictory","Ragnarok","LikeWater"],"picked":"SKIP","floor":8}],"player_experience":174936,"relics_obtained":[{"floor":7,"key":"Boot"},{"floor":9,"key":"Akabeko"}],"event_choices":[{"damage_healed":0,"gold_gain":75,"player_choice":"Gather Gold","damage_taken":11,"max_hp_gain":0,"max_hp_loss":0,"event_name":"World of Goop","floor":2,"gold_loss":0},{"damage_healed":0,"gold_gain":100,"player_choice":"Pray","damage_taken":0,"max_hp_gain":0,"max_hp_loss":0,"event_name":"Golden Shrine","floor":3,"gold_loss":0}],"is_beta":false,"boss_relics":[],"items_purged_floors":[5],"is_endless":false,"potions_floor_spawned":[4,7,8],"killed_by":"Lagavulin","ascension_level":2}}