{"host":"2461dio7vetlq1z3","time":1609514926,"event":{"mods":["2.2 Compatiblity","AchievementEnabler","BaseMod","Better Third Choice","Friendly Minions","Hubris","Minty Spire (QoL Compilation)","Relic Stats","Spicy Shops","StSLib","Waifu the Spire"],"gold_per_floor":[119,139,64,77,0,29,29,57,57,85,85,110,124,156,156,227,227,238,288,69,69,87,87,119,25,104,122,122,152,102,121,121,195,195,215,215,215,115,129,159,159,189,189,139,167,167,182,199,199,199,199,199],"floor_reached":51,"playtime":2306,"items_purged":["Strike_B","Zap","Strike_B+1","Lockon","Strike_B+1","Dualcast"],"score":1668,"play_id":"ce496585-7025-4621-b5cb-0de520121116","local_time":"20210101162846","is_ascension_mode":true,"campfire_choices":[{"data":"Enlightenment","floor":7,"key":"SMITH"},{"data":"Hyperbeam","floor":15,"key":"SMITH"},{"data":"Fusion","floor":23,"key":"SMITH"},{"data":"Reinforced Body","floor":28,"key":"SMITH"},{"data":"Beam Cell","floor":32,"key":"SMITH"},{"data":"Skim","floor":41,"key":"SMITH"},{"floor":46,"key":"RECALL"},{"data":"Hologram","floor":49,"key":"SMITH"}],"circlet_count":0,"master_deck":["AscendersBane","Sunder+1","Defend_B+1","Defend_B+1","Defend_B+1","Defend_B+1","Melter","Hologram+1","Beam Cell+1","Enlightenment+1","Hyperbeam+1","Fusion+1","Steam Power","Rebound+1","Reinforced Body+1","All For One+1","Rebound+1","Fusion","Skim","Reinforced Body","Hyperbeam+1","Skim+1","All For One+1","Echo Form","Reinforced Body"],"relics":["hubris:ScarierMask","Smiling Mask","Regal Pillow","Eternal Feather","Molten Egg 2","hubris:Towel","Blood Vial","hubris:ToyBattleship","hubris:RunicObelisk","Bag of Preparation","hubris:Spice","Sundial","hubris:Icosahedron","HornCleat","hubris:SlimyHat","Strawberry"],"acts_visited":["Exordium","TheCity","TheBeyond"],"potions_floor_usage":[6,10,12,16,22,27,33,37,40,42,51],"damage_taken":[{"damage":1,"enemies":"Cultist","floor":1,"turns":3},{"damage":0,"enemies":"Small Slimes","floor":2,"turns":1},{"damage":0,"enemies":"2 Louse","floor":4,"turns":1},{"damage":19,"enemies":"Lagavulin","floor":6,"turns":5},{"damage":15,"enemies":"3 Sentries","floor":8,"turns":5},{"damage":8,"enemies":"Gremlin Nob","floor":10,"turns":3},{"damage":0,"enemies":"3 Sentries","floor":12,"turns":2},{"damage":0,"enemies":"Exordium Wildlife","floor":13,"turns":2},{"damage":8,"enemies":"Gremlin Nob","floor":14,"turns":3},{"damage":0,"enemies":"Slime Boss","floor":16,"turns":5},{"damage":0,"enemies":"Spheric Guardian","floor":18,"turns":1},{"damage":10,"enemies":"Shell Parasite","floor":22,"turns":3},{"damage":21,"enemies":"Slavers","floor":24,"turns":7},{"damage":14,"enemies":"Snake Plant","floor":27,"turns":3},{"damage":29,"enemies":"Gremlin Leader","floor":29,"turns":5},{"damage":0,"enemies":"Chosen and Byrds","floor":31,"turns":3},{"damage":18,"enemies":"Collector","floor":33,"turns":9},{"damage":4,"enemies":"3 Darklings","floor":35,"turns":2},{"damage":0,"enemies":"3 Shapes","floor":39,"turns":1},{"damage":34,"enemies":"Reptomancer","floor":40,"turns":4},{"damage":3,"enemies":"Giant Head","floor":42,"turns":7},{"damage":4,"enemies":"Nemesis","floor":45,"turns":5},{"damage":4,"enemies":"Maw","floor":47,"turns":5},{"damage":0,"enemies":"Jaw Worm Horde","floor":48,"turns":1},{"damage":31,"enemies":"Awakened One","floor":50,"turns":8},{"damage":89,"enemies":"Time Eater","floor":51,"turns":11}],"seed_played":"-491195476764353027","potions_obtained":[{"floor":2,"key":"Dexterity Potion"},{"floor":4,"key":"Ancient Potion"},{"floor":10,"key":"BlessingOfTheForge"},{"floor":13,"key":"SteroidPotion"},{"floor":14,"key":"Dexterity Potion"},{"floor":16,"key":"SkillPotion"},{"floor":24,"key":"Block Potion"},{"floor":27,"key":"Energy Potion"},{"floor":35,"key":"BlessingOfTheForge"},{"floor":37,"key":"Fruit Juice"},{"floor":37,"key":"SkillPotion"},{"floor":47,"key":"EssenceOfDarkness"},{"floor":48,"key":"Fire Potion"}],"is_trial":false,"path_per_floor":["M","M","?","M","?","E","R","E","T","E","?","E","M","E","R","B",null,"M","?","$","?","M","R","E","$","T","M","R","E","$","M","R","B",null,"M","?","?","$","M","E","R","E","T","$","E","R","M","M","R","B","B"],"character_chosen":"DEFECT","items_purchased":["Bag of Preparation","Skim"],"campfire_rested":0,"item_purchase_floors":[20,25],"current_hp_per_floor":[63,63,63,63,69,50,50,35,35,27,27,27,29,23,35,37,67,69,69,69,69,61,73,62,62,62,50,62,43,43,45,57,41,68,66,66,71,71,73,41,53,52,52,52,77,81,77,79,81,50,0,0],"gold":199,"neow_bonus":"BOSS_RELIC","is_daily":false,"chose_seed":false,"campfire_upgraded":7,"win_rate":0.0,"timestamp":1609514926,"path_taken":["M","M","?","M","?","E","R","E","T","E","?","E","M","E","R","BOSS","M","?","$","?","M","R","E","?","T","M","R","E","$","M","R","BOSS","M","?","?","$","?","E","R","E","T","$","E","R","M","M","R","BOSS","BOSS"],"items_purchased_type":["Relic","Card"],"build_version":"2020-12-22","purchased_purges":6,"victory":false,"max_hp_per_floor":[71,71,71,71,77,77,77,77,77,77,77,77,77,77,77,77,77,77,77,77,77,77,77,85,85,85,85,85,93,93,85,85,85,77,77,77,82,82,82,82,82,74,74,74,81,81,81,81,81,81,81,81],"relic_stats":{"Blood Vial":34,"Regal Pillow":0,"counters":[26,105],"Sundial":[8],"Eternal Feather":66,"Bag of Preparation":[22],"Smiling Mask":525,"obtain_stats":[{"Regal Pillow":8,"Eternal Feather":9,"Bag of Preparation":20,"hubris:SlimyHat":42,"hubris:Towel":11,"hubris:RunicObelisk":17,"Smiling Mask":6,"Blood Vial":12,"hubris:Icosahedron":36,"HornCleat":40,"hubris:Spice":24,"Sundial":26,"Strawberry":45,"hubris:ScarierMask":0,"Molten Egg 2":10,"hubris:ToyBattleship":14,"Cracked Core":0},{"Regal Pillow":5,"Eternal Feather":5,"Bag of Preparation":11,"hubris:SlimyHat":21,"hubris:Towel":6,"hubris:RunicObelisk":10,"Smiling Mask":4,"Blood Vial":7,"hubris:Icosahedron":18,"HornCleat":20,"hubris:Spice":13,"Sundial":13,"Strawberry":22,"hubris:ScarierMask":0,"Molten Egg 2":6,"hubris:ToyBattleship":9,"Cracked Core":0},{"Regal Pillow":15,"Eternal Feather":15,"Bag of Preparation":31,"hubris:SlimyHat":75,"hubris:Towel":18,"hubris:RunicObelisk":30,"Smiling Mask":10,"Blood Vial":20,"hubris:Icosahedron":63,"HornCleat":68,"hubris:Spice":41,"Sundial":41,"Strawberry":80,"hubris:ScarierMask":0,"Molten Egg 2":18,"hubris:ToyBattleship":25,"Cracked Core":0}]},"card_choices":[{"not_picked":["Conserve Battery","Blizzard"],"picked":"Melter","floor":1},{"not_picked":["Blizzard","Tempest"],"picked":"Hologram","floor":2},{"not_picked":["Steam","Sunder"],"picked":"Beam Cell","floor":4},{"not_picked":["Stack","Barrage"],"picked":"Lockon","floor":6},{"not_picked":["Turbo","Heatsinks"],"picked":"Hyperbeam","floor":8},{"not_picked":["Cold Snap+1","Self Repair"],"picked":"Fusion","floor":10},{"not_picked":["Gash+1","Darkness"],"picked":"Steam Power","floor":12},{"not_picked":["Static Discharge","Barrage+1"],"picked":"Rebound+1","floor":13},{"not_picked":["Redo","Beam Cell+1"],"picked":"Reinforced Body","floor":14},{"not_picked":["Amplify","Biased Cognition"],"picked":"All For One+1","floor":16},{"not_picked":["BootSequence","Conserve Battery"],"picked":"Rebound+1","floor":18},{"not_picked":["Turbo","Capacitor","Cold Snap+1"],"picked":"SKIP","floor":22},{"not_picked":["Beam Cell+1","Gash+1"],"picked":"Fusion","floor":24},{"not_picked":["Capacitor+1","Cold Snap+1"],"picked":"Reinforced Body","floor":27},{"not_picked":["Defragment","Fission","Cold Snap+1"],"picked":"SKIP","floor":29},{"not_picked":["Coolheaded","Cold Snap+1"],"picked":"hubris:SpiceAddiction","floor":31},{"not_picked":["Buffer","Amplify"],"picked":"Hyperbeam+1","floor":33},{"not_picked":["Aggregate+1","Barrage+1","Blizzard+1"],"picked":"SKIP","floor":35},{"not_picked":["Sweeping Beam+1","Turbo"],"picked":"Skim","floor":39},{"not_picked":["Beam Cell+1","Rebound+1"],"picked":"All For One+1","floor":40},{"not_picked":["Sweeping Beam+1","hubris:SpiceAddiction"],"picked":"hubris:SpiceAddiction","floor":42},{"not_picked":["Turbo","Tempest","Multi-Cast"],"picked":"SKIP","floor":45},{"not_picked":["Ball Lightning+1","Turbo+1"],"picked":"Echo Form","floor":47},{"not_picked":["Beam Cell+1","Conserve Battery"],"picked":"Reinforced Body","floor":48}],"player_experience":981767,"relics_obtained":[{"floor":6,"key":"Smiling Mask"},{"floor":8,"key":"Regal Pillow"},{"floor":9,"key":"Eternal Feather"},{"floor":10,"key":"Molten Egg 2"},{"floor":12,"key":"Blood Vial"},{"floor":14,"key":"hubris:ToyBattleship"},{"floor":24,"key":"hubris:Spice"},{"floor":26,"key":"Sundial"},{"floor":29,"key":"hubris:Spice"},{"floor":40,"key":"HornCleat"},{"floor":42,"key":"hubris:SlimyHat"},{"floor":45,"key":"Strawberry"}],"event_choices":[{"cards_removed":["Strike_B"],"damage_healed":0,"gold_gain":0,"player_choice":"Card Removal","damage_taken":0,"max_hp_gain":0,"max_hp_loss":0,"event_name":"The Cleric","floor":3,"gold_loss":75},{"damage_healed":0,"gold_gain":0,"player_choice":"RENOUNCE","damage_taken":77,"max_hp_gain":0,"max_hp_loss":0,"event_name":"betterThird:BetterSerpent","floor":5,"gold_loss":77,"cards_obtained":["Enlightenment"]},{"damage_healed":0,"gold_gain":50,"player_choice":"Steal","damage_taken":0,"max_hp_gain":0,"max_hp_loss":0,"event_name":"betterThird:BetterNest","floor":19,"gold_loss":0},{"damage_healed":0,"gold_gain":0,"player_choice":"Simplicity","damage_taken":0,"max_hp_gain":0,"max_hp_loss":6,"event_name":"betterThird:BetterWriting","floor":21,"gold_loss":0},{"damage_healed":0,"gold_gain":0,"player_choice":"Got Potions","damage_taken":0,"max_hp_gain":0,"max_hp_loss":0,"event_name":"Lab","floor":37,"gold_loss":0}],"is_beta":false,"boss_relics":[{"not_picked":["hubris:BlackHole","Runic Dome"],"picked":"hubris:RunicObelisk"},{"not_picked":["SlaversCollar","hubris:CrackedHourglass"],"picked":"hubris:Spice"}],"items_purged_floors":[20,25,30,38,38,44],"is_endless":false,"potions_floor_spawned":[2,4,10,13,14,16,24,27,29,35,47,48],"killed_by":"Time Eater","ascension_level":20}}