{"host":"yiit85oc4oi3nqs8","time":1609544771,"event":{"mods":["AchievementEnabler","BaseMod","Better Third Choice","Block Reminder","Card Forge","DeckTracker","Highlight Path","Keyboard Shortcuts","Minty Spire (QoL Compilation)","MonsterHotkey","Quick Restart","Random Character Button","Relic Stats","StSLib"],"gold_per_floor":[130,205,280,321,364,364,389,389,389,444,444,480,480,325,325,469,469,483,398,398,447,490,554,598,598,598,598,598,598,638,683,683,839,839,888,906,949,949,949,949,965,965,991,1035,1368,1418,1459,1459,1459,1459,1459],"floor_reached":50,"playtime":1429,"items_purged":[],"score":752,"play_id":"cecf4ae2-dee4-4601-b250-4c74f0316106","local_time":"20210102084611","is_ascension_mode":false,"campfire_choices":[{"floor":6.0,"key":"RECALL"},{"data":"Scrawl","floor":8.0,"key":"SMITH"},{"floor":15.0,"key":"REST"},{"floor":28,"key":"REST"},{"floor":32,"key":"REST"},{"floor":40,"key":"REST"},{"floor":42,"key":"REST"},{"floor":49,"key":"REST"}],"circlet_count":0,"master_deck":["Feed+1","Shockwave+1","Intimidate+1","Heel Hook+1","Intimidate+1","Heel Hook+1","Heel Hook+1"],"relics":["Ring of the Snake","Hammer of Thor","Seething Fire","Anvil of the Gods","NeowsBlessing","Molten Egg 2","Juzu Bracelet","Strawberry","Lantern","Sozu","StrikeDummy","Boot","MutagenicStrength","Fusion Hammer","Vajra","Sundial"],"acts_visited":["Exordium","TheCity","TheBeyond"],"potions_floor_usage":[],"damage_taken":[{"damage":0.0,"enemies":"Small Slimes","floor":1.0,"turns":1.0},{"damage":0.0,"enemies":"Jaw Worm","floor":4.0,"turns":1.0},{"damage":0.0,"enemies":"Cultist","floor":5.0,"turns":1.0},{"damage":0.0,"enemies":"3 Sentries","floor":7.0,"turns":1.0},{"damage":0.0,"enemies":"Gremlin Nob","floor":10.0,"turns":1.0},{"damage":0.0,"enemies":"2 Fungi Beasts","floor":12.0,"turns":1.0},{"damage":0.0,"enemies":"The Guardian","floor":16.0,"turns":1.0},{"damage":0.0,"enemies":"3 Byrds","floor":18.0,"turns":1.0},{"damage":0.0,"enemies":"Shell Parasite","floor":21.0,"turns":1.0},{"damage":0,"enemies":"Shelled Parasite and Fungi","floor":22,"turns":1},{"damage":0,"enemies":"Gremlin Leader","floor":23,"turns":1},{"damage":0,"enemies":"Snake Plant","floor":24,"turns":1},{"damage":0,"enemies":"Centurion and Healer","floor":30,"turns":1},{"damage":0,"enemies":"Sentry and Sphere","floor":31,"turns":1},{"damage":0,"enemies":"Automaton","floor":33,"turns":1},{"damage":3,"enemies":"3 Shapes","floor":35,"turns":1},{"damage":0,"enemies":"3 Darklings","floor":36,"turns":1},{"damage":0,"enemies":"Spire Growth","floor":37,"turns":1},{"damage":70,"enemies":"Transient","floor":41,"turns":5},{"damage":0,"enemies":"Writhing Mass","floor":44,"turns":1},{"damage":0,"enemies":"Nemesis","floor":46,"turns":1},{"damage":0,"enemies":"Jaw Worm Horde","floor":47,"turns":1},{"damage":0,"enemies":"Donu and Deca","floor":50,"turns":1}],"seed_played":"6465950621005172752","potions_obtained":[{"floor":1.0,"key":"Regen Potion"},{"floor":5.0,"key":"EssenceOfSteel"},{"floor":16.0,"key":"LiquidBronze"}],"is_trial":false,"path_per_floor":["M","?","?","M","M","R","E","R","T","E","?","M","?","$","R","B",null,"M","?","?","M","M","E","M","?","T","?","R","?","M","M","R","B",null,"M","M","M","?","$","R","M","R","T","M","?","E","M","?","R","B"],"character_chosen":"THE_SILENT","items_purchased":["Lantern"],"campfire_rested":6,"item_purchase_floors":[14],"current_hp_per_floor":[70,59,52,52,52,52,52,52,52,59,59,59,40,40,63,63,77,77,77,77,77,77,77,77,77,77,77,77,77,77,77,77,77,77,74,74,74,73,73,73,3,24,24,24,24,24,24,24,45,49,49],"gold":1459,"neow_bonus":"THREE_ENEMY_KILL","is_daily":false,"chose_seed":false,"campfire_upgraded":1,"win_rate":0.0,"timestamp":1609544771,"path_taken":["M","?","?","?","M","R","E","R","T","E","?","M","?","?","R","BOSS","M","?","?","M","M","E","M","?","T","?","R","?","M","M","R","BOSS","M","M","M","?","$","R","M","R","T","M","?","E","M","?","R","BOSS"],"items_purchased_type":["Relic"],"build_version":"2020-12-22","purchased_purges":0,"victory":false,"max_hp_per_floor":[70,70,70,70,70,70,70,70,70,77,77,77,77,77,77,77,77,77,77,77,77,77,77,77,77,77,77,77,77,77,77,77,77,77,77,77,77,73,73,73,73,73,73,73,73,73,73,73,73,77,77],"relic_stats":{"Sozu":0,"counters":[23,27],"Sundial":[12],"Juzu Bracelet":0,"Boot":[0],"obtain_stats":[{"Lantern":14,"NeowsBlessing":0,"Golden Idol":13,"Vajra":43,"Hammer of Thor":0,"Juzu Bracelet":9,"Seething Fire":0,"Boot":23,"Sozu":17,"Anvil of the Gods":0,"Sundial":46,"Strawberry":10,"MutagenicStrength":29,"Molten Egg 2":7,"Fusion Hammer":34,"StrikeDummy":19,"Ring of the Snake":0},{"Lantern":6,"NeowsBlessing":0,"Golden Idol":6,"Vajra":19,"Hammer of Thor":0,"Juzu Bracelet":4,"Seething Fire":0,"Boot":11,"Sozu":7,"Anvil of the Gods":0,"Sundial":21,"Strawberry":5,"MutagenicStrength":12,"Molten Egg 2":4,"Fusion Hammer":15,"StrikeDummy":8,"Ring of the Snake":0},{"Lantern":6,"NeowsBlessing":0,"Golden Idol":6,"Vajra":23,"Hammer of Thor":0,"Juzu Bracelet":4,"Seething Fire":0,"Boot":11,"Sozu":7,"Anvil of the Gods":0,"Sundial":25,"Strawberry":5,"MutagenicStrength":12,"Molten Egg 2":4,"Fusion Hammer":15,"StrikeDummy":8,"Ring of the Snake":0}],"Ring of the Snake":[46]},"card_choices":[{"not_picked":["Dodge and Roll","Quick Slash","Flying Knee"],"picked":"SKIP","floor":1.0},{"not_picked":["Dagger Throw","Deflect","Heel Hook"],"picked":"SKIP","floor":4.0},{"not_picked":["Dodge and Roll","Escape Plan","Flechettes"],"picked":"SKIP","floor":5.0},{"not_picked":["Eviscerate+1","Well Laid Plans","Deadly Poison"],"picked":"SKIP","floor":7.0},{"not_picked":["Expertise","Well Laid Plans","Setup"],"picked":"SKIP","floor":10.0},{"not_picked":["Caltrops","Bane+1","Corpse Explosion"],"picked":"SKIP","floor":12.0},{"not_picked":["Backstab+1","Flying Knee+1","Deadly Poison+1"],"picked":"SKIP","floor":18.0},{"not_picked":["Bane+1","Dagger Throw+1","Heel Hook+1"],"picked":"SKIP","floor":21.0},{"not_picked":["Dodge and Roll","Footwork","Backflip"],"picked":"SKIP","floor":22},{"not_picked":["Footwork","Deadly Poison+1","Underhanded Strike+1"],"picked":"SKIP","floor":23},{"not_picked":["Acrobatics","Finisher+1","All Out Attack+1"],"picked":"SKIP","floor":24},{"not_picked":["Dagger Throw+1","Deflect+1","Catalyst+1"],"picked":"SKIP","floor":30},{"not_picked":["Quick Slash+1","Sucker Punch+1","Dagger Throw+1"],"picked":"SKIP","floor":31},{"not_picked":["Masterful Stab+1","Blur+1","Flechettes+1"],"picked":"SKIP","floor":35},{"not_picked":["Underhanded Strike+1","Deadly Poison+1","Crippling Poison"],"picked":"SKIP","floor":36},{"not_picked":["Cloak And Dagger+1","Caltrops+1","Flying Knee+1"],"picked":"SKIP","floor":37},{"not_picked":["Poisoned Stab+1","Bane+1","Choke+1"],"picked":"SKIP","floor":41},{"not_picked":["Outmaneuver+1","Expertise","Deadly Poison"],"picked":"SKIP","floor":44},{"not_picked":["Cloak And Dagger+1","Backflip","Bouncing Flask"],"picked":"SKIP","floor":46},{"not_picked":["Caltrops","Infinite Blades+1","Underhanded Strike+1"],"picked":"SKIP","floor":47}],"player_experience":433795,"relics_obtained":[{"floor":7.0,"key":"Molten Egg 2"},{"floor":9.0,"key":"Juzu Bracelet"},{"floor":10.0,"key":"Strawberry"},{"floor":23,"key":"Boot"},{"floor":43,"key":"Vajra"},{"floor":46,"key":"Sundial"}],"event_choices":[{"damage_healed":0.0,"max_hp_gain":0.0,"max_hp_loss":0.0,"gold_gain":75.0,"event_name":"betterThird:BetterGoop","player_choice":"Gold","floor":2.0,"gold_loss":0.0,"damage_taken":11.0},{"damage_healed":0.0,"max_hp_gain":0.0,"max_hp_loss":0.0,"gold_gain":75.0,"event_name":"FaceTrader","player_choice":"Touch","floor":3.0,"gold_loss":0.0,"damage_taken":7.0},{"damage_healed":59.0,"max_hp_gain":0.0,"max_hp_loss":77.0,"gold_gain":0.0,"event_name":"betterThird:BetterShining","player_choice":"Leave","floor":11.0,"gold_loss":0.0,"damage_taken":0.0},{"damage_healed":0.0,"max_hp_gain":0.0,"max_hp_loss":0.0,"gold_gain":0.0,"event_name":"Golden Idol","player_choice":"Take Damage","floor":13.0,"gold_loss":0.0,"damage_taken":19.0,"relics_obtained":["Golden Idol"]},{"damage_healed":0.0,"max_hp_gain":0.0,"max_hp_loss":0.0,"gold_gain":0.0,"event_name":"Addict","player_choice":"Obtained Relic","floor":19.0,"gold_loss":85.0,"damage_taken":0.0,"relics_obtained":["StrikeDummy"]},{"damage_healed":0.0,"max_hp_gain":0.0,"max_hp_loss":0.0,"gold_gain":0.0,"event_name":"The Mausoleum","player_choice":"Ignored","floor":20.0,"gold_loss":0.0,"damage_taken":0.0},{"damage_healed":25,"gold_gain":0,"player_choice":"Heal","damage_taken":0,"max_hp_gain":0,"max_hp_loss":0,"event_name":"The Library","floor":25,"gold_loss":0},{"damage_healed":0,"gold_gain":0,"player_choice":"Ignored","damage_taken":0,"max_hp_gain":0,"max_hp_loss":0,"event_name":"Vampires","floor":27,"gold_loss":0},{"damage_healed":0,"gold_gain":0,"player_choice":"Inject Mutagens","damage_taken":0,"relics_obtained":["MutagenicStrength"],"max_hp_gain":0,"max_hp_loss":0,"event_name":"Drug Dealer","floor":29,"gold_loss":0},{"damage_healed":0,"gold_gain":0,"player_choice":"Max HP","damage_taken":0,"max_hp_gain":0,"max_hp_loss":4,"event_name":"Winding Halls","floor":38,"gold_loss":0},{"damage_healed":0,"gold_gain":333,"player_choice":"Gave Idol","damage_taken":0,"max_hp_gain":0,"max_hp_loss":0,"event_name":"The Moai Head","floor":45,"relics_lost":["Golden Idol"],"gold_loss":0},{"damage_healed":0,"gold_gain":0,"player_choice":"Got Potions","damage_taken":0,"max_hp_gain":0,"max_hp_loss":0,"event_name":"Lab","floor":48,"gold_loss":0}],"is_beta":false,"boss_relics":[{"not_picked":["Pandora\u0027s Box","Empty Cage"],"picked":"Sozu"},{"not_picked":["Tiny House","Cursed Key"],"picked":"Fusion Hammer"}],"items_purged_floors":[],"is_endless":false,"potions_floor_spawned":[1,5,16,18,21,24,31,41,47],"killed_by":"Donu and Deca","ascension_level":0}}