{"host":"dr5ef424til0p8zn","time":1609539295,"event":{"mods":["2.2 Compatiblity","Act Like it!","BaseMod","Better Skull","Downfall","Gremlin Skip","Hallownest","Hermit","Minty Spire (QoL Compilation)","Shade Mod","StSLib","Td1madao Mod","The Bug Knight","The Hierophant"],"gold_per_floor":[99,113,113,44,59,159,159,188,28,45,45,60,87,101,119,218,268,193,205,215,215,228,240,318,243,157,157,174,16,16,40,68,68,68,68],"floor_reached":33,"playtime":4230,"items_purged":[],"score":324,"play_id":"fc1b2904-957e-4bd1-bb1d-dd8101a40d10","local_time":"20210101231455","is_ascension_mode":true,"campfire_choices":[{"floor":1,"key":"RECALL"},{"data":"hexamod:RetreatToShadows","floor":18,"key":"SMITH"},{"floor":25,"key":"REST"},{"data":"hexamod:Rewind","floor":30,"key":"SMITH"}],"circlet_count":0,"master_deck":["hexamod:Strike","hexamod:Strike","hexamod:Strike","hexamod:Strike+1","hexamod:Defend","hexamod:Defend","hexamod:Defend","hexamod:Defend+1","hexamod:Sear+1","hexamod:Float","hexamod:SwordOfDarkness+1","hexamod:FastForward+1","hexamod:FastForward","hexamod:Firestarter","hexamod:RetreatToShadows+1","hexamod:ShieldOfDarkness+1","hexamod:EtherealExpedition","hexamod:HexaLevel","hexamod:GhostShield","hexamod:ThirdSeal","hexamod:VolcanoVisage","hexamod:ShieldOfDarkness","hexamod:TimeWarp+1","hexamod:SixthSeal","hexamod:GhostOfSpirePast+1","hexamod:Hexaguard","hexamod:Rewind+1","hexamod:GhostOfSpirePast","hexamod:Hexaguard+1","hexamod:FirstSeal","hexamod:SecondSeal","hexamod:Hexaguard+1","hexamod:Hexaguard+1"],"relics":["Velvet Choker","White Beast Statue","Bag of Marbles","Lee\u0027s Waffle","Dead Branch","Tiny House","downfall:HeartBlessingRed","downfall:HeartBlessingBlue","Pen Nib"],"acts_visited":["Exordium","TheCity"],"potions_floor_usage":[13,16,16,19,20,20,28,29,31,31,31,31,31,33,33],"damage_taken":[{"damage":0,"enemies":"Small Slimes","floor":2,"turns":3},{"damage":0,"enemies":"downfall:FleeingMerchant","floor":4,"turns":4},{"damage":1,"enemies":"Jaw Worm","floor":5,"turns":3},{"damage":16,"enemies":"HollowMod:MossKnight","floor":8,"turns":4},{"damage":10,"enemies":"downfall:FleeingMerchant","floor":9,"turns":4},{"damage":1,"enemies":"Cultist","floor":10,"turns":3},{"damage":10,"enemies":"Exordium Thugs","floor":12,"turns":3},{"damage":12,"enemies":"3 Sentries","floor":13,"turns":7},{"damage":4,"enemies":"Lots of Slimes","floor":14,"turns":4},{"damage":2,"enemies":"Blue Slaver","floor":15,"turns":3},{"damage":29,"enemies":"downfall:Silent","floor":16,"turns":9},{"damage":7,"enemies":"Spheric Guardian","floor":19,"turns":4},{"damage":18,"enemies":"Shell Parasite","floor":20,"turns":7},{"damage":4,"enemies":"3 Cultists","floor":22,"turns":6},{"damage":17,"enemies":"Cultist and Chosen","floor":23,"turns":5},{"damage":5,"enemies":"downfall:FleeingMerchant","floor":26,"turns":4},{"damage":5,"enemies":"Snecko","floor":28,"turns":4},{"damage":25,"enemies":"downfall:FleeingMerchant","floor":29,"turns":4},{"damage":29,"enemies":"3 Cultists","floor":31,"turns":6},{"damage":18,"enemies":"Centurion and Healer","floor":32,"turns":6},{"damage":46,"enemies":"downfall:Watcher","floor":33,"turns":6}],"seed_played":"-4584615765370307317","potions_obtained":[{"floor":8,"key":"Fire Potion"},{"floor":9,"key":"SteroidPotion"},{"floor":10,"key":"FearPotion"},{"floor":12,"key":"Weak Potion"},{"floor":14,"key":"DuplicationPotion"},{"floor":15,"key":"Energy Potion"},{"floor":16,"key":"SteroidPotion"},{"floor":17,"key":"Energy Potion"},{"floor":19,"key":"PowerPotion"},{"floor":20,"key":"BlessingOfTheForge"},{"floor":22,"key":"CultistPotion"},{"floor":26,"key":"EntropicBrew"},{"floor":28,"key":"Energy Potion"},{"floor":29,"key":"FearPotion"},{"floor":31,"key":"Fire Potion"},{"floor":32,"key":"Strength Potion"}],"is_trial":false,"path_per_floor":["R","M","?","$","M","?","T","E","$","M","?","M","E","M","M","B",null,"R","M","M","?","M","M","T","R","$","?","M","$","R","M","M","B"],"character_chosen":"THE_SPIRIT","items_purchased":["hexamod:FastForward","Lee\u0027s Waffle","hexamod:FirstSeal","Pen Nib"],"campfire_rested":1,"item_purchase_floors":[4,9,26,29],"current_hp_per_floor":[70,70,75,75,74,74,74,58,82,81,81,71,59,55,53,24,87,87,80,62,87,83,66,66,97,92,97,92,74,74,52,41,0,0,0],"gold":68,"neow_bonus":"BOSS_RELIC","is_daily":false,"chose_seed":false,"campfire_upgraded":2,"win_rate":0.0,"timestamp":1609539295,"path_taken":["R","M","?","$","M","?","T","E","$","M","?","?","E","M","M","BOSS","R","M","M","?","?","M","T","R","$","?","M","$","R","M","M","BOSS"],"items_purchased_type":["Card","Relic","Card","Relic"],"build_version":"2020-12-22","purchased_purges":0,"victory":false,"max_hp_per_floor":[70,70,75,75,75,75,75,75,82,82,82,82,82,82,82,82,87,87,87,87,87,87,87,87,97,97,97,97,97,97,97,97,97,97,97],"card_choices":[{"not_picked":["hexamod:AdvancingGuard","hexamod:InspiringFlames"],"picked":"hexamod:SwordOfDarkness","floor":2},{"not_picked":["hexamod:HauntingEcho","hexamod:ShieldOfDarkness"],"picked":"hexamod:FastForward","floor":4},{"not_picked":["hexamod:NightmareStrike","hexamod:FastForward"],"picked":"hexamod:Firestarter","floor":5},{"not_picked":["hexamod:GhostShield","hexamod:EmpoweredFlame"],"picked":"hexamod:RetreatToShadows","floor":8},{"not_picked":["hexamod:NightmareGuise","hexamod:GhostOfSpireFuture"],"picked":"hexamod:ShieldOfDarkness","floor":9},{"not_picked":["hexamod:StepThrough","hexamod:FlamesFromBeyond"],"picked":"hexamod:EtherealExpedition","floor":10},{"not_picked":["hexamod:HeatMetal","hexamod:Incineration","hexamod:Rewind"],"picked":"SKIP","floor":12},{"not_picked":["hexamod:HeatMetal","hexamod:ShieldOfDarkness"],"picked":"hexamod:GhostShield","floor":13},{"not_picked":["hexamod:NightmareGuise","hexamod:FastForward"],"picked":"hexamod:ThirdSeal","floor":14},{"not_picked":["hexamod:BacktrackSmack","hexamod:PhantomFireball"],"picked":"hexamod:VolcanoVisage","floor":15},{"not_picked":["hexamod:HeatCrush","hexamod:GhostflameBarrier"],"picked":"hexamod:ShieldOfDarkness","floor":15},{"not_picked":["hexamod:TurnItUp","hexamod:ParanormalForm"],"picked":"hexamod:TimeWarp","floor":16},{"not_picked":["hexamod:HexaLevel","hexamod:WildfireWeapon"],"picked":"hexamod:SixthSeal","floor":16},{"not_picked":["hexamod:SwordOfDarkness","hexamod:CatchUp"],"picked":"hexamod:GhostOfSpirePast","floor":17},{"not_picked":["hexamod:StepThrough","hexamod:BacktrackSmack"],"picked":"hexamod:Hexaguard","floor":19},{"not_picked":["hexamod:BurningTouch","hexamod:HeatShield+1","hexamod:Incineration"],"picked":"SKIP","floor":19},{"not_picked":["hexamod:PhantomFireball","hexamod:ShieldOfDarkness"],"picked":"hexamod:Rewind","floor":20},{"not_picked":["hexamod:Incineration+1","hexamod:EmpoweredFlame+1"],"picked":"hexamod:GhostOfSpirePast","floor":20},{"not_picked":["hexamod:DynamicBlow","hexamod:SixthSeal"],"picked":"hexamod:Hexaguard","floor":22},{"not_picked":["hexamod:GhostOfSpirePast","hexamod:HeatCrush","hexamod:GhostOfSpirePresent"],"picked":"SKIP","floor":22},{"not_picked":["hexamod:NightmareStrike","hexamod:BurningTouch","hexamod:SpectersWail"],"picked":"SKIP","floor":23},{"not_picked":["hexamod:TimeWarp","hexamod:BacktrackSmack","hexamod:SwordOfDarkness+1"],"picked":"SKIP","floor":26},{"not_picked":["hexamod:NightmareGuise+1","hexamod:InspiringFlames","hexamod:ExtraCrispy+1"],"picked":"SKIP","floor":28},{"not_picked":["hexamod:ShieldOfDarkness+1","hexamod:GhostLash"],"picked":"hexamod:SecondSeal","floor":29},{"not_picked":["hexamod:ShieldOfDarkness","hexamod:HauntingEcho","hexamod:SwordOfDarkness+1"],"picked":"SKIP","floor":29},{"not_picked":["hexamod:ShieldOfDarkness+1","hexamod:InspiringFlames","hexamod:SpectersWail"],"picked":"SKIP","floor":31},{"not_picked":["hexamod:ShieldOfDarkness","hexamod:InspiringFlames+1","hexamod:SecondSeal"],"picked":"SKIP","floor":31},{"not_picked":["hexamod:NightmareGuise","hexamod:Firestarter"],"picked":"hexamod:Hexaguard+1","floor":32},{"not_picked":["hexamod:CatchUp","hexamod:UnleashSpirits"],"picked":"hexamod:Hexaguard+1","floor":32}],"player_experience":474466,"relics_obtained":[{"floor":7,"key":"White Beast Statue"},{"floor":8,"key":"Bag of Marbles"},{"floor":13,"key":"Dead Branch"}],"event_choices":[{"damage_healed":0,"gold_gain":0,"player_choice":"Donut","damage_taken":0,"max_hp_gain":5,"max_hp_loss":0,"event_name":"Big Fish","floor":3,"gold_loss":0},{"damage_healed":25,"gold_gain":0,"player_choice":"Full Heal","damage_taken":0,"max_hp_gain":0,"max_hp_loss":0,"event_name":"Wheel of Change","floor":21,"gold_loss":0},{"damage_healed":5,"gold_gain":0,"player_choice":"LEAVE ","damage_taken":0,"relics_obtained":[],"max_hp_gain":0,"max_hp_loss":0,"event_name":"betterSkull:BetterSkull","floor":27,"gold_loss":0,"cards_upgraded":[]}],"is_beta":false,"boss_relics":[{"not_picked":["Runic Dome","Runic Pyramid"],"picked":"Tiny House"}],"items_purged_floors":[],"is_endless":false,"potions_floor_spawned":[8,9,10,12,13,14,15,16,19,20,22,23,26,28,29,31,32],"killed_by":"downfall:Watcher","ascension_level":1}}