{"host":"p7j7o00jacnw7qzt","time":1609484483,"event":{"mods":["BaseMod","Colored Map","Colored Powertips","DeckTracker","Highlight Path","Minty Spire (QoL Compilation)","Relic Stats"],"gold_per_floor":[118,118,43,63,63,63,92,17,41,41,54,80,80,108,108,186,186,201,201,201,212,226,226,239,239,239,271,271,297,308,326,326,326,326],"floor_reached":33,"playtime":1803,"items_purged":["Strike_G"],"score":756,"play_id":"f486b3bd-6ea6-479c-a011-3a86d005a274","local_time":"20210101020123","is_ascension_mode":true,"campfire_choices":[{"data":"Glass Knife","floor":6.0,"key":"SMITH"},{"data":"Blade Dance","floor":10.0,"key":"SMITH"},{"data":"Footwork","floor":13.0,"key":"SMITH"},{"data":"Footwork","floor":15.0,"key":"SMITH"},{"data":"Acrobatics","floor":23,"key":"SMITH"},{"floor":25,"key":"REST"},{"data":"Night Terror","floor":28,"key":"SMITH"},{"data":"Acrobatics","floor":32,"key":"SMITH"}],"circlet_count":0,"master_deck":["AscendersBane","Defend_G+1","Defend_G","Defend_G","Defend_G","Survivor+1","Neutralize","Concentrate","Blade Dance+1","Glass Knife+1","Footwork+1","Footwork+1","Night Terror+1","Outmaneuver+1","Crippling Poison+1","Adrenaline+1","Acrobatics+1","Eviscerate","Acrobatics+1"],"relics":["Ring of the Snake","NeowsBlessing","Pear","Akabeko","Happy Flower","Tiny Chest","Astrolabe","Enchiridion","Ornamental Fan","Tingsha"],"acts_visited":["Exordium","TheCity"],"potions_floor_usage":[27,27],"damage_taken":[{"damage":0.0,"enemies":"2 Louse","floor":1.0,"turns":1.0},{"damage":0.0,"enemies":"Jaw Worm","floor":4.0,"turns":1.0},{"damage":0.0,"enemies":"3 Sentries","floor":7.0,"turns":1.0},{"damage":0.0,"enemies":"Small Slimes","floor":11.0,"turns":1.0},{"damage":4.0,"enemies":"Gremlin Nob","floor":12.0,"turns":3.0},{"damage":12.0,"enemies":"3 Sentries","floor":14.0,"turns":13.0},{"damage":8.0,"enemies":"The Guardian","floor":16.0,"turns":20.0},{"damage":12.0,"enemies":"Shell Parasite","floor":18.0,"turns":6.0},{"damage":0.0,"enemies":"Spheric Guardian","floor":21.0,"turns":3.0},{"damage":11,"enemies":"Shelled Parasite and Fungi","floor":22,"turns":5},{"damage":0,"enemies":"Snake Plant","floor":24,"turns":4},{"damage":3,"enemies":"Gremlin Leader","floor":27,"turns":8},{"damage":0,"enemies":"Book of Stabbing","floor":29,"turns":7},{"damage":2,"enemies":"Cultist and Chosen","floor":30,"turns":9},{"damage":16,"enemies":"Shelled Parasite and Fungi","floor":31,"turns":4},{"damage":22,"enemies":"Champ","floor":33,"turns":11}],"seed_played":"8806773507511579468","potions_obtained":[{"floor":4.0,"key":"Poison Potion"},{"floor":7.0,"key":"PowerPotion"},{"floor":12.0,"key":"SteroidPotion"},{"floor":16.0,"key":"AttackPotion"},{"floor":22,"key":"CunningPotion"},{"floor":27,"key":"Poison Potion"},{"floor":29,"key":"SpeedPotion"},{"floor":30,"key":"FearPotion"}],"is_trial":false,"path_per_floor":["M","?","?","M","?","R","E","$","T","R","M","E","R","E","R","B",null,"M","?","?","M","M","R","M","R","T","E","R","E","M","M","R","B"],"character_chosen":"THE_SILENT","items_purchased":[],"campfire_rested":1,"item_purchase_floors":[],"current_hp_per_floor":[59,39,39,39,39,39,49,49,49,49,49,45,45,33,33,25,63,51,51,30,30,19,19,19,41,41,38,38,38,36,20,20,0,0],"gold":326,"neow_bonus":"THREE_ENEMY_KILL","is_daily":false,"chose_seed":false,"campfire_upgraded":7,"win_rate":0.0,"timestamp":1609484483,"path_taken":["M","?","?","M","?","R","E","$","T","R","M","E","R","E","R","BOSS","M","?","?","M","M","R","M","R","T","E","R","E","M","?","R","BOSS"],"items_purchased_type":[],"build_version":"2020-12-22","purchased_purges":1,"victory":false,"max_hp_per_floor":[66,66,66,66,66,66,76,76,76,76,76,76,76,76,76,76,76,76,76,76,76,76,76,76,76,76,76,76,76,76,76,76,76,76],"relic_stats":{"Happy Flower":[30],"counters":[16,97],"Ornamental Fan":[64],"Astrolabe":["Outmaneuver","Crippling Poison","Adrenaline"],"Tiny Chest":0,"Tingsha":[94],"obtain_stats":[{"Pear":7,"NeowsBlessing":0,"Happy Flower":12,"Ornamental Fan":27,"Astrolabe":17,"Enchiridion":20,"Tiny Chest":14,"Tingsha":29,"Akabeko":9,"Ring of the Snake":0},{"Pear":3,"NeowsBlessing":0,"Happy Flower":5,"Ornamental Fan":12,"Astrolabe":7,"Enchiridion":8,"Tiny Chest":6,"Tingsha":13,"Akabeko":3,"Ring of the Snake":0},{"Pear":3,"NeowsBlessing":0,"Happy Flower":7,"Ornamental Fan":66,"Astrolabe":40,"Enchiridion":46,"Tiny Chest":20,"Tingsha":73,"Akabeko":3,"Ring of the Snake":0}],"Ring of the Snake":[32]},"card_choices":[{"not_picked":["Dodge and Roll","Crippling Poison"],"picked":"Concentrate","floor":1.0},{"not_picked":["Finisher","Bane"],"picked":"Blade Dance","floor":4.0},{"not_picked":["Finisher","Poisoned Stab"],"picked":"Footwork","floor":7.0},{"not_picked":["Underhanded Strike","Dodge and Roll","Distraction"],"picked":"SKIP","floor":11.0},{"not_picked":["Deadly Poison","Flying Knee","Glass Knife"],"picked":"SKIP","floor":12.0},{"not_picked":["Deadly Poison","Flying Knee","Glass Knife"],"picked":"SKIP","floor":12.0},{"not_picked":["All Out Attack","Quick Slash"],"picked":"Footwork","floor":14.0},{"not_picked":["Grand Finale","A Thousand Cuts"],"picked":"Night Terror","floor":16.0},{"not_picked":["Cloak And Dagger","Dagger Throw","Bane"],"picked":"SKIP","floor":18.0},{"not_picked":["PiercingWail","Dagger Spray","Dodge and Roll"],"picked":"SKIP","floor":21.0},{"not_picked":["Prepared","Well Laid Plans","Storm of Steel"],"picked":"SKIP","floor":22},{"not_picked":["Dagger Throw","Deflect+1","Cloak And Dagger"],"picked":"SKIP","floor":24},{"not_picked":["Distraction","Underhanded Strike","Outmaneuver"],"picked":"SKIP","floor":27},{"not_picked":["Catalyst","Finisher","Dagger Spray"],"picked":"SKIP","floor":29},{"not_picked":["Noxious Fumes","Deadly Poison"],"picked":"Eviscerate","floor":30},{"not_picked":["Accuracy","Underhanded Strike"],"picked":"Acrobatics","floor":31}],"player_experience":901569,"relics_obtained":[{"floor":7.0,"key":"Pear"},{"floor":9.0,"key":"Akabeko"},{"floor":12.0,"key":"Happy Flower"},{"floor":14.0,"key":"Tiny Chest"},{"floor":20.0,"key":"Enchiridion"},{"floor":27,"key":"Ornamental Fan"},{"floor":29,"key":"Tingsha"}],"event_choices":[{"damage_healed":0.0,"max_hp_gain":0.0,"max_hp_loss":0.0,"gold_gain":0.0,"event_name":"Shining Light","player_choice":"Entered Light","floor":2.0,"gold_loss":0.0,"damage_taken":20.0,"cards_upgraded":["Survivor","Defend_G"]},{"cards_removed":["Strike_G"],"damage_healed":0.0,"max_hp_gain":0.0,"max_hp_loss":0.0,"gold_gain":0.0,"event_name":"The Cleric","player_choice":"Card Removal","floor":3.0,"gold_loss":75.0,"damage_taken":0.0},{"damage_healed":0.0,"max_hp_gain":0.0,"max_hp_loss":0.0,"gold_gain":0.0,"cards_transformed":["Strike_G"],"event_name":"Living Wall","player_choice":"Change","floor":5.0,"gold_loss":0.0,"damage_taken":0.0,"cards_obtained":["Glass Knife"]},{"damage_healed":0.0,"max_hp_gain":0.0,"max_hp_loss":0.0,"gold_gain":0.0,"event_name":"The Library","player_choice":"Read","floor":19.0,"gold_loss":0.0,"damage_taken":0.0,"cards_obtained":["Acrobatics"]},{"damage_healed":0.0,"max_hp_gain":0.0,"max_hp_loss":0.0,"gold_gain":0.0,"event_name":"Cursed Tome","player_choice":"Obtained Book","floor":20.0,"gold_loss":0.0,"damage_taken":21.0}],"is_beta":false,"boss_relics":[{"not_picked":["Fusion Hammer","SlaversCollar"],"picked":"Astrolabe"}],"items_purged_floors":[8],"is_endless":false,"potions_floor_spawned":[4,7,12,16,22,27,29,30],"killed_by":"Champ","ascension_level":20}}