{"host":"873t0y8ybyo38pfq","time":1609540707,"event":{"mods":["BaseMod","Bestiary","Colored Map","Colored Powertips","Highlight Path","Minty Spire (QoL Compilation)","Quick Restart","RNG Fix","Rare Cards Sparkle","Relic Stats","StSLib"],"gold_per_floor":[113,127,127,143,155,155,155,155],"floor_reached":7,"playtime":371,"items_purged":[],"score":86,"play_id":"a9184187-927a-4c33-9930-e3863215f3ed","local_time":"20210101173827","is_ascension_mode":true,"campfire_choices":[{"data":"Zap","floor":6,"key":"SMITH"}],"circlet_count":0,"master_deck":["AscendersBane","Strike_B","Strike_B","Strike_B","Defend_B","Defend_B","Defend_B","Defend_B","Zap+1","Dualcast","Master of Strategy","Cold Snap","Conserve Battery"],"relics":["Cracked Core"],"acts_visited":["Exordium"],"potions_floor_usage":[],"damage_taken":[{"damage":9,"enemies":"Small Slimes","floor":1,"turns":4},{"damage":6,"enemies":"Cultist","floor":2,"turns":3},{"damage":7,"enemies":"Jaw Worm","floor":4,"turns":4},{"damage":4,"enemies":"Gremlin Gang","floor":5,"turns":6},{"damage":37,"enemies":"Gremlin Nob","floor":7,"turns":3}],"seed_played":"-6710000220787924761","potions_obtained":[],"is_trial":false,"path_per_floor":["M","M","?","M","M","R","E"],"character_chosen":"DEFECT","items_purchased":[],"campfire_rested":0,"item_purchase_floors":[],"current_hp_per_floor":[55,49,42,35,31,31,0,0],"gold":155,"neow_bonus":"RANDOM_COLORLESS_2","is_daily":false,"chose_seed":false,"campfire_upgraded":1,"win_rate":0.0,"timestamp":1609540707,"path_taken":["M","M","?","M","M","R","E"],"items_purchased_type":[],"build_version":"2020-12-22","purchased_purges":0,"victory":false,"max_hp_per_floor":[64,64,64,64,64,64,64,64],"relic_stats":{"counters":[5,20],"obtain_stats":[{"Cracked Core":0},{"Cracked Core":0},{"Cracked Core":0}]},"card_choices":[{"not_picked":["Thinking Ahead","Secret Weapon"],"picked":"Master of Strategy","floor":0},{"not_picked":["Steam","Reinforced Body","Heatsinks"],"picked":"SKIP","floor":1},{"not_picked":["Cold Snap","Sunder","Rip and Tear"],"picked":"SKIP","floor":2},{"not_picked":["Force Field","Stack"],"picked":"Cold Snap","floor":4},{"not_picked":["Compile Driver","Streamline"],"picked":"Conserve Battery","floor":5}],"player_experience":1468496,"relics_obtained":[],"event_choices":[{"cards_removed":["Strike_B"],"damage_healed":0,"gold_gain":0,"player_choice":"Card Removal","damage_taken":7,"max_hp_gain":0,"max_hp_loss":0,"event_name":"Golden Wing","floor":3,"gold_loss":0}],"is_beta":false,"boss_relics":[],"items_purged_floors":[],"is_endless":false,"potions_floor_spawned":[],"killed_by":"Gremlin Nob","ascension_level":20}}