{"host":"yiit85oc4oi3nqs8","time":1609493934,"event":{"mods":["AchievementEnabler","BaseMod","Better Third Choice","Block Reminder","DeckTracker","Highlight Path","Keyboard Shortcuts","Minty Spire (QoL Compilation)","MonsterHotkey","Quick Restart","Random Character Button","Relic Stats","StSLib"],"gold_per_floor":[116,134,134,134,134,134,154,181,181,197,229,229,229,253,203,153,172,122,122,135,145,145,145,218,218,237,237,187,35,48,48,48,48,78,78,78,88,101,173,173,200,200,200,212,229,257,276,276,276,276,353,353,353,653,404,418,418,438,204,60,92,92,92,123,123,123,123,123,152,172,203,214,214,214,214,214,214,38,63,63],"floor_reached":81,"playtime":2536,"items_purged":["Strike_R","Strike_R","Cleave","Strike_R+1","Bloodletting+1"],"score":2369,"play_id":"ecebf7eb-0525-414b-bbdd-15695807bf7f","local_time":"20210101183853","is_ascension_mode":true,"campfire_choices":[{"data":"Metallicize","floor":22.0,"key":"SMITH"},{"floor":23.0,"key":"RECALL"},{"floor":33.0,"key":"REST"},{"floor":35.0,"key":"REST"},{"floor":42.0,"key":"REST"},{"floor":43.0,"key":"REST"},{"data":"Bloodletting","floor":49.0,"key":"SMITH"},{"floor":50.0,"key":"REST"},{"floor":62.0,"key":"REST"},{"floor":63.0,"key":"REST"},{"floor":67.0,"key":"REST"},{"floor":68.0,"key":"REST"},{"floor":73.0,"key":"REST"},{"floor":74.0,"key":"REST"},{"floor":77.0,"key":"REST"}],"circlet_count":0,"master_deck":["AscendersBane","Metallicize+1","Uppercut+1","Rampage+1","Headbutt+1","Dropkick+1","Headbutt+1","Seeing Red+1","Offering+1","Mayhem+1","Iron Wave+1","Clash+1","Corruption+1"],"relics":["Burning Blood","Molten Egg 2","Pear","Torii","Smiling Mask","Whetstone","Empty Cage","Medical Kit","Lantern","Frozen Egg 2","Ornamental Fan","Vajra","White Beast Statue","Mark of Pain","Bottled Lightning","Membership Card","War Paint","Pen Nib","Self Forming Clay","Lizard Tail","Kunai","Centennial Puzzle","Anchor","Blood Vial"],"acts_visited":["Exordium","TheCity","TheBeyond","TheEnding"],"potions_floor_usage":[80],"damage_taken":[{"damage":1.0,"enemies":"Cultist","floor":1.0,"turns":3.0},{"damage":6.0,"enemies":"Jaw Worm","floor":2.0,"turns":4.0},{"damage":2.0,"enemies":"Small Slimes","floor":7.0,"turns":4.0},{"damage":32.0,"enemies":"Lagavulin","floor":8.0,"turns":10.0},{"damage":7.0,"enemies":"2 Fungi Beasts","floor":10.0,"turns":3.0},{"damage":16.0,"enemies":"Gremlin Nob","floor":11.0,"turns":4.0},{"damage":0.0,"enemies":"Lots of Slimes","floor":17.0,"turns":1.0},{"damage":0.0,"enemies":"3 Louse","floor":20.0,"turns":3.0},{"damage":14.0,"enemies":"Blue Slaver","floor":21.0,"turns":3.0},{"damage":14.0,"enemies":"The Guardian","floor":24.0,"turns":8.0},{"damage":14.0,"enemies":"Spheric Guardian","floor":26.0,"turns":5.0},{"damage":28.0,"enemies":"3 Byrds","floor":30.0,"turns":6.0},{"damage":36.0,"enemies":"Book of Stabbing","floor":34.0,"turns":4.0},{"damage":25.0,"enemies":"Shelled Parasite and Fungi","floor":37.0,"turns":3.0},{"damage":13.0,"enemies":"Snake Plant","floor":38.0,"turns":2.0},{"damage":1.0,"enemies":"3 Cultists","floor":44.0,"turns":4.0},{"damage":4.0,"enemies":"Snecko","floor":45.0,"turns":3.0},{"damage":42.0,"enemies":"Slavers","floor":46.0,"turns":5.0},{"damage":16.0,"enemies":"Sentry and Sphere","floor":47.0,"turns":4.0},{"damage":11.0,"enemies":"Champ","floor":51.0,"turns":5.0},{"damage":0.0,"enemies":"3 Darklings","floor":53.0,"turns":1.0},{"damage":6.0,"enemies":"3 Shapes","floor":56.0,"turns":3.0},{"damage":52.0,"enemies":"Writhing Mass","floor":58.0,"turns":4.0},{"damage":32.0,"enemies":"Reptomancer","floor":61.0,"turns":4.0},{"damage":19.0,"enemies":"Giant Head","floor":64.0,"turns":5.0},{"damage":28.0,"enemies":"Reptomancer","floor":69.0,"turns":4.0},{"damage":6.0,"enemies":"Maw","floor":70.0,"turns":4.0},{"damage":12.0,"enemies":"Giant Head","floor":71.0,"turns":5.0},{"damage":22.0,"enemies":"Jaw Worm Horde","floor":72.0,"turns":4.0},{"damage":55.0,"enemies":"Time Eater","floor":75.0,"turns":7.0},{"damage":43.0,"enemies":"Shield and Spear","floor":79.0,"turns":4.0},{"damage":45,"enemies":"The Heart","floor":80,"turns":7}],"seed_played":"-7180911345734911330","potions_obtained":[{"floor":7.0,"key":"AttackPotion"},{"floor":10.0,"key":"Explosive Potion"},{"floor":11.0,"key":"SpeedPotion"},{"floor":21.0,"key":"SpeedPotion"},{"floor":34.0,"key":"Swift Potion"},{"floor":36.0,"key":"Fruit Juice"},{"floor":44.0,"key":"SmokeBomb"},{"floor":51.0,"key":"Explosive Potion"},{"floor":56.0,"key":"Regen Potion"},{"floor":58.0,"key":"EntropicBrew"},{"floor":61.0,"key":"Block Potion"},{"floor":70.0,"key":"Explosive Potion"},{"floor":72.0,"key":"SteroidPotion"}],"is_trial":false,"path_per_floor":["M","M","T","?","?","?","M","E","?","M","E","E","T","T","$","$","M","?","?","M","M","R","R","B",null,"M","?","$","$","M","?","?","R","E","R","?","M","M","T","T","T","R","R","M","M","E","M","?","R","R","B",null,"M","?","$","M","?","M","$","?","E","R","R","E","T","T","R","R","E","M","E","M","R","R","B",null,"R","$","E","B",null],"character_chosen":"IRONCLAD","items_purchased":["Medical Kit","Bottled Lightning","Mayhem+1","Membership Card","Anchor","FairyPotion"],"campfire_rested":12,"item_purchase_floors":[29,55,59,60,78,78],"current_hp_per_floor":[73,73,73,83,76,81,85,59,59,58,48,48,48,48,48,48,54,54,54,60,52,52,52,44,79,71,71,71,71,49,49,49,76,46,73,78,59,52,52,52,52,80,95,95,95,59,49,49,49,77,72,89,95,95,95,95,89,48,48,48,22,50,78,65,65,65,93,95,73,73,67,51,79,95,46,83,95,95,58,21],"gold":63,"neow_bonus":"THREE_CARDS","is_daily":false,"chose_seed":false,"campfire_upgraded":2,"win_rate":0.0,"timestamp":1609493933,"path_taken":["M","M","?","?","?","?","M","E","?","?","E","E","T","T","$","$","M","?","?","M","M","R","R","BOSS","M","?","$","$","M","?","?","R","E","R","?","?","M","T","T","T","R","R","M","M","E","?","?","R","R","BOSS","M","?","?","?","?","?","?","?","E","R","R","E","T","T","R","R","E","M","E","M","R","R","BOSS","R","$","E","BOSS"],"items_purchased_type":["Relic","Relic","Card","Relic","Relic","Potion"],"build_version":"2020-12-22","purchased_purges":5,"victory":true,"max_hp_per_floor":[75,75,75,85,85,90,90,90,90,90,90,90,90,90,90,90,90,90,90,90,90,90,90,90,90,90,90,90,90,90,90,90,90,90,90,95,95,95,95,95,95,95,95,95,95,95,95,95,95,95,95,95,95,95,95,95,95,95,95,95,95,95,95,95,95,95,95,95,95,95,95,95,95,95,95,95,95,95,95,95],"relic_stats":{"Torii":109,"counters":[32,136],"Self Forming Clay":[177],"Pen Nib":[14],"Whetstone":["Strike_R","Bash"],"War Paint":["Seeing Red","Offering"],"Smiling Mask":288,"Medical Kit":[32],"Burning Blood":185,"Blood Vial":2,"Lizard Tail":0,"Centennial Puzzle":[12],"Ornamental Fan":[260],"Kunai":[33],"obtain_stats":[{"Lantern":34,"Pear":4,"Torii":8,"Self Forming Clay":65,"Vajra":41,"Pen Nib":64,"Whetstone":13,"Frozen Egg 2":39,"War Paint":61,"Smiling Mask":11,"Empty Cage":25,"Medical Kit":29,"Burning Blood":0,"White Beast Statue":46,"Blood Vial":79,"Lizard Tail":66,"Centennial Puzzle":71,"Anchor":78,"Ornamental Fan":40,"Molten Egg 2":3,"Mark of Pain":52,"Bottled Lightning":55,"Membership Card":60,"Kunai":69},{"Lantern":13,"Pear":2,"Torii":4,"Self Forming Clay":25,"Vajra":15,"Pen Nib":25,"Whetstone":6,"Frozen Egg 2":15,"War Paint":24,"Smiling Mask":6,"Empty Cage":10,"Medical Kit":11,"Burning Blood":0,"White Beast Statue":18,"Blood Vial":31,"Lizard Tail":25,"Centennial Puzzle":28,"Anchor":30,"Ornamental Fan":15,"Molten Egg 2":2,"Mark of Pain":20,"Bottled Lightning":21,"Membership Card":23,"Kunai":26},{"Lantern":58,"Pear":7,"Torii":21,"Self Forming Clay":101,"Vajra":63,"Pen Nib":101,"Whetstone":28,"Frozen Egg 2":63,"War Paint":96,"Smiling Mask":28,"Empty Cage":43,"Medical Kit":48,"Burning Blood":0,"White Beast Statue":75,"Blood Vial":129,"Lizard Tail":101,"Centennial Puzzle":114,"Anchor":125,"Ornamental Fan":63,"Molten Egg 2":7,"Mark of Pain":84,"Bottled Lightning":85,"Membership Card":92,"Kunai":105}]},"card_choices":[{"not_picked":["Clothesline","Anger"],"picked":"Cleave","floor":0.0},{"not_picked":["Perfected Strike","Wild Strike","Entrench"],"picked":"SKIP","floor":1.0},{"not_picked":["Clothesline","Iron Wave"],"picked":"Metallicize","floor":2.0},{"not_picked":["Blood for Blood+1","Wild Strike+1","Flex"],"picked":"SKIP","floor":7.0},{"not_picked":["Sever Soul+1","Blood for Blood+1"],"picked":"Uppercut+1","floor":8.0},{"not_picked":["Warcry","Intimidate"],"picked":"Rampage+1","floor":10.0},{"not_picked":["Evolve","Flex","Anger+1"],"picked":"SKIP","floor":11.0},{"not_picked":["Rupture","Sword Boomerang+1","Armaments"],"picked":"SKIP","floor":17.0},{"not_picked":["Clash+1","Shrug It Off","Havoc"],"picked":"SKIP","floor":20.0},{"not_picked":["Carnage+1","Perfected Strike+1","Second Wind"],"picked":"SKIP","floor":21.0},{"not_picked":["Perfected Strike+1","Twin Strike+1"],"picked":"Headbutt+1","floor":26.0},{"not_picked":["Sever Soul+1","Clothesline+1","Intimidate"],"picked":"SKIP","floor":30.0},{"not_picked":["Second Wind+1","Thunderclap+1","Juggernaut"],"picked":"SKIP","floor":34.0},{"not_picked":["Twin Strike+1","Carnage+1","Anger+1"],"picked":"SKIP","floor":37.0},{"not_picked":["Combust+1","Inflame+1","True Grit"],"picked":"SKIP","floor":38.0},{"not_picked":["Body Slam+1","Perfected Strike+1"],"picked":"Bloodletting","floor":44.0},{"not_picked":["Clash+1","Clothesline+1","Burning Pact"],"picked":"SKIP","floor":45.0},{"not_picked":["Immolate+1","Battle Trance","Shockwave"],"picked":"SKIP","floor":46.0},{"not_picked":["Pommel Strike+1","Sentinel"],"picked":"Seeing Red","floor":47.0},{"not_picked":["Corruption+1","Bludgeon+1"],"picked":"Offering","floor":51.0},{"not_picked":["Warcry+1","Perfected Strike+1","Headbutt+1"],"picked":"SKIP","floor":56.0},{"not_picked":["Blood for Blood+1","Headbutt+1","Warcry+1"],"picked":"SKIP","floor":58.0},{"not_picked":["Carnage+1","Uppercut+1"],"picked":"Iron Wave+1","floor":61.0},{"not_picked":["Thunderclap+1","Reckless Charge+1","Demon Form+1"],"picked":"SKIP","floor":64.0},{"not_picked":["Cleave+1","Iron Wave+1","Offering"],"picked":"SKIP","floor":69.0},{"not_picked":["Rage","Infernal Blade"],"picked":"Clash+1","floor":70.0},{"not_picked":["Corruption+1","Inflame+1","Armaments+1"],"picked":"SKIP","floor":71.0},{"not_picked":["Inflame+1","Armaments+1"],"picked":"Corruption+1","floor":71.0},{"not_picked":["Pommel Strike+1","Wild Strike+1","Power Through"],"picked":"SKIP","floor":72.0},{"not_picked":["Armaments","Seeing Red","Warcry"],"picked":"SKIP","floor":79.0}],"player_experience":411642,"relics_obtained":[{"floor":3.0,"key":"Molten Egg 2"},{"floor":4.0,"key":"Pear"},{"floor":8.0,"key":"Torii"},{"floor":11.0,"key":"Smiling Mask"},{"floor":13.0,"key":"Whetstone"},{"floor":34.0,"key":"Lantern"},{"floor":39.0,"key":"Frozen Egg 2"},{"floor":40.0,"key":"Ornamental Fan"},{"floor":41.0,"key":"Vajra"},{"floor":46.0,"key":"White Beast Statue"},{"floor":61.0,"key":"War Paint"},{"floor":64.0,"key":"Pen Nib"},{"floor":65.0,"key":"Self Forming Clay"},{"floor":66.0,"key":"Lizard Tail"},{"floor":69.0,"key":"Kunai"},{"floor":71.0,"key":"Centennial Puzzle"},{"floor":79.0,"key":"Blood Vial"}],"event_choices":[{"cards_removed":["Strike_R"],"damage_healed":0.0,"max_hp_gain":0.0,"max_hp_loss":0.0,"gold_gain":0.0,"event_name":"Golden Wing","player_choice":"Card Removal","floor":5.0,"gold_loss":0.0,"damage_taken":7.0},{"damage_healed":0.0,"max_hp_gain":5.0,"max_hp_loss":0.0,"gold_gain":0.0,"event_name":"Big Fish","player_choice":"Donut","floor":6.0,"gold_loss":0.0,"damage_taken":0.0},{"damage_healed":0.0,"max_hp_gain":0.0,"max_hp_loss":0.0,"gold_gain":0.0,"event_name":"The Woman in Blue","player_choice":"Bought 0 Potions","floor":9.0,"gold_loss":0.0,"damage_taken":0.0},{"cards_removed":["Defend_R"],"damage_healed":0.0,"max_hp_gain":0.0,"max_hp_loss":0.0,"gold_gain":0.0,"event_name":"The Cleric","player_choice":"Card Removal","floor":18.0,"gold_loss":50.0,"damage_taken":0.0},{"cards_removed":["Defend_R"],"damage_healed":0.0,"max_hp_gain":0.0,"max_hp_loss":0.0,"gold_gain":0.0,"event_name":"Living Wall","player_choice":"Forget","floor":19.0,"gold_loss":0.0,"damage_taken":0.0},{"damage_healed":0.0,"max_hp_gain":0.0,"max_hp_loss":0.0,"gold_gain":0.0,"event_name":"Cursed Tome","player_choice":"Ignored","floor":27.0,"gold_loss":0.0,"damage_taken":0.0},{"damage_healed":0.0,"max_hp_gain":0.0,"max_hp_loss":0.0,"gold_gain":0.0,"cards_transformed":["Defend_R","Defend_R"],"event_name":"Drug Dealer","player_choice":"Became Test Subject","floor":31.0,"gold_loss":0.0,"damage_taken":0.0,"cards_obtained":["Dropkick","Headbutt"]},{"damage_healed":0.0,"max_hp_gain":0.0,"max_hp_loss":0.0,"gold_gain":0.0,"event_name":"Vampires","player_choice":"Ignored","floor":32.0,"gold_loss":0.0,"damage_taken":0.0},{"damage_healed":0.0,"max_hp_gain":0.0,"max_hp_loss":0.0,"gold_gain":0.0,"event_name":"Lab","player_choice":"Got Potions","floor":36.0,"gold_loss":0.0,"damage_taken":0.0},{"damage_healed":0.0,"max_hp_gain":0.0,"max_hp_loss":0.0,"gold_gain":300.0,"event_name":"Wheel of Change","player_choice":"Gold","floor":54.0,"gold_loss":0.0,"damage_taken":0.0},{"damage_healed":0.0,"max_hp_gain":0.0,"max_hp_loss":0.0,"gold_gain":0.0,"event_name":"betterThird:BetterPortal","player_choice":"Random: Green","floor":57.0,"gold_loss":0.0,"damage_taken":0.0},{"damage_healed":0.0,"max_hp_gain":0.0,"max_hp_loss":0.0,"gold_gain":0.0,"event_name":"Knowing Skull","player_choice":"","floor":57.0,"potions_obtained":[],"gold_loss":0.0,"damage_taken":6.0,"cards_obtained":[]}],"is_beta":false,"boss_relics":[{"not_picked":["Coffee Dripper","Snecko Eye"],"picked":"Empty Cage"},{"not_picked":["Busted Crown","Black Star"],"picked":"Mark of Pain"}],"items_purged_floors":[15,16,28,59,78],"is_endless":false,"potions_floor_spawned":[7,10,11,21,34,44,47,51,53,56,58,61,64,69,70,71,72,79],"ascension_level":14}}