{"host":"nlbr7nnijupf3yfg","time":1609539248,"event":{"mods":["AchievementEnabler","BaseMod","Colored Powertips","DeckTracker","Downfall","Hubris","Minty Spire (QoL Compilation)","Replay The Spire","StSLib","SuperFastMode"],"gold_per_floor":[117,42,52,127,93,126,142,142,188,188,188],"floor_reached":10,"playtime":119,"items_purged":["Defend_R"],"score":76,"play_id":"0950f519-fb6b-4c2f-8fe1-6c6606cb6f69","local_time":"20210101171408","is_ascension_mode":true,"campfire_choices":[{"floor":8.0,"key":"REST"}],"circlet_count":0,"master_deck":["Strike_R","Strike_R","Strike_R","Strike_R","Strike_R","Defend_R","Defend_R","Defend_R","Bash","Iron Wave+1","Pot Of Greed"],"relics":["Burning Blood","Replay:Mystery Machine","Grinning Jar","Red Skull"],"acts_visited":["Exordium"],"potions_floor_usage":[],"damage_taken":[{"damage":1.0,"enemies":"Cultist","floor":1.0,"turns":3.0},{"damage":0.0,"enemies":"Small Slimes","floor":3.0,"turns":3.0},{"damage":53.0,"enemies":"Lagavulin","floor":6.0,"turns":7.0},{"damage":0.0,"enemies":"2 Louse","floor":7.0,"turns":3.0},{"damage":0,"enemies":"3 Sentries","floor":10,"turns":1}],"seed_played":"8002437235554281081","potions_obtained":[],"is_trial":false,"path_per_floor":["M","$","M","?","$","E","M","R","T","E"],"character_chosen":"IRONCLAD","items_purchased":["Iron Wave+1"],"campfire_rested":1,"item_purchase_floors":[5],"current_hp_per_floor":[80,80,80,69,69,22,28,52,52,52,52],"gold":188,"neow_bonus":"RANDOM_COMMON_RELIC","is_daily":false,"chose_seed":false,"campfire_upgraded":0,"win_rate":0.0,"timestamp":1609539248,"path_taken":["M","?","M","?","$","E","M","R","T","E"],"items_purchased_type":["Card"],"build_version":"2020-12-22","purchased_purges":1,"victory":false,"max_hp_per_floor":[80,80,80,80,80,80,80,80,80,80,80],"card_choices":[{"not_picked":["Clothesline","ReplayTheSpireMod:Strike From Hell","True Grit"],"picked":"SKIP","floor":1.0},{"not_picked":["Armaments","Power Through","Clash"],"picked":"SKIP","floor":3.0},{"not_picked":["Havoc","Blood for Blood","Searing Blow"],"picked":"SKIP","floor":6.0},{"not_picked":["Battle Trance","Twin Strike","Dark Embrace"],"picked":"SKIP","floor":7.0}],"player_experience":23456,"relics_obtained":[{"floor":6.0,"key":"Grinning Jar"},{"floor":9.0,"key":"Red Skull"}],"event_choices":[{"damage_healed":0.0,"max_hp_gain":0.0,"max_hp_loss":0.0,"gold_gain":75.0,"event_name":"World of Goop","player_choice":"Gather Gold","floor":4.0,"gold_loss":0.0,"damage_taken":11.0}],"is_beta":false,"boss_relics":[],"items_purged_floors":[2],"is_endless":false,"potions_floor_spawned":[],"killed_by":"3 Sentries","ascension_level":3}}