{"host":"yvb207ks1sg3cxef","time":1609527177,"event":{"mods":["2.2 Compatiblity","BaseMod","Bestiary","Colored Powertips","Minty Spire (QoL Compilation)","Permanent Neow","Quick Restart","Relic Stats","StSLib"],"gold_per_floor":[216,232,232,232,247,276,276,308,380,380,380,393,406,421,421,495,495,509,559,575,26,44,44,44,44],"floor_reached":24,"playtime":1252,"items_purged":["Strike_G"],"score":395,"play_id":"48b369f3-b530-4707-9e9a-689a93f26b9a","local_time":"20210102002257","is_ascension_mode":true,"campfire_choices":[{"data":"Dagger Throw","floor":7.0,"key":"SMITH"},{"data":"Quick Slash","floor":10.0,"key":"SMITH"},{"data":"Leg Sweep","floor":15.0,"key":"SMITH"},{"data":"Calculated Gamble","floor":23.0,"key":"SMITH"}],"circlet_count":0,"master_deck":["AscendersBane","Strike_G","Strike_G","Strike_G","Strike_G","Defend_G","Defend_G","Defend_G","Defend_G","Defend_G","Survivor","Neutralize","Bouncing Flask+1","Dagger Throw+1","Quick Slash+1","Backflip","Leg Sweep+1","Acrobatics","Corpse Explosion","Noxious Fumes","Calculated Gamble+1","Cloak And Dagger+1"],"relics":["Ring of the Snake","Tingsha","PreservedInsect","Eternal Feather","Kunai","HoveringKite","Bottled Lightning","Strange Spoon"],"acts_visited":["Exordium","TheCity"],"potions_floor_usage":[],"damage_taken":[{"damage":4.0,"enemies":"Jaw Worm","floor":1.0,"turns":6.0},{"damage":1.0,"enemies":"2 Louse","floor":2.0,"turns":3.0},{"damage":1.0,"enemies":"Cultist","floor":5.0,"turns":3.0},{"damage":12.0,"enemies":"Lagavulin","floor":6.0,"turns":5.0},{"damage":15.0,"enemies":"3 Sentries","floor":8.0,"turns":9.0},{"damage":0.0,"enemies":"Blue Slaver","floor":12.0,"turns":5.0},{"damage":0.0,"enemies":"2 Fungi Beasts","floor":13.0,"turns":4.0},{"damage":0.0,"enemies":"Exordium Wildlife","floor":14.0,"turns":5.0},{"damage":31.0,"enemies":"Slime Boss","floor":16.0,"turns":9.0},{"damage":17.0,"enemies":"Chosen","floor":18.0,"turns":5.0},{"damage":0.0,"enemies":"3 Byrds","floor":20.0,"turns":2.0},{"damage":19.0,"enemies":"Cultist and Chosen","floor":22.0,"turns":5.0},{"damage":30,"enemies":"Gremlin Leader","floor":24,"turns":4}],"seed_played":"-7091603307643486754","potions_obtained":[{"floor":1.0,"key":"BlessingOfTheForge"},{"floor":5.0,"key":"LiquidMemories"},{"floor":8.0,"key":"CultistPotion"},{"floor":14.0,"key":"Poison Potion"}],"is_trial":false,"path_per_floor":["M","M","?","?","M","E","R","E","T","R","T","M","M","M","R","B",null,"M","?","M","$","M","R","E"],"character_chosen":"THE_SILENT","items_purchased":["Calculated Gamble","Bottled Lightning","Strange Spoon"],"campfire_rested":0,"item_purchase_floors":[21,21,21],"current_hp_per_floor":[55,54,54,54,53,41,41,26,26,35,35,35,35,35,44,13,53,36,36,36,36,17,29,0,0],"gold":44,"neow_bonus":"HUNDRED_GOLD","is_daily":false,"chose_seed":false,"campfire_upgraded":4,"win_rate":0.0,"timestamp":1609527177,"path_taken":["M","M","?","?","M","E","R","E","T","R","?","M","?","M","R","BOSS","M","?","M","$","M","R","E"],"items_purchased_type":["Card","Relic","Relic"],"build_version":"2020-12-22","purchased_purges":1,"victory":false,"max_hp_per_floor":[66,66,66,66,66,66,66,66,66,66,66,66,66,66,66,66,66,66,66,66,66,66,66,66,66],"relic_stats":{"Strange Spoon":[2],"counters":[13,65],"HoveringKite":[9],"Tingsha":[84],"Eternal Feather":30,"PreservedInsect":46,"Kunai":[3],"obtain_stats":[{"Strange Spoon":21,"HoveringKite":17,"Tingsha":6,"Eternal Feather":9,"PreservedInsect":8,"Kunai":11,"Bottled Lightning":21,"Ring of the Snake":0},{"Strange Spoon":11,"HoveringKite":9,"Tingsha":4,"Eternal Feather":5,"PreservedInsect":5,"Kunai":5,"Bottled Lightning":11,"Ring of the Snake":0},{"Strange Spoon":56,"HoveringKite":49,"Tingsha":17,"Eternal Feather":26,"PreservedInsect":26,"Kunai":26,"Bottled Lightning":56,"Ring of the Snake":0}],"Ring of the Snake":[26]},"card_choices":[{"not_picked":["Caltrops","Dagger Throw"],"picked":"Bouncing Flask","floor":1.0},{"not_picked":["Blade Dance","Cloak And Dagger"],"picked":"Dagger Throw","floor":2.0},{"not_picked":["Bane","Cloak And Dagger"],"picked":"Quick Slash","floor":5.0},{"not_picked":["Flying Knee","All Out Attack"],"picked":"Backflip","floor":6.0},{"not_picked":["Prepared","Doppelganger"],"picked":"Leg Sweep","floor":8.0},{"not_picked":["Choke","Slice","Deadly Poison"],"picked":"SKIP","floor":12.0},{"not_picked":["Choke","Slice","Deadly Poison"],"picked":"SKIP","floor":12.0},{"not_picked":["Quick Slash","Poisoned Stab"],"picked":"Acrobatics","floor":13.0},{"not_picked":["Quick Slash","Flying Knee","Sucker Punch"],"picked":"SKIP","floor":14.0},{"not_picked":["Burst","Venomology"],"picked":"Corpse Explosion","floor":16.0},{"not_picked":["Poisoned Stab","Riddle With Holes+1","Outmaneuver"],"picked":"SKIP","floor":18.0},{"not_picked":["Setup+1","Infinite Blades"],"picked":"Noxious Fumes","floor":20.0},{"not_picked":["Deflect","PiercingWail"],"picked":"Cloak And Dagger+1","floor":22.0}],"player_experience":267728,"relics_obtained":[{"floor":6.0,"key":"Tingsha"},{"floor":8.0,"key":"PreservedInsect"},{"floor":9.0,"key":"Eternal Feather"},{"floor":11.0,"key":"Kunai"}],"event_choices":[{"damage_healed":0.0,"max_hp_gain":0.0,"max_hp_loss":0.0,"gold_gain":0.0,"event_name":"Living Wall","player_choice":"Grow","floor":3.0,"gold_loss":0.0,"damage_taken":0.0,"cards_upgraded":["Bouncing Flask"]},{"damage_healed":0.0,"max_hp_gain":0.0,"max_hp_loss":0.0,"gold_gain":0.0,"event_name":"Liars Game","player_choice":"Ignored","floor":4.0,"gold_loss":0.0,"damage_taken":0.0},{"damage_healed":0.0,"max_hp_gain":0.0,"max_hp_loss":0.0,"gold_gain":50.0,"event_name":"Nest","player_choice":"Stole From Cult","floor":19.0,"gold_loss":0.0,"damage_taken":0.0}],"is_beta":false,"boss_relics":[{"not_picked":["Tiny House","Ectoplasm"],"picked":"HoveringKite"}],"items_purged_floors":[21],"is_endless":false,"potions_floor_spawned":[1,5,8,14],"killed_by":"Gremlin Leader","ascension_level":18}}