{"host":"nk1hwk2qadwaubm5","time":1609515652,"event":{"mods":["BaseMod","Hermit","Hubris","Infinite Spire","Minty Spire (QoL Compilation)","Replay The Spire","StSLib","The Cursed","The Jungle"],"gold_per_floor":[114,114,62,73,88,100,100,100,126,138,138,154,179,191,191,191,191],"floor_reached":16,"playtime":751,"items_purged":[],"score":114,"play_id":"4b4da072-586a-44cf-8913-6d8ed9992997","local_time":"20210101164052","is_ascension_mode":true,"campfire_choices":[{"data":"hermit:Quickdraw","floor":7,"key":"SMITH"},{"data":"hermit:GoldenBullet","floor":11,"key":"SMITH"},{"data":"hermit:HighCaliber","floor":15,"key":"SMITH"}],"circlet_count":0,"master_deck":["hermit:Strike_Hermit","hermit:Strike_Hermit","hermit:Strike_Hermit","hermit:Strike_Hermit","hermit:Defend_Hermit","hermit:Defend_Hermit","hermit:Defend_Hermit","hermit:Defend_Hermit","hermit:Snapshot","hermit:Covet","hermit:GoldenBullet+1","hermit:Quickdraw+1","hermit:HighCaliber+1"],"relics":["hermit:Momento","Replay:Baseball","Oddly Smooth Stone"],"acts_visited":["Exordium"],"potions_floor_usage":[16],"damage_taken":[{"damage":2,"enemies":"Jaw Worm","floor":1,"turns":3},{"damage":11,"enemies":"Cultist","floor":4,"turns":4},{"damage":4,"enemies":"2 Louse","floor":5,"turns":2},{"damage":0,"enemies":"Exordium Wildlife","floor":6,"turns":2},{"damage":4,"enemies":"2 Fungi Beasts","floor":10,"turns":2},{"damage":3,"enemies":"Large Slime","floor":12,"turns":5},{"damage":7,"enemies":"Gremlin Nob","floor":13,"turns":4},{"damage":0,"enemies":"Red Slaver","floor":14,"turns":2},{"damage":37,"enemies":"Hexaghost","floor":16,"turns":11}],"seed_played":"-6344470082096962980","potions_obtained":[{"floor":5,"key":"EssenceOfSteel"},{"floor":6,"key":"BlessingOfTheForge"},{"floor":14,"key":"Explosive Potion"}],"is_trial":false,"path_per_floor":["M","?","$","M","M","M","R","?","T","M","R","M","E","M","R","B"],"character_chosen":"HERMIT","items_purchased":["hermit:ShadowCloak+1"],"campfire_rested":0,"item_purchase_floors":[3],"current_hp_per_floor":[66,66,66,55,51,51,51,51,51,47,47,44,37,37,37,0,0],"gold":191,"neow_bonus":"TWENTY_PERCENT_HP_BONUS","is_daily":false,"chose_seed":false,"campfire_upgraded":3,"win_rate":0.0,"timestamp":1609515652,"path_taken":["M","?","$","M","M","M","R","?","T","M","R","M","E","?","R","BOSS"],"items_purchased_type":["Card"],"build_version":"2020-12-22","purchased_purges":0,"victory":false,"max_hp_per_floor":[89,89,89,89,89,89,89,89,89,89,89,89,89,89,89,89,89],"card_choices":[{"not_picked":["hermit:FullyLoaded","hermit:Vantage","hermit:Gestalt"],"picked":"SKIP","floor":1},{"not_picked":["hermit:Feint","hermit:TakeAim"],"picked":"hermit:Quickdraw","floor":4},{"not_picked":["hermit:Vantage","hermit:HighCaliber","hermit:ItchyTrigger"],"picked":"SKIP","floor":5},{"not_picked":["hermit:Snipe","hermit:CalledShot","hermit:HighCaliber"],"picked":"SKIP","floor":6},{"not_picked":["hermit:HoleUp","hermit:SprayPray","hermit:Vantage"],"picked":"SKIP","floor":10},{"not_picked":["hermit:Manifest","hermit:Reprieve","hermit:HoleUp"],"picked":"SKIP","floor":12},{"not_picked":["hermit:BodyArmor","hermit:Cheat","hermit:Magnum"],"picked":"SKIP","floor":13},{"not_picked":["hermit:HoleUp","hermit:Spite","hermit:Gestalt"],"picked":"SKIP","floor":14}],"player_experience":235177,"relics_obtained":[{"floor":9,"key":"Replay:Baseball"},{"floor":13,"key":"Oddly Smooth Stone"}],"event_choices":[{"damage_healed":0,"gold_gain":0,"cards_transformed":["hermit:ShadowCloak"],"player_choice":"Transformed","damage_taken":0,"max_hp_gain":0,"max_hp_loss":0,"event_name":"Transmorgrifier","floor":8,"gold_loss":0,"cards_obtained":["hermit:HighCaliber"]}],"is_beta":false,"boss_relics":[],"items_purged_floors":[],"is_endless":false,"potions_floor_spawned":[5,6,14],"killed_by":"Hexaghost","ascension_level":2}}