{"host":"873t0y8ybyo38pfq","time":1609538817,"event":{"mods":["BaseMod","Bestiary","Colored Map","Colored Powertips","Highlight Path","Minty Spire (QoL Compilation)","Quick Restart","RNG Fix","Rare Cards Sparkle","Relic Stats","StSLib"],"gold_per_floor":[117,135,135,135,153,153,200,212,224,236,295,307,319,379,391,508,520,548,560,572,610,9,9,9],"floor_reached":23,"playtime":678,"items_purged":["Strike_B"],"score":386,"play_id":"db3dc6e3-ce91-4b88-a975-e83a8a2691ea","local_time":"20210101170657","is_ascension_mode":true,"campfire_choices":[{"data":"Dualcast","floor":6,"key":"SMITH"},{"data":"Ball Lightning","floor":8,"key":"SMITH"},{"floor":10,"key":"REST"},{"data":"Defragment","floor":13,"key":"SMITH"},{"floor":15,"key":"REST"}],"circlet_count":0,"master_deck":["AscendersBane","Strike_B+1","Strike_B+1","Defend_B","Defend_B+1","Defend_B","Defend_B","Zap+1","Dualcast+1","Ball Lightning+1","Hologram","Coolheaded","Defragment+1","Chaos","All For One"],"relics":["Cracked Core","Golden Idol","MawBank","HornCleat","CeramicFish","Whetstone","Nuclear Battery","Strawberry","Bottled Tornado","Bronze Scales"],"acts_visited":["Exordium","TheCity"],"potions_floor_usage":[16,18,23,23],"damage_taken":[{"damage":1,"enemies":"Cultist","floor":1,"turns":3},{"damage":7,"enemies":"Jaw Worm","floor":2,"turns":3},{"damage":4,"enemies":"2 Louse","floor":5,"turns":2},{"damage":17,"enemies":"3 Sentries","floor":11,"turns":7},{"damage":20,"enemies":"Gremlin Nob","floor":14,"turns":4},{"damage":14,"enemies":"The Guardian","floor":16,"turns":9},{"damage":11,"enemies":"2 Thieves","floor":18,"turns":4},{"damage":55,"enemies":"Slavers","floor":23,"turns":4}],"seed_played":"7828933198433320667","potions_obtained":[{"floor":14,"key":"Strength Potion"},{"floor":16,"key":"Swift Potion"}],"is_trial":false,"path_per_floor":["M","M","?","?","M","R","T","R","T","R","E","$","R","E","R","B",null,"M","?","$","T","$","E"],"character_chosen":"DEFECT","items_purchased":["Bottled Tornado","Bronze Scales","AttackPotion","SpeedPotion"],"campfire_rested":2,"item_purchase_floors":[22,22,22,22],"current_hp_per_floor":[63,56,35,35,31,31,31,31,31,50,33,33,33,13,32,18,53,42,42,42,49,49,0,0],"gold":9,"neow_bonus":"THREE_CARDS","is_daily":false,"chose_seed":false,"campfire_upgraded":3,"win_rate":0.0,"timestamp":1609538817,"path_taken":["M","M","?","?","M","R","?","R","T","R","E","?","R","E","R","BOSS","M","?","$","?","$","E"],"items_purchased_type":["Relic","Relic","Potion","Potion"],"build_version":"2020-12-22","purchased_purges":1,"victory":false,"max_hp_per_floor":[71,71,71,64,64,64,64,64,64,64,64,64,64,64,64,64,64,64,64,64,71,71,71,71],"relic_stats":{"counters":[8,36],"Golden Idol":42,"CeramicFish":27,"Bronze Scales":[27],"Whetstone":["Strike_B","Strike_B"],"MawBank":180,"obtain_stats":[{"HornCleat":9,"Golden Idol":4,"CeramicFish":11,"Strawberry":21,"Bronze Scales":22,"Whetstone":14,"Bottled Tornado":22,"Cracked Core":0,"MawBank":7,"Nuclear Battery":17},{"HornCleat":3,"Golden Idol":2,"CeramicFish":4,"Strawberry":7,"Bronze Scales":7,"Whetstone":5,"Bottled Tornado":7,"Cracked Core":0,"MawBank":3,"Nuclear Battery":6},{"HornCleat":8,"Golden Idol":6,"CeramicFish":15,"Strawberry":32,"Bronze Scales":32,"Whetstone":19,"Bottled Tornado":32,"Cracked Core":0,"MawBank":8,"Nuclear Battery":28}]},"card_choices":[{"not_picked":["Streamline","Hologram"],"picked":"Ball Lightning","floor":0},{"not_picked":["Gash","Melter"],"picked":"Hologram","floor":1},{"not_picked":["Stack","Streamline","Sweeping Beam"],"picked":"SKIP","floor":2},{"not_picked":["Gash","Steam"],"picked":"Coolheaded","floor":5},{"not_picked":["Cold Snap","Hyperbeam"],"picked":"Defragment","floor":11},{"not_picked":["Beam Cell","Coolheaded"],"picked":"Chaos","floor":14},{"not_picked":["Creative AI","Multi-Cast"],"picked":"All For One","floor":16},{"not_picked":["Beam Cell","Force Field","Fusion+1"],"picked":"SKIP","floor":18}],"player_experience":1468496,"relics_obtained":[{"floor":7,"key":"MawBank"},{"floor":9,"key":"HornCleat"},{"floor":11,"key":"CeramicFish"},{"floor":14,"key":"Whetstone"},{"floor":21,"key":"Strawberry"}],"event_choices":[{"damage_healed":0,"gold_gain":0,"player_choice":"Entered Light","damage_taken":21,"max_hp_gain":0,"max_hp_loss":0,"event_name":"Shining Light","floor":3,"gold_loss":0,"cards_upgraded":["Defend_B","Zap"]},{"damage_healed":0,"gold_gain":0,"player_choice":"Lose Max HP","damage_taken":0,"relics_obtained":["Golden Idol"],"max_hp_gain":0,"max_hp_loss":7,"event_name":"Golden Idol","floor":4,"gold_loss":0},{"cards_removed":["Strike_B"],"damage_healed":0,"gold_gain":0,"player_choice":"Purged","damage_taken":0,"max_hp_gain":0,"max_hp_loss":0,"event_name":"Purifier","floor":19,"gold_loss":0}],"is_beta":false,"boss_relics":[{"not_picked":["Busted Crown","Black Star"],"picked":"Nuclear Battery"}],"items_purged_floors":[22],"is_endless":false,"potions_floor_spawned":[14,16],"killed_by":"Slavers","ascension_level":20}}