{"host":"v0n6ky7dmveherv3","time":1609522713,"event":{"mods":["BaseMod","Better Third Choice","Downfall","Minty Spire (QoL Compilation)","StSLib"],"gold_per_floor":[113,127,146,146,3,3,53,53,53,53,53,68,82,115,115,245,245,260,260,139,152,167,207,232,232,232],"floor_reached":25,"playtime":1420,"items_purged":["Strike_B","Strike_B"],"score":273,"play_id":"5f57e30d-d78b-4df6-888e-9504708a3fbb","local_time":"20210101103833","is_ascension_mode":false,"campfire_choices":[{"data":"Zap","floor":6.0,"key":"SMITH"},{"data":"Dualcast","floor":8.0,"key":"SMITH"},{"data":"Capacitor","floor":11.0,"key":"SMITH"},{"data":"Buffer","floor":15.0,"key":"SMITH"}],"circlet_count":0,"master_deck":["Strike_B","Strike_B","Defend_B+1","Defend_B","Defend_B","Defend_B+1","Zap+1","Dualcast+1","Coolheaded","Heatsinks","Ball Lightning","Capacitor+1","Buffer+1","Coolheaded","Tempest","Fission","Static Discharge+1","Capacitor","Consume","Conserve Battery+1","Seek"],"relics":["Cracked Core","Golden Idol","Smiling Mask","Pear","Oddly Smooth Stone","Black Star","Molten Egg 2","Eternal Feather","Darkstone Periapt"],"acts_visited":["Exordium","TheCity"],"potions_floor_usage":[25,25],"damage_taken":[{"damage":5.0,"enemies":"2 Louse","floor":1.0,"turns":2.0},{"damage":1.0,"enemies":"Jaw Worm","floor":2.0,"turns":5.0},{"damage":1.0,"enemies":"Small Slimes","floor":3.0,"turns":4.0},{"damage":9.0,"enemies":"Gremlin Gang","floor":12.0,"turns":4.0},{"damage":0.0,"enemies":"Blue Slaver","floor":13.0,"turns":4.0},{"damage":11.0,"enemies":"3 Sentries","floor":14.0,"turns":9.0},{"damage":0.0,"enemies":"The Guardian","floor":16.0,"turns":12.0},{"damage":7.0,"enemies":"Shell Parasite","floor":18.0,"turns":9.0},{"damage":6.0,"enemies":"Spheric Guardian","floor":21.0,"turns":5.0},{"damage":12.0,"enemies":"Centurion and Healer","floor":22.0,"turns":12.0},{"damage":20.0,"enemies":"Book of Stabbing","floor":23.0,"turns":6.0},{"damage":19.0,"enemies":"Snake Plant","floor":24.0,"turns":4.0},{"damage":26,"enemies":"Cultist and Chosen","floor":25,"turns":4}],"seed_played":"-3986389411991435372","potions_obtained":[{"floor":12.0,"key":"Energy Potion"},{"floor":14.0,"key":"AttackPotion"},{"floor":21.0,"key":"FocusPotion"},{"floor":22.0,"key":"Block Potion"},{"floor":24.0,"key":"SpeedPotion"}],"is_trial":false,"path_per_floor":["M","M","M","?","$","R","T","R","T","?","R","M","M","E","R","B",null,"M","?","$","M","M","E","M","M"],"character_chosen":"DEFECT","items_purchased":["Capacitor","Capacitor"],"campfire_rested":0,"item_purchase_floors":[5,20],"current_hp_per_floor":[77,76,75,75,75,75,75,75,85,68,68,59,59,48,48,48,86,79,79,79,73,61,41,22,0,0],"gold":232,"neow_bonus":"TEN_PERCENT_HP_BONUS","is_daily":false,"chose_seed":false,"campfire_upgraded":4,"win_rate":0.0,"timestamp":1609522713,"path_taken":["M","M","M","?","$","R","?","R","T","?","R","M","M","E","R","BOSS","M","?","$","M","M","E","M","M"],"items_purchased_type":["Card","Card"],"build_version":"2020-12-22","purchased_purges":2,"victory":false,"max_hp_per_floor":[82,82,82,76,76,76,76,76,86,86,86,86,86,86,86,86,86,86,86,86,86,86,86,86,86,86],"card_choices":[{"not_picked":["Beam Cell","Blizzard"],"picked":"Coolheaded","floor":1.0},{"not_picked":["Compile Driver","Beam Cell"],"picked":"Heatsinks","floor":2.0},{"not_picked":["Reprogram","Steam Power"],"picked":"Ball Lightning","floor":3.0},{"not_picked":["Beam Cell","Stack"],"picked":"Buffer","floor":12.0},{"not_picked":["Conserve Battery","BootSequence"],"picked":"Coolheaded","floor":13.0},{"not_picked":["Reinforced Body","Doom and Gloom"],"picked":"Tempest","floor":14.0},{"not_picked":["Buffer","Reboot"],"picked":"Fission","floor":16.0},{"not_picked":["Coolheaded","Go for the Eyes"],"picked":"Static Discharge+1","floor":18.0},{"not_picked":["Coolheaded","Lockon+1"],"picked":"Consume","floor":21.0},{"not_picked":["Sweeping Beam+1","Compile Driver+1","Gash+1"],"picked":"SKIP","floor":22.0},{"not_picked":["Stack","Compile Driver+1","Conserve Battery+1"],"picked":"SKIP","floor":23.0},{"not_picked":["Stack","Compile Driver+1"],"picked":"Conserve Battery+1","floor":23.0},{"not_picked":["Force Field","Go for the Eyes+1"],"picked":"Seek","floor":24.0}],"player_experience":100319,"relics_obtained":[{"floor":7.0,"key":"Smiling Mask"},{"floor":9.0,"key":"Pear"},{"floor":14.0,"key":"Oddly Smooth Stone"},{"floor":23.0,"key":"Eternal Feather"},{"floor":23.0,"key":"Darkstone Periapt"}],"event_choices":[{"damage_healed":0.0,"max_hp_gain":0.0,"max_hp_loss":6.0,"gold_gain":0.0,"event_name":"Golden Idol","player_choice":"Lose Max HP","floor":4.0,"gold_loss":0.0,"damage_taken":0.0,"relics_obtained":["Golden Idol"]},{"damage_healed":85.0,"max_hp_gain":0.0,"max_hp_loss":86.0,"gold_gain":0.0,"event_name":"betterThird:BetterShining","player_choice":"Upgrade","floor":10.0,"gold_loss":0.0,"damage_taken":17.0,"cards_upgraded":["Defend_B","Defend_B"]},{"damage_healed":0.0,"max_hp_gain":0.0,"max_hp_loss":0.0,"gold_gain":0.0,"event_name":"WeMeetAgain","player_choice":"Gave Potion","floor":19.0,"gold_loss":0.0,"damage_taken":0.0,"relics_obtained":["Molten Egg 2"]}],"is_beta":false,"boss_relics":[{"not_picked":["Sozu","expansioncontent:StudyCardRelic"],"picked":"Black Star"}],"items_purged_floors":[5,20],"is_endless":false,"potions_floor_spawned":[12,14,21,22,24],"killed_by":"Cultist and Chosen","ascension_level":0}}