{"host":"3kdwm9n4ehf6yd4s","time":1609529794,"event":{"mods":["BaseMod","GifTheSpireLib","Minty Spire (QoL Compilation)","Quick Restart","Replay The Spire","StSLib"],"gold_per_floor":[112,123,123,139,139,168,168,188,188,188,188],"floor_reached":10,"playtime":210,"items_purged":[],"score":71,"play_id":"0d498026-55f6-4bf3-8d7a-94a053587435","local_time":"20210101123634","is_ascension_mode":true,"campfire_choices":[{"data":"Defragment","floor":7,"key":"SMITH"}],"circlet_count":0,"master_deck":["Strike_B","Strike_B","Strike_B+1","Strike_B","Defend_B","Defend_B","Defend_B","Defend_B","Zap","Dualcast","BasicCrystalCard","Defragment+1","Gash+1","Compile Driver","Hello World"],"relics":["Cracked Core","Replay:Mystery Machine","Darkstone Periapt","Whetstone"],"acts_visited":["Exordium"],"potions_floor_usage":[10],"damage_taken":[{"damage":6,"enemies":"Cultist","floor":1,"turns":3},{"damage":0,"enemies":"Small Slimes","floor":2,"turns":2},{"damage":1,"enemies":"2 Louse","floor":4,"turns":3},{"damage":22,"enemies":"Gremlin Nob","floor":6,"turns":4},{"damage":11,"enemies":"Red Slaver","floor":8,"turns":3},{"damage":39,"enemies":"3 Sentries","floor":10,"turns":4}],"seed_played":"2550175894168846045","potions_obtained":[{"floor":4,"key":"Swift Potion"},{"floor":8,"key":"Elixir"}],"is_trial":false,"path_per_floor":["M","M","?","M","?","E","R","M","T","E"],"character_chosen":"DEFECT","items_purchased":[],"campfire_rested":0,"item_purchase_floors":[],"current_hp_per_floor":[76,76,76,75,72,50,50,39,39,0,0],"gold":188,"neow_bonus":"TEN_PERCENT_HP_BONUS","is_daily":false,"chose_seed":false,"campfire_upgraded":1,"win_rate":0.0,"timestamp":1609529794,"path_taken":["M","?","?","M","?","E","R","M","T","E"],"items_purchased_type":[],"build_version":"2020-12-22","purchased_purges":0,"victory":false,"max_hp_per_floor":[82,82,82,82,82,82,82,82,82,82,82],"card_choices":[{"not_picked":["Hologram","ReplayTheSpireMod:Repulse"],"picked":"BasicCrystalCard","floor":1},{"not_picked":["Fusion","BasicCrystalCard"],"picked":"Defragment","floor":2},{"not_picked":["Double Energy","Steam"],"picked":"Gash","floor":4},{"not_picked":["Turbo","Rebound"],"picked":"Compile Driver","floor":6},{"not_picked":["Panic Button","Stack"],"picked":"Hello World","floor":8}],"player_experience":133557,"relics_obtained":[{"floor":6,"key":"Darkstone Periapt"},{"floor":9,"key":"Whetstone"}],"event_choices":[{"damage_healed":0,"gold_gain":0,"player_choice":"Leave","damage_taken":0,"max_hp_gain":0,"max_hp_loss":0,"event_name":"The Cleric","floor":3,"gold_loss":0},{"damage_healed":0,"gold_gain":0,"player_choice":"Success","damage_taken":3,"relics_obtained":["Replay:Mystery Machine"],"max_hp_gain":0,"max_hp_loss":0,"event_name":"Scrap Ooze","floor":5,"gold_loss":0}],"is_beta":false,"boss_relics":[],"items_purged_floors":[],"is_endless":false,"potions_floor_spawned":[4,8],"killed_by":"3 Sentries","ascension_level":1}}