{"host":"j0vzbnzm6n2ctevn","time":1609484069,"event":{"mods":["AchievementEnabler","BaseMod","Minty Spire (QoL Compilation)","Quick Restart","Shop Mod","Spicy Shops","StSLib"],"gold_per_floor":[109,119,69,244,244,284,32,56,104,124,164,164,9,30,30,151,151,165,1,14,14,113,113,12,30,80,80,121,19,19,19,19,143,143,163,12,12,12,12,24,0,12,24,36,71,102,35,74,74,74],"floor_reached":51,"playtime":1759,"items_purged":["Strike_G","Doubt","Strike_G","Defend_G"],"score":923,"play_id":"a7f22bfb-8ced-41a4-a881-383f674c5744","local_time":"20210101145429","is_ascension_mode":true,"campfire_choices":[{"floor":15.0,"key":"REST"},{"data":"Blade Dance","floor":23.0,"key":"SMITH"},{"data":"Storm of Steel","floor":27.0,"key":"SMITH"},{"data":"Infinite Blades","floor":30.0,"key":"SMITH"},{"data":"Cloak And Dagger","floor":32.0,"key":"SMITH"},{"data":"Ghostly","floor":40.0,"key":"SMITH"},{"data":"Ghostly","floor":44.0,"key":"SMITH"},{"data":"Ghostly","floor":49.0,"key":"SMITH"}],"circlet_count":0,"master_deck":["Strike_G+1","Defend_G+1","Defend_G+1","Defend_G","Survivor","Neutralize","Blade Dance+1","Expertise","Infinite Blades+1","Blade Dance","Infinite Blades","Cloak And Dagger","Cloak And Dagger+1","Prepared","Storm of Steel+1","CurseOfTheBell","Backstab+1","Blade Dance+1","Shame","Writhe","Accuracy+1","Footwork+1","Ghostly+1","Ghostly+1","Ghostly","Ghostly","Ghostly+1","Burst","Blind","Accuracy","PiercingWail"],"relics":["WristBlade","Golden Idol","Boot","DollysMirror","PreservedInsect","Blood Vial","Membership Card","Calling Bell","Matryoshka","Du-Vu Doll","War Paint","Bottled Lightning","Sundial","Bottled Tornado","Toy Ornithopter","Ancient Tea Set","Paper Crane","OrangePellets","Empty Cage","Frozen Eye","Omamori","MawBank","Red Mask","Thread and Needle","Pen Nib","Anchor"],"acts_visited":["Exordium","TheCity","TheBeyond"],"potions_floor_usage":[50,50],"damage_taken":[{"damage":2.0,"enemies":"Small Slimes","floor":1.0,"turns":3.0},{"damage":0.0,"enemies":"Jaw Worm","floor":2.0,"turns":2.0},{"damage":15.0,"enemies":"3 Sentries","floor":6.0,"turns":8.0},{"damage":0.0,"enemies":"2 Louse","floor":8.0,"turns":2.0},{"damage":2.0,"enemies":"Large Slime","floor":10.0,"turns":4.0},{"damage":7.0,"enemies":"Gremlin Nob","floor":11.0,"turns":3.0},{"damage":1.0,"enemies":"2 Fungi Beasts","floor":14.0,"turns":3.0},{"damage":15.0,"enemies":"The Guardian","floor":16.0,"turns":9.0},{"damage":11.0,"enemies":"Shell Parasite","floor":18.0,"turns":5.0},{"damage":0.0,"enemies":"Chosen","floor":20.0,"turns":3.0},{"damage":13.0,"enemies":"Shelled Parasite and Fungi","floor":25.0,"turns":2.0},{"damage":3.0,"enemies":"Gremlin Leader","floor":28.0,"turns":3.0},{"damage":14.0,"enemies":"Collector","floor":33.0,"turns":4.0},{"damage":11.0,"enemies":"Orb Walker","floor":35.0,"turns":2.0},{"damage":0.0,"enemies":"3 Shapes","floor":45.0,"turns":2.0},{"damage":0.0,"enemies":"Writhing Mass","floor":46.0,"turns":4.0},{"damage":0.0,"enemies":"Reptomancer","floor":48.0,"turns":2.0},{"damage":6,"enemies":"Donu and Deca","floor":50,"turns":5}],"seed_played":"5598897773184981328","potions_obtained":[{"floor":8.0,"key":"Explosive Potion"},{"floor":10.0,"key":"Dexterity Potion"},{"floor":16.0,"key":"GhostInAJar"},{"floor":18.0,"key":"GhostInAJar"},{"floor":20.0,"key":"ColorlessPotion"},{"floor":33.0,"key":"AttackPotion"},{"floor":37.0,"key":"Fruit Juice"},{"floor":37.0,"key":"SteroidPotion"},{"floor":37.0,"key":"EssenceOfSteel"},{"floor":48.0,"key":"Fire Potion"}],"is_trial":false,"path_per_floor":["M","M","?","?","?","E","$","M","T","M","E","?","$","M","R","B",null,"M","$","M","?","?","R","$","M","T","R","E","$","R","?","R","B",null,"M","$","?","$","T","R","?","?","T","R","M","M","$","E","R","B",null],"character_chosen":"THE_SILENT","items_purchased":["DollysMirror","Infinite Blades","Membership Card","Blade Dance","Bottled Lightning","Bottled Tornado","OrangePellets","Frozen Eye","Pen Nib"],"campfire_rested":1,"item_purchase_floors":[7,7,13,19,19,24,29,36,47],"current_hp_per_floor":[68,68,68,68,51,36,36,36,36,34,27,13,13,14,35,22,70,59,59,61,61,61,61,61,50,50,50,54,54,54,35,35,21,35,24,24,34,34,34,34,34,34,34,34,36,38,38,40,40,34],"gold":74,"neow_bonus":"BOSS_RELIC","is_daily":false,"chose_seed":false,"campfire_upgraded":7,"win_rate":0.0,"timestamp":1609484069,"path_taken":["M","M","?","?","?","E","$","M","T","M","E","?","$","M","R","BOSS","M","$","M","?","?","R","?","M","T","R","E","$","R","?","R","BOSS","M","$","?","$","?","R","?","?","T","R","?","M","?","E","R","BOSS"],"items_purchased_type":["Relic","Card","Relic","Card","Relic","Relic","Relic","Relic","Relic"],"build_version":"2020-12-22","purchased_purges":4,"victory":true,"max_hp_per_floor":[70,70,70,70,70,70,70,70,70,70,70,70,70,70,70,70,70,70,70,70,70,70,70,70,70,70,70,70,70,70,35,35,35,35,35,35,40,40,40,40,40,40,40,40,40,40,40,40,40,40],"card_choices":[{"not_picked":["PiercingWail","Prepared"],"picked":"Blade Dance","floor":1.0},{"not_picked":["Quick Slash","Underhanded Strike"],"picked":"Expertise","floor":2.0},{"not_picked":["Quick Slash","Terror"],"picked":"Infinite Blades","floor":6.0},{"not_picked":["Dagger Spray","Riddle With Holes"],"picked":"Cloak And Dagger","floor":8.0},{"not_picked":["Expertise","Concentrate"],"picked":"Cloak And Dagger","floor":10.0},{"not_picked":["Deadly Poison","Slice"],"picked":"Prepared","floor":11.0},{"not_picked":["Bouncing Flask","Dodge and Roll","Prepared"],"picked":"SKIP","floor":14.0},{"not_picked":["Corpse Explosion","Unload"],"picked":"Storm of Steel","floor":16.0},{"not_picked":["Finisher","Leg Sweep"],"picked":"Backstab+1","floor":18.0},{"not_picked":["Predator","Underhanded Strike","Bane"],"picked":"SKIP","floor":20.0},{"not_picked":["PiercingWail","Choke"],"picked":"Accuracy+1","floor":25.0},{"not_picked":["Bane","Tools of the Trade"],"picked":"Footwork+1","floor":28.0},{"not_picked":["Grand Finale","Storm of Steel"],"picked":"Burst","floor":33.0},{"not_picked":["Underhanded Strike","Slice","All Out Attack+1"],"picked":"SKIP","floor":35.0},{"not_picked":["Discovery","Finesse"],"picked":"Blind","floor":42.0},{"not_picked":["Flying Knee+1","Slice"],"picked":"Accuracy","floor":45.0},{"not_picked":["Quick Slash","Well Laid Plans","Bane"],"picked":"SKIP","floor":46.0},{"not_picked":["Sucker Punch+1","Night Terror"],"picked":"PiercingWail","floor":48.0}],"player_experience":84460,"relics_obtained":[{"floor":6.0,"key":"Boot"},{"floor":9.0,"key":"PreservedInsect"},{"floor":11.0,"key":"Blood Vial"},{"floor":17.0,"key":"Matryoshka"},{"floor":17.0,"key":"Du-Vu Doll"},{"floor":17.0,"key":"War Paint"},{"floor":26.0,"key":"Toy Ornithopter"},{"floor":26.0,"key":"Ancient Tea Set"},{"floor":28.0,"key":"Paper Crane"},{"floor":39.0,"key":"Omamori"},{"floor":39.0,"key":"MawBank"},{"floor":43.0,"key":"Thread and Needle"},{"floor":48.0,"key":"Anchor"}],"event_choices":[{"cards_removed":["Strike_G"],"damage_healed":0.0,"max_hp_gain":0.0,"max_hp_loss":0.0,"gold_gain":0.0,"event_name":"The Cleric","player_choice":"Card Removal","floor":3.0,"gold_loss":50.0,"damage_taken":0.0},{"damage_healed":0.0,"max_hp_gain":0.0,"max_hp_loss":0.0,"gold_gain":175.0,"event_name":"Liars Game","player_choice":"AGREE","floor":4.0,"gold_loss":0.0,"damage_taken":0.0,"cards_obtained":["Doubt"]},{"damage_healed":0.0,"max_hp_gain":0.0,"max_hp_loss":0.0,"gold_gain":0.0,"event_name":"Golden Idol","player_choice":"Take Damage","floor":5.0,"gold_loss":0.0,"damage_taken":17.0,"relics_obtained":["Golden Idol"]},{"damage_healed":0.0,"max_hp_gain":0.0,"max_hp_loss":0.0,"gold_gain":0.0,"event_name":"Shining Light","player_choice":"Entered Light","floor":12.0,"gold_loss":0.0,"damage_taken":14.0,"cards_upgraded":["Blade Dance","Strike_G"]},{"damage_healed":0.0,"max_hp_gain":0.0,"max_hp_loss":0.0,"gold_gain":0.0,"event_name":"Addict","player_choice":"Stole Relic","floor":21.0,"gold_loss":0.0,"damage_taken":0.0,"relics_obtained":["Sundial"],"cards_obtained":["Shame"]},{"damage_healed":0.0,"max_hp_gain":0.0,"max_hp_loss":0.0,"gold_gain":99.0,"event_name":"Nest","player_choice":"Stole From Cult","floor":22.0,"gold_loss":0.0,"damage_taken":0.0},{"damage_healed":0.0,"max_hp_gain":0.0,"max_hp_loss":35.0,"gold_gain":0.0,"event_name":"Ghosts","player_choice":"Became a Ghost","floor":31.0,"gold_loss":0.0,"damage_taken":0.0,"cards_obtained":["Ghostly","Ghostly","Ghostly","Ghostly","Ghostly"]},{"damage_healed":0.0,"max_hp_gain":0.0,"max_hp_loss":0.0,"gold_gain":0.0,"event_name":"Lab","player_choice":"Got Potions","floor":37.0,"gold_loss":0.0,"damage_taken":0.0},{"damage_healed":0.0,"max_hp_gain":0.0,"max_hp_loss":0.0,"gold_gain":0.0,"event_name":"Tomb of Lord Red Mask","player_choice":"Paid","floor":41.0,"gold_loss":36.0,"damage_taken":0.0,"relics_obtained":["Red Mask"]},{"damage_healed":0.0,"max_hp_gain":0.0,"max_hp_loss":0.0,"gold_gain":0.0,"event_name":"SensoryStone","player_choice":"Memory 1","floor":42.0,"gold_loss":0.0,"damage_taken":0.0}],"is_beta":false,"boss_relics":[{"not_picked":["Philosopher\u0027s Stone","SlaversCollar"],"picked":"Calling Bell"},{"not_picked":["Runic Pyramid","SacredBark"],"picked":"Empty Cage"}],"items_purged_floors":[7,24,29,36],"is_endless":false,"potions_floor_spawned":[8,10,16,18,20,33,48],"ascension_level":3}}