{"host":"8o45mh5p3pp1o2mi","time":1609526950,"event":{"mods":["BaseMod","Better Match","Better Third Choice","BetterRewards","Minty Spire (QoL Compilation)","Rare Cards Sparkle","Relic Stats","Replay The Spire","Shop Mod","StSLib","everything is the same but u backflip on backflip"],"gold_per_floor":[109,109,88,0,19,46,46,56,56,174,189,4,69,69,69,88,88,188,188,203,78,38,50,65,95,106,106,133,133,152,152,152,172,172,267,267,277,290,302,151,169,199,249,24,24,24,78,78,78,31,31,31],"floor_reached":53,"playtime":2934,"items_purged":["Defend_P"],"score":830,"play_id":"8a2ff7f4-cb13-4ee8-bfce-9a2e30281bad","local_time":"20210101184910","is_ascension_mode":false,"campfire_choices":[{"data":"Enlightenment","floor":7.0,"key":"SMITH"},{"data":"Vault","floor":29,"key":"SMITH"},{"data":"Judgement","floor":31,"key":"SMITH"},{"floor":34,"key":"REST"},{"data":"TalkToTheHand","floor":48,"key":"SMITH"},{"floor":51,"key":"REST"}],"circlet_count":0,"master_deck":["Eruption","Vigilance","ThirdEye","Enlightenment+1","CutThroughFate","SandsOfTime+1","Ragnarok+1","TalkToTheHand+1","CutThroughFate+1","LikeWater","Judgement+1","Vault+1","FlyingSleeves","Replay:Cycle","InnerPeace","Blasphemy+1","Evaluate+1","BowlingBash+1","Tantrum","ClearTheMind","Scrawl","Adaptation+1","ClearTheMind","Replay:BluntJabs","Replay:LoomingThreat","Replay:Hum","InnerPeace+1","Vengeance","Weave","Languid","Replay:ManipulateFuture+1","EmptyBody+1"],"relics":["Empty Cage","betterThird:SlimedRelic","Replay:Mystery Machine","ReplayTheSpireMod:Shallot","Ginger","SlaversCollar","Boot","Bag of Preparation","Replay:Grab Bag","ChewingGum","Painkiller Herb","Black Star","VioletLotus","Guide Book","Toxic Egg 2","TungstenRod","Pondfish Scales","ReplayTheSpireMod:TigerMarble","Replay:Bottled Steam","Ring of Chaos","ReplayTheSpireMod:Ring of Collecting","FossilizedHelix"],"acts_visited":["Exordium","TheCity","TheBeyond"],"potions_floor_usage":[33,35,35,52,52,52],"damage_taken":[{"damage":1.0,"enemies":"Jaw Worm","floor":1.0,"turns":5.0},{"damage":0.0,"enemies":"2 Louse","floor":5.0,"turns":6.0},{"damage":24.0,"enemies":"Gremlin Nob","floor":6.0,"turns":4.0},{"damage":0.0,"enemies":"Small Slimes","floor":8.0,"turns":2.0},{"damage":0.0,"enemies":"Blue Slaver","floor":11.0,"turns":3.0},{"damage":1.0,"enemies":"Gremlin Nob","floor":13.0,"turns":4.0},{"damage":0.0,"enemies":"Red Slaver","floor":16.0,"turns":2.0},{"damage":5.0,"enemies":"Hexaghost","floor":18.0,"turns":8.0},{"damage":0.0,"enemies":"3 Byrds","floor":20.0,"turns":4.0},{"damage":0.0,"enemies":"Spheric Guardian","floor":23.0,"turns":3.0},{"damage":17.0,"enemies":"Chosen and Byrds","floor":24.0,"turns":4.0},{"damage":0.0,"enemies":"Slavers","floor":25.0,"turns":2.0},{"damage":9,"enemies":"Snake Plant","floor":26,"turns":4},{"damage":13,"enemies":"Centurion and Healer","floor":30,"turns":4},{"damage":0,"enemies":"Shelled Parasite and Fungi","floor":33,"turns":3},{"damage":0,"enemies":"Automaton","floor":35,"turns":4},{"damage":26,"enemies":"3 Shapes","floor":37,"turns":4},{"damage":7,"enemies":"3 Darklings","floor":38,"turns":4},{"damage":4,"enemies":"4 Shapes","floor":39,"turns":5},{"damage":0,"enemies":"Jaw Worm Horde","floor":41,"turns":2},{"damage":1,"enemies":"R_Hoarder","floor":42,"turns":5},{"damage":0,"enemies":"Mind Bloom Boss Battle","floor":43,"turns":3},{"damage":0,"enemies":"2 Orb Walkers","floor":47,"turns":2},{"damage":0,"enemies":"Awakened One","floor":52,"turns":6}],"seed_played":"-2686983637452920423","potions_obtained":[{"floor":1.0,"key":"Explosive Potion"},{"floor":6.0,"key":"LifebloodPotion"},{"floor":11.0,"key":"Strength Potion"},{"floor":18.0,"key":"Adrenaline Potion"},{"floor":23.0,"key":"SpeedPotion"},{"floor":26,"key":"ColorlessPotion"},{"floor":33,"key":"Explosive Potion"},{"floor":38,"key":"AttackPotion"},{"floor":41,"key":"SpeedPotion"},{"floor":49,"key":"Dexterity Potion"}],"is_trial":false,"path_per_floor":["M","?","?","?","M","E","R","M","T","?","M","$","?","PTL","PTL","M","R","B",null,"M","$","?","M","M","E","M","?","T","R","M","R","?","M","R","B",null,"?","?","?","T","?","E","?","T","T","?","?","T","?","T","T","B",null],"character_chosen":"WATCHER","items_purchased":["Vault","FlyingSleeves","BowlingBash","Guide Book","ReplayTheSpireMod:TigerMarble","Weave","EmptyBody+1"],"campfire_rested":2,"item_purchase_floors":[12,12,21,40,44,44,50],"current_hp_per_floor":[71,71,60,66,66,42,42,42,42,42,42,42,41,41,41,41,64,59,78,78,78,78,78,61,61,52,52,52,52,39,39,39,39,62,62,78,52,45,41,41,41,40,40,40,40,40,40,40,40,40,63,63],"gold":31,"neow_bonus":"BOSS_RELIC","is_daily":false,"chose_seed":false,"campfire_upgraded":4,"win_rate":0.0,"timestamp":1609526950,"path_taken":["M","?","?","?","M","E","R","M","T","?","?","$","?","PTL","PTL","M","R","BOSS","M","$","?","?","M","E","M","?","T","R","M","R","?","M","R","BOSS","?","?","?","T","?","E","?","T","T","?","?","T","?","T","T","BOSS"],"items_purchased_type":["Card","Card","Card","Relic","Relic","Card","Card"],"build_version":"2020-12-22","purchased_purges":1,"victory":true,"max_hp_per_floor":[72,72,72,78,78,78,78,78,78,78,78,78,78,78,78,78,78,78,78,78,78,78,78,78,78,78,78,78,78,78,78,78,78,78,78,78,78,78,78,78,78,78,78,78,78,78,78,78,78,78,78,78],"relic_stats":{"counters":[24,93],"VioletLotus":[8],"Bag of Preparation":[22],"Black Star":1,"Ginger":[2],"Boot":[33],"obtain_stats":[{"Replay:Grab Bag":36,"Guide Book":40,"Painkiller Herb":36,"Ring of Chaos":46,"Bag of Preparation":28,"Ginger":13,"Replay:Mystery Machine":6,"Empty Cage":0,"Boot":25,"SlaversCollar":19,"Pondfish Scales":43,"ReplayTheSpireMod:Shallot":9,"betterThird:SlimedRelic":3,"ReplayTheSpireMod:Ring of Collecting":46,"ChewingGum":36,"VioletLotus":36,"Black Star":36,"ReplayTheSpireMod:TigerMarble":44,"PureWater":0,"Toxic Egg 2":42,"TungstenRod":42,"FossilizedHelix":47,"Replay:Bottled Steam":45},{"Replay:Grab Bag":16,"Guide Book":19,"Painkiller Herb":16,"Ring of Chaos":22,"Bag of Preparation":13,"Ginger":6,"Replay:Mystery Machine":3,"Empty Cage":0,"Boot":12,"SlaversCollar":8,"Pondfish Scales":22,"ReplayTheSpireMod:Shallot":4,"betterThird:SlimedRelic":1,"ReplayTheSpireMod:Ring of Collecting":22,"ChewingGum":16,"VioletLotus":16,"Black Star":16,"ReplayTheSpireMod:TigerMarble":22,"PureWater":0,"Toxic Egg 2":21,"TungstenRod":21,"FossilizedHelix":23,"Replay:Bottled Steam":22},{"Replay:Grab Bag":62,"Guide Book":75,"Painkiller Herb":62,"Ring of Chaos":85,"Bag of Preparation":51,"Ginger":24,"Replay:Mystery Machine":15,"Empty Cage":0,"Boot":47,"SlaversCollar":34,"Pondfish Scales":85,"ReplayTheSpireMod:Shallot":17,"betterThird:SlimedRelic":5,"ReplayTheSpireMod:Ring of Collecting":85,"ChewingGum":62,"VioletLotus":62,"Black Star":62,"ReplayTheSpireMod:TigerMarble":85,"PureWater":0,"Toxic Egg 2":82,"TungstenRod":82,"FossilizedHelix":87,"Replay:Bottled Steam":85}],"TungstenRod":0},"card_choices":[{"not_picked":["Prostrate","Consecrate"],"picked":"ThirdEye","floor":1.0},{"not_picked":["Study","Replay:Hum"],"picked":"CutThroughFate","floor":5.0},{"not_picked":["FearNoEvil","Replay:BluntJabs"],"picked":"SandsOfTime","floor":6.0},{"not_picked":["WindmillStrike","WreathOfFlame"],"picked":"Ragnarok","floor":8.0},{"not_picked":["Indignation","Replay:ManipulateFuture"],"picked":"TalkToTheHand","floor":10.0},{"not_picked":["FollowUp","ThirdEye"],"picked":"CutThroughFate","floor":10.0},{"not_picked":["Prostrate","Replay:Vibes"],"picked":"LikeWater","floor":10.0},{"not_picked":["Replay:AtTheReady","PathToVictory"],"picked":"Judgement","floor":11.0},{"not_picked":["ThirdEye","Study"],"picked":"Replay:Cycle","floor":13.0},{"not_picked":["JustLucky","EmptyBody"],"picked":"InnerPeace","floor":16.0},{"not_picked":["Vault","DeusExMachina"],"picked":"Blasphemy","floor":18.0},{"not_picked":["Worship","Consecrate"],"picked":"Evaluate+1","floor":20.0},{"not_picked":["PathToVictory","FlyingSleeves+1"],"picked":"Tantrum","floor":23.0},{"not_picked":["CrushJoints","Replay:AllIn"],"picked":"ClearTheMind","floor":24.0},{"not_picked":["Conclude+1","DeceiveReality"],"picked":"Scrawl","floor":25.0},{"not_picked":["FlyingSleeves","SashWhip+1"],"picked":"Adaptation","floor":26},{"not_picked":["PathToVictory","ReachHeaven"],"picked":"ClearTheMind","floor":30},{"not_picked":["Adaptation+1","Protect"],"picked":"Replay:BluntJabs","floor":33},{"not_picked":["Blasphemy","Establishment"],"picked":"Replay:LoomingThreat","floor":35},{"not_picked":["WheelKick+1","Indignation+1"],"picked":"Replay:Hum","floor":37},{"not_picked":["PathToVictory+1","Replay:BluntJabs"],"picked":"InnerPeace+1","floor":38},{"not_picked":["CutThroughFate+1","Halt","BowlingBash"],"picked":"SKIP","floor":39},{"not_picked":["WreathOfFlame","CutThroughFate"],"picked":"Vengeance","floor":41},{"not_picked":["DeceiveReality+1","CrushJoints","CutThroughFate+1"],"picked":"SKIP","floor":42},{"not_picked":["EmptyFist","SandsOfTime"],"picked":"Replay:ManipulateFuture+1","floor":47}],"player_experience":34820,"relics_obtained":[{"floor":6.0,"key":"Replay:Mystery Machine"},{"floor":9.0,"key":"ReplayTheSpireMod:Shallot"},{"floor":13.0,"key":"Ginger"},{"floor":25.0,"key":"Boot"},{"floor":28,"key":"Bag of Preparation"},{"floor":42,"key":"Toxic Egg 2"},{"floor":42,"key":"TungstenRod"},{"floor":43,"key":"Pondfish Scales"},{"floor":45,"key":"Replay:Bottled Steam"},{"floor":46,"key":"Ring of Chaos"},{"floor":46,"key":"ReplayTheSpireMod:Ring of Collecting"},{"floor":47,"key":"FossilizedHelix"}],"event_choices":[{"damage_healed":0.0,"max_hp_gain":0.0,"max_hp_loss":0.0,"gold_gain":0.0,"event_name":"betterThird:BetterGoop","player_choice":"Slimed","floor":3.0,"gold_loss":21.0,"damage_taken":11.0},{"damage_healed":0.0,"max_hp_gain":0.0,"max_hp_loss":0.0,"gold_gain":0.0,"event_name":"betterThird:BetterSerpent","player_choice":"RENOUNCE","floor":4.0,"gold_loss":88.0,"damage_taken":88.0,"cards_obtained":["Enlightenment"]},{"damage_healed":0.0,"max_hp_gain":0.0,"max_hp_loss":0.0,"gold_gain":0.0,"event_name":"Dead Adventurer","player_choice":"Searched \u00272\u0027 times","floor":13.0,"gold_loss":0.0,"damage_taken":0.0},{"damage_healed":0.0,"max_hp_gain":0.0,"max_hp_loss":0.0,"gold_gain":0.0,"event_name":"Designer","player_choice":"Upgraded Two","floor":22.0,"gold_loss":40.0,"damage_taken":0.0,"cards_upgraded":["BowlingBash","SandsOfTime"]},{"damage_healed":0,"gold_gain":0,"player_choice":"Materialism","damage_taken":0,"max_hp_gain":0,"max_hp_loss":4,"event_name":"betterThird:BetterWriting","floor":27,"gold_loss":0},{"damage_healed":0,"gold_gain":0,"player_choice":"Upgraded","damage_taken":0,"max_hp_gain":0,"max_hp_loss":0,"event_name":"Upgrade Shrine","floor":32,"gold_loss":0,"cards_upgraded":["Adaptation"]},{"damage_healed":0,"gold_gain":0,"player_choice":"Fight","damage_taken":0,"max_hp_gain":0,"max_hp_loss":0,"event_name":"MindBloom","floor":43,"gold_loss":0},{"damage_healed":0,"gold_gain":0,"player_choice":"Fight","damage_taken":0,"max_hp_gain":0,"max_hp_loss":0,"event_name":"Mysterious Sphere","floor":47,"gold_loss":0},{"damage_healed":0,"gold_gain":0,"player_choice":"Got Potions","damage_taken":0,"max_hp_gain":0,"max_hp_loss":0,"event_name":"Lab","floor":49,"gold_loss":0}],"is_beta":false,"boss_relics":[{"not_picked":["Runic Dome","Coffee Dripper"],"picked":"SlaversCollar"},{"not_picked":["Runic Pyramid","Replay:Drink Me"],"picked":"Replay:Grab Bag"},{"not_picked":["Velvet Choker","Busted Crown"],"picked":"ChewingGum"},{"not_picked":["ReplayTheSpireMod:Onyx Gauntlets","Philosopher\u0027s Stone"],"picked":"Painkiller Herb"},{"not_picked":["Ring of Chaos","SacredBark"],"picked":"Black Star"},{"not_picked":["Astrolabe","Kintsugi"],"picked":"VioletLotus"}],"items_purged_floors":[21],"is_endless":false,"potions_floor_spawned":[1,6,11,18,23,25,26,33,38,41],"ascension_level":0}}