{"host":"xb2tau8pgi8aflss","time":1609508929,"event":{"mods":["AchievementEnabler","BaseMod","Hermit","Minty Spire (QoL Compilation)","StSLib","SuperFastMode"],"gold_per_floor":[118,118,130,143,153,153,168,196,219,219,244,319,319,330,330,433,433,446,459,469,469,469],"floor_reached":21,"playtime":879,"items_purged":[],"score":222,"play_id":"b4f34bca-7b4d-4452-817d-a385b1270eeb","local_time":"20210101224849","is_ascension_mode":true,"campfire_choices":[{"data":"hermit:Roulette","floor":6,"key":"SMITH"},{"data":"hermit:Showdown","floor":10,"key":"SMITH"},{"floor":13,"key":"REST"},{"data":"hermit:BodyArmor","floor":15,"key":"SMITH"}],"circlet_count":0,"master_deck":["hermit:Strike_Hermit","hermit:Strike_Hermit","hermit:Strike_Hermit","hermit:Defend_Hermit","hermit:Defend_Hermit","hermit:Defend_Hermit","hermit:Defend_Hermit","hermit:Snapshot","hermit:Covet","Panacea","hermit:BodyArmor+1","hermit:Roulette+1","hermit:Gambit","hermit:Showdown+1","hermit:Vantage","hermit:Dive","hermit:HighCaliber","hermit:HighCaliber","hermit:EternalForm","CurseOfTheBell","hermit:Showdown+1","hermit:DeadMansHand","hermit:Dive"],"relics":["hermit:Momento","Ginger","Bronze Scales","PreservedInsect","Calling Bell","Art of War","The Courier","Dead Branch"],"acts_visited":["Exordium","TheCity"],"potions_floor_usage":[16,16],"damage_taken":[{"damage":0,"enemies":"Small Slimes","floor":1,"turns":3},{"damage":0,"enemies":"Cultist","floor":3,"turns":4},{"damage":0,"enemies":"Jaw Worm","floor":4,"turns":2},{"damage":0,"enemies":"Large Slime","floor":5,"turns":5},{"damage":5,"enemies":"2 Fungi Beasts","floor":7,"turns":3},{"damage":23,"enemies":"3 Sentries","floor":8,"turns":11},{"damage":23,"enemies":"Gremlin Nob","floor":11,"turns":4},{"damage":5,"enemies":"Gremlin Gang","floor":14,"turns":5},{"damage":29,"enemies":"Hexaghost","floor":16,"turns":9},{"damage":31,"enemies":"Shell Parasite","floor":18,"turns":6},{"damage":15,"enemies":"2 Thieves","floor":19,"turns":3},{"damage":19,"enemies":"Centurion and Healer","floor":20,"turns":5},{"damage":23,"enemies":"Cultist and Chosen","floor":21,"turns":4}],"seed_played":"-6016916009893015279","potions_obtained":[{"floor":4,"key":"Ancient Potion"},{"floor":8,"key":"Energy Potion"},{"floor":14,"key":"Energy Potion"}],"is_trial":false,"path_per_floor":["M","?","M","M","M","R","M","E","T","R","E","?","R","M","R","B",null,"M","M","M","M"],"character_chosen":"HERMIT","items_purchased":[],"campfire_rested":1,"item_purchase_floors":[],"current_hp_per_floor":[75,75,75,75,75,75,70,47,47,47,24,13,35,30,30,1,75,44,29,10,0,0],"gold":469,"neow_bonus":"RANDOM_COLORLESS","is_daily":false,"chose_seed":false,"campfire_upgraded":3,"win_rate":0.0,"timestamp":1609508929,"path_taken":["M","?","M","M","?","R","M","E","T","R","E","?","R","M","R","BOSS","M","M","M","M"],"items_purchased_type":[],"build_version":"2020-12-22","purchased_purges":0,"victory":false,"max_hp_per_floor":[75,75,75,75,75,75,75,75,75,75,75,75,75,75,75,75,75,75,75,75,75,75],"card_choices":[{"not_picked":["Purity","Trip"],"picked":"Panacea","floor":0},{"not_picked":["hermit:Ricochet","hermit:FullyLoaded"],"picked":"hermit:BodyArmor","floor":1},{"not_picked":["hermit:Feint","hermit:HoleUp"],"picked":"hermit:Roulette","floor":3},{"not_picked":["hermit:LowProfile","hermit:Dive"],"picked":"hermit:Gambit","floor":4},{"not_picked":["hermit:Glare","hermit:CalledShot"],"picked":"hermit:Showdown","floor":5},{"not_picked":["hermit:Deadeye","hermit:TrackingShot"],"picked":"hermit:Vantage","floor":7},{"not_picked":["hermit:CursedWeapon","hermit:Misfire"],"picked":"hermit:Dive","floor":8},{"not_picked":["hermit:Horror","hermit:BigShot"],"picked":"hermit:HighCaliber","floor":11},{"not_picked":["hermit:Misfire","hermit:LowProfile"],"picked":"hermit:HighCaliber","floor":14},{"not_picked":["hermit:Adapt","hermit:Roughhouse"],"picked":"hermit:EternalForm","floor":16},{"not_picked":["hermit:TrackingShot","hermit:DeadMansHand"],"picked":"hermit:Showdown+1","floor":18},{"not_picked":["hermit:Manifest","hermit:Coalescence"],"picked":"hermit:DeadMansHand","floor":19},{"not_picked":["hermit:WideOpen","hermit:Feint"],"picked":"hermit:Dive","floor":20}],"player_experience":766075,"relics_obtained":[{"floor":8,"key":"Ginger"},{"floor":9,"key":"Bronze Scales"},{"floor":11,"key":"PreservedInsect"},{"floor":17,"key":"Art of War"},{"floor":17,"key":"The Courier"},{"floor":17,"key":"Dead Branch"}],"event_choices":[{"cards_removed":["hermit:Strike_Hermit"],"damage_healed":0,"gold_gain":0,"player_choice":"Offered Basic","damage_taken":0,"max_hp_gain":0,"max_hp_loss":0,"event_name":"Bonfire Elementals","floor":2,"gold_loss":0},{"damage_healed":0,"gold_gain":75,"player_choice":"Gather Gold","damage_taken":11,"max_hp_gain":0,"max_hp_loss":0,"event_name":"World of Goop","floor":12,"gold_loss":0}],"is_beta":false,"boss_relics":[{"not_picked":["Philosopher\u0027s Stone","Black Star"],"picked":"Calling Bell"}],"items_purged_floors":[],"is_endless":false,"potions_floor_spawned":[4,8,14],"killed_by":"Cultist and Chosen","ascension_level":3}}