{"host":"yiit85oc4oi3nqs8","time":1609520940,"event":{"mods":["AchievementEnabler","BaseMod","Better Third Choice","Block Reminder","Card Forge","DeckTracker","Highlight Path","Keyboard Shortcuts","Minty Spire (QoL Compilation)","MonsterHotkey","Quick Restart","Random Character Button","Relic Stats","StSLib"],"gold_per_floor":[118,135,210,210,224,224,249,249,330,364,364,381,396,406,406,507,507,521,541,541,541,640,640,640,675,698,724,743,743,743,763,763,860,860,860,860],"floor_reached":35,"playtime":1164,"items_purged":[],"score":662,"play_id":"cea354f2-acb7-42ff-a723-782b4400f209","local_time":"20210102020900","is_ascension_mode":true,"campfire_choices":[{"floor":6.0,"key":"RECALL"},{"floor":8.0,"key":"REST"},{"floor":11.0,"key":"REST"},{"floor":15.0,"key":"REST"},{"floor":23.0,"key":"REST"},{"floor":29.0,"key":"REST"},{"floor":32.0,"key":"REST"}],"circlet_count":0,"master_deck":["Entrench+1","Body Slam+1","Impervious+1","Seeing Red+1","Barricade+1"],"relics":["Burning Blood","Hammer of Thor","Seething Fire","Anvil of the Gods"],"acts_visited":["Exordium","TheCity","TheBeyond"],"potions_floor_usage":[],"damage_taken":[{"damage":0.0,"enemies":"Jaw Worm","floor":1.0,"turns":1.0},{"damage":0.0,"enemies":"Small Slimes","floor":2.0,"turns":2.0},{"damage":0.0,"enemies":"2 Louse","floor":5.0,"turns":2.0},{"damage":0.0,"enemies":"3 Sentries","floor":7.0,"turns":3.0},{"damage":0.0,"enemies":"Gremlin Nob","floor":10.0,"turns":2.0},{"damage":0.0,"enemies":"2 Fungi Beasts","floor":12.0,"turns":2.0},{"damage":0.0,"enemies":"Exordium Wildlife","floor":13.0,"turns":2.0},{"damage":0.0,"enemies":"Looter","floor":14.0,"turns":1.0},{"damage":0.0,"enemies":"Hexaghost","floor":16.0,"turns":3.0},{"damage":0.0,"enemies":"Spheric Guardian","floor":18.0,"turns":1.0},{"damage":0.0,"enemies":"2 Thieves","floor":19.0,"turns":2.0},{"damage":0.0,"enemies":"Slavers","floor":25.0,"turns":3.0},{"damage":0.0,"enemies":"Gremlin Leader","floor":27.0,"turns":2.0},{"damage":0.0,"enemies":"Centurion and Healer","floor":28.0,"turns":2.0},{"damage":0.0,"enemies":"Snake Plant","floor":31.0,"turns":1.0},{"damage":0.0,"enemies":"Automaton","floor":33.0,"turns":4.0},{"damage":0,"enemies":"3 Darklings","floor":35,"turns":1}],"seed_played":"2949313174767250715","potions_obtained":[{"floor":2.0,"key":"BloodPotion"},{"floor":7.0,"key":"BlessingOfTheForge"},{"floor":13.0,"key":"FearPotion"}],"is_trial":false,"path_per_floor":["M","M","?","?","M","R","E","R","T","E","R","M","M","M","R","B",null,"M","M","?","?","?","R","$","E","T","E","M","R","?","M","R","B",null,"M"],"character_chosen":"IRONCLAD","items_purchased":[],"campfire_rested":6,"item_purchase_floors":[],"current_hp_per_floor":[88,88,77,77,83,83,88,88,88,88,88,88,88,88,88,88,88,88,88,88,88,88,88,88,88,88,88,88,88,88,88,88,88,88,88,88],"gold":860,"neow_bonus":"TEN_PERCENT_HP_BONUS","is_daily":false,"chose_seed":false,"campfire_upgraded":0,"win_rate":0.0,"timestamp":1609520940,"path_taken":["M","M","?","?","M","R","E","R","T","E","R","M","M","M","R","BOSS","M","M","?","?","?","R","$","E","T","E","M","R","?","M","R","BOSS","M"],"items_purchased_type":[],"build_version":"2020-12-22","purchased_purges":0,"victory":false,"max_hp_per_floor":[88,88,88,88,88,88,88,88,88,88,88,88,88,88,88,88,88,88,88,88,88,88,88,88,88,88,88,88,88,88,88,88,88,88,88,88],"relic_stats":{"counters":[17,34],"obtain_stats":[{"Anvil of the Gods":0,"Hammer of Thor":0,"Seething Fire":0,"Burning Blood":0},{"Anvil of the Gods":0,"Hammer of Thor":0,"Seething Fire":0,"Burning Blood":0},{"Anvil of the Gods":0,"Hammer of Thor":0,"Seething Fire":0,"Burning Blood":0}],"Burning Blood":11},"card_choices":[{"not_picked":["Body Slam","Dual Wield","Warcry"],"picked":"SKIP","floor":1.0},{"not_picked":["Flex","Iron Wave","Rampage"],"picked":"SKIP","floor":2.0},{"not_picked":["Twin Strike","Body Slam","Battle Trance"],"picked":"SKIP","floor":5.0},{"not_picked":["Sword Boomerang","Clash","Infernal Blade"],"picked":"SKIP","floor":7.0},{"not_picked":["Wild Strike","Bludgeon","Clothesline"],"picked":"SKIP","floor":10.0},{"not_picked":["Shrug It Off","Wild Strike","Perfected Strike"],"picked":"SKIP","floor":12.0},{"not_picked":["Reckless Charge","True Grit","Iron Wave"],"picked":"SKIP","floor":13.0},{"not_picked":["Feel No Pain","Pommel Strike","Armaments"],"picked":"SKIP","floor":14.0},{"not_picked":["Uppercut","Sword Boomerang","Flex+1"],"picked":"SKIP","floor":18.0},{"not_picked":["Anger","Armaments+1","Warcry"],"picked":"SKIP","floor":19.0},{"not_picked":["Clash","Entrench","Sentinel"],"picked":"SKIP","floor":25.0},{"not_picked":["Berserk","Heavy Blade","Battle Trance+1"],"picked":"SKIP","floor":27.0},{"not_picked":["Wild Strike","Burning Pact","Perfected Strike"],"picked":"SKIP","floor":28.0},{"not_picked":["Pommel Strike","Twin Strike","Body Slam"],"picked":"SKIP","floor":31.0}],"player_experience":430722,"relics_obtained":[],"event_choices":[{"damage_healed":0.0,"max_hp_gain":0.0,"max_hp_loss":0.0,"gold_gain":75.0,"event_name":"betterThird:BetterGoop","player_choice":"Gold","floor":3.0,"gold_loss":0.0,"damage_taken":11.0},{"damage_healed":77.0,"max_hp_gain":0.0,"max_hp_loss":88.0,"gold_gain":0.0,"event_name":"betterThird:BetterShining","player_choice":"Leave","floor":4.0,"gold_loss":0.0,"damage_taken":0.0},{"damage_healed":0.0,"max_hp_gain":0.0,"max_hp_loss":0.0,"gold_gain":0.0,"event_name":"Cursed Tome","player_choice":"Ignored","floor":20.0,"gold_loss":0.0,"damage_taken":0.0},{"damage_healed":0.0,"max_hp_gain":0.0,"max_hp_loss":0.0,"gold_gain":0.0,"event_name":"Beggar","player_choice":"Ignored","floor":21.0,"gold_loss":0.0,"damage_taken":0.0},{"damage_healed":0.0,"max_hp_gain":0.0,"max_hp_loss":0.0,"gold_gain":99.0,"event_name":"betterThird:BetterNest","player_choice":"Steal","floor":22.0,"gold_loss":0.0,"damage_taken":0.0},{"damage_healed":0.0,"max_hp_gain":0.0,"max_hp_loss":0.0,"gold_gain":0.0,"event_name":"The Mausoleum","player_choice":"Ignored","floor":30.0,"gold_loss":0.0,"damage_taken":0.0}],"is_beta":false,"boss_relics":[{"not_picked":[]},{"not_picked":["Busted Crown","SacredBark","Black Star"]}],"items_purged_floors":[],"is_endless":false,"potions_floor_spawned":[2,7,13,14,19,27,31],"killed_by":"3 Darklings","ascension_level":1}}