{"host":"0azimyi6n3ugndj4","time":1609537901,"event":{"mods":["2.2 Compatiblity","BaseMod","Bestiary","Conspire","Curses Come First","Defuse TimeMaze Blight","Hermit","Hyrulean Relics","Infinite Spire","Minty Spire (QoL Compilation)","Relic Stats","Replay The Spire","StSLib","SuperFastMode","The Cursed","Uncapped","¡¼?Úª?ø«¡½REMEMod"],"gold_per_floor":[156,156,156,156,156,234,234,234,234,309,351,456,456,19,19,244,244,304,409,508,556,556,556],"floor_reached":22,"playtime":430,"items_purged":[],"score":621,"play_id":"92f4038f-535c-44b0-85da-fdefd9c2536c","local_time":"20210102065141","daily_mods":["SealedDeck","Hoarder","Insanity","Chimera","Specialized","Vintage","ControlledChaos","Allstar","Diverse","Colorless Cards","Heirloom","Time Dilation","Flight","Elite Swarm","Lethality","Midas","Binary"],"is_ascension_mode":true,"campfire_choices":[{"floor":8,"key":"REST"},{"floor":15,"key":"REST"}],"circlet_count":0,"master_deck":["Demon Form","Wraith Form v2","Echo Form","DevaForm","AscendersBane","Bash","Survivor","Zap","Strike_R","Strike_G","Strike_B","Defend_R","Defend_G+1","Defend_P","Hemokinesis","Poisoned Stab","Hologram","Flying Knee","Conserve Battery","hermit:CalledShot","hermit:Headshot","TheCursedMod:Stigma","FlurryOfBlows","Clothesline","BasicCrystalCard","Steam","hermit:TrackingShot","Recycle","Cleave","Slice","Redo","hermit:Roulette","hermit:Headshot","Replay:Sssssssssshield","PiercingWail","SignatureMove","Replay:Vibes","Blade Dance","hermit:Glare","Deep Breath","ReplayTheSpireMod:Strike From Hell","hermit:CalledShot","Sunder","Redo","BattleHymn","SashWhip","Cleave","Dagger Spray","REME_MusicOfDeath","PiercingWail","hermit:Coalescence","Thunderclap","Deflect","Beam Cell","Noxious Fumes","Panic Button","Sucker Punch","hermit:Quickdraw","hermit:Ricochet","ForeignInfluence","hermit:Vantage","Twin Strike","FlurryOfBlows","Leg Sweep","Deadly Poison","Deadly Poison+1","Deadly Poison","Deadly Poison","Deadly Poison","Deadly Poison","Deadly Poison","Deadly Poison","Deadly Poison","Deadly Poison","Deadly Poison","Deadly Poison","Deadly Poison","Deadly Poison","Deadly Poison","Catalyst","Catalyst","Catalyst","Ball Lightning","Ball Lightning","Ball Lightning","Replay:ManipulateFuture","Replay:ManipulateFuture","Replay:ManipulateFuture","Redo","Redo","Redo","REME_TwoStrings","REME_TwoStrings","REME_TwoStrings","TheCursedMod:CircleOfFlame","TheCursedMod:CircleOfFlame","TheCursedMod:CircleOfFlame","hermit:Glare","hermit:Glare","hermit:Glare","TheCursedMod:Wield","TheCursedMod:Wield","TheCursedMod:Wield","Spot Weakness","Spot Weakness","Spot Weakness","Clash","Clash","Clash","TheCursedMod:NeowsMight","TheCursedMod:NeowsMight","TheCursedMod:NeowsMight","Pain","Pain","Pain"],"relics":["Iron Core","Frozen Eye","Busted Crown","REME_ComplimentaryCards","conspire:GiftBox","conspire:TopHat","infinitespire:Cubic Diamond","infinitespire:Joker Card","zeldaRelics:CourageTriforce","Replay:Bottled Snecko","zeldaRelics:WisdomPiece","Chemical X","StrikeDummy","SacredBark","Calipers","Toxic Egg 2","conspire:InfiniteJournal","Anchor"],"acts_visited":["Exordium","TheCity"],"potions_floor_usage":[21,22],"damage_taken":[{"damage":0,"enemies":"2 Louse","floor":1,"turns":1},{"damage":0,"enemies":"Gremlin Nob","floor":6,"turns":2},{"damage":13,"enemies":"3 Sentries","floor":10,"turns":2},{"damage":0,"enemies":"Small Slimes","floor":11,"turns":2},{"damage":0,"enemies":"Lagavulin","floor":12,"turns":2},{"damage":42,"enemies":"Fading Forest","floor":16,"turns":13},{"damage":10,"enemies":"2 Thieves","floor":18,"turns":2},{"damage":27,"enemies":"conspire:MimicChest","floor":19,"turns":3},{"damage":25,"enemies":"Shell Parasite","floor":21,"turns":3},{"damage":18,"enemies":"Snecko","floor":22,"turns":2}],"seed_played":"-5277515024656402239","potions_obtained":[{"floor":1,"key":"Regen Potion"},{"floor":16,"key":"FocusPotion"}],"is_trial":true,"path_per_floor":["M","?","?","$","?","E","?","R","T","E","M","E","?","$","R","B",null,"M","?","?","M","M"],"character_chosen":"DEFECT","items_purchased":["Chemical X","StrikeDummy"],"campfire_rested":2,"item_purchase_floors":[14,14],"current_hp_per_floor":[64,64,64,64,69,69,62,76,76,63,63,63,40,40,62,20,62,52,25,25,10,0,0],"gold":556,"neow_bonus":"","is_daily":false,"chose_seed":false,"campfire_upgraded":0,"win_rate":0.0,"timestamp":1609537901,"path_taken":["M","?","?","$","?","E","?","R","T","E","?","E","?","$","R","BOSS","M","?","?","M","?"],"items_purchased_type":["Relic","Relic"],"build_version":"2020-12-22","purchased_purges":0,"victory":false,"max_hp_per_floor":[71,71,71,71,76,76,76,76,76,76,76,76,76,76,76,76,76,76,76,76,76,76,76],"relic_stats":{"Busted Crown":16,"counters":[10,32],"Chemical X":[2],"obtain_stats":[{"Iron Core":2,"zeldaRelics:WisdomPiece":12,"Calipers":18,"SacredBark":17,"infinitespire:Cubic Diamond":2,"infinitespire:Joker Card":3,"conspire:TopHat":1,"zeldaRelics:CourageTriforce":10,"conspire:InfiniteJournal":20,"Frozen Eye":0,"conspire:GiftBox":0,"Anchor":21,"Busted Crown":0,"zeldaRelics:CouragePiece":6,"Replay:Bottled Snecko":11,"Chemical X":14,"Toxic Egg 2":19,"Cracked Core":0,"StrikeDummy":14,"REME_ComplimentaryCards":0},{"Iron Core":1,"zeldaRelics:WisdomPiece":5,"Calipers":7,"SacredBark":6,"infinitespire:Cubic Diamond":1,"infinitespire:Joker Card":1,"conspire:TopHat":1,"zeldaRelics:CourageTriforce":3,"conspire:InfiniteJournal":8,"Frozen Eye":0,"conspire:GiftBox":0,"Anchor":9,"Busted Crown":0,"zeldaRelics:CouragePiece":2,"Replay:Bottled Snecko":4,"Chemical X":5,"Toxic Egg 2":8,"Cracked Core":0,"StrikeDummy":5,"REME_ComplimentaryCards":0},{"Iron Core":1,"zeldaRelics:WisdomPiece":9,"Calipers":24,"SacredBark":22,"infinitespire:Cubic Diamond":1,"infinitespire:Joker Card":1,"conspire:TopHat":1,"zeldaRelics:CourageTriforce":5,"conspire:InfiniteJournal":27,"Frozen Eye":0,"conspire:GiftBox":0,"Anchor":30,"Busted Crown":0,"zeldaRelics:CouragePiece":3,"Replay:Bottled Snecko":7,"Chemical X":9,"Toxic Egg 2":27,"Cracked Core":0,"StrikeDummy":9,"REME_ComplimentaryCards":0}]},"card_choices":[],"player_experience":1485951,"relics_obtained":[{"floor":1,"key":"conspire:TopHat"},{"floor":3,"key":"infinitespire:Joker Card"},{"floor":6,"key":"zeldaRelics:CouragePiece"},{"floor":9,"key":"zeldaRelics:CouragePiece"},{"floor":10,"key":"zeldaRelics:CouragePiece"},{"floor":11,"key":"Replay:Bottled Snecko"},{"floor":12,"key":"zeldaRelics:WisdomPiece"},{"floor":18,"key":"Calipers"},{"floor":19,"key":"Toxic Egg 2"},{"floor":20,"key":"conspire:InfiniteJournal"},{"floor":21,"key":"Anchor"}],"event_choices":[{"damage_healed":0,"gold_gain":0,"player_choice":"Donut","damage_taken":0,"max_hp_gain":5,"max_hp_loss":0,"event_name":"Big Fish","floor":5,"gold_loss":0},{"cards_removed":["Eruption"],"damage_healed":0,"gold_gain":0,"player_choice":"Card Removal","damage_taken":7,"max_hp_gain":0,"max_hp_loss":0,"event_name":"Golden Wing","floor":7,"gold_loss":0},{"damage_healed":0,"gold_gain":0,"player_choice":"Entered Light","damage_taken":23,"max_hp_gain":0,"max_hp_loss":0,"event_name":"Shining Light","floor":13,"gold_loss":0,"cards_upgraded":["Defend_G","Deadly Poison"]}],"is_beta":false,"boss_relics":[{"not_picked":["Abe\u0027s Treasure","Snecko Heart"],"picked":"SacredBark"}],"items_purged_floors":[],"is_endless":false,"potions_floor_spawned":[1,16],"killed_by":"Snecko","ascension_level":20}}