{"host":"ow66nzv2xecjoor3","time":1609536925,"event":{"mods":["BaseMod","Bestiary","Block Reminder","Colored Powertips","Curses Come First","Hermit","Highlight Path","Keyboard Shortcuts","Minty Spire (QoL Compilation)","Permanent Neow","Relic Stats","StSLib","UnlockEverythingMod"],"gold_per_floor":[114,114,129,153,176,211,235,276,276,317,392,392,405,405,405,525,525,548,561,561,581,599,599,599],"floor_reached":23,"playtime":1167,"items_purged":[],"score":340,"play_id":"506c8343-0531-48e9-beb4-e20e20af38d0","local_time":"20210101153525","is_ascension_mode":true,"campfire_choices":[{"data":"hermit:NoHoldsBarred","floor":12.0,"key":"SMITH"},{"data":"hermit:GoldenBullet","floor":15.0,"key":"SMITH"}],"circlet_count":0,"master_deck":["hermit:Strike_Hermit","hermit:Strike_Hermit","hermit:Strike_Hermit","hermit:Strike_Hermit","hermit:Defend_Hermit","hermit:Defend_Hermit","hermit:Defend_Hermit","hermit:Defend_Hermit","hermit:Snapshot","hermit:Covet","hermit:NoHoldsBarred+1","hermit:GoldenBullet+1","hermit:DeadMansHand","hermit:FlashPowder","hermit:Gestalt","hermit:GoldenBullet","hermit:Horror","hermit:Deadeye+1","hermit:Deadeye+1","Regret","hermit:Purgatory+1","hermit:Horror+1","hermit:Vantage+1","hermit:FlashPowder+1"],"relics":["hermit:Momento","Bloody Idol","StrikeDummy","Molten Egg 2","Eternal Feather","hermit:Horseshoe","Toxic Egg 2","hermit:DentedPlate"],"acts_visited":["Exordium","TheCity"],"potions_floor_usage":[],"damage_taken":[{"damage":2.0,"enemies":"Small Slimes","floor":1.0,"turns":3.0},{"damage":7.0,"enemies":"Jaw Worm","floor":3.0,"turns":2.0},{"damage":2.0,"enemies":"2 Louse","floor":4.0,"turns":3.0},{"damage":7.0,"enemies":"Large Slime","floor":5.0,"turns":5.0},{"damage":6.0,"enemies":"3 Sentries","floor":6.0,"turns":4.0},{"damage":0.0,"enemies":"3 Louse","floor":7.0,"turns":2.0},{"damage":2.0,"enemies":"Gremlin Nob","floor":8.0,"turns":4.0},{"damage":2.0,"enemies":"Lagavulin","floor":10.0,"turns":7.0},{"damage":2.0,"enemies":"Exordium Wildlife","floor":13.0,"turns":4.0},{"damage":2.0,"enemies":"Slime Boss","floor":16.0,"turns":8.0},{"damage":14.0,"enemies":"2 Thieves","floor":18.0,"turns":3.0},{"damage":2.0,"enemies":"Spheric Guardian","floor":19.0,"turns":4.0},{"damage":35.0,"enemies":"Cultist and Chosen","floor":21.0,"turns":7.0},{"damage":17.0,"enemies":"Centurion and Healer","floor":22.0,"turns":6.0},{"damage":38,"enemies":"Gremlin Leader","floor":23,"turns":5}],"seed_played":"2145410031629140029","potions_obtained":[{"floor":0.0,"key":"Regen Potion"},{"floor":0.0,"key":"Energy Potion"},{"floor":0.0,"key":"EssenceOfSteel"},{"floor":1.0,"key":"Fire Potion"},{"floor":5.0,"key":"CultistPotion"},{"floor":8.0,"key":"Fire Potion"},{"floor":10.0,"key":"SkillPotion"},{"floor":21.0,"key":"SkillPotion"}],"is_trial":false,"path_per_floor":["M","?","M","M","M","E","M","E","T","E","?","R","M","?","R","B",null,"M","M","?","M","M","E"],"character_chosen":"HERMIT","items_purchased":[],"campfire_rested":0,"item_purchase_floors":[],"current_hp_per_floor":[66,48,46,44,37,31,31,29,29,27,16,25,23,23,35,33,65,51,49,49,19,7,0,0],"gold":599,"neow_bonus":"THREE_SMALL_POTIONS","is_daily":false,"chose_seed":false,"campfire_upgraded":2,"win_rate":0.0,"timestamp":1609536925,"path_taken":["M","?","M","M","M","E","M","E","T","E","?","R","M","?","R","BOSS","M","M","?","M","M","E"],"items_purchased_type":[],"build_version":"2020-12-22","purchased_purges":0,"victory":false,"max_hp_per_floor":[75,75,75,75,75,75,75,75,75,75,75,75,75,75,75,75,107,107,107,107,107,107,107,107],"relic_stats":{"counters":[15,67],"Bloody Idol":10,"Eternal Feather":21,"obtain_stats":[{"Golden Idol":2,"hermit:DentedPlate":17,"Bloody Idol":20,"Molten Egg 2":8,"Eternal Feather":9,"Toxic Egg 2":14,"StrikeDummy":6,"hermit:Horseshoe":10,"hermit:Momento":0},{"Golden Idol":1,"hermit:DentedPlate":10,"Bloody Idol":12,"Molten Egg 2":7,"Eternal Feather":7,"Toxic Egg 2":9,"StrikeDummy":5,"hermit:Horseshoe":8,"hermit:Momento":0},{"Golden Idol":3,"hermit:DentedPlate":42,"Bloody Idol":49,"Molten Egg 2":23,"Eternal Feather":23,"Toxic Egg 2":34,"StrikeDummy":17,"hermit:Horseshoe":30,"hermit:Momento":0}]},"card_choices":[{"not_picked":["hermit:Feint","hermit:WideOpen"],"picked":"hermit:NoHoldsBarred","floor":1.0},{"not_picked":["hermit:WideOpen","hermit:FullyLoaded"],"picked":"hermit:GoldenBullet","floor":3.0},{"not_picked":["hermit:Quickdraw","hermit:CalledShot"],"picked":"hermit:DeadMansHand","floor":4.0},{"not_picked":["hermit:FullyLoaded","hermit:HoleUp"],"picked":"hermit:FlashPowder","floor":5.0},{"not_picked":["hermit:HighCaliber","hermit:Cheat"],"picked":"hermit:Gestalt","floor":6.0},{"not_picked":["hermit:BodyArmor","hermit:Deadeye"],"picked":"hermit:GoldenBullet","floor":7.0},{"not_picked":["hermit:ItchyTrigger+1","hermit:FatalDesire"],"picked":"hermit:Horror","floor":8.0},{"not_picked":["hermit:SprayPray+1","hermit:Quickdraw+1"],"picked":"hermit:Deadeye+1","floor":10.0},{"not_picked":["hermit:Horror","hermit:Feint"],"picked":"hermit:Deadeye+1","floor":13.0},{"not_picked":["hermit:FatalDesire","hermit:FromBeyond+1"],"picked":"hermit:Purgatory+1","floor":16.0},{"not_picked":["hermit:Headshot+1","hermit:Shortfuse+1"],"picked":"hermit:Horror+1","floor":18.0},{"not_picked":["hermit:Coalescence+1","hermit:WideOpen+1"],"picked":"hermit:Vantage+1","floor":19.0},{"not_picked":["hermit:Quickdraw+1","hermit:LowProfile+1"],"picked":"hermit:FlashPowder+1","floor":21.0},{"not_picked":["hermit:Glare+1","hermit:Ricochet+1","hermit:Coalescence+1"],"picked":"SKIP","floor":22.0}],"player_experience":2737211,"relics_obtained":[{"floor":6.0,"key":"StrikeDummy"},{"floor":8.0,"key":"Molten Egg 2"},{"floor":9.0,"key":"Eternal Feather"},{"floor":10.0,"key":"hermit:Horseshoe"}],"event_choices":[{"damage_healed":0.0,"max_hp_gain":0.0,"max_hp_loss":0.0,"gold_gain":0.0,"event_name":"Golden Idol","player_choice":"Take Damage","floor":2.0,"gold_loss":0.0,"damage_taken":18.0,"relics_obtained":["Golden Idol"]},{"damage_healed":0.0,"max_hp_gain":0.0,"max_hp_loss":0.0,"gold_gain":75.0,"event_name":"World of Goop","player_choice":"Gather Gold","floor":11.0,"gold_loss":0.0,"damage_taken":11.0},{"damage_healed":0.0,"max_hp_gain":0.0,"max_hp_loss":0.0,"gold_gain":0.0,"event_name":"Big Fish","player_choice":"Box","floor":14.0,"gold_loss":0.0,"damage_taken":0.0,"relics_obtained":["Toxic Egg 2"],"cards_obtained":["Regret"]},{"damage_healed":0.0,"max_hp_gain":0.0,"max_hp_loss":0.0,"gold_gain":0.0,"event_name":"Forgotten Altar","player_choice":"Gave Idol","floor":20.0,"relics_lost":["Golden Idol"],"gold_loss":0.0,"damage_taken":0.0,"relics_obtained":["Bloody Idol"]}],"is_beta":false,"boss_relics":[{"not_picked":["hermit:ClaspedLocket","Coffee Dripper"],"picked":"hermit:DentedPlate"}],"items_purged_floors":[],"is_endless":false,"potions_floor_spawned":[1,5,8,10,21],"killed_by":"Gremlin Leader","ascension_level":7}}