{"host":"aja5jhqkcte6gg82","time":1609487893,"event":{"mods":["AchievementEnabler","Act Like it!","BaseMod","BetterRewards","Downfall","Gensokyo","Hermit","Hubris","Infinite Spire","Mad Scientist","Marisa????????","Minty Spire (QoL Compilation)","Replay The Spire","Shade Mod","Spicy Shops","StSLib","The Animator","The Death Knight","The Dragon Tamer","The Necromancer","TheFirefly"],"gold_per_floor":[113,113,113,126,141,141,152,164,164,4,18,18,18,18,18,117,117,133,0,0,0,16,42,42,42,88,170,183,183,203,223,223,324,324,342,344,344],"floor_reached":36,"playtime":1658,"items_purged":[],"score":374,"play_id":"28002bd9-1487-4c66-8a0c-f2bc7c69538f","local_time":"20201231235813","is_ascension_mode":false,"campfire_choices":[{"data":"Gensokyo:CrescentMoonSlash","floor":6,"key":"SMITH"},{"data":"Shade:WallOfFlesh","floor":15,"key":"SMITH"},{"floor":25,"key":"REST"},{"floor":32,"key":"REST"}],"circlet_count":0,"master_deck":["Shade:Strike_Shade","Shade:Strike_Shade","Shade:Strike_Shade","Shade:Strike_Shade","Shade:Defend_Shade+1","Shade:Defend_Shade+1","Shade:Defend_Shade","Shade:Defend_Shade","Shade:AnimateDead+1","Shade:CarefulCut","Shade:FingerOfDeath","Gensokyo:CrescentMoonSlash+1","Shade:FingerOfDeath","Shade:Bonestorm+1","Shade:Premonition","Shade:WallOfFlesh+1","Shade:Coordination","Shade:SpectralStrikes+1","Shade:AblativeArmor","Shade:FleshLikeOak+1","Shade:OpenGraves","Shade:WallOfFlesh+1","Shade:Frenzy","Shade:LichForm","CommonCold","CurseOfTheBell"],"relics":["Shade:YorickSkull","NeowsBlessing","Gensokyo:LunaticRedEyes","War Paint","Gensokyo:BookOfSpecters","Gensokyo:YoukaiFlower","CaptainsWheel","ChewingGum","hubris:Icosahedron","Onion Ring","Gensokyo:ChorusOfJoy","Replay:Rubber Ducky","infinitespire:Midas Blood","Replay:Ancient Bell","Pen Nib","Iron Hammer","Thread and Needle"],"acts_visited":["Gensokyo:Gensokyo","Gensokyo:Gensokyoer","Gensokyo:Gensokyoest"],"potions_floor_usage":[16,16,18,23],"damage_taken":[{"damage":0,"enemies":"Gensokyo:3_Fairies","floor":1,"turns":1},{"damage":1,"enemies":"Gensokyo:Gryphon","floor":4,"turns":1},{"damage":2,"enemies":"Gensokyo:2_Kodama","floor":5,"turns":1},{"damage":3,"enemies":"Gensokyo:2_Rabbits","floor":7,"turns":3},{"damage":2,"enemies":"Gensokyo:Kitsune","floor":8,"turns":2},{"damage":3,"enemies":"Gensokyo:Gryphon_and_Rabbit","floor":11,"turns":3},{"damage":16,"enemies":"Gensokyo:Yukari","floor":16,"turns":10},{"damage":10,"enemies":"Gensokyo:3_Dogs","floor":18,"turns":4},{"damage":1,"enemies":"Gensokyo:AngelMirror","floor":22,"turns":2},{"damage":26,"enemies":"Gensokyo:Koishi","floor":23,"turns":5},{"damage":0,"enemies":"Gensokyo:Chomper_and_Gloop","floor":28,"turns":4},{"damage":0,"enemies":"Gensokyo:Slime_Group","floor":30,"turns":4},{"damage":0,"enemies":"Gensokyo:Wraith","floor":31,"turns":4},{"damage":11,"enemies":"Gensokyo:Kaguya","floor":33,"turns":10},{"damage":0,"enemies":"Gensokyo:3_Bats","floor":35,"turns":3},{"damage":130,"enemies":"Gensokyo:AncientGuardian","floor":36,"turns":4}],"seed_played":"7456346258231273583","potions_obtained":[{"floor":5,"key":"Adrenaline Potion"},{"floor":7,"key":"champ:CounterPotion"},{"floor":16,"key":"Languid Potion"},{"floor":18,"key":"FearPotion"}],"is_trial":false,"path_per_floor":["M","?","?","M","M","R","M","M","T","?","M","COS","?","T","R","B",null,"M","?","?","COS","M","E","?","R","T","T","M","?","M","M","R","B",null,"M","M"],"character_chosen":"SHADE","items_purchased":[],"campfire_rested":2,"item_purchase_floors":[],"current_hp_per_floor":[65,65,56,55,53,53,50,48,48,48,45,45,45,45,45,29,65,55,55,55,55,54,28,28,47,47,47,47,47,47,47,65,54,65,65,0,0],"gold":344,"neow_bonus":"THREE_ENEMY_KILL","is_daily":false,"chose_seed":false,"campfire_upgraded":2,"win_rate":0.0,"timestamp":1609487893,"path_taken":["M","?","?","M","M","R","M","M","T","?","?","COS","?","?","R","BOSS","M","?","?","COS","M","E","?","R","T","?","?","?","M","M","R","BOSS","M","M"],"items_purchased_type":[],"build_version":"2020-12-22","purchased_purges":0,"victory":false,"max_hp_per_floor":[65,65,65,65,65,65,65,65,65,65,65,65,65,65,65,65,65,65,65,65,65,65,65,65,65,65,65,65,65,65,65,65,65,65,65,65,65],"card_choices":[{"not_picked":["Shade:GreyBargain","Shade:CoffinDance"],"picked":"Shade:FingerOfDeath","floor":1},{"not_picked":["Shade:CallWraith","Shade:LastGasp"],"picked":"Shade:FingerOfDeath","floor":4},{"not_picked":["Shade:GreyBargain","Shade:SkeletonArmy"],"picked":"Shade:Bonestorm","floor":5},{"not_picked":["Shade:SpontaneousRitual","Shade:AuraOfUnlife"],"picked":"Shade:AncientSpear","floor":7},{"not_picked":["Shade:GreyBargain","Shade:AncientSpear"],"picked":"Shade:Premonition","floor":8},{"not_picked":["Shade:FreshBones","Shade:CallOfTheGrave"],"picked":"Shade:WallOfFlesh","floor":11},{"not_picked":["Shade:Consume","Shade:GreaterAnimation"],"picked":"Shade:Coordination","floor":16},{"not_picked":["Shade:CommandSoldier","Shade:Trample"],"picked":"Shade:SpectralStrikes+1","floor":18},{"not_picked":["Shade:GraveStillness","Shade:Doomsay"],"picked":"Shade:AblativeArmor","floor":22},{"not_picked":["Shade:PressTheAttack","Shade:AuraOfUnlife+1"],"picked":"Shade:FleshLikeOak+1","floor":23},{"not_picked":["Shade:LyeBath","Shade:SpectralStrikes+1"],"picked":"Shade:OpenGraves","floor":28},{"not_picked":["Shade:ExtraLimbs+1","Shade:FeralStrike"],"picked":"Shade:WallOfFlesh+1","floor":30},{"not_picked":["Shade:OneIsEnough","Shade:AblativeArmor"],"picked":"Shade:Frenzy","floor":31},{"not_picked":["Shade:OminousRitual","Shade:LoseControl"],"picked":"Shade:LichForm","floor":33},{"not_picked":["Gensokyo:ImpossibleRequest","hubris:Despair"],"picked":"CommonCold","floor":34},{"not_picked":["animator:Curse_Greed","Delirium"],"picked":"CurseOfTheBell","floor":34},{"not_picked":["Decay","ReplayTheSpireMod:Restless Dread"],"picked":"ReplayTheSpireMod:Doomed","floor":34},{"not_picked":["Shade:LyeBath+1","Shade:AuraOfUnlife","Shade:GoDigging+1"],"picked":"SKIP","floor":35}],"player_experience":231944,"relics_obtained":[{"floor":9,"key":"War Paint"},{"floor":14,"key":"CaptainsWheel"},{"floor":23,"key":"Onion Ring"},{"floor":26,"key":"Replay:Rubber Ducky"},{"floor":27,"key":"infinitespire:Midas Blood"}],"event_choices":[],"is_beta":false,"boss_relics":[{"not_picked":["ReplayTheSpireMod:DimensionalGlitch","hubris:CrackedHourglass"],"picked":"ChewingGum"},{"not_picked":["Runic Dome","hubris:RunicObelisk"],"picked":"Replay:Ancient Bell"},{"not_picked":["infinitespire:Lucky Rock","Toy Ornithopter"],"picked":"Pen Nib"},{"not_picked":["InkBottle","Replay:Ringing Soul"],"picked":"Iron Hammer"},{"not_picked":["Durian","Unceasing Top"],"picked":"Thread and Needle"}],"items_purged_floors":[],"is_endless":false,"potions_floor_spawned":[5,7,16,18],"killed_by":"Gensokyo:AncientGuardian","ascension_level":0}}