{"host":"y3h3n3f7seyagppx","time":1609540897,"event":{"mods":["BaseMod","Colored Map","Colored Powertips","DeckTracker","Minty Spire (QoL Compilation)","Random Character Button","Rare Cards Sparkle","Relic Sorter","Relic Stats","StSLib"],"gold_per_floor":[116,266,278,278,288,288,159,159,159,188,203,230,230,247,247,321,321,338,351,266,266,266,292,292,325,325,344,379,379,5,30,30,101,101,116,16,16,26,42,75,75,105,129,162,179,192,208,223,223,223,223],"floor_reached":50,"playtime":6596,"items_purged":["Doubt","Writhe"],"score":1300,"play_id":"a050efdf-8977-40f8-90dd-23d968413b33","local_time":"20210101174137","is_ascension_mode":true,"campfire_choices":[{"data":"Sever Soul","floor":6,"key":"SMITH"},{"data":"Bash","floor":8,"key":"SMITH"},{"data":"Armaments","floor":13,"key":"SMITH"},{"data":"Twin Strike","floor":15,"key":"SMITH"},{"data":"Twin Strike","floor":24,"key":"SMITH"},{"data":"Ghostly","floor":32,"key":"SMITH"},{"floor":49,"key":"RECALL"}],"circlet_count":0,"master_deck":["AscendersBane","Strike_R","Strike_R","Strike_R","Strike_R","Defend_R","Defend_R","Defend_R","Defend_R","Bash+1","Iron Wave","Sever Soul+1","Power Through","Armaments+1","Twin Strike+1","Twin Strike+1","Feed","Spot Weakness","Ghostly+1","Ghostly","Ghostly","Flame Barrier+1","Battle Trance+1","Twin Strike","Feel No Pain","Offering","Spot Weakness","Power Through","Combust","Reaper","Pain","Headbutt+1","Shrug It Off"],"relics":["Burning Blood","Toy Ornithopter","StrikeDummy","PreservedInsect","Runic Dome","Blue Candle","MutagenicStrength","Happy Flower","Eternal Feather","Vajra","Art of War","OrangePellets","Bronze Scales","Red Mask","Cursed Key","Incense Burner","The Courier","Blood Vial","Letter Opener"],"acts_visited":["Exordium","TheCity","TheBeyond"],"potions_floor_usage":[10,31],"damage_taken":[{"damage":3,"enemies":"2 Louse","floor":1,"turns":3},{"damage":12,"enemies":"Cultist","floor":3,"turns":4},{"damage":7,"enemies":"Small Slimes","floor":5,"turns":4},{"damage":15,"enemies":"Lagavulin","floor":10,"turns":6},{"damage":1,"enemies":"2 Fungi Beasts","floor":11,"turns":3},{"damage":0,"enemies":"Gremlin Nob","floor":12,"turns":3},{"damage":3,"enemies":"Blue Slaver","floor":14,"turns":3},{"damage":61,"enemies":"Hexaghost","floor":16,"turns":8},{"damage":16,"enemies":"3 Byrds","floor":18,"turns":6},{"damage":25,"enemies":"Shell Parasite","floor":19,"turns":3},{"damage":5,"enemies":"Book of Stabbing","floor":23,"turns":4},{"damage":0,"enemies":"Gremlin Leader","floor":25,"turns":5},{"damage":2,"enemies":"Centurion and Healer","floor":27,"turns":8},{"damage":11,"enemies":"Book of Stabbing","floor":28,"turns":4},{"damage":1,"enemies":"Masked Bandits","floor":31,"turns":3},{"damage":23,"enemies":"Automaton","floor":33,"turns":10},{"damage":8,"enemies":"3 Darklings","floor":35,"turns":6},{"damage":0,"enemies":"3 Shapes","floor":38,"turns":5},{"damage":2,"enemies":"3 Darklings","floor":39,"turns":4},{"damage":20,"enemies":"Reptomancer","floor":40,"turns":5},{"damage":6,"enemies":"Giant Head","floor":42,"turns":5},{"damage":4,"enemies":"Nemesis","floor":44,"turns":5},{"damage":2,"enemies":"4 Shapes","floor":45,"turns":5},{"damage":4,"enemies":"Jaw Worm Horde","floor":46,"turns":4},{"damage":8,"enemies":"Writhing Mass","floor":47,"turns":5},{"damage":15,"enemies":"Transient","floor":48,"turns":6},{"damage":92,"enemies":"Time Eater","floor":50,"turns":8}],"seed_played":"-4760777682518947420","potions_obtained":[{"floor":1,"key":"FearPotion"},{"floor":11,"key":"SteroidPotion"},{"floor":16,"key":"Fire Potion"},{"floor":25,"key":"HeartOfIron"},{"floor":35,"key":"FairyPotion"}],"is_trial":false,"path_per_floor":["M","?","M","?","M","R","$","R","T","E","M","E","R","M","R","B",null,"M","M","?","?","?","E","R","E","T","M","E","?","$","?","R","B",null,"M","$","?","M","M","E","?","E","T","E","M","M","M","M","R","B"],"character_chosen":"IRONCLAD","items_purchased":["Explosive Potion","OrangePellets","Bronze Scales","Feel No Pain"],"campfire_rested":0,"item_purchase_floors":[7,30,30,30],"current_hp_per_floor":[71,71,65,61,60,60,60,60,60,56,61,67,67,70,70,15,60,53,34,34,34,34,38,38,42,42,45,40,40,40,49,49,35,48,46,46,46,55,55,44,44,44,44,62,65,68,66,66,68,0,0],"gold":223,"neow_bonus":"RANDOM_COMMON_RELIC","is_daily":false,"chose_seed":false,"campfire_upgraded":6,"win_rate":0.0,"timestamp":1609540897,"path_taken":["M","?","M","?","M","R","$","R","T","E","M","E","R","M","R","BOSS","M","?","?","?","?","E","R","E","T","M","E","?","$","?","R","BOSS","M","$","?","M","?","E","?","E","T","E","?","M","M","M","R","BOSS"],"items_purchased_type":["Potion","Relic","Relic","Card"],"build_version":"2020-12-22","purchased_purges":2,"victory":false,"max_hp_per_floor":[75,75,75,75,75,75,75,75,75,75,75,75,75,75,75,75,75,78,78,78,39,39,42,42,42,42,45,45,45,45,49,49,52,52,52,52,52,55,55,58,58,58,58,62,65,68,68,68,68,68,68],"relic_stats":{"Happy Flower":[29],"counters":[27,135],"Blue Candle":[9],"Eternal Feather":2,"PreservedInsect":374,"Letter Opener":[27],"Cursed Key":1,"Burning Blood":132,"Blood Vial":4,"OrangePellets":[3],"Bronze Scales":[203],"Art of War":[11],"obtain_stats":[{"Happy Flower":23,"Blue Candle":20,"Vajra":28,"Eternal Feather":26,"PreservedInsect":12,"The Courier":42,"Incense Burner":40,"Letter Opener":44,"Cursed Key":34,"Burning Blood":0,"Blood Vial":43,"Runic Dome":17,"OrangePellets":30,"MutagenicStrength":22,"Bronze Scales":30,"Art of War":29,"Red Mask":31,"StrikeDummy":10,"Toy Ornithopter":0},{"Happy Flower":11,"Blue Candle":10,"Vajra":14,"Eternal Feather":12,"PreservedInsect":6,"The Courier":21,"Incense Burner":20,"Letter Opener":22,"Cursed Key":16,"Burning Blood":0,"Blood Vial":21,"Runic Dome":8,"OrangePellets":14,"MutagenicStrength":10,"Bronze Scales":14,"Art of War":14,"Red Mask":15,"StrikeDummy":4,"Toy Ornithopter":0},{"Happy Flower":47,"Blue Candle":43,"Vajra":64,"Eternal Feather":52,"PreservedInsect":23,"The Courier":102,"Incense Burner":97,"Letter Opener":107,"Cursed Key":77,"Burning Blood":0,"Blood Vial":102,"Runic Dome":34,"OrangePellets":64,"MutagenicStrength":43,"Bronze Scales":64,"Art of War":64,"Red Mask":67,"StrikeDummy":17,"Toy Ornithopter":0}],"Toy Ornithopter":10},"card_choices":[{"not_picked":["Entrench","Cleave"],"picked":"Iron Wave","floor":1},{"not_picked":["True Grit","Armaments"],"picked":"Sever Soul","floor":3},{"not_picked":["Clash","Havoc"],"picked":"Power Through","floor":5},{"not_picked":["Cleave","Havoc","Hemokinesis"],"picked":"SKIP","floor":10},{"not_picked":["Body Slam","Perfected Strike"],"picked":"Armaments","floor":11},{"not_picked":["Dark Embrace","Entrench"],"picked":"Twin Strike","floor":12},{"not_picked":["Second Wind","Armaments"],"picked":"Twin Strike","floor":14},{"not_picked":["Exhume","Double Tap"],"picked":"Feed","floor":16},{"not_picked":["Seeing Red","Anger"],"picked":"Spot Weakness","floor":18},{"not_picked":["Second Wind","Anger","Clash"],"picked":"SKIP","floor":19},{"not_picked":["Thunderclap","Clash"],"picked":"Flame Barrier+1","floor":23},{"not_picked":["Flex+1","Combust","Armaments"],"picked":"SKIP","floor":25},{"not_picked":["Flex+1","Combust","Armaments"],"picked":"SKIP","floor":25},{"not_picked":["Flex+1","Combust","Armaments"],"picked":"SKIP","floor":25},{"not_picked":["Heavy Blade","Sever Soul"],"picked":"Battle Trance+1","floor":27},{"not_picked":["Body Slam","Anger"],"picked":"Twin Strike","floor":28},{"not_picked":["Juggernaut","Bludgeon"],"picked":"Offering","floor":33},{"not_picked":["Heavy Blade","Flex","Uppercut"],"picked":"SKIP","floor":35},{"not_picked":["Cleave","Iron Wave"],"picked":"Spot Weakness","floor":38},{"not_picked":["Havoc","Warcry"],"picked":"Power Through","floor":39},{"not_picked":["Seeing Red","Pummel","Body Slam"],"picked":"SKIP","floor":40},{"not_picked":["Havoc","Thunderclap"],"picked":"Reaper","floor":42},{"not_picked":["Clothesline","Heavy Blade","Infernal Blade"],"picked":"SKIP","floor":44},{"not_picked":["Clothesline","Heavy Blade","Infernal Blade"],"picked":"SKIP","floor":44},{"not_picked":["Wild Strike+1","Havoc","Reckless Charge"],"picked":"SKIP","floor":45},{"not_picked":["Wild Strike+1","Havoc","Reckless Charge"],"picked":"SKIP","floor":45},{"not_picked":["Bloodletting","Thunderclap","Armaments"],"picked":"SKIP","floor":46},{"not_picked":["Bloodletting","Thunderclap","Armaments"],"picked":"SKIP","floor":46},{"not_picked":["Thunderclap","Searing Blow"],"picked":"Headbutt+1","floor":47},{"not_picked":["Carnage+1","Infernal Blade"],"picked":"Shrug It Off","floor":48}],"player_experience":20290279,"relics_obtained":[{"floor":10,"key":"StrikeDummy"},{"floor":12,"key":"PreservedInsect"},{"floor":23,"key":"Happy Flower"},{"floor":26,"key":"Eternal Feather"},{"floor":28,"key":"Vajra"},{"floor":31,"key":"Red Mask"},{"floor":40,"key":"Incense Burner"},{"floor":42,"key":"The Courier"},{"floor":43,"key":"Blood Vial"},{"floor":44,"key":"Letter Opener"}],"event_choices":[{"damage_healed":0,"gold_gain":150,"player_choice":"AGREE","damage_taken":0,"max_hp_gain":0,"max_hp_loss":0,"event_name":"Liars Game","floor":2,"gold_loss":0,"cards_obtained":["Doubt"]},{"damage_healed":0,"gold_gain":0,"player_choice":"Bought 0 Potions","damage_taken":0,"max_hp_gain":0,"max_hp_loss":0,"event_name":"The Woman in Blue","floor":4,"gold_loss":0},{"damage_healed":0,"gold_gain":0,"player_choice":"Obtained Relic","damage_taken":0,"relics_obtained":["Blue Candle"],"max_hp_gain":0,"max_hp_loss":0,"event_name":"Addict","floor":20,"gold_loss":85},{"damage_healed":0,"gold_gain":0,"player_choice":"Became a Ghost","damage_taken":0,"max_hp_gain":0,"max_hp_loss":39,"event_name":"Ghosts","floor":21,"gold_loss":0,"cards_obtained":["Ghostly","Ghostly","Ghostly"]},{"damage_healed":0,"gold_gain":0,"player_choice":"Inject Mutagens","damage_taken":0,"relics_obtained":["MutagenicStrength"],"max_hp_gain":0,"max_hp_loss":0,"event_name":"Drug Dealer","floor":22,"gold_loss":0},{"damage_healed":0,"gold_gain":0,"player_choice":"Opened","damage_taken":0,"relics_obtained":["Art of War"],"max_hp_gain":0,"max_hp_loss":0,"event_name":"The Mausoleum","floor":29,"gold_loss":0,"cards_obtained":["Writhe"]},{"damage_healed":0,"gold_gain":0,"player_choice":"Fought Bandits","damage_taken":0,"max_hp_gain":0,"max_hp_loss":0,"event_name":"Masked Bandits","floor":31,"gold_loss":0},{"damage_healed":0,"gold_gain":0,"player_choice":"Ignored","damage_taken":0,"max_hp_gain":0,"max_hp_loss":0,"event_name":"SecretPortal","floor":37,"gold_loss":0},{"damage_healed":0,"gold_gain":0,"cards_transformed":["Strike_R"],"player_choice":"Transformed","damage_taken":0,"max_hp_gain":0,"max_hp_loss":0,"event_name":"Transmorgrifier","floor":41,"gold_loss":0,"cards_obtained":["Combust"]}],"is_beta":false,"boss_relics":[{"not_picked":["SacredBark","Pandora\u0027s Box"],"picked":"Runic Dome"},{"not_picked":["Black Blood","Velvet Choker"],"picked":"Cursed Key"}],"items_purged_floors":[7,36],"is_endless":false,"potions_floor_spawned":[1,11,14,16,23,25,27,28,35,40,42,46],"killed_by":"Time Eater","ascension_level":20}}