{"host":"ko4b5atusvmax52d","time":1609513521,"event":{"mods":["AchievementEnabler","Act Like it!","Aspiration","BaseMod","Better Third Choice","BetterRewards","Friendly Minions","Hermit","Hubris","Koishi","Marisa????????","Minty Spire (QoL Compilation)","Rare Cards Sparkle","Shade Mod","Spicy Shops","StSLib","SuperFastMode","The Animator","The Bug Knight","The Wild Card","vexMod"],"gold_per_floor":[116,116,116,133,153,153,166,166,166,210,223,291,306,405,405,544,544,551,551],"floor_reached":18,"playtime":543,"items_purged":[],"score":164,"play_id":"7cffca79-c27e-4f52-aacc-b6158f523b19","local_time":"20210101160521","is_ascension_mode":false,"campfire_choices":[{"data":"MasterSpark","floor":6,"key":"SMITH"},{"data":"WitchOfGreed","floor":8,"key":"SMITH"},{"floor":15,"key":"REST"}],"circlet_count":0,"master_deck":["MasterSpark+1","UpSweep","GrandCross","PowerUp","WitchOfGreed+1","PropBag","WitchOfGreed","DoubleSpark","UltimateShortwave","UnstableBomb","AlicesGift","AbsoluteMagnitude","ManaRampage","Robbery","EnergyRecoil","IllusionStar"],"relics":["MiniHakkero","aspiration:HiddenCompartment","Turnip","SproutingBranch","Blood Vial","Pandora\u0027s Box"],"acts_visited":["Exordium","TheCity"],"potions_floor_usage":[7,16,16,16],"damage_taken":[{"damage":0,"enemies":"2 Louse","floor":1,"turns":3},{"damage":6,"enemies":"Jaw Worm","floor":4,"turns":3},{"damage":1,"enemies":"Cultist","floor":5,"turns":3},{"damage":0,"enemies":"Looter","floor":7,"turns":1},{"damage":19,"enemies":"Blue Slaver","floor":10,"turns":3},{"damage":6,"enemies":"Large Slime","floor":11,"turns":2},{"damage":31,"enemies":"Lagavulin","floor":12,"turns":6},{"damage":0,"enemies":"Looter","floor":13,"turns":1},{"damage":25,"enemies":"Gremlin Nob","floor":14,"turns":4},{"damage":32,"enemies":"Hexaghost","floor":16,"turns":7},{"damage":10,"enemies":"3 Byrds","floor":18,"turns":2}],"seed_played":"4399288379635435291","potions_obtained":[{"floor":4,"key":"Explosive Potion"},{"floor":10,"key":"Ancient Potion"},{"floor":10,"key":"Dexterity Potion"},{"floor":12,"key":"FairyPotion"},{"floor":14,"key":"BottledSpark"},{"floor":14,"key":"EntropicBrew"},{"floor":16,"key":"AttackPotion"},{"floor":16,"key":"Block Potion"}],"is_trial":false,"path_per_floor":["M","?","?","M","M","R","M","R","T","M","M","E","M","?","R","B",null,"M"],"character_chosen":"MARISA","items_purchased":[],"campfire_rested":1,"item_purchase_floors":[],"current_hp_per_floor":[75,80,80,74,73,73,73,73,73,54,48,17,17,4,28,13,80,74,74],"gold":551,"neow_bonus":"RANDOM_COMMON_RELIC","is_daily":false,"chose_seed":false,"campfire_upgraded":2,"win_rate":0.0,"timestamp":1609513521,"path_taken":["M","?","?","M","?","R","M","R","T","M","M","E","M","?","R","BOSS","M"],"items_purchased_type":[],"build_version":"2020-12-22","purchased_purges":0,"victory":false,"max_hp_per_floor":[75,80,80,80,80,80,80,80,80,80,80,80,80,80,80,80,80,80,80],"card_choices":[{"not_picked":["ChargingUp","GravityBeat"],"picked":"GrandCross","floor":1},{"not_picked":["DeepEcoloBomb","FairyDestructionRay","PowerUp"],"picked":"SKIP","floor":4},{"not_picked":["IllusionStar","WitchLeyline"],"picked":"PowerUp","floor":5},{"not_picked":["ShootingEcho","AlicesGift"],"picked":"WitchOfGreed","floor":7},{"not_picked":["ShootingEcho","BlazingStar"],"picked":"PropBag","floor":10},{"not_picked":["AsteroidBelt","MagicAbsorber"],"picked":"WitchOfGreed","floor":11},{"not_picked":["OrrerysSun","StarBarrage","WitchLeyline"],"picked":"SKIP","floor":12},{"not_picked":["ChargingUp","MysteriousBeam"],"picked":"DoubleSpark","floor":13},{"not_picked":["FinalSpark","MillisecondPulsars"],"picked":"UltimateShortwave","floor":16}],"player_experience":264332,"relics_obtained":[{"floor":9,"key":"Turnip"},{"floor":12,"key":"SproutingBranch"},{"floor":14,"key":"Blood Vial"}],"event_choices":[{"damage_healed":0,"gold_gain":0,"player_choice":"Donut","damage_taken":0,"max_hp_gain":5,"max_hp_loss":0,"event_name":"Big Fish","floor":2,"gold_loss":0},{"cards_removed":["Defend_MRS"],"damage_healed":0,"gold_gain":0,"player_choice":"Purged","damage_taken":0,"max_hp_gain":0,"max_hp_loss":0,"event_name":"Purifier","floor":3,"gold_loss":0},{"damage_healed":0,"gold_gain":30,"player_choice":"Searched \u00272\u0027 times","damage_taken":0,"max_hp_gain":0,"max_hp_loss":0,"event_name":"Dead Adventurer","floor":14,"gold_loss":0}],"is_beta":false,"boss_relics":[{"not_picked":["Ectoplasm","aspiration:DefectSkillbook"],"picked":"Pandora\u0027s Box"}],"items_purged_floors":[],"is_endless":false,"potions_floor_spawned":[4,10,16],"killed_by":"3 Byrds","ascension_level":0}}