{"host":"icrrc9b69c1a6188","time":1609478032,"event":{"mods":["Act Like it!","BaseMod","Bestiary","Better Altar","Better Match","Better Note","Better Sensory Stone","Better Skull","Better Third Choice","Block Reminder","Colored Map","Colored Powertips","Curses Come First","Displayed Cursed Tome","Faster Ascension Climbing","HexUI Lib","Jorbs\u0027s Wanderer Trilogy","Minty Spire (QoL Compilation)","Quick Restart","RNG Fix","Random Character Mod","Rare Cards Sparkle","Spicy Shops","StSLib","Unceasing Turn Reminder"],"gold_per_floor":[160,177,4,23,23,23,39,52,52,84,14,31,31,45,45,45,45],"floor_reached":16,"playtime":889,"items_purged":[],"score":208,"play_id":"07bc996d-9b32-4784-9ddc-5d810b84cfb5","local_time":"20201231231352","is_ascension_mode":true,"campfire_choices":[{"data":"Heavy Blade","floor":6,"key":"SMITH"},{"floor":15,"key":"REST"}],"circlet_count":0,"master_deck":["AscendersBane","Strike_R","Strike_R","Strike_R","Strike_R","Strike_R","Defend_R","Defend_R+1","Defend_R","Defend_R","Bash","Ghostly Armor","Inflame","Heavy Blade+1","Cleave","Reboot","Corruption+1","Heavy Blade","Spot Weakness","Iron Wave"],"relics":["Tiny House","OrangePellets","Ancient Tea Set","Pen Nib","Bottled Flame"],"acts_visited":["Exordium"],"potions_floor_usage":[7,10,12,12,14],"damage_taken":[{"damage":11,"enemies":"Cultist","floor":1,"turns":4},{"damage":7,"enemies":"Jaw Worm","floor":2,"turns":5},{"damage":0,"enemies":"2 Louse","floor":4,"turns":3},{"damage":4,"enemies":"2 Fungi Beasts","floor":7,"turns":2},{"damage":12,"enemies":"Red Slaver","floor":8,"turns":6},{"damage":8,"enemies":"Gremlin Nob","floor":10,"turns":3},{"damage":24,"enemies":"Gremlin Gang","floor":12,"turns":3},{"damage":1,"enemies":"Large Slime","floor":14,"turns":5},{"damage":36,"enemies":"The Guardian","floor":16,"turns":7}],"seed_played":"9080525792430257328","potions_obtained":[{"floor":0,"key":"SneckoOil"},{"floor":4,"key":"Explosive Potion"},{"floor":7,"key":"BloodPotion"},{"floor":10,"key":"Energy Potion"},{"floor":12,"key":"Block Potion"}],"is_trial":false,"path_per_floor":["M","M","$","M","?","R","M","M","T","E","?","M","?","M","R","B"],"character_chosen":"IRONCLAD","items_purchased":["OrangePellets"],"campfire_rested":1,"item_purchase_floors":[3],"current_hp_per_floor":[62,55,55,55,41,41,37,25,25,17,17,9,9,8,32,0,0],"gold":45,"neow_bonus":"BOSS_RELIC","is_daily":false,"chose_seed":false,"campfire_upgraded":1,"win_rate":0.0,"timestamp":1609478032,"path_taken":["M","M","$","M","?","R","?","?","T","E","?","M","?","M","R","BOSS"],"items_purchased_type":["Relic"],"build_version":"2020-12-22","purchased_purges":0,"victory":false,"max_hp_per_floor":[80,80,80,80,80,80,80,80,80,80,80,80,80,80,80,80,80],"card_choices":[{"not_picked":["Havoc","Sever Soul"],"picked":"Ghostly Armor","floor":0},{"not_picked":["Iron Wave","Pommel Strike"],"picked":"Inflame","floor":1},{"not_picked":["Clash","Cleave"],"picked":"Heavy Blade","floor":2},{"not_picked":["Rampage","Whirlwind"],"picked":"Cleave","floor":4},{"not_picked":["Sword Boomerang","Sever Soul"],"picked":"Corruption","floor":7},{"not_picked":["Thunderclap","Dual Wield"],"picked":"Heavy Blade","floor":8},{"not_picked":["Armaments","Rupture"],"picked":"Spot Weakness","floor":10},{"not_picked":["Wild Strike","Twin Strike"],"picked":"Iron Wave","floor":12},{"not_picked":["Perfected Strike","Warcry","Body Slam"],"picked":"SKIP","floor":14}],"player_experience":716575,"relics_obtained":[{"floor":9,"key":"Pen Nib"},{"floor":10,"key":"Bottled Flame"}],"event_choices":[{"damage_healed":0,"gold_gain":1,"player_choice":"Relic Card ","damage_taken":14,"max_hp_gain":0,"max_hp_loss":0,"event_name":"betterThird:BetterScrap","floor":5,"gold_loss":0,"cards_obtained":["Reboot","Scrawl"]},{"damage_healed":0,"gold_gain":0,"player_choice":"Left","damage_taken":0,"max_hp_gain":0,"max_hp_loss":0,"event_name":"betterThird:BetterGoop","floor":11,"gold_loss":70},{"damage_healed":0,"gold_gain":0,"player_choice":"Forge","damage_taken":0,"max_hp_gain":0,"max_hp_loss":0,"event_name":"Accursed Blacksmith","floor":13,"gold_loss":0,"cards_upgraded":["Corruption"]}],"is_beta":false,"boss_relics":[],"items_purged_floors":[],"is_endless":false,"potions_floor_spawned":[4,7,10,12],"killed_by":"The Guardian","ascension_level":20}}