{"host":"0rxdudjy6rylha1k","time":1609482041,"event":{"mods":["Aspiration","BaseMod","Colored Map","Colored Powertips","Downfall","Highlight Path","Hubris","Minty Spire (QoL Compilation)","StSLib"],"gold_per_floor":[99,118,118,118,118,33,57,69,89,105,30,42,42,59,71,167,167,167,167,181,181,181,193,245,0,13,83,8,8,8,23,40,144,144,144,161,180,191,210,210,210,225,254,179,197,197,41,41,55,55,55,86,16,16,16],"floor_reached":56,"playtime":5003,"items_purged":[],"score":2027,"play_id":"c81915f2-12ed-41e3-a526-b0a61be9925c","local_time":"20201231232041","is_ascension_mode":true,"campfire_choices":[{"floor":1,"key":"RECALL"},{"data":"Flechettes","floor":11,"key":"PURGE"},{"data":"Skewer","floor":13,"key":"PURGE"},{"floor":18,"key":"DIG"},{"floor":28,"key":"DIG"},{"floor":30,"key":"DIG"},{"floor":35,"key":"DIG"},{"floor":40,"key":"DIG"},{"floor":44,"key":"REST"},{"floor":46,"key":"DIG"},{"floor":54,"key":"DIG"}],"circlet_count":0,"master_deck":["Slimebound:Strike_Slimebound","Slimebound:Defend_Slimebound","Slimebound:Defend_Slimebound+1","Slimebound:Defend_Slimebound+1","Slimebound:Defend_Slimebound+1","Slimebound:Split+1","Slimebound:CorrosiveSpit+1","Slimebound:SamplingLick+1","Choke","Slimebound:Nibble","Slimebound:SplitLeeching","Slimebound:SplitBruiser","Slimebound:Gluttony","Slimebound:RainOfGoop+1","Slimebound:Recollect+1","Slimebound:Nibble","Slimebound:HauntingLick+1","Slimebound:WasteNot","Slimebound:Nibble+1","Slimebound:ItLooksTasty","Slimebound:SplitBruiser","Slimebound:Split+1","Slimebound:OneTwoCombo","Slimebound:SplitLeeching","Slimebound:Recycling+1","Slimebound:SplitMire+1","Slimebound:OneTwoCombo","Slimebound:OneTwoCombo+1","Slimebound:LevelUp"],"relics":["Slimebound:AbsorbEndCombat","Slimebound:ScrapOozeRelic","Lantern","downfall:HeartBlessingRed","hubris:Backtick","Shovel","Tiny Chest","hubris:Towel","aspiration:RitualStick","champ:Barbells","Singing Bowl","downfall:HeartBlessingBlue","Vajra","Smiling Mask","SacredBark","The Courier","Bag of Preparation","White Beast Statue","Toxic Egg 2","downfall:HeartBlessingGreen","Juzu Bracelet","hubris:CuriousFeather","DollysMirror","Guardian:PocketSentry","hubris:Metronome"],"acts_visited":["Exordium","TheCity","TheBeyond","TheEnding"],"potions_floor_usage":[9,15,15,16,26,26,39,42,43,45,47,50,52,55],"damage_taken":[{"damage":7,"enemies":"Jaw Worm","floor":2,"turns":4},{"damage":8,"enemies":"downfall:FleeingMerchant","floor":6,"turns":4},{"damage":0,"enemies":"2 Louse","floor":8,"turns":2},{"damage":4,"enemies":"Cultist","floor":9,"turns":2},{"damage":24,"enemies":"Exordium Wildlife","floor":10,"turns":3},{"damage":12,"enemies":"3 Louse","floor":12,"turns":3},{"damage":24,"enemies":"Large Slime","floor":14,"turns":4},{"damage":8,"enemies":"2 Fungi Beasts","floor":15,"turns":2},{"damage":58,"enemies":"downfall:Ironclad","floor":16,"turns":5},{"damage":26,"enemies":"Shell Parasite","floor":20,"turns":3},{"damage":15,"enemies":"Spheric Guardian","floor":23,"turns":3},{"damage":32,"enemies":"downfall:FleeingMerchant","floor":25,"turns":4},{"damage":16,"enemies":"Centurion and Healer","floor":26,"turns":3},{"damage":36,"enemies":"Sentry and Sphere","floor":31,"turns":4},{"damage":36,"enemies":"Snecko","floor":32,"turns":3},{"damage":62,"enemies":"downfall:Defect","floor":33,"turns":5},{"damage":11,"enemies":"Orb Walker","floor":36,"turns":2},{"damage":32,"enemies":"3 Darklings","floor":37,"turns":3},{"damage":50,"enemies":"4 Shapes","floor":38,"turns":4},{"damage":28,"enemies":"Writhing Mass","floor":39,"turns":3},{"damage":12,"enemies":"Sphere and 2 Shapes","floor":42,"turns":3},{"damage":74,"enemies":"Reptomancer","floor":43,"turns":4},{"damage":27,"enemies":"3 Darklings","floor":45,"turns":3},{"damage":20,"enemies":"downfall:FleeingMerchant","floor":47,"turns":2},{"damage":20,"enemies":"4 Shapes","floor":49,"turns":3},{"damage":28,"enemies":"downfall:Watcher","floor":50,"turns":2},{"damage":32,"enemies":"downfall:CharBossMerchant","floor":52,"turns":2},{"damage":50,"enemies":"downfall:NeowBoss","floor":55,"turns":15}],"seed_played":"1507297128206339461","potions_obtained":[{"floor":8,"key":"FearPotion"},{"floor":12,"key":"champ:CounterPotion"},{"floor":14,"key":"Swift Potion"},{"floor":15,"key":"CultistPotion"},{"floor":23,"key":"SkillPotion"},{"floor":26,"key":"Slimebound:SlimedPotion"},{"floor":39,"key":"Strength Potion"},{"floor":42,"key":"Slimebound:SlimedPotion"},{"floor":43,"key":"LiquidMemories"},{"floor":45,"key":"Fire Potion"},{"floor":47,"key":"CultistPotion"},{"floor":49,"key":"Slimebound:SlimedPotion"},{"floor":52,"key":"Regen Potion"}],"is_trial":false,"path_per_floor":["R","M","?","?","?","$","T","M","M","M","R","M","R","M","M","B",null,"R","?","M","?","?","M","T","$","M","T","R","?","R","M","M","B",null,"R","M","M","M","M","R","T","M","E","R","M","R","$","?","M","B",null,"E","$","R","B",null],"character_chosen":"SLIMEBOUND","items_purchased":["Slimebound:SplitLeeching","Slimebound:SplitBruiser","champ:Barbells","Regen Potion","hubris:CuriousFeather","Slimebound:OneTwoCombo","DollysMirror","Slimebound:LevelUp","Energy Potion"],"campfire_rested":1,"item_purchase_floors":[6,6,25,25,47,47,47,53,53],"current_hp_per_floor":[54,55,55,55,55,60,60,60,60,50,50,52,52,56,58,36,54,54,54,46,34,34,33,33,41,60,60,70,70,70,62,68,68,73,73,69,74,48,56,56,56,64,44,68,73,73,80,72,76,79,82,81,81,81,85],"gold":16,"neow_bonus":"RANDOM_COMMON_RELIC","is_daily":false,"chose_seed":false,"campfire_upgraded":0,"win_rate":0.0,"timestamp":1609482041,"path_taken":["R","M","?","?","?","$","T","M","M","?","R","M","R","M","M","BOSS","R","?","M","?","?","M","T","$","M","?","R","?","R","M","M","BOSS","R","M","M","M","?","R","T","M","E","R","M","R","$","?","M","BOSS","E","$","R","BOSS"],"items_purchased_type":["Card","Card","Relic","Potion","Relic","Card","Relic","Card","Potion"],"build_version":"2020-12-22","purchased_purges":0,"victory":true,"max_hp_per_floor":[60,60,60,60,60,60,60,60,60,60,60,60,60,60,60,60,60,60,60,60,60,60,60,60,60,60,60,70,70,70,72,74,74,74,74,74,76,76,78,78,78,80,82,82,82,82,84,81,83,83,83,85,85,85,85],"card_choices":[{"not_picked":["Slimebound:TongueLash","Slimebound:PressTheAttack"],"picked":"Slimebound:SamplingLick","floor":2},{"not_picked":["Slimebound:SplitLeeching","Slimebound:GoopSpray"],"picked":"Slimebound:Nibble","floor":6},{"not_picked":["Slimebound:DisruptingSlam","Slimebound:Recollect"],"picked":"Slimebound:Gluttony","floor":8},{"not_picked":["Slimebound:SplitAcid","Slimebound:GrowthPunch"],"picked":"Slimebound:RainOfGoop","floor":9},{"not_picked":["Slimebound:Chomp","Slimebound:GrowthPunch","Slimebound:ComboTackle"],"picked":"SKIP","floor":10},{"not_picked":["Slimebound:MegaLick","Slimebound:RainOfGoop"],"picked":"Slimebound:Recollect","floor":12},{"not_picked":["Slimebound:SplitLeeching","Slimebound:LeechEnergy"],"picked":"Slimebound:Nibble","floor":14},{"not_picked":["Slimebound:ForwardTackle","Slimebound:SlimeBarrage"],"picked":"Slimebound:HauntingLick","floor":15},{"not_picked":["Slimebound:SlimeSlap","Slimebound:MinionMaster"],"picked":"Slimebound:WasteNot","floor":16},{"not_picked":["Slimebound:LeechEnergy","Slimebound:SlimeBarrage+1"],"picked":"Slimebound:Nibble+1","floor":20},{"not_picked":["Slimebound:Schlurp","Slimebound:ComboTackle"],"picked":"Slimebound:ItLooksTasty","floor":23},{"not_picked":["Slimebound:SlimeSpikes","Slimebound:ComboTackle"],"picked":"Slimebound:SplitBruiser","floor":25},{"not_picked":["Slimebound:PressTheAttack","Slimebound:SplitBruiser","Slimebound:ComboTackle"],"picked":"SKIP","floor":26},{"not_picked":["Slimebound:PressTheAttack","Slimebound:SplitBruiser","Slimebound:ComboTackle"],"picked":"SKIP","floor":26},{"not_picked":["Slimebound:HauntingLick+1","Slimebound:Prepare","Slimebound:ViciousTackle"],"picked":"Singing Bowl","floor":31},{"not_picked":["Slimebound:SlimeSpikes","Slimebound:PressTheAttack","Slimebound:FinishingTackle"],"picked":"Singing Bowl","floor":32},{"not_picked":["Slimebound:DouseInSlime","Slimebound:RallyTheTroops"],"picked":"Slimebound:OneTwoCombo","floor":33},{"not_picked":["Slimebound:LivingWall","Slimebound:SplitAcid"],"picked":"Slimebound:SplitLeeching","floor":36},{"not_picked":["Slimebound:FinishingTackle","Slimebound:Chomp+1","Slimebound:SamplingLick"],"picked":"Singing Bowl","floor":37},{"not_picked":["Slimebound:LeechEnergy","Slimebound:Gluttony+1"],"picked":"Slimebound:Recycling","floor":38},{"not_picked":["Slimebound:Schlurp","Slimebound:SplitAcid","Slimebound:FinishingTackle"],"picked":"Singing Bowl","floor":39},{"not_picked":["Slimebound:LeechEnergy+1","Slimebound:SlimeSpikes+1","Slimebound:GoopTackle"],"picked":"Singing Bowl","floor":42},{"not_picked":["Slimebound:SplitBruiser+1","Slimebound:GoopTackle+1","Slimebound:LivingWall+1"],"picked":"Singing Bowl","floor":43},{"not_picked":["Slimebound:ComboTackle+1","Slimebound:ViciousTackle+1"],"picked":"Slimebound:SplitMire+1","floor":45},{"not_picked":["Slimebound:LeechingTouch","Slimebound:ViciousTackle+1","Slimebound:DisruptingSlam+1"],"picked":"Singing Bowl","floor":47},{"not_picked":["Slimebound:ComboTackle","Slimebound:Schlurp+1","Slimebound:FinishingTackle"],"picked":"Singing Bowl","floor":49},{"not_picked":["Slimebound:FormOfPuddle+1","Slimebound:LeechingTouch+1","Slimebound:RainOfGoop+1"],"picked":"Singing Bowl","floor":52}],"player_experience":2426271,"relics_obtained":[{"floor":7,"key":"Lantern"},{"floor":18,"key":"Tiny Chest"},{"floor":27,"key":"Singing Bowl"},{"floor":28,"key":"Vajra"},{"floor":30,"key":"Smiling Mask"},{"floor":35,"key":"The Courier"},{"floor":40,"key":"Bag of Preparation"},{"floor":41,"key":"White Beast Statue"},{"floor":43,"key":"Toxic Egg 2"},{"floor":46,"key":"Juzu Bracelet"},{"floor":52,"key":"Guardian:PocketSentry"},{"floor":54,"key":"hubris:Metronome"}],"event_choices":[{"damage_healed":0,"gold_gain":0,"player_choice":"Copied","damage_taken":0,"max_hp_gain":0,"max_hp_loss":0,"event_name":"Duplicator","floor":29,"gold_loss":0,"cards_obtained":["Slimebound:Split"]}],"is_beta":false,"boss_relics":[{"not_picked":["Sozu","Runic Pyramid"],"picked":"hubris:Backtick"},{"not_picked":["hubris:CrackedHourglass","Philosopher\u0027s Stone"],"picked":"SacredBark"}],"items_purged_floors":[],"is_endless":false,"potions_floor_spawned":[8,12,14,15,23,26,39,42,43,45,47,49,52],"ascension_level":8}}