{"host":"sav7uxregyirlf69","time":1609480539,"event":{"mods":["AchievementEnabler","BaseMod","Colored Map","DeckTracker","Keyboard Shortcuts","Minty Spire (QoL Compilation)","READ ME - Guardian Mod","StSLib","SuperFastMode"],"gold_per_floor":[119,133,146,159,45,74,99,117,117,135,135,147,47,64,64,135,135,146,146,146,166,182,182,517,535,609,642,127,127,127,143,143,143,143],"floor_reached":33,"playtime":772,"items_purged":["Strike_R","Strike_R","Strike_R"],"score":582,"play_id":"7b651729-c367-4bea-8c3c-7e9781731c64","local_time":"20210101145539","is_ascension_mode":true,"campfire_choices":[{"data":"Evolve","floor":11.0,"key":"SMITH"},{"data":"Inflame","floor":15.0,"key":"SMITH"},{"data":"Battle Trance","floor":23.0,"key":"SMITH"},{"data":"Feel No Pain","floor":29.0,"key":"SMITH"},{"data":"Power Through","floor":32.0,"key":"SMITH"}],"circlet_count":0,"master_deck":["AscendersBane","Strike_R","Defend_R","Defend_R","Defend_R","Defend_R","Bash","Pummel","Anger","Second Wind","Shrug It Off","Inflame+1","Power Through+1","Wild Strike","Evolve+1","Battle Trance+1","Sword Boomerang","Reaper","Feel No Pain+1"],"relics":["Burning Blood","NeowsBlessing","Ornamental Fan","Odd Mushroom","Mark of Pain","Old Coin","Eternal Feather","Incense Burner","PreservedInsect","Potion Belt"],"acts_visited":["Exordium","TheCity"],"potions_floor_usage":[33,33],"damage_taken":[{"damage":0.0,"enemies":"Cultist","floor":1.0,"turns":1.0},{"damage":0.0,"enemies":"Small Slimes","floor":2.0,"turns":1.0},{"damage":0.0,"enemies":"Jaw Worm","floor":3.0,"turns":1.0},{"damage":3.0,"enemies":"3 Louse","floor":4.0,"turns":4.0},{"damage":27.0,"enemies":"Lagavulin","floor":6.0,"turns":6.0},{"damage":13.0,"enemies":"The Mushroom Lair","floor":7.0,"turns":3.0},{"damage":1.0,"enemies":"2 Fungi Beasts","floor":8.0,"turns":3.0},{"damage":7.0,"enemies":"Exordium Thugs","floor":10.0,"turns":3.0},{"damage":9.0,"enemies":"Blue Slaver","floor":12.0,"turns":3.0},{"damage":11.0,"enemies":"Lots of Slimes","floor":14.0,"turns":5.0},{"damage":23.0,"enemies":"Hexaghost","floor":16.0,"turns":7.0},{"damage":15.0,"enemies":"Chosen","floor":18.0,"turns":6.0},{"damage":21.0,"enemies":"2 Thieves","floor":21.0,"turns":4.0},{"damage":9.0,"enemies":"Snecko","floor":22.0,"turns":6.0},{"damage":4.0,"enemies":"Gremlin Leader","floor":24.0,"turns":6.0},{"damage":34.0,"enemies":"Shelled Parasite and Fungi","floor":25.0,"turns":7.0},{"damage":19.0,"enemies":"Book of Stabbing","floor":27.0,"turns":5.0},{"damage":18.0,"enemies":"Snake Plant","floor":31.0,"turns":5.0},{"damage":110,"enemies":"Automaton","floor":33,"turns":12}],"seed_played":"8189555274946041038","potions_obtained":[{"floor":3.0,"key":"SkillPotion"},{"floor":6.0,"key":"Explosive Potion"},{"floor":8.0,"key":"Explosive Potion"},{"floor":14.0,"key":"AttackPotion"},{"floor":20.0,"key":"SkillPotion"},{"floor":20.0,"key":"Regen Potion"},{"floor":22.0,"key":"SkillPotion"},{"floor":25.0,"key":"LiquidBronze"},{"floor":31.0,"key":"HeartOfIron"}],"is_trial":false,"path_per_floor":["M","M","M","M","$","E","?","M","T","M","R","M","$","M","R","B",null,"M","?","?","M","M","R","E","M","T","E","$","R","?","M","R","B"],"character_chosen":"IRONCLAD","items_purchased":["Inflame","PreservedInsect","Dexterity Potion","Potion Belt"],"campfire_rested":0,"item_purchase_floors":[5,28,28,28],"current_hp_per_floor":[74,75,75,75,75,54,47,52,52,51,51,48,48,43,43,26,63,58,58,58,50,69,69,75,54,54,41,41,53,53,48,57,0,0],"gold":143,"neow_bonus":"THREE_ENEMY_KILL","is_daily":false,"chose_seed":false,"campfire_upgraded":5,"win_rate":0.0,"timestamp":1609480539,"path_taken":["M","?","M","?","?","E","?","M","T","M","R","M","$","?","R","BOSS","M","?","?","M","?","R","E","M","T","E","$","R","?","M","R","BOSS"],"items_purchased_type":["Card","Relic","Potion","Relic"],"build_version":"2020-12-22","purchased_purges":3,"victory":false,"max_hp_per_floor":[75,75,75,75,75,75,75,75,75,75,75,75,75,75,75,75,75,75,75,75,75,75,75,75,75,75,75,75,75,75,75,75,75,75],"card_choices":[{"not_picked":["Clothesline","Sever Soul"],"picked":"Pummel","floor":1.0},{"not_picked":["Inflame","Thunderclap"],"picked":"Anger","floor":2.0},{"not_picked":["Intimidate","Thunderclap"],"picked":"Second Wind","floor":3.0},{"not_picked":["Clothesline","Iron Wave"],"picked":"Shrug It Off","floor":4.0},{"not_picked":["Flex","Juggernaut"],"picked":"Power Through","floor":6.0},{"not_picked":["Armaments","Cleave"],"picked":"Wild Strike","floor":7.0},{"not_picked":["True Grit","Uppercut"],"picked":"Evolve","floor":8.0},{"not_picked":["Wild Strike","Perfected Strike","Thunderclap"],"picked":"SKIP","floor":10.0},{"not_picked":["Intimidate","Second Wind"],"picked":"Battle Trance","floor":12.0},{"not_picked":["True Grit","Carnage"],"picked":"Sword Boomerang","floor":14.0},{"not_picked":["Corruption","Bludgeon"],"picked":"Reaper","floor":16.0},{"not_picked":["Twin Strike","Inflame","Clothesline"],"picked":"SKIP","floor":18.0},{"not_picked":["Headbutt","Metallicize","Warcry"],"picked":"SKIP","floor":21.0},{"not_picked":["Dual Wield","Armaments","Flex"],"picked":"SKIP","floor":22.0},{"not_picked":["Shrug It Off","Cleave","Thunderclap"],"picked":"SKIP","floor":24.0},{"not_picked":["Perfected Strike","Carnage"],"picked":"Feel No Pain","floor":25.0},{"not_picked":["Heavy Blade","Pommel Strike","Impervious"],"picked":"SKIP","floor":27.0},{"not_picked":["Pommel Strike","Combust","Headbutt"],"picked":"SKIP","floor":31.0}],"player_experience":1094353,"relics_obtained":[{"floor":6.0,"key":"Ornamental Fan"},{"floor":7.0,"key":"Odd Mushroom"},{"floor":24.0,"key":"Old Coin"},{"floor":26.0,"key":"Eternal Feather"},{"floor":27.0,"key":"Incense Burner"}],"event_choices":[{"damage_healed":0.0,"max_hp_gain":0.0,"max_hp_loss":0.0,"gold_gain":0.0,"event_name":"Mushrooms","player_choice":"Fought Mushrooms","floor":7.0,"gold_loss":0.0,"damage_taken":0.0},{"damage_healed":0.0,"max_hp_gain":0.0,"max_hp_loss":0.0,"gold_gain":0.0,"event_name":"Ghosts","player_choice":"Ignored","floor":19.0,"gold_loss":0.0,"damage_taken":0.0},{"damage_healed":0.0,"max_hp_gain":0.0,"max_hp_loss":0.0,"gold_gain":0.0,"event_name":"Lab","player_choice":"Got Potions","floor":20.0,"gold_loss":0.0,"damage_taken":0.0},{"cards_removed":["Strike_R"],"damage_healed":0.0,"max_hp_gain":0.0,"max_hp_loss":0.0,"gold_gain":0.0,"event_name":"Back to Basics","player_choice":"Elegance","floor":30.0,"gold_loss":0.0,"damage_taken":0.0}],"is_beta":false,"boss_relics":[{"not_picked":["Black Star","SlaversCollar"],"picked":"Mark of Pain"}],"items_purged_floors":[5,13,28],"is_endless":false,"potions_floor_spawned":[3,6,8,14,21,22,25,31],"killed_by":"Automaton","ascension_level":20}}