{"host":"kig4ty9d1aubg29s","time":1609500515,"event":{"mods":["BaseMod","Minty Spire (QoL Compilation)","READ ME - Guardian Mod","READ ME - Snecko Mod","StSLib","The Cursed","The Gatherer","The Hierophant","The Runesmith"],"gold_per_floor":[111,125,136,151,116,116,146,146,173,182,211,211,211,370,370,458,458,458,458],"floor_reached":18,"playtime":586,"items_purged":[],"score":288,"play_id":"c62163f7-9efb-4f7b-a15c-de8aca40b6ba","local_time":"20210101202835","is_ascension_mode":true,"campfire_choices":[{"data":"Tools of the Trade","floor":6,"key":"SMITH"},{"floor":8,"key":"REST"},{"data":"Poisoned Stab","floor":12,"key":"SMITH"},{"data":"Neutralize","floor":15,"key":"SMITH"}],"circlet_count":0,"master_deck":["AscendersBane","Strike_G","Strike_G","Strike_G","Strike_G","Strike_G","Defend_G","Defend_G","Defend_G","Defend_G","Defend_G","Survivor","Neutralize+1","Die Die Die","Cloak And Dagger","Poisoned Stab+1","Tools of the Trade+1","Cloak And Dagger","Cloak And Dagger","Parasite","PiercingWail","Doubt","Tools of the Trade"],"relics":["Ring of the Snake","Juzu Bracelet","CeramicFish","HoveringKite"],"acts_visited":["Exordium","TheCity"],"potions_floor_usage":[7,16],"damage_taken":[{"damage":0,"enemies":"Cultist","floor":1,"turns":4},{"damage":1,"enemies":"Jaw Worm","floor":2,"turns":4},{"damage":5,"enemies":"Small Slimes","floor":3,"turns":3},{"damage":5,"enemies":"2 Fungi Beasts","floor":4,"turns":4},{"damage":29,"enemies":"Gremlin Nob","floor":7,"turns":4},{"damage":21,"enemies":"Exordium Wildlife","floor":11,"turns":5},{"damage":32,"enemies":"The Guardian","floor":16,"turns":15},{"damage":53,"enemies":"Spheric Guardian","floor":18,"turns":7}],"seed_played":"4439305941093251271","potions_obtained":[{"floor":3,"key":"Energy Potion"},{"floor":4,"key":"Strength Potion"},{"floor":11,"key":"LiquidBronze"}],"is_trial":false,"path_per_floor":["M","M","M","M","?","R","E","R","T","?","M","R","?","?","R","B",null,"M"],"character_chosen":"THE_SILENT","items_purchased":[],"campfire_rested":1,"item_purchase_floors":[],"current_hp_per_floor":[59,58,53,48,64,64,35,54,54,66,45,45,45,45,45,13,53,0,0],"gold":458,"neow_bonus":"ONE_RANDOM_RARE_CARD","is_daily":false,"chose_seed":false,"campfire_upgraded":3,"win_rate":0.0,"timestamp":1609500515,"path_taken":["M","M","M","M","?","R","E","R","T","?","M","R","?","?","R","BOSS","M"],"items_purchased_type":[],"build_version":"2020-12-22","purchased_purges":0,"victory":false,"max_hp_per_floor":[66,66,66,66,66,66,66,66,66,66,66,66,66,66,66,66,66,66,66],"card_choices":[{"not_picked":["Slice","Prepared"],"picked":"Cloak And Dagger","floor":1},{"not_picked":["Slice","Endless Agony"],"picked":"Poisoned Stab","floor":2},{"not_picked":["PiercingWail","Underhanded Strike"],"picked":"Tools of the Trade","floor":3},{"not_picked":["Backflip","Flechettes"],"picked":"Cloak And Dagger","floor":4},{"not_picked":["Sucker Punch","All Out Attack"],"picked":"Cloak And Dagger","floor":7},{"not_picked":["Sucker Punch","Dodge and Roll"],"picked":"PiercingWail","floor":11},{"not_picked":["Wraith Form v2","Glass Knife"],"picked":"Tools of the Trade","floor":16}],"player_experience":1906201,"relics_obtained":[{"floor":7,"key":"Juzu Bracelet"},{"floor":9,"key":"CeramicFish"}],"event_choices":[{"damage_healed":16,"gold_gain":0,"player_choice":"Healed","damage_taken":0,"max_hp_gain":0,"max_hp_loss":0,"event_name":"The Cleric","floor":5,"gold_loss":35},{"damage_healed":16,"gold_gain":0,"player_choice":"Healed and dodged fight","damage_taken":0,"max_hp_gain":0,"max_hp_loss":0,"event_name":"Mushrooms","floor":10,"gold_loss":0,"cards_obtained":["Parasite"]},{"damage_healed":0,"gold_gain":0,"player_choice":"Ignored","damage_taken":0,"max_hp_gain":0,"max_hp_loss":0,"event_name":"Shining Light","floor":13,"gold_loss":0},{"damage_healed":0,"gold_gain":150,"player_choice":"AGREE","damage_taken":0,"max_hp_gain":0,"max_hp_loss":0,"event_name":"Liars Game","floor":14,"gold_loss":0,"cards_obtained":["Doubt"]}],"is_beta":false,"boss_relics":[{"not_picked":["Runic Dome","Black Star"],"picked":"HoveringKite"}],"items_purged_floors":[],"is_endless":false,"potions_floor_spawned":[3,4,11],"killed_by":"Spheric Guardian","ascension_level":16}}