{"host":"5gzbaq21mzbu77pn","time":1609522223,"event":{"mods":["2.2 Compatiblity","Aspiration","Bard","Bartender","BaseMod","Beaked The Cultist","BetterRewards","Colored Powertips","Conspire","Energized Spire","GifTheSpireLib","Glutton Mod","Gold Saver","Gremlin Mod","GungeonMod","Hubris","Infinite Spire","Koishi","Magitek Elite","Minty Spire (QoL Compilation)","Quick Restart","Replay The Spire","Shop Mod","StSLib","Stuff the Spire","Synergy Search","The Blackbeard","The Clintock","The Cursed","The Disciple","The Hayseed","The Kombatant","The Poker Player","The Saiyan","The Senshi","The Servant 0.9.4","TheBandit"],"gold_per_floor":[1034,1047,1065,1083,1094,1126,1146,1146,1173,1173,1173,1204,1217,630,630,729,729,741,741,741,753,470,470,484,517,563,579,610,610,638,653,653,758,758,778,813,823,836,415,415,444,444,467,467,485,501,535,551,551,551,551],"floor_reached":50,"playtime":6247,"items_purged":[],"score":630,"play_id":"a9deb2e2-4e75-4e85-9e63-e8e999eb45c9","local_time":"20210101183023","is_ascension_mode":true,"campfire_choices":[{"floor":8,"key":"REST"},{"data":"theSenshi:RoseThrow","floor":10,"key":"SMITH"},{"floor":15,"key":"DIG"},{"data":"theSenshi:SailorKick","floor":23,"key":"SMITH"},{"floor":29,"key":"REST"},{"data":"theSenshi:MoonGorgeousMeditation","floor":32,"key":"SMITH"},{"floor":40,"key":"REST"},{"data":"theSenshi:MoonPrismPowerMakeUp","floor":44,"key":"SMITH"},{"floor":49,"key":"REST"}],"circlet_count":0,"master_deck":["theSenshi:SailorKick+1","theSenshi:SailorKick","theSenshi:SailorKick","theSenshi:SailorBlock","theSenshi:SailorBlock","theSenshi:SailorBlock","theSenshi:SailorBlock","theSenshi:RoseThrow+1","theSenshi:MoonPrismPowerMakeUp+1","theSenshi:MoonTiaraMagic","theSenshi:TuxedoSmokingBomber","theSenshi:SailorNeptuneAssists","theSenshi:MoonCosmicPowerMakeUp","theSenshi:SailorChibiMoonAssists","theSenshi:SailorMercuryAssists","theSenshi:UranusStrength","theSenshi:SailorMarsAssists","theSenshi:SailorStarHealerAssists","theSenshi:MoonHealingEscalation","theSenshi:MoonGorgeousMeditation+1","theSenshi:MoonKick+1","theSenshi:EncouragingSpeech+1","theSenshi:SteeledNerves","theSenshi:SailorStarFighterAssists","Good Instincts","theSenshi:SailorMercuryAssists","theSenshi:UranusStrength","theSenshi:MoonPunch","theSenshi:MoonHealingEscalation","theSenshi:SaturnsMystery","theSenshi:SailorPlanetAttack+1","theSenshi:InTheNameOfTheMoon","ReplayTheSpireMod:Splinters","theSenshi:WarriorOfTheMoon","hubris:InfiniteBlow+1","theSenshi:MoonsReflection","theSenshi:LunaSensingAllies","theSenshi:Overload+1","Enlightenment","theSenshi:MoonCosmicPowerMakeUp","theSenshi:JupitersPower","theSenshi:Sidestep","theSenshi:MoonPunch+1","theSenshi:MoonlightKnight"],"relics":["theSenshi:TransformationBroochRelic","DemoMod:MeltedRock","StuffTheSpire:GrapeVine","theSenshi:RoseRelic","MerchantsRug","infinitespire:ShieldingShard","DemoMod:GnawedKey","aspiration:SeaSaltIceCream","DemoMod:BigBoy","SacredBark","hubris:64BitClover","Anchor","Smiling Mask","hubris:DisguiseKit","StuffTheSpire:SapphireSignet","ReplayTheSpireMod:SealedPack","conspire:Dentures","hubris:CrystalStatue","theSenshi:CrescentMoonWandRelic","Bag of Marbles","ReplayTheSpireMod:TigerMarble","conspire:DecoderRing"],"acts_visited":["Exordium","TheCity","TheBeyond"],"potions_floor_usage":[5,6,12,12,25,27,28,30,33,33,36,38,45],"damage_taken":[{"damage":0,"enemies":"conspire:RoseBush","floor":1,"turns":3},{"damage":0,"enemies":"Cultist","floor":2,"turns":3},{"damage":7,"enemies":"Jaw Worm","floor":3,"turns":3},{"damage":9,"enemies":"Red Slaver","floor":4,"turns":4},{"damage":0,"enemies":"Exordium Thugs","floor":5,"turns":3},{"damage":23,"enemies":"3 Sentries","floor":6,"turns":8},{"damage":7,"enemies":"Blue Slaver","floor":7,"turns":4},{"damage":3,"enemies":"Lagavulin","floor":12,"turns":7},{"damage":0,"enemies":"conspire:2 RoseBushes","floor":13,"turns":6},{"damage":7,"enemies":"Fading Forest","floor":16,"turns":11},{"damage":0,"enemies":"3 Byrds","floor":18,"turns":6},{"damage":2,"enemies":"Shell Parasite","floor":21,"turns":8},{"damage":13,"enemies":"Sentry and Sphere","floor":24,"turns":9},{"damage":39,"enemies":"Book of Stabbing","floor":25,"turns":10},{"damage":0,"enemies":"Centurion and Healer","floor":27,"turns":10},{"damage":19,"enemies":"Replay:Snechameleon","floor":28,"turns":8},{"damage":17,"enemies":"conspire:SneckoGhost","floor":30,"turns":8},{"damage":9,"enemies":"Cultist and Chosen","floor":31,"turns":9},{"damage":60,"enemies":"conspire:MysteriousRune","floor":33,"turns":11},{"damage":47,"enemies":"Orb Walker","floor":35,"turns":7},{"damage":39,"enemies":"conspire:MimicChest","floor":36,"turns":11},{"damage":0,"enemies":"3 Darklings","floor":37,"turns":1},{"damage":0,"enemies":"4 Shapes","floor":38,"turns":1},{"damage":72,"enemies":"Reptomancer","floor":41,"turns":12},{"damage":39,"enemies":"Jaw Worm Horde","floor":45,"turns":7},{"damage":0,"enemies":"Sphere and 2 Shapes","floor":46,"turns":1},{"damage":49,"enemies":"R_Hoarder","floor":47,"turns":11},{"damage":43,"enemies":"3 Darklings","floor":48,"turns":9},{"damage":137,"enemies":"infinitespire:MassOfShapes","floor":50,"turns":16}],"seed_played":"-7884986322322948248","potions_obtained":[{"floor":1,"key":"PowerPotion"},{"floor":4,"key":"SteroidPotion"},{"floor":6,"key":"SkillPotion"},{"floor":7,"key":"Venom Potion"},{"floor":16,"key":"SteroidPotion"},{"floor":20,"key":"infinitespire:BlackPotion"},{"floor":20,"key":"conspire:TimeTravelPotion"},{"floor":25,"key":"SkillPotion"},{"floor":27,"key":"Energy Potion"},{"floor":31,"key":"PowerPotion"},{"floor":35,"key":"Elixir"},{"floor":37,"key":"Explosive Potion"},{"floor":41,"key":"SteroidPotion"},{"floor":46,"key":"FairyPotion"}],"is_trial":false,"path_per_floor":["M","M","M","M","M","E","M","R","T","R","?","E","M","$","R","B",null,"M","AVR","?","M","$","R","M","E","T","M","E","R","E","M","R","B",null,"M","?","M","M","$","R","E","?","T","R","M","M","E","M","R","B"],"character_chosen":"THE_SENSHI","items_purchased":["MerchantsRug","theSenshi:MoonHealingEscalation","infinitespire:ShieldingShard","DemoMod:GnawedKey","theSenshi:SteeledNerves","theSenshi:SailorStarFighterAssists","Good Instincts","theSenshi:SailorMercuryAssists","Enlightenment","theSenshi:CrescentMoonWandRelic","theSenshi:MoonCosmicPowerMakeUp"],"campfire_rested":4,"item_purchase_floors":[14,14,14,14,22,22,22,22,39,39,39],"current_hp_per_floor":[82,82,75,66,66,43,36,60,60,60,60,57,57,57,57,79,82,82,82,82,81,81,81,69,55,55,65,51,75,63,64,64,25,82,39,36,36,36,36,60,3,82,82,82,70,70,52,14,38,0,0],"gold":551,"neow_bonus":"TEN_PERCENT_HP_BONUS","is_daily":false,"chose_seed":false,"campfire_upgraded":4,"win_rate":0.0,"timestamp":1609522223,"path_taken":["M","M","M","M","M","E","M","R","T","R","?","E","?","$","R","BOSS","M","AVR","?","M","$","R","M","E","T","?","E","R","E","M","R","BOSS","M","?","M","M","$","R","E","?","T","R","?","M","E","M","R","BOSS"],"items_purchased_type":["Relic","Card","Relic","Relic","Card","Card","Card","Card","Card","Relic","Card"],"build_version":"2020-12-22","purchased_purges":0,"victory":false,"max_hp_per_floor":[82,82,82,82,82,82,82,82,82,82,82,82,82,82,82,82,82,82,82,82,82,82,82,82,82,82,82,82,82,82,82,82,82,82,82,82,82,82,82,82,82,82,82,82,82,82,82,82,82,82,82],"card_choices":[{"not_picked":["theSenshi:SupersonicWaves","theSenshi:MoonKick"],"picked":"theSenshi:MoonTiaraMagic","floor":1},{"not_picked":["theSenshi:SailorV","theSenshi:LateForSchool","theSenshi:SailorStarMakerAssists"],"picked":"SKIP","floor":2},{"not_picked":["theSenshi:OdangoHead","theSenshi:MercurysCunning"],"picked":"theSenshi:TuxedoSmokingBomber","floor":3},{"not_picked":["theSenshi:MoonsReflection","theSenshi:LateForSchool"],"picked":"theSenshi:SailorNeptuneAssists","floor":4},{"not_picked":["theSenshi:NeptunesGrace","theSenshi:SupersonicWaves"],"picked":"theSenshi:MoonCosmicPowerMakeUp","floor":5},{"not_picked":["theSenshi:MoonPunch","theSenshi:SailorMarsAssists"],"picked":"theSenshi:SailorChibiMoonAssists","floor":6},{"not_picked":["theSenshi:SupersonicWaves","theSenshi:MoonlightKnight"],"picked":"theSenshi:SailorMercuryAssists","floor":7},{"not_picked":["theSenshi:SailorNeptuneAssists","theSenshi:MoonTiaraMagic"],"picked":"theSenshi:SailorMarsAssists","floor":12},{"not_picked":["theSenshi:SupersonicWaves","theSenshi:LateForSchool"],"picked":"theSenshi:SailorStarHealerAssists","floor":13},{"not_picked":["theSenshi:SailorCosmosAssists","theSenshi:WarriorOfTheMoon"],"picked":"theSenshi:MoonGorgeousMeditation","floor":16},{"not_picked":["theSenshi:YouCanTalk","theSenshi:SailorMarsAssists"],"picked":"theSenshi:MoonKick+1","floor":18},{"not_picked":["theSenshi:MoonTiaraMagic","theSenshi:SchoolBag"],"picked":"theSenshi:EncouragingSpeech+1","floor":21},{"not_picked":["theSenshi:SailorMarsAssists","theSenshi:SailorMercuryAssists"],"picked":"theSenshi:UranusStrength","floor":24},{"not_picked":["theSenshi:MoonTiaraMagic","theSenshi:MoonPower"],"picked":"theSenshi:MoonPunch","floor":25},{"not_picked":["theSenshi:SailorPlanetPower+1","theSenshi:SailorV","theSenshi:SailorStarMakerAssists+1"],"picked":"SKIP","floor":27},{"not_picked":["theSenshi:MoonPunch","theSenshi:SailorChibiMoonAssists+1"],"picked":"theSenshi:MoonHealingEscalation","floor":28},{"not_picked":["theSenshi:ChibiMoonsLove","theSenshi:TuxedoSmokingBomber","Saiyan:DragonRadar"],"picked":"theSenshi:SaturnsMystery","floor":30},{"not_picked":["theSenshi:MoonCosmicPowerMakeUp+1","theSenshi:SailorMarsAssists+1","Saiyan:PlotArmor"],"picked":"theSenshi:SailorPlanetAttack+1","floor":31},{"not_picked":["theSenshi:LunaSensingAllies","theSenshi:IWillPunishYou","Saiyan:HyperTimeChamber"],"picked":"theSenshi:InTheNameOfTheMoon","floor":33},{"not_picked":["theSenshi:IWillPunishYou","theSenshi:ChibiMoonsLove","theSenshi:FatedKiss"],"picked":"theSenshi:WarriorOfTheMoon","floor":34},{"not_picked":["infinitespire:UltimateForm","ReplayTheSpireMod:Haul","infinitespire:FutureSight"],"picked":"hubris:InfiniteBlow+1","floor":34},{"not_picked":["theSenshi:MoonPunch","theSenshi:EncouragingSpeech+1","Saiyan:Quickening"],"picked":"theSenshi:MoonsReflection","floor":35},{"not_picked":["theSenshi:MoonHealingEscalation+1","theSenshi:SailorVenusAssists+1","Saiyan:PowerStance"],"picked":"theSenshi:LunaSensingAllies","floor":36},{"not_picked":["theSenshi:SailorNeptuneAssists","theSenshi:EncouragingSpeech+1","theSenshi:LunasBite","Saiyan:FingerParry"],"picked":"SKIP","floor":37},{"not_picked":["theSenshi:SailorStarFighterAssists","theSenshi:LateForSchool+1","Saiyan:Planning"],"picked":"theSenshi:Overload+1","floor":38},{"not_picked":["theSenshi:SailorV+1","theSenshi:TuxedoSmokingBomber+1","theSenshi:MoonPunch+1","Saiyan:KameHameHa"],"picked":"SKIP","floor":41},{"not_picked":["theSenshi:MoonCrystalPowerMakeUp","theSenshi:SailorPlanetPower","Saiyan:DragonFist"],"picked":"theSenshi:JupitersPower","floor":45},{"not_picked":["theSenshi:SailorChibiMoonAssists","theSenshi:Overload+1","Saiyan:FingerParry"],"picked":"theSenshi:Sidestep","floor":46},{"not_picked":["theSenshi:SailorMercuryAssists","theSenshi:MoonTiaraMagic","Saiyan:Quickening"],"picked":"theSenshi:MoonPunch+1","floor":47},{"not_picked":["theSenshi:EncouragingSpeech+1","theSenshi:Sidestep","Saiyan:MeteorDash"],"picked":"theSenshi:MoonlightKnight","floor":48}],"player_experience":839260,"relics_obtained":[{"floor":6,"key":"DemoMod:MeltedRock"},{"floor":9,"key":"StuffTheSpire:GrapeVine"},{"floor":12,"key":"theSenshi:RoseRelic"},{"floor":15,"key":"aspiration:SeaSaltIceCream"},{"floor":25,"key":"Anchor"},{"floor":26,"key":"Smiling Mask"},{"floor":28,"key":"hubris:DisguiseKit"},{"floor":30,"key":"StuffTheSpire:SapphireSignet"},{"floor":36,"key":"conspire:Dentures"},{"floor":37,"key":"hubris:CrystalStatue"},{"floor":41,"key":"Bag of Marbles"},{"floor":43,"key":"ReplayTheSpireMod:TigerMarble"},{"floor":47,"key":"conspire:DecoderRing"}],"event_choices":[{"damage_healed":0,"gold_gain":0,"cards_transformed":["theSenshi:SailorKick"],"player_choice":"Transformed","damage_taken":0,"max_hp_gain":0,"max_hp_loss":0,"event_name":"Transmorgrifier","floor":11,"gold_loss":0,"cards_obtained":["theSenshi:UranusStrength"]},{"damage_healed":0,"gold_gain":0,"player_choice":"Got Potions","damage_taken":0,"max_hp_gain":0,"max_hp_loss":0,"event_name":"Lab","floor":20,"gold_loss":0},{"damage_healed":79,"gold_gain":0,"player_choice":"Full Heal","damage_taken":0,"max_hp_gain":0,"max_hp_loss":0,"event_name":"Wheel of Change","floor":42,"gold_loss":0}],"is_beta":false,"boss_relics":[{"not_picked":["hubris:TerracottaHorce","Busted Crown"],"picked":"SacredBark"},{"not_picked":["aspiration:RunicSpoon","StuffTheSpire:RunicHypercube"],"picked":"ReplayTheSpireMod:SealedPack"}],"items_purged_floors":[],"is_endless":false,"potions_floor_spawned":[1,4,6,7,16,25,27,31,35,37,41,46],"killed_by":"infinitespire:MassOfShapes","ascension_level":1}}