{"host":"l017gercouzhorma","time":1609469226,"event":{"mods":["AchievementEnabler","Aspiration","BaseMod","Challenge The Spire","Conspire","Downfall","Halation","Hermit","Hubris","Infinite Spire","Jorbs\u0027s Wanderer Trilogy","Mad Scientist","Marisa????????","Mimic Mod","Minty Spire (QoL Compilation)","Random Character Button","Rare Cards Sparkle","Relic Stats","Replay The Spire","Shade Mod","StSLib","The Cursed","The Disciple","The Hierophant","The Jungle","The Runesmith","The Servant 0.9.4"],"gold_per_floor":[111,130,5,23,38,38,73,90,90,90,90],"floor_reached":10,"playtime":802,"items_purged":["SwitchConfidence"],"score":84,"play_id":"d8a9be74-594a-4873-b683-47d43e170cf5","local_time":"20201231194706","is_ascension_mode":true,"campfire_choices":[{"data":"Life Link","floor":6,"key":"SMITH"}],"circlet_count":0,"master_deck":["Strike_R","Strike_R","Strike_R","Strike_R","Strike_R","Defend_R","Defend_R","Defend_R","Defend_R","Bash","Ghostly Armor","Rage","Fire Breathing","ReplayTheSpireMod:Brewmster","Armaments","Life Link+1","Power Through","infinitespire:OneForAll"],"relics":["Burning Blood","ReplayTheSpireMod:CursedCoin","Potion Belt","infinitespire:Golems Mask"],"acts_visited":["Exordium"],"potions_floor_usage":[4,5,5,5,5,7,8],"damage_taken":[{"damage":16,"enemies":"2 Louse","floor":1,"turns":3},{"damage":19,"enemies":"infinitespire:Voidling","floor":2,"turns":4},{"damage":19,"enemies":"conspire:RoseBush","floor":4,"turns":4},{"damage":17,"enemies":"Lots of Slimes","floor":5,"turns":5},{"damage":25,"enemies":"3 Sentries","floor":7,"turns":6},{"damage":1,"enemies":"Looter","floor":8,"turns":5},{"damage":29,"enemies":"Gremlin Nob","floor":10,"turns":5}],"seed_played":"-2676873086651427956","potions_obtained":[{"floor":2,"key":"GamblersBrew"},{"floor":5,"key":"Explosive Potion"}],"is_trial":false,"path_per_floor":["M","M","$","M","M","R","E","M","T","E"],"character_chosen":"IRONCLAD","items_purchased":["Fire Breathing","ReplayTheSpireMod:CursedCoin","ReplayTheSpireMod:Brewmster"],"campfire_rested":0,"item_purchase_floors":[3,3,3],"current_hp_per_floor":[78,70,70,57,46,46,27,32,32,3,3],"gold":90,"neow_bonus":"TEN_PERCENT_HP_BONUS","is_daily":false,"chose_seed":false,"campfire_upgraded":1,"win_rate":0.0,"timestamp":1609469226,"path_taken":["M","M","$","M","M","R","E","M","T","E"],"items_purchased_type":["Card","Relic","Card"],"build_version":"2020-12-22","purchased_purges":1,"victory":false,"max_hp_per_floor":[88,88,88,88,88,88,88,88,88,88,88],"relic_stats":{"counters":[7,32],"obtain_stats":[{"Potion Belt":7,"ReplayTheSpireMod:CursedCoin":3,"infinitespire:Golems Mask":9,"Burning Blood":0},{"Potion Belt":5,"ReplayTheSpireMod:CursedCoin":2,"infinitespire:Golems Mask":6,"Burning Blood":0},{"Potion Belt":22,"ReplayTheSpireMod:CursedCoin":7,"infinitespire:Golems Mask":27,"Burning Blood":0}],"Burning Blood":36},"card_choices":[{"not_picked":["Pommel Strike","Burning Pact"],"picked":"Ghostly Armor","floor":1},{"not_picked":["conspire:ExplosiveBarrier","Clothesline"],"picked":"Rage","floor":2},{"not_picked":["Blood for Blood","Flex"],"picked":"Armaments","floor":4},{"not_picked":["Clothesline","ReplayTheSpireMod:Corrosion Curse"],"picked":"Life Link","floor":5},{"not_picked":["Feed","Cleave"],"picked":"Power Through","floor":7},{"not_picked":["Disarm","Run Through"],"picked":"infinitespire:OneForAll","floor":8}],"player_experience":826852,"relics_obtained":[{"floor":7,"key":"Potion Belt"},{"floor":9,"key":"infinitespire:Golems Mask"}],"event_choices":[],"is_beta":false,"boss_relics":[],"items_purged_floors":[3],"is_endless":false,"potions_floor_spawned":[2,4,5],"killed_by":"Gremlin Nob","ascension_level":4}}