{"host":"g7trc0x2teqyd8ye","time":1609460273,"event":{"mods":["BaseMod","Key Reminder","Minty Spire (QoL Compilation)","Relic Stats"],"gold_per_floor":[134,169,169,221,284,284,354,395,468,70,70,115,186,256,256,399,399,445,485,575,575,575,575,624,259,312,11,105,105,124,180,180,180,180],"floor_reached":33,"playtime":1579,"items_purged":["Strike_R"],"score":569,"play_id":"57461dcd-76a0-48e7-b941-7f480fcfade0","local_time":"20210101011753","is_ascension_mode":true,"campfire_choices":[{"data":"HandOfGreed","floor":6,"key":"SMITH"},{"floor":11,"key":"REST"},{"data":"Anger","floor":15,"key":"SMITH"},{"data":"Fiend Fire","floor":23,"key":"SMITH"},{"data":"Shockwave","floor":29,"key":"SMITH"},{"data":"Bash","floor":32,"key":"SMITH"}],"circlet_count":0,"master_deck":["AscendersBane","Strike_R","Strike_R","Strike_R","Strike_R","Defend_R","Defend_R","Defend_R","Defend_R","Bash+1","HandOfGreed+1","Hemokinesis","Shockwave+1","Thunderclap","Iron Wave","Iron Wave","Anger+1","Armaments+1","Infernal Blade+1","Evolve+1","Fiend Fire+1","True Grit+1","Cleave","True Grit+1","Ghostly+1","Ghostly+1","Ghostly+1","Feel No Pain+1","Reckless Charge","Enlightenment+1","True Grit+1"],"relics":["Burning Blood","Golden Idol","Bag of Preparation","Frozen Egg 2","Toxic Egg 2","Snecko Eye","Red Mask","Strange Spoon","Potion Belt","Bottled Flame","Mummified Hand","Mercury Hourglass"],"acts_visited":["Exordium","TheCity"],"potions_floor_usage":[13,16,20,31,31,31,33],"damage_taken":[{"damage":7,"enemies":"Jaw Worm","floor":1,"turns":2},{"damage":3,"enemies":"Cultist","floor":2,"turns":3},{"damage":5,"enemies":"Small Slimes","floor":5,"turns":5},{"damage":20,"enemies":"3 Louse","floor":7,"turns":5},{"damage":3,"enemies":"Looter","floor":8,"turns":2},{"damage":4,"enemies":"Red Slaver","floor":12,"turns":3},{"damage":6,"enemies":"Exordium Thugs","floor":13,"turns":5},{"damage":7,"enemies":"Exordium Wildlife","floor":14,"turns":6},{"damage":6,"enemies":"Slime Boss","floor":16,"turns":9},{"damage":0,"enemies":"Chosen","floor":18,"turns":3},{"damage":24,"enemies":"Spheric Guardian","floor":19,"turns":4},{"damage":14,"enemies":"Masked Bandits","floor":20,"turns":4},{"damage":0,"enemies":"Snecko","floor":24,"turns":4},{"damage":7,"enemies":"Slavers","floor":28,"turns":5},{"damage":13,"enemies":"Centurion and Healer","floor":30,"turns":11},{"damage":4,"enemies":"Book of Stabbing","floor":31,"turns":2},{"damage":33,"enemies":"Champ","floor":33,"turns":16}],"seed_played":"1838929627940406634","potions_obtained":[{"floor":7,"key":"Explosive Potion"},{"floor":8,"key":"SneckoOil"},{"floor":13,"key":"Dexterity Potion"},{"floor":18,"key":"SteroidPotion"},{"floor":28,"key":"Strength Potion"},{"floor":30,"key":"SteroidPotion"}],"is_trial":false,"path_per_floor":["M","M","?","T","M","R","M","M","T","$","R","M","M","M","R","B",null,"M","M","?","?","?","R","M","$","T","$","E","R","M","E","R","B"],"character_chosen":"IRONCLAD","items_purchased":["Toxic Egg 2","Anger","Strange Spoon","Enlightenment+1","Fruit Juice","Bottled Flame","True Grit+1"],"campfire_rested":1,"item_purchase_floors":[10,10,25,25,25,27,27],"current_hp_per_floor":[67,68,45,45,46,46,32,35,35,35,55,57,57,56,56,56,65,68,50,42,34,34,34,34,34,34,34,33,33,26,33,33,0,0],"gold":180,"neow_bonus":"RANDOM_COLORLESS_2","is_daily":false,"chose_seed":false,"campfire_upgraded":5,"win_rate":0.0,"timestamp":1609460273,"path_taken":["M","M","?","?","M","R","M","M","T","$","R","M","?","M","R","BOSS","M","M","?","?","?","R","M","$","T","$","E","R","M","E","R","BOSS"],"items_purchased_type":["Relic","Card","Relic","Card","Potion","Relic","Card"],"build_version":"2020-12-22","purchased_purges":1,"victory":false,"max_hp_per_floor":[68,68,68,68,68,68,68,68,68,68,68,68,68,68,68,68,68,68,68,68,34,34,34,34,34,34,34,34,34,34,39,39,39,39],"relic_stats":{"Strange Spoon":[15],"counters":[17,89],"Golden Idol":82,"Mummified Hand":[9],"Snecko Eye":[72,93,90,90],"Bag of Preparation":[30],"obtain_stats":[{"Potion Belt":26,"Strange Spoon":25,"Bottled Flame":27,"Golden Idol":3,"Mummified Hand":28,"Snecko Eye":17,"Bag of Preparation":4,"Red Mask":20,"Frozen Egg 2":9,"Toxic Egg 2":10,"Burning Blood":0,"Mercury Hourglass":31},{"Potion Belt":13,"Strange Spoon":13,"Bottled Flame":13,"Golden Idol":2,"Mummified Hand":14,"Snecko Eye":9,"Bag of Preparation":2,"Red Mask":12,"Frozen Egg 2":5,"Toxic Egg 2":5,"Burning Blood":0,"Mercury Hourglass":16},{"Potion Belt":55,"Strange Spoon":55,"Bottled Flame":55,"Golden Idol":5,"Mummified Hand":60,"Snecko Eye":40,"Bag of Preparation":5,"Red Mask":51,"Frozen Egg 2":17,"Toxic Egg 2":17,"Burning Blood":0,"Mercury Hourglass":73}],"Burning Blood":85,"Mercury Hourglass":[3]},"card_choices":[{"not_picked":["Secret Technique","Mayhem"],"picked":"HandOfGreed","floor":0},{"not_picked":["Heavy Blade","Entrench"],"picked":"Hemokinesis","floor":1},{"not_picked":["Clothesline","Dropkick"],"picked":"Shockwave","floor":2},{"not_picked":["True Grit","Sentinel"],"picked":"Thunderclap","floor":5},{"not_picked":["Berserk","Pommel Strike"],"picked":"Iron Wave","floor":7},{"not_picked":["Rampage","Wild Strike"],"picked":"Iron Wave","floor":8},{"not_picked":["Anger","Brutality+1"],"picked":"Armaments+1","floor":12},{"not_picked":["Evolve+1","Rampage"],"picked":"Infernal Blade+1","floor":13},{"not_picked":["Thunderclap","Blood for Blood"],"picked":"Evolve+1","floor":14},{"not_picked":["Exhume+1","Immolate"],"picked":"Fiend Fire","floor":16},{"not_picked":["Iron Wave","Uppercut"],"picked":"True Grit+1","floor":18},{"not_picked":["Body Slam","Searing Blow"],"picked":"Cleave","floor":19},{"not_picked":["Sword Boomerang","Heavy Blade"],"picked":"True Grit+1","floor":20},{"not_picked":["Heavy Blade","Perfected Strike"],"picked":"Reckless Charge","floor":24},{"not_picked":["Thunderclap","Body Slam","Pommel Strike"],"picked":"SKIP","floor":28},{"not_picked":["Pommel Strike","Wild Strike","Armaments+1"],"picked":"SKIP","floor":30},{"not_picked":["Wild Strike","Immolate","Searing Blow"],"picked":"SKIP","floor":31}],"player_experience":852136,"relics_obtained":[{"floor":4,"key":"Bag of Preparation"},{"floor":9,"key":"Frozen Egg 2"},{"floor":20,"key":"Red Mask"},{"floor":26,"key":"Potion Belt"},{"floor":28,"key":"Mummified Hand"},{"floor":31,"key":"Mercury Hourglass"}],"event_choices":[{"damage_healed":0,"gold_gain":0,"player_choice":"Take Damage","damage_taken":23,"relics_obtained":["Golden Idol"],"max_hp_gain":0,"max_hp_loss":0,"event_name":"Golden Idol","floor":3,"gold_loss":0},{"damage_healed":0,"gold_gain":0,"player_choice":"Fought Bandits","damage_taken":0,"max_hp_gain":0,"max_hp_loss":0,"event_name":"Masked Bandits","floor":20,"gold_loss":0},{"damage_healed":0,"gold_gain":0,"player_choice":"Became a Ghost","damage_taken":0,"max_hp_gain":0,"max_hp_loss":34,"event_name":"Ghosts","floor":21,"gold_loss":0,"cards_obtained":["Ghostly","Ghostly","Ghostly"]},{"damage_healed":0,"gold_gain":0,"player_choice":"Read","damage_taken":0,"max_hp_gain":0,"max_hp_loss":0,"event_name":"The Library","floor":22,"gold_loss":0,"cards_obtained":["Feel No Pain"]}],"is_beta":false,"boss_relics":[{"not_picked":["Mark of Pain","Runic Pyramid"],"picked":"Snecko Eye"}],"items_purged_floors":[10],"is_endless":false,"potions_floor_spawned":[7,8,13,14,18,28,30],"killed_by":"Champ","ascension_level":19}}