{"host":"z16h96csw6gsetxl","time":1609479742,"event":{"mods":["BaseMod","Minty Spire (QoL Compilation)"],"gold_per_floor":[117,70,145,145,145,145,174,185,185,200,200,218,245,263,263,360,360,379,392,392,101,111,140,40,40,40,66,80,80,98,98,98],"floor_reached":31,"playtime":1844,"items_purged":["Strike_R","Strike_R"],"score":337,"play_id":"01b7fc9a-86cf-41bb-a1ff-4f78c64f7ae2","local_time":"20210101134222","is_ascension_mode":false,"campfire_choices":[{"data":"Armaments","floor":6,"key":"SMITH"},{"data":"Rampage","floor":11,"key":"SMITH"},{"data":"Feed","floor":15,"key":"SMITH"},{"floor":25,"key":"REST"},{"data":"Spot Weakness","floor":29,"key":"SMITH"}],"circlet_count":0,"master_deck":["Strike_R","Defend_R","Defend_R","Defend_R","Defend_R","Bash","Rampage","Armaments+1","Rampage+1","Uppercut","Disarm","Feed+1","Juggernaut","Metallicize+1","Spot Weakness+1","Battle Trance","Pummel+1","Barricade","Warcry+1","Juggernaut"],"relics":["Burning Blood","NeowsBlessing","Eternal Feather","Gremlin Horn","Regal Pillow","Sozu","PreservedInsect","Bottled Lightning","Meat on the Bone","Toxic Egg 2"],"acts_visited":["Exordium","TheCity"],"potions_floor_usage":[16,31],"damage_taken":[{"damage":0,"enemies":"Jaw Worm","floor":1,"turns":1},{"damage":0,"enemies":"Cultist","floor":5,"turns":1},{"damage":0,"enemies":"Lagavulin","floor":7,"turns":1},{"damage":12,"enemies":"Small Slimes","floor":8,"turns":2},{"damage":14,"enemies":"Red Slaver","floor":10,"turns":4},{"damage":8,"enemies":"Looter","floor":12,"turns":5},{"damage":30,"enemies":"Gremlin Nob","floor":13,"turns":5},{"damage":2,"enemies":"3 Louse","floor":14,"turns":4},{"damage":41,"enemies":"Hexaghost","floor":16,"turns":10},{"damage":18,"enemies":"Shell Parasite","floor":18,"turns":6},{"damage":17,"enemies":"Chosen","floor":19,"turns":5},{"damage":11,"enemies":"Snake Plant","floor":22,"turns":4},{"damage":24,"enemies":"Gremlin Leader","floor":23,"turns":6},{"damage":40,"enemies":"Book of Stabbing","floor":27,"turns":5},{"damage":13,"enemies":"Centurion and Healer","floor":28,"turns":5},{"damage":37,"enemies":"Snecko","floor":30,"turns":6},{"damage":32,"enemies":"3 Cultists","floor":31,"turns":5}],"seed_played":"1543332128201408282","potions_obtained":[{"floor":1,"key":"Dexterity Potion"},{"floor":12,"key":"SkillPotion"},{"floor":13,"key":"Regen Potion"},{"floor":14,"key":"SpeedPotion"},{"floor":16,"key":"Strength Potion"}],"is_trial":false,"path_per_floor":["M","$","?","?","M","R","E","M","T","M","R","M","E","M","R","B",null,"M","M","?","$","M","E","$","R","T","E","M","R","M","M"],"character_chosen":"IRONCLAD","items_purchased":["Armaments","Battle Trance","PreservedInsect"],"campfire_rested":1,"item_purchase_floors":[2,21,21],"current_hp_per_floor":[80,80,69,69,75,75,80,74,74,66,72,70,46,53,62,27,83,75,64,64,64,59,45,45,91,91,57,54,63,44,12,12],"gold":98,"neow_bonus":"THREE_ENEMY_KILL","is_daily":false,"chose_seed":false,"campfire_upgraded":4,"win_rate":0.0,"timestamp":1609479742,"path_taken":["M","$","?","?","M","R","E","M","T","M","R","?","E","M","R","BOSS","M","M","?","$","M","E","$","R","T","E","M","R","M","?"],"items_purchased_type":["Card","Card","Relic"],"build_version":"2020-12-22","purchased_purges":2,"victory":false,"max_hp_per_floor":[80,80,80,80,80,80,80,80,80,80,80,80,80,83,83,83,83,87,87,87,87,87,91,91,91,91,91,95,95,95,95,95],"card_choices":[{"not_picked":["Sword Boomerang","Shrug It Off"],"picked":"Rampage","floor":1},{"not_picked":["Armaments","Second Wind"],"picked":"Uppercut","floor":5},{"not_picked":["Reckless Charge","Cleave"],"picked":"Disarm","floor":7},{"not_picked":["Dark Embrace","Armaments","Perfected Strike"],"picked":"SKIP","floor":8},{"not_picked":["Thunderclap","Shrug It Off","Dark Embrace"],"picked":"SKIP","floor":10},{"not_picked":["True Grit","Sever Soul","Uppercut"],"picked":"SKIP","floor":12},{"not_picked":["True Grit","Shrug It Off"],"picked":"Feed","floor":13},{"not_picked":["Thunderclap","Anger","Clothesline"],"picked":"SKIP","floor":14},{"not_picked":["Reaper","Bludgeon"],"picked":"Juggernaut","floor":16},{"not_picked":["Body Slam","Thunderclap"],"picked":"Metallicize+1","floor":18},{"not_picked":["Dropkick","Burning Pact+1"],"picked":"Spot Weakness","floor":19},{"not_picked":["Dark Embrace","Clothesline"],"picked":"Pummel+1","floor":22},{"not_picked":["Whirlwind","Blood for Blood"],"picked":"Barricade","floor":23},{"not_picked":["Armaments+1","True Grit+1"],"picked":"Warcry+1","floor":27},{"not_picked":["Thunderclap","Iron Wave","Perfected Strike"],"picked":"SKIP","floor":28},{"not_picked":["Flame Barrier+1","Cleave"],"picked":"Juggernaut","floor":30}],"player_experience":12468,"relics_obtained":[{"floor":7,"key":"Eternal Feather"},{"floor":9,"key":"Gremlin Horn"},{"floor":13,"key":"Regal Pillow"},{"floor":23,"key":"Bottled Lightning"},{"floor":26,"key":"Meat on the Bone"},{"floor":27,"key":"Toxic Egg 2"}],"event_choices":[{"damage_healed":0,"gold_gain":75,"player_choice":"Gather Gold","damage_taken":11,"max_hp_gain":0,"max_hp_loss":0,"event_name":"World of Goop","floor":3,"gold_loss":0},{"damage_healed":0,"gold_gain":0,"cards_transformed":["Strike_R"],"player_choice":"Transformed","damage_taken":0,"max_hp_gain":0,"max_hp_loss":0,"event_name":"Transmorgrifier","floor":4,"gold_loss":0,"cards_obtained":["Rampage"]},{"cards_removed":["Strike_R"],"damage_healed":0,"gold_gain":0,"player_choice":"Offered Basic","damage_taken":0,"max_hp_gain":0,"max_hp_loss":0,"event_name":"Bonfire Elementals","floor":20,"gold_loss":0}],"is_beta":false,"boss_relics":[{"not_picked":["Astrolabe","Coffee Dripper"],"picked":"Sozu"}],"items_purged_floors":[21,24],"is_endless":false,"potions_floor_spawned":[1,12,13,14,16,23,27,28,30],"killed_by":"3 Cultists","ascension_level":0}}