{"host":"52m1o8iwwagurbjs","time":1609514875,"event":{"mods":["AchievementEnabler","BaseMod","Bestiary","Colored Powertips","GifTheSpireLib","Minty Spire (QoL Compilation)","Quick Restart","RNG Fix","Relic Stats","StSLib"],"gold_per_floor":[116,126,126,146,164,164,197,197,197,197,197,71,36,67,67,144,144,158,158,4,4,16,42,42,74,74,74,74],"floor_reached":27,"playtime":857,"items_purged":["Strike_G"],"score":514,"play_id":"c9d48008-5193-44d7-bd1e-573a92b3f174","local_time":"20210101102755","is_ascension_mode":true,"campfire_choices":[{"data":"Neutralize","floor":6.0,"key":"SMITH"},{"data":"Envenom","floor":8.0,"key":"SMITH"},{"data":"Deadly Poison","floor":10.0,"key":"SMITH"},{"data":"Noxious Fumes","floor":15.0,"key":"SMITH"},{"data":"Dagger Spray","floor":24.0,"key":"SMITH"}],"circlet_count":0,"master_deck":["AscendersBane","Strike_G","Defend_G","Defend_G","Defend_G","Defend_G","Defend_G","Survivor","Neutralize+1","Bane","Dagger Spray+1","Deadly Poison+1","Sucker Punch","Envenom+1","Dash","Noxious Fumes+1","Malaise","Leg Sweep+1","Dash","Unload","Footwork","Well Laid Plans+1","PiercingWail","Clumsy"],"relics":["Ring of the Snake","Ancient Tea Set","Strawberry","Bottled Lightning","Snake Skull","Cursed Key","Letter Opener","Dream Catcher","Gremlin Horn"],"acts_visited":["Exordium","TheCity"],"potions_floor_usage":[27],"damage_taken":[{"damage":13.0,"enemies":"Cultist","floor":1.0,"turns":6.0},{"damage":4.0,"enemies":"Jaw Worm","floor":2.0,"turns":4.0},{"damage":0.0,"enemies":"2 Louse","floor":4.0,"turns":2.0},{"damage":26.0,"enemies":"Exordium Wildlife","floor":5.0,"turns":7.0},{"damage":19.0,"enemies":"Gremlin Nob","floor":7.0,"turns":4.0},{"damage":19.0,"enemies":"Lagavulin","floor":14.0,"turns":8.0},{"damage":18.0,"enemies":"Hexaghost","floor":16.0,"turns":7.0},{"damage":4.0,"enemies":"Spheric Guardian","floor":18.0,"turns":5.0},{"damage":13.0,"enemies":"3 Byrds","floor":22.0,"turns":5.0},{"damage":5.0,"enemies":"Book of Stabbing","floor":23.0,"turns":8.0},{"damage":24,"enemies":"Gremlin Leader","floor":25,"turns":7},{"damage":20,"enemies":"Shelled Parasite and Fungi","floor":27,"turns":3}],"seed_played":"1715360194135698760","potions_obtained":[{"floor":1.0,"key":"SpeedPotion"},{"floor":16.0,"key":"SpeedPotion"},{"floor":18.0,"key":"AttackPotion"},{"floor":22.0,"key":"Ancient Potion"}],"is_trial":false,"path_per_floor":["M","M","?","M","M","R","E","R","T","R","?","$","?","E","R","B",null,"M","?","$","?","M","E","R","E","T","M"],"character_chosen":"THE_SILENT","items_purchased":["Dash","Noxious Fumes","Footwork"],"campfire_rested":0,"item_purchase_floors":[12,12,20],"current_hp_per_floor":[52,48,48,48,22,22,10,10,10,10,36,36,55,36,36,18,64,60,60,60,60,47,42,42,18,18,0,0],"gold":74,"neow_bonus":"TEN_PERCENT_HP_BONUS","is_daily":false,"chose_seed":false,"campfire_upgraded":5,"win_rate":0.0,"timestamp":1609514875,"path_taken":["M","M","?","?","M","R","E","R","T","R","?","$","?","E","R","BOSS","M","?","?","?","?","E","R","E","T","M"],"items_purchased_type":["Card","Card","Card"],"build_version":"2020-12-22","purchased_purges":1,"victory":false,"max_hp_per_floor":[72,72,72,72,72,72,79,79,79,79,79,79,79,79,79,79,79,79,79,79,79,79,79,79,79,79,79,79],"relic_stats":{"Dream Catcher":0,"Gremlin Horn":[1,1],"counters":[12,66],"Snake Skull":[76],"Letter Opener":[0],"Cursed Key":1,"obtain_stats":[{"Dream Catcher":25,"Gremlin Horn":26,"Strawberry":7,"Snake Skull":14,"Bottled Lightning":9,"Letter Opener":23,"Ancient Tea Set":3,"Cursed Key":17,"Ring of the Snake":0},{"Dream Catcher":11,"Gremlin Horn":11,"Strawberry":5,"Snake Skull":6,"Bottled Lightning":5,"Letter Opener":10,"Ancient Tea Set":2,"Cursed Key":7,"Ring of the Snake":0},{"Dream Catcher":63,"Gremlin Horn":63,"Strawberry":23,"Snake Skull":31,"Bottled Lightning":23,"Letter Opener":56,"Ancient Tea Set":10,"Cursed Key":38,"Ring of the Snake":0}],"Ring of the Snake":[24]},"card_choices":[{"not_picked":["Deflect","Outmaneuver"],"picked":"Bane","floor":1.0},{"not_picked":["Expertise","Prepared"],"picked":"Dagger Spray","floor":2.0},{"not_picked":["Concentrate","Cloak And Dagger"],"picked":"Deadly Poison","floor":4.0},{"not_picked":["Grand Finale","Choke"],"picked":"Sucker Punch","floor":5.0},{"not_picked":["Blade Dance","Dodge and Roll"],"picked":"Envenom","floor":7.0},{"not_picked":["Underhanded Strike","Skewer","Flying Knee"],"picked":"SKIP","floor":14.0},{"not_picked":["Tools of the Trade","Grand Finale"],"picked":"Malaise","floor":16.0},{"not_picked":["Choke","Expertise"],"picked":"Leg Sweep+1","floor":18.0},{"not_picked":["Deadly Poison","Sucker Punch"],"picked":"Well Laid Plans+1","floor":22.0},{"not_picked":["Sucker Punch","Doppelganger","Deadly Poison"],"picked":"SKIP","floor":23.0},{"not_picked":["Tactician","Outmaneuver"],"picked":"PiercingWail","floor":25}],"player_experience":1078987,"relics_obtained":[{"floor":3.0,"key":"Ancient Tea Set"},{"floor":7.0,"key":"Strawberry"},{"floor":9.0,"key":"Bottled Lightning"},{"floor":14.0,"key":"Snake Skull"},{"floor":23.0,"key":"Letter Opener"},{"floor":25,"key":"Dream Catcher"},{"floor":26,"key":"Gremlin Horn"}],"event_choices":[{"damage_healed":0.0,"max_hp_gain":0.0,"max_hp_loss":0.0,"gold_gain":0.0,"event_name":"Wheel of Change","player_choice":"Relic","floor":3.0,"gold_loss":0.0,"damage_taken":0.0},{"damage_healed":26.0,"max_hp_gain":0.0,"max_hp_loss":0.0,"gold_gain":0.0,"event_name":"Big Fish","player_choice":"Banana","floor":11.0,"gold_loss":0.0,"damage_taken":0.0},{"damage_healed":19.0,"max_hp_gain":0.0,"max_hp_loss":0.0,"gold_gain":0.0,"event_name":"The Cleric","player_choice":"Healed","floor":13.0,"gold_loss":35.0,"damage_taken":0.0},{"damage_healed":0.0,"max_hp_gain":0.0,"max_hp_loss":0.0,"gold_gain":0.0,"cards_transformed":["Strike_G","Strike_G"],"event_name":"Drug Dealer","player_choice":"Became Test Subject","floor":19.0,"gold_loss":0.0,"damage_taken":0.0,"cards_obtained":["Dash","Unload"]},{"cards_removed":["Strike_G"],"damage_healed":0.0,"max_hp_gain":0.0,"max_hp_loss":0.0,"gold_gain":0.0,"event_name":"Purifier","player_choice":"Purged","floor":21.0,"gold_loss":0.0,"damage_taken":0.0}],"is_beta":false,"boss_relics":[{"not_picked":["Empty Cage","Black Star"],"picked":"Cursed Key"}],"items_purged_floors":[20],"is_endless":false,"potions_floor_spawned":[1,16,18,22],"killed_by":"Shelled Parasite and Fungi","ascension_level":20}}