{"host":"u7lm8z2rvb4dg2oo","time":1609541402,"event":{"mods":["AchievementEnabler","BaseMod","Colored Map","Colored Powertips","Curses Come First","Googly Eyes","Highlight Path","Minty Spire (QoL Compilation)","Quick Restart","StSLib"],"gold_per_floor":[111,123,23,23,36,71,71,16,43,218,251,49,64,80,80,176,226,243,102,102,0,0,26,26,46,91,91,116,116,150,170,170,170,170],"floor_reached":33,"playtime":2613,"items_purged":["Doubt","Doubt"],"score":491,"play_id":"1260e72e-8247-47f9-93a8-8d5e9a22e69e","local_time":"20210101175002","is_ascension_mode":true,"campfire_choices":[{"data":"Eruption","floor":7.0,"key":"SMITH"},{"floor":15.0,"key":"REST"},{"data":"Ragnarok","floor":24,"key":"SMITH"},{"data":"SpiritShield","floor":32,"key":"SMITH"}],"circlet_count":0,"master_deck":["Strike_P","Strike_P","Strike_P+1","Strike_P","Defend_P+1","Defend_P","Defend_P","Defend_P","Eruption+1","Vigilance","CutThroughFate","CutThroughFate","MentalFortress","Conclude","MasterReality","WindmillStrike","Ragnarok+1","TalkToTheHand+1","Protect","Tantrum+1","Protect+1","SpiritShield+1"],"relics":["PureWater","CaptainsWheel","Akabeko","The Courier","Potion Belt","Juzu Bracelet","Tiny House","Regal Pillow","Whetstone","CeramicFish","MutagenicStrength","Eternal Feather"],"acts_visited":["Exordium","TheCity"],"potions_floor_usage":[18,23,28,33,33],"damage_taken":[{"damage":0.0,"enemies":"Cultist","floor":1.0,"turns":3.0},{"damage":2.0,"enemies":"2 Louse","floor":2.0,"turns":4.0},{"damage":0.0,"enemies":"Small Slimes","floor":5.0,"turns":3.0},{"damage":38.0,"enemies":"3 Sentries","floor":6.0,"turns":10.0},{"damage":0.0,"enemies":"Gremlin Nob","floor":11.0,"turns":4.0},{"damage":0.0,"enemies":"3 Louse","floor":13.0,"turns":1.0},{"damage":0.0,"enemies":"Large Slime","floor":14.0,"turns":3.0},{"damage":0.0,"enemies":"Slime Boss","floor":16.0,"turns":6.0},{"damage":11,"enemies":"3 Byrds","floor":18,"turns":6},{"damage":9,"enemies":"Slavers","floor":23,"turns":2},{"damage":0,"enemies":"Spheric Guardian","floor":25,"turns":1},{"damage":0,"enemies":"Snake Plant","floor":28,"turns":1},{"damage":0,"enemies":"Gremlin Leader","floor":30,"turns":3},{"damage":0,"enemies":"Chosen and Byrds","floor":31,"turns":4},{"damage":144,"enemies":"Automaton","floor":33,"turns":6}],"seed_played":"8584136285475101345","potions_obtained":[{"floor":1.0,"key":"Weak Potion"},{"floor":2.0,"key":"SpeedPotion"},{"floor":13.0,"key":"DistilledChaos"},{"floor":17,"key":"Block Potion"},{"floor":28,"key":"Fruit Juice"},{"floor":30,"key":"Explosive Potion"},{"floor":31,"key":"BottledMiracle"}],"is_trial":false,"path_per_floor":["M","M","$","?","M","E","R","$","T","?","E","$","M","M","R","B",null,"M","$","?","$","?","E","R","M","T","?","M","?","E","M","R","B"],"character_chosen":"WATCHER","items_purchased":["CutThroughFate","Conclude","Juzu Bracelet","Regal Pillow","Protect","FearPotion","StancePotion"],"campfire_rested":1,"item_purchase_floors":[3,8,12,19,19,21,21],"current_hp_per_floor":[72,70,70,70,70,32,32,32,32,32,32,32,32,32,53,53,72,61,61,77,77,77,68,68,68,68,68,73,73,73,73,82,0,0],"gold":170,"neow_bonus":"ONE_RARE_RELIC","is_daily":false,"chose_seed":false,"campfire_upgraded":3,"win_rate":0.0,"timestamp":1609541402,"path_taken":["M","?","$","?","?","E","R","$","T","?","E","$","M","M","R","BOSS","M","$","?","$","?","E","R","M","T","?","M","?","E","M","R","BOSS"],"items_purchased_type":["Card","Card","Relic","Relic","Card","Potion","Potion"],"build_version":"2020-12-22","purchased_purges":2,"victory":false,"max_hp_per_floor":[72,72,72,72,72,72,72,72,72,72,72,72,72,72,72,72,77,77,77,77,77,77,77,77,77,77,77,82,82,82,82,82,82,82],"card_choices":[{"not_picked":["Weave","Meditate","SignatureMove"],"picked":"SKIP","floor":1.0},{"not_picked":["Protect","FlurryOfBlows"],"picked":"CutThroughFate","floor":2.0},{"not_picked":["Evaluate","Halt"],"picked":"MentalFortress","floor":5.0},{"not_picked":["EmptyBody","ForeignInfluence","Brilliance"],"picked":"SKIP","floor":6.0},{"not_picked":["InnerPeace","CrushJoints"],"picked":"MasterReality","floor":11.0},{"not_picked":["PathToVictory","EmptyBody"],"picked":"WindmillStrike","floor":13.0},{"not_picked":["JustLucky","Swivel","CrushJoints"],"picked":"SKIP","floor":14.0},{"not_picked":["Vault","Alpha"],"picked":"Ragnarok","floor":16.0},{"not_picked":["Evaluate","FlurryOfBlows"],"picked":"TalkToTheHand","floor":17},{"not_picked":["Halt","FollowUp","ConjureBlade"],"picked":"SKIP","floor":18},{"not_picked":["Swivel+1","ClearTheMind","BowlingBash"],"picked":"SKIP","floor":23},{"not_picked":["WreathOfFlame","JustLucky+1"],"picked":"Tantrum+1","floor":25},{"not_picked":["FlurryOfBlows","Indignation"],"picked":"Protect+1","floor":28},{"not_picked":["Halt","SashWhip","EmptyBody+1"],"picked":"SKIP","floor":30},{"not_picked":["Halt","Wallop"],"picked":"SpiritShield","floor":31}],"player_experience":1025658,"relics_obtained":[{"floor":6.0,"key":"The Courier"},{"floor":11.0,"key":"Potion Belt"},{"floor":23,"key":"Whetstone"},{"floor":26,"key":"CeramicFish"},{"floor":30,"key":"Eternal Feather"}],"event_choices":[{"damage_healed":0.0,"max_hp_gain":0.0,"max_hp_loss":0.0,"gold_gain":0.0,"event_name":"WeMeetAgain","player_choice":"Gave Potion","floor":4.0,"gold_loss":0.0,"damage_taken":0.0,"relics_obtained":["Akabeko"]},{"damage_healed":0.0,"max_hp_gain":0.0,"max_hp_loss":0.0,"gold_gain":175.0,"event_name":"Liars Game","player_choice":"AGREE","floor":10.0,"gold_loss":0.0,"damage_taken":0.0,"cards_obtained":["Doubt"]},{"damage_healed":25,"gold_gain":0,"player_choice":"Heal","damage_taken":0,"max_hp_gain":0,"max_hp_loss":0,"event_name":"The Library","floor":20,"gold_loss":0},{"damage_healed":0,"gold_gain":0,"player_choice":"Inject Mutagens","damage_taken":0,"relics_obtained":["MutagenicStrength"],"max_hp_gain":0,"max_hp_loss":0,"event_name":"Drug Dealer","floor":27,"gold_loss":0},{"damage_healed":0,"gold_gain":0,"player_choice":"Ignored","damage_taken":0,"max_hp_gain":0,"max_hp_loss":0,"event_name":"Ghosts","floor":29,"gold_loss":0}],"is_beta":false,"boss_relics":[{"not_picked":["Sozu","Fusion Hammer"],"picked":"Tiny House"}],"items_purged_floors":[3,12],"is_endless":false,"potions_floor_spawned":[1,2,13,28,30,31],"killed_by":"Automaton","ascension_level":5}}