{"host":"54vghy6hfkyy1r39","time":1609497075,"event":{"mods":["AchievementEnabler","BaseMod","Minty Spire (QoL Compilation)","StSLib","SuperFastMode","everything is the same but u backflip on backflip"],"gold_per_floor":[119,134,134,153,173,173,173,173,173,173,198,232,232,247,247,377,377,402,433,433,457,187,187,212,236,236,79,79,79,95,109,109,109,109],"floor_reached":33,"playtime":689,"items_purged":["Defend_P"],"score":249,"play_id":"7e8071a8-8c2e-460d-971d-ed551c5a8b8a","local_time":"20210101193115","is_ascension_mode":false,"campfire_choices":[{"data":"Eruption","floor":6,"key":"SMITH"},{"data":"Ragnarok","floor":8,"key":"SMITH"},{"floor":13,"key":"REST"},{"data":"Consecrate","floor":15,"key":"SMITH"},{"floor":23,"key":"REST"},{"floor":28,"key":"REST"},{"floor":32,"key":"REST"}],"circlet_count":0,"master_deck":["Strike_P","Strike_P","Strike_P","Defend_P","Defend_P","Eruption+1","Vigilance","Ragnarok+1","Consecrate","LikeWater","Consecrate+1","Ragnarok","Sanctity+1","Adaptation","FlurryOfBlows"],"relics":["PureWater","Torii","Ornamental Fan","Golden Idol","Sundial","SlaversCollar","Red Mask","HandDrill","Calipers","Strawberry"],"acts_visited":["Exordium","TheCity"],"potions_floor_usage":[12,25],"damage_taken":[{"damage":0,"enemies":"Small Slimes","floor":1,"turns":2},{"damage":0,"enemies":"Jaw Worm","floor":2,"turns":3},{"damage":0,"enemies":"Cultist","floor":4,"turns":3},{"damage":3,"enemies":"Exordium Thugs","floor":5,"turns":4},{"damage":0,"enemies":"Exordium Wildlife","floor":11,"turns":2},{"damage":18,"enemies":"Lagavulin","floor":12,"turns":3},{"damage":1,"enemies":"Blue Slaver","floor":14,"turns":2},{"damage":22,"enemies":"Hexaghost","floor":16,"turns":6},{"damage":31,"enemies":"2 Thieves","floor":18,"turns":4},{"damage":24,"enemies":"Masked Bandits","floor":19,"turns":5},{"damage":0,"enemies":"Shell Parasite","floor":21,"turns":3},{"damage":7,"enemies":"Snecko","floor":24,"turns":3},{"damage":21,"enemies":"Snake Plant","floor":25,"turns":5},{"damage":7,"enemies":"Cultist and Chosen","floor":30,"turns":5},{"damage":26,"enemies":"Centurion and Healer","floor":31,"turns":2},{"damage":34,"enemies":"Automaton","floor":33,"turns":4}],"seed_played":"3014917478284986938","potions_obtained":[{"floor":4,"key":"SkillPotion"},{"floor":5,"key":"Weak Potion"},{"floor":16,"key":"BlessingOfTheForge"},{"floor":19,"key":"BottledMiracle"}],"is_trial":false,"path_per_floor":["M","M","?","M","M","R","T","R","T","?","M","E","R","M","R","B",null,"M","?","?","M","$","R","M","M","T","$","R","$","M","M","R","B"],"character_chosen":"WATCHER","items_purchased":["HandDrill","Adaptation","Strawberry"],"campfire_rested":4,"item_purchase_floors":[22,22,27],"current_hp_per_floor":[72,72,65,65,62,62,62,62,62,44,44,26,47,46,46,24,72,41,17,17,17,17,38,31,10,10,17,40,40,33,7,30,0,0],"gold":109,"neow_bonus":"ONE_RANDOM_RARE_CARD","is_daily":false,"chose_seed":false,"campfire_upgraded":3,"win_rate":0.0,"timestamp":1609497075,"path_taken":["M","M","?","M","M","R","?","R","T","?","M","E","R","M","R","BOSS","M","?","?","?","?","R","M","M","T","$","R","$","M","M","R","BOSS"],"items_purchased_type":["Relic","Card","Relic"],"build_version":"2020-12-22","purchased_purges":1,"victory":false,"max_hp_per_floor":[72,72,72,72,72,72,72,72,72,72,72,72,72,72,72,72,72,72,72,72,72,72,72,72,72,72,79,79,79,79,79,79,79,79],"card_choices":[{"not_picked":["Wallop","Crescendo"],"picked":"Consecrate","floor":1},{"not_picked":["WaveOfTheHand","Halt"],"picked":"LikeWater","floor":2},{"not_picked":["SandsOfTime","Sanctity","Nirvana"],"picked":"SKIP","floor":4},{"not_picked":["Perseverance","Collect","Indignation"],"picked":"SKIP","floor":5},{"not_picked":["FollowUp","EmptyBody"],"picked":"Consecrate","floor":11},{"not_picked":["Vault","CutThroughFate","Protect"],"picked":"SKIP","floor":12},{"not_picked":["Prostrate","EmptyBody","FlyingSleeves"],"picked":"SKIP","floor":14},{"not_picked":["Vault","Scrawl"],"picked":"Ragnarok","floor":16},{"not_picked":["JustLucky","CrushJoints","FollowUp+1"],"picked":"SKIP","floor":18},{"not_picked":["WindmillStrike","SashWhip"],"picked":"Sanctity+1","floor":19},{"not_picked":["CrushJoints+1","Halt","Evaluate"],"picked":"SKIP","floor":21},{"not_picked":["Wireheading","WaveOfTheHand","Swivel+1"],"picked":"SKIP","floor":24},{"not_picked":["Protect","JustLucky","FollowUp"],"picked":"SKIP","floor":25},{"not_picked":["BowlingBash+1","FollowUp+1","EmptyBody+1"],"picked":"SKIP","floor":30},{"not_picked":["TalkToTheHand","SashWhip"],"picked":"FlurryOfBlows","floor":31}],"player_experience":168533,"relics_obtained":[{"floor":7,"key":"Torii"},{"floor":9,"key":"Ornamental Fan"},{"floor":12,"key":"Sundial"},{"floor":19,"key":"Red Mask"},{"floor":26,"key":"Calipers"}],"event_choices":[{"cards_removed":["Strike_P"],"damage_healed":0,"gold_gain":0,"player_choice":"Card Removal","damage_taken":7,"max_hp_gain":0,"max_hp_loss":0,"event_name":"Golden Wing","floor":3,"gold_loss":0},{"damage_healed":0,"gold_gain":0,"player_choice":"Take Damage","damage_taken":18,"relics_obtained":["Golden Idol"],"max_hp_gain":0,"max_hp_loss":0,"event_name":"Golden Idol","floor":10,"gold_loss":0},{"damage_healed":0,"gold_gain":0,"player_choice":"Fought Bandits","damage_taken":0,"max_hp_gain":0,"max_hp_loss":0,"event_name":"Masked Bandits","floor":19,"gold_loss":0},{"cards_removed":["Defend_P"],"damage_healed":0,"gold_gain":0,"player_choice":"Offered Basic","damage_taken":0,"max_hp_gain":0,"max_hp_loss":0,"event_name":"Bonfire Elementals","floor":20,"gold_loss":0}],"is_beta":false,"boss_relics":[{"not_picked":["Velvet Choker","Coffee Dripper"],"picked":"SlaversCollar"}],"items_purged_floors":[22],"is_endless":false,"potions_floor_spawned":[4,5,16,19,24],"killed_by":"Automaton","ascension_level":0}}