{"host":"sxnl403xm2xmiyj1","time":1609470754,"event":{"mods":["AchievementEnabler","BaseMod","Colored Map","Keyboard Shortcuts","Minty Spire (QoL Compilation)","Quick Restart","StSLib","SuperFastMode"],"gold_per_floor":[119,119,136,149,163,163,198,198,225,225,225,31,44,9,9,9,9],"floor_reached":16,"playtime":263,"items_purged":[],"score":145,"play_id":"c60e4ed8-8906-44dc-8130-9d1ee076b7a9","local_time":"20210101121234","is_ascension_mode":true,"campfire_choices":[{"data":"Crippling Poison","floor":6.0,"key":"SMITH"},{"data":"Burst","floor":8.0,"key":"SMITH"},{"data":"Bandage Up","floor":10.0,"key":"SMITH"},{"data":"Neutralize","floor":15,"key":"SMITH"}],"circlet_count":0,"master_deck":["Strike_G","Strike_G","Strike_G","Strike_G","Strike_G","Defend_G","Defend_G","Defend_G","Defend_G","Defend_G","Survivor","Neutralize+1","Bandage Up+1","Crippling Poison+1","Bane","Bane","After Image","Burst+1","Accuracy","Reflex","Tactician","Reflex"],"relics":["Ring of the Snake","Tiny Chest","Bag of Preparation"],"acts_visited":["Exordium"],"potions_floor_usage":[16,16],"damage_taken":[{"damage":6.0,"enemies":"2 Louse","floor":1.0,"turns":4.0},{"damage":0.0,"enemies":"Small Slimes","floor":3.0,"turns":4.0},{"damage":13.0,"enemies":"Jaw Worm","floor":4.0,"turns":5.0},{"damage":16.0,"enemies":"Exordium Thugs","floor":5.0,"turns":5.0},{"damage":20.0,"enemies":"Gremlin Nob","floor":7.0,"turns":5.0},{"damage":0,"enemies":"2 Fungi Beasts","floor":13,"turns":4},{"damage":53,"enemies":"Hexaghost","floor":16,"turns":16}],"seed_played":"7628186251406914495","potions_obtained":[{"floor":4.0,"key":"SneckoOil"},{"floor":5.0,"key":"LiquidBronze"},{"floor":13,"key":"CunningPotion"}],"is_trial":false,"path_per_floor":["M","?","M","M","M","R","E","R","T","R","?","$","M","?","R","B"],"character_chosen":"THE_SILENT","items_purchased":["Accuracy","Reflex","Tactician"],"campfire_rested":0,"item_purchase_floors":[12,12,12],"current_hp_per_floor":[61,66,70,61,49,49,33,33,33,33,33,33,39,57,57,10,10],"gold":9,"neow_bonus":"RANDOM_COLORLESS","is_daily":false,"chose_seed":false,"campfire_upgraded":4,"win_rate":0.0,"timestamp":1609470754,"path_taken":["M","?","M","M","M","R","E","R","T","R","?","$","M","?","R","BOSS"],"items_purchased_type":["Card","Card","Card"],"build_version":"2020-12-22","purchased_purges":0,"victory":false,"max_hp_per_floor":[70,75,75,75,75,75,75,75,75,75,75,75,75,75,75,75,75],"card_choices":[{"not_picked":["Forethought","Impatience"],"picked":"Bandage Up","floor":0.0},{"not_picked":["Escape Plan","Underhanded Strike"],"picked":"Crippling Poison","floor":1.0},{"not_picked":["Underhanded Strike","Cloak And Dagger"],"picked":"Bane","floor":3.0},{"not_picked":["Concentrate","Skewer"],"picked":"Bane","floor":4.0},{"not_picked":["Acrobatics","Setup"],"picked":"After Image","floor":5.0},{"not_picked":["Riddle With Holes","Eviscerate"],"picked":"Burst","floor":7.0},{"not_picked":["Bane","Outmaneuver"],"picked":"Reflex","floor":13}],"player_experience":142352,"relics_obtained":[{"floor":7.0,"key":"Tiny Chest"},{"floor":9.0,"key":"Bag of Preparation"}],"event_choices":[{"damage_healed":0.0,"max_hp_gain":5.0,"max_hp_loss":0.0,"gold_gain":0.0,"event_name":"Big Fish","player_choice":"Donut","floor":2.0,"gold_loss":0.0,"damage_taken":0.0},{"damage_healed":0.0,"max_hp_gain":0.0,"max_hp_loss":0.0,"gold_gain":0.0,"event_name":"Dead Adventurer","player_choice":"Searched \u00270\u0027 times","floor":11.0,"gold_loss":0.0,"damage_taken":0.0},{"damage_healed":18,"gold_gain":0,"player_choice":"Healed","damage_taken":0,"max_hp_gain":0,"max_hp_loss":0,"event_name":"The Cleric","floor":14,"gold_loss":35}],"is_beta":false,"boss_relics":[],"items_purged_floors":[],"is_endless":false,"potions_floor_spawned":[4,5,13],"killed_by":"Hexaghost","ascension_level":9}}