{"host":"Bilverbakes","time":1609542048,"event":{"mods":["2.2 Compatiblity","AchievementEnabler","BaseMod","Bestiary","Colored Map","Minty Spire (QoL Compilation)","Relic Stats","StSLib","ojb\u0027s Info Mod"],"gold_per_floor":[118,118,131,181,23,56,70,70,70],"floor_reached":8,"playtime":398,"items_purged":[],"score":106,"play_id":"72354d34-fd12-4244-b246-f22978337d70","local_time":"20210101170048","is_ascension_mode":true,"campfire_choices":[],"circlet_count":0,"master_deck":["AscendersBane","Strike_G","Strike_G","Strike_G","Strike_G","Strike_G","Defend_G","Defend_G","Defend_G","Defend_G","Defend_G","Survivor","Neutralize+1","Predator","Backflip","After Image","Noxious Fumes"],"relics":["Ring of the Snake","Golden Idol","Ornamental Fan"],"acts_visited":["Exordium"],"potions_floor_usage":[6],"damage_taken":[{"damage":2,"enemies":"2 Louse","floor":1,"turns":5},{"damage":0,"enemies":"Small Slimes","floor":3,"turns":3},{"damage":27,"enemies":"Gremlin Nob","floor":6,"turns":5},{"damage":0,"enemies":"Cultist","floor":7,"turns":5},{"damage":23,"enemies":"3 Sentries","floor":8,"turns":6}],"seed_played":"-7669998577903540940","potions_obtained":[{"floor":3,"key":"EssenceOfSteel"}],"is_trial":false,"path_per_floor":["M","?","M","?","$","E","M","E"],"character_chosen":"THE_SILENT","items_purchased":["After Image"],"campfire_rested":0,"item_purchase_floors":[5],"current_hp_per_floor":[57,57,57,51,51,24,24,1,1],"gold":70,"neow_bonus":"UPGRADE_CARD","is_daily":false,"chose_seed":false,"campfire_upgraded":0,"win_rate":0.0,"timestamp":1609542048,"path_taken":["M","?","M","?","$","E","M","E"],"items_purchased_type":["Card"],"build_version":"2020-12-18","purchased_purges":0,"victory":false,"max_hp_per_floor":[66,60,60,60,60,60,60,60,60],"relic_stats":{"counters":[5,24],"Golden Idol":13,"Ornamental Fan":[4],"obtain_stats":[{"Golden Idol":2,"Ornamental Fan":6,"Ring of the Snake":0},{"Golden Idol":1,"Ornamental Fan":3,"Ring of the Snake":0},{"Golden Idol":5,"Ornamental Fan":13,"Ring of the Snake":0}],"Ring of the Snake":[10]},"card_choices":[{"not_picked":["Acrobatics","Poisoned Stab"],"picked":"Predator","floor":1},{"not_picked":["Concentrate","Sucker Punch"],"picked":"Backflip","floor":3},{"not_picked":["Dodge and Roll","Well Laid Plans"],"picked":"Noxious Fumes","floor":6},{"not_picked":["Tactician","Infinite Blades","Eviscerate"],"picked":"SKIP","floor":7}],"player_experience":513094,"relics_obtained":[{"floor":6,"key":"Ornamental Fan"}],"event_choices":[{"damage_healed":0,"gold_gain":0,"player_choice":"Lose Max HP","damage_taken":0,"relics_obtained":["Golden Idol"],"max_hp_gain":0,"max_hp_loss":6,"event_name":"Golden Idol","floor":2,"gold_loss":0},{"damage_healed":0,"gold_gain":50,"player_choice":"Touch","damage_taken":6,"max_hp_gain":0,"max_hp_loss":0,"event_name":"FaceTrader","floor":4,"gold_loss":0}],"is_beta":true,"boss_relics":[],"items_purged_floors":[],"is_endless":false,"potions_floor_spawned":[3],"killed_by":"3 Sentries","ascension_level":18}}