{"host":"u7lm8z2rvb4dg2oo","time":1609485096,"event":{"mods":["AchievementEnabler","BaseMod","Colored Map","Colored Powertips","Curses Come First","Googly Eyes","Highlight Path","Minty Spire (QoL Compilation)","Quick Restart","StSLib"],"gold_per_floor":[118,135,153,163,163,163,189,207,207,207,240,240,54,54,54,185,185,140,140],"floor_reached":18,"playtime":750,"items_purged":[],"score":244,"play_id":"52bd41c1-f9f2-47a0-bfa0-6f1d0d3de68c","local_time":"20210101021136","is_ascension_mode":true,"campfire_choices":[{"data":"Eruption","floor":6,"key":"SMITH"},{"floor":10,"key":"RECALL"},{"data":"Blasphemy","floor":15,"key":"SMITH"}],"circlet_count":0,"master_deck":["Strike_P","Strike_P","Strike_P","Strike_P","Defend_P+1","Defend_P+1","Defend_P","Defend_P","Eruption+1","Vigilance","Protect","FearNoEvil","CutThroughFate","TalkToTheHand","Blasphemy+1","WindmillStrike","Vault"],"relics":["PureWater","War Paint","Pocketwatch","Blood Vial","Golden Idol","Philosopher\u0027s Stone"],"acts_visited":["Exordium","TheCity"],"potions_floor_usage":[11,18,18,18],"damage_taken":[{"damage":8,"enemies":"Small Slimes","floor":1,"turns":4},{"damage":0,"enemies":"Jaw Worm","floor":2,"turns":5},{"damage":4,"enemies":"2 Louse","floor":3,"turns":2},{"damage":0,"enemies":"Looter","floor":4,"turns":3},{"damage":14,"enemies":"Lagavulin","floor":7,"turns":7},{"damage":3,"enemies":"Blue Slaver","floor":8,"turns":2},{"damage":0,"enemies":"3 Sentries","floor":11,"turns":4},{"damage":7,"enemies":"The Guardian","floor":16,"turns":8},{"damage":100011,"enemies":"2 Thieves","floor":18,"turns":4}],"seed_played":"-7898270728126899238","potions_obtained":[{"floor":3,"key":"EssenceOfSteel"},{"floor":7,"key":"AttackPotion"},{"floor":8,"key":"PowerPotion"},{"floor":16,"key":"PowerPotion"}],"is_trial":false,"path_per_floor":["M","M","M","M","?","R","E","M","T","R","E","?","$","?","R","B",null,"M"],"character_chosen":"WATCHER","items_purchased":["Blasphemy","WindmillStrike"],"campfire_rested":0,"item_purchase_floors":[13,13],"current_hp_per_floor":[64,64,60,60,60,60,46,43,43,43,43,67,67,67,67,60,65,0,0],"gold":140,"neow_bonus":"RANDOM_COMMON_RELIC","is_daily":false,"chose_seed":false,"campfire_upgraded":2,"win_rate":0.0,"timestamp":1609485096,"path_taken":["M","M","M","M","?","R","E","M","T","R","E","?","$","?","R","BOSS","M"],"items_purchased_type":["Card","Card"],"build_version":"2020-12-22","purchased_purges":0,"victory":false,"max_hp_per_floor":[72,72,72,72,72,72,72,72,72,72,72,72,72,67,67,67,67,67,67],"card_choices":[{"not_picked":["Evaluate","Halt","FlyingSleeves"],"picked":"SKIP","floor":1},{"not_picked":["WheelKick","SashWhip"],"picked":"Protect","floor":2},{"not_picked":["Halt","Study"],"picked":"FearNoEvil","floor":3},{"not_picked":["CrushJoints","PathToVictory","Weave"],"picked":"SKIP","floor":4},{"not_picked":["BowlingBash","FollowUp"],"picked":"CutThroughFate","floor":7},{"not_picked":["Sanctity","EmptyMind","InnerPeace"],"picked":"SKIP","floor":8},{"not_picked":["WreathOfFlame","Establishment"],"picked":"TalkToTheHand","floor":11},{"not_picked":["DevaForm","Brilliance"],"picked":"Vault","floor":16}],"player_experience":1023881,"relics_obtained":[{"floor":7,"key":"Pocketwatch"},{"floor":11,"key":"Blood Vial"}],"event_choices":[{"damage_healed":0,"gold_gain":0,"player_choice":"Ignored","damage_taken":0,"max_hp_gain":0,"max_hp_loss":0,"event_name":"Shining Light","floor":5,"gold_loss":0},{"damage_healed":24,"gold_gain":0,"player_choice":"Banana","damage_taken":0,"max_hp_gain":0,"max_hp_loss":0,"event_name":"Big Fish","floor":12,"gold_loss":0},{"damage_healed":0,"gold_gain":0,"player_choice":"Lose Max HP","damage_taken":0,"relics_obtained":["Golden Idol"],"max_hp_gain":0,"max_hp_loss":5,"event_name":"Golden Idol","floor":14,"gold_loss":0}],"is_beta":false,"boss_relics":[{"not_picked":["SlaversCollar","Black Star"],"picked":"Philosopher\u0027s Stone"}],"items_purged_floors":[],"is_endless":false,"potions_floor_spawned":[3,7,8,16],"killed_by":"2 Thieves","ascension_level":5}}