{"host":"1zfbckszmdcrhnfi","time":1609500333,"event":{"mods":["AchievementEnabler","BaseMod","Colored Map","Downfall","Minty Spire (QoL Compilation)","Quick Restart","Shop Mod","StSLib","The Cursed"],"gold_per_floor":[14,28,28,41,41,76,76,136,136,136,61,61,61],"floor_reached":12,"playtime":620,"items_purged":["Strike_G"],"score":84,"play_id":"d5f2c0ff-6b02-4871-a685-d0c45fea91d4","local_time":"20210101192533","is_ascension_mode":true,"campfire_choices":[{"floor":7.0,"key":"RECALL"},{"floor":10.0,"key":"REST"}],"circlet_count":0,"master_deck":["Strike_G","Strike_G","Strike_G","Strike_G","Defend_G","Defend_G","Defend_G","Defend_G","Survivor","Neutralize+1","Concentrate","Terror+1","Setup+1","PiercingWail+1"],"relics":["Ring of the Snake","Toxic Egg 2","Dream Catcher"],"acts_visited":["Exordium"],"potions_floor_usage":[],"damage_taken":[{"damage":3.0,"enemies":"2 Louse","floor":1.0,"turns":4.0},{"damage":1.0,"enemies":"Jaw Worm","floor":2.0,"turns":5.0},{"damage":0.0,"enemies":"Small Slimes","floor":4.0,"turns":3.0},{"damage":9.0,"enemies":"Lagavulin","floor":6.0,"turns":6.0},{"damage":42.0,"enemies":"3 Sentries","floor":8.0,"turns":14.0},{"damage":45,"enemies":"3 Sentries","floor":12,"turns":13}],"seed_played":"-1476617428369565405","potions_obtained":[{"floor":1.0,"key":"Fire Potion"},{"floor":2.0,"key":"Strength Potion"},{"floor":4.0,"key":"PowerPotion"}],"is_trial":false,"path_per_floor":["M","M","?","M","?","E","R","?","T","R","$","E"],"character_chosen":"THE_SILENT","items_purchased":[],"campfire_rested":1,"item_purchase_floors":[],"current_hp_per_floor":[81,80,80,80,73,64,64,22,22,47,47,2,2],"gold":61,"neow_bonus":"TWENTY_PERCENT_HP_BONUS","is_daily":false,"chose_seed":false,"campfire_upgraded":0,"win_rate":0.0,"timestamp":1609500333,"path_taken":["M","M","?","M","?","E","R","?","T","R","$","E"],"items_purchased_type":[],"build_version":"2020-12-22","purchased_purges":1,"victory":false,"max_hp_per_floor":[84,84,84,84,84,84,84,84,84,84,84,84,84],"card_choices":[{"not_picked":["Escape Plan","Dagger Spray"],"picked":"Concentrate","floor":1.0},{"not_picked":["Acrobatics","Flying Knee","Concentrate"],"picked":"SKIP","floor":2.0},{"not_picked":["PiercingWail","Heel Hook","Bane"],"picked":"SKIP","floor":4.0},{"not_picked":["Quick Slash","Tactician+1"],"picked":"Terror+1","floor":6.0},{"not_picked":["Caltrops","Quick Slash"],"picked":"Setup+1","floor":8.0},{"not_picked":["Sucker Punch","Dagger Throw"],"picked":"PiercingWail+1","floor":10.0}],"player_experience":186390,"relics_obtained":[{"floor":6.0,"key":"Toxic Egg 2"},{"floor":8.0,"key":"Dream Catcher"}],"event_choices":[{"damage_healed":0.0,"max_hp_gain":0.0,"max_hp_loss":0.0,"gold_gain":0.0,"event_name":"Living Wall","player_choice":"Grow","floor":3.0,"gold_loss":0.0,"damage_taken":0.0,"cards_upgraded":["Neutralize"]},{"cards_removed":["Defend_G"],"damage_healed":0.0,"max_hp_gain":0.0,"max_hp_loss":0.0,"gold_gain":0.0,"event_name":"Golden Wing","player_choice":"Card Removal","floor":5.0,"gold_loss":0.0,"damage_taken":7.0},{"damage_healed":0.0,"max_hp_gain":0.0,"max_hp_loss":0.0,"gold_gain":30.0,"event_name":"Dead Adventurer","player_choice":"Searched \u00272\u0027 times","floor":8.0,"gold_loss":0.0,"damage_taken":0.0}],"is_beta":false,"boss_relics":[],"items_purged_floors":[11],"is_endless":false,"potions_floor_spawned":[1,2,4],"killed_by":"3 Sentries","ascension_level":2}}