{"host":"sxnl403xm2xmiyj1","time":1609470378,"event":{"mods":["AchievementEnabler","BaseMod","Colored Map","Keyboard Shortcuts","Minty Spire (QoL Compilation)","Quick Restart","StSLib","SuperFastMode"],"gold_per_floor":[117,117,13,33,46,73,73,73,73,73,84,103,136,146,146,243,243,256,4,18,18,30,30,64,64,64,64,95,95,95],"floor_reached":29,"playtime":694,"items_purged":["Strike_G"],"score":396,"play_id":"09ab9003-6f6c-4ad8-8013-fc9711938eef","local_time":"20210101120618","is_ascension_mode":true,"campfire_choices":[{"floor":10.0,"key":"REST"},{"data":"Blade Dance","floor":15.0,"key":"SMITH"},{"data":"Tactician","floor":23.0,"key":"SMITH"},{"floor":25.0,"key":"REST"}],"circlet_count":0,"master_deck":["Strike_G","Defend_G","Defend_G","Defend_G","Defend_G","Defend_G","Survivor","Neutralize","Blade Dance+1","Terror","Backflip","Escape Plan","Noxious Fumes+1","Tactician+1","Blade Dance","Escape Plan","Infinite Blades+1","Envenom+1","Dagger Throw","Infinite Blades+1","Cloak And Dagger","Dagger Throw","Dagger Throw+1","Outmaneuver+1","Sucker Punch+1"],"relics":["Ring of the Snake","Oddly Smooth Stone","Du-Vu Doll","Frozen Egg 2","Busted Crown","Membership Card","Ice Cream","Omamori","Juzu Bracelet"],"acts_visited":["Exordium","TheCity"],"potions_floor_usage":[29],"damage_taken":[{"damage":14.0,"enemies":"Jaw Worm","floor":1.0,"turns":8.0},{"damage":0.0,"enemies":"2 Louse","floor":4.0,"turns":3.0},{"damage":0.0,"enemies":"Small Slimes","floor":5.0,"turns":3.0},{"damage":23.0,"enemies":"Gremlin Nob","floor":6.0,"turns":4.0},{"damage":0.0,"enemies":"Blue Slaver","floor":11.0,"turns":4.0},{"damage":2.0,"enemies":"Looter","floor":12.0,"turns":3.0},{"damage":5.0,"enemies":"3 Sentries","floor":13.0,"turns":7.0},{"damage":2.0,"enemies":"Red Slaver","floor":14.0,"turns":3.0},{"damage":19.0,"enemies":"Slime Boss","floor":16.0,"turns":8.0},{"damage":8.0,"enemies":"Shell Parasite","floor":18.0,"turns":4.0},{"damage":7.0,"enemies":"2 Thieves","floor":20.0,"turns":4.0},{"damage":3.0,"enemies":"Centurion and Healer","floor":22.0,"turns":5.0},{"damage":27.0,"enemies":"Gremlin Leader","floor":24.0,"turns":7.0},{"damage":26.0,"enemies":"Slavers","floor":28.0,"turns":8.0},{"damage":5,"enemies":"Snecko","floor":29,"turns":4}],"seed_played":"3384038752446341907","potions_obtained":[{"floor":4.0,"key":"Ancient Potion"},{"floor":5.0,"key":"LiquidBronze"},{"floor":12.0,"key":"Poison Potion"},{"floor":13.0,"key":"ColorlessPotion"},{"floor":16.0,"key":"BlessingOfTheForge"},{"floor":18.0,"key":"AttackPotion"},{"floor":24.0,"key":"BlessingOfTheForge"},{"floor":28.0,"key":"LiquidBronze"}],"is_trial":false,"path_per_floor":["M","?","$","M","M","E","?","?","T","R","M","M","E","M","R","B",null,"M","$","M","?","M","R","E","R","T","?","E","M"],"character_chosen":"THE_SILENT","items_purchased":["Terror","Backflip","Membership Card","Infinite Blades+1","Cloak And Dagger","Dagger Throw"],"campfire_rested":2,"item_purchase_floors":[3,3,19,19,19,19],"current_hp_per_floor":[49,49,49,49,49,26,19,19,19,40,40,38,33,31,31,12,56,48,48,41,41,38,38,11,32,32,32,6,1,1],"gold":95,"neow_bonus":"RANDOM_COMMON_RELIC","is_daily":false,"chose_seed":false,"campfire_upgraded":2,"win_rate":0.0,"timestamp":1609470378,"path_taken":["M","?","$","M","M","E","?","?","T","R","M","M","E","M","R","BOSS","M","?","M","?","M","R","E","R","T","?","E","M"],"items_purchased_type":["Card","Card","Relic","Card","Card","Card"],"build_version":"2020-12-22","purchased_purges":1,"victory":false,"max_hp_per_floor":[70,70,70,70,70,70,70,70,70,70,70,70,70,70,70,70,70,70,70,70,70,70,70,70,70,70,70,70,70,70],"card_choices":[{"not_picked":["Deadly Poison","Prepared"],"picked":"Blade Dance","floor":1.0},{"not_picked":["Deflect","Deadly Poison"],"picked":"Escape Plan","floor":4.0},{"not_picked":["All Out Attack","Catalyst"],"picked":"Noxious Fumes","floor":5.0},{"not_picked":["Sucker Punch","Outmaneuver"],"picked":"Tactician","floor":6.0},{"not_picked":["Backstab","Noxious Fumes"],"picked":"Blade Dance","floor":11.0},{"not_picked":["Leg Sweep","Concentrate"],"picked":"Escape Plan","floor":12.0},{"not_picked":["Quick Slash","Flying Knee"],"picked":"Infinite Blades+1","floor":13.0},{"not_picked":["Flying Knee","Deadly Poison","Sucker Punch"],"picked":"SKIP","floor":14.0},{"not_picked":["Adrenaline","Grand Finale"],"picked":"Envenom+1","floor":16.0},{"not_picked":[],"picked":"Dagger Throw","floor":18.0},{"not_picked":[],"picked":"Dagger Throw+1","floor":20.0},{"not_picked":[],"picked":"Outmaneuver+1","floor":22.0},{"not_picked":["All Out Attack+1"],"picked":"SKIP","floor":24.0},{"not_picked":[],"picked":"Sucker Punch+1","floor":28.0}],"player_experience":141658,"relics_obtained":[{"floor":9.0,"key":"Du-Vu Doll"},{"floor":13.0,"key":"Frozen Egg 2"},{"floor":24.0,"key":"Ice Cream"},{"floor":26.0,"key":"Omamori"},{"floor":28.0,"key":"Juzu Bracelet"}],"event_choices":[{"cards_removed":["Strike_G"],"damage_healed":0.0,"max_hp_gain":0.0,"max_hp_loss":0.0,"gold_gain":0.0,"event_name":"Living Wall","player_choice":"Forget","floor":2.0,"gold_loss":0.0,"damage_taken":0.0},{"cards_removed":["Strike_G"],"damage_healed":0.0,"max_hp_gain":0.0,"max_hp_loss":0.0,"gold_gain":0.0,"event_name":"Golden Wing","player_choice":"Card Removal","floor":7.0,"gold_loss":0.0,"damage_taken":7.0},{"damage_healed":0.0,"max_hp_gain":0.0,"max_hp_loss":0.0,"gold_gain":0.0,"event_name":"Upgrade Shrine","player_choice":"Upgraded","floor":8.0,"gold_loss":0.0,"damage_taken":0.0,"cards_upgraded":["Noxious Fumes"]},{"cards_removed":["Strike_G"],"damage_healed":0.0,"max_hp_gain":0.0,"max_hp_loss":0.0,"gold_gain":0.0,"event_name":"Back to Basics","player_choice":"Elegance","floor":21.0,"gold_loss":0.0,"damage_taken":0.0},{"damage_healed":0.0,"max_hp_gain":0.0,"max_hp_loss":0.0,"gold_gain":0.0,"event_name":"N\u0027loth","player_choice":"Ignored","floor":27.0,"gold_loss":0.0,"damage_taken":0.0}],"is_beta":false,"boss_relics":[{"not_picked":["SacredBark","Fusion Hammer"],"picked":"Busted Crown"}],"items_purged_floors":[19],"is_endless":false,"potions_floor_spawned":[4,5,12,13,16,18,24,28],"killed_by":"Snecko","ascension_level":9}}