{"host":"Bilverbakes","time":1609469775,"event":{"mods":["2.2 Compatiblity","AchievementEnabler","BaseMod","Bestiary","Colored Map","Minty Spire (QoL Compilation)","Relic Stats","StSLib","ojb\u0027s Info Mod"],"gold_per_floor":[116,116,131,111,126,157,177,214,241,280,292,292,46,77,77,162,162,187,205,226,235,235,235,264,264,332,373,373,373],"floor_reached":28,"playtime":1332,"items_purged":["Strike_G"],"score":511,"play_id":"291474a5-1214-45bb-9884-cf3b6bd1ff52","local_time":"20201231205615","is_ascension_mode":true,"campfire_choices":[{"data":"Cloak And Dagger","floor":12,"key":"SMITH"},{"floor":15,"key":"REST"},{"floor":23,"key":"RECALL"},{"floor":25,"key":"REST"}],"circlet_count":0,"master_deck":["AscendersBane","Strike_G","Strike_G","Strike_G","Defend_G","Defend_G","Defend_G+1","Defend_G+1","Survivor","Neutralize","Wraith Form v2","Underhanded Strike","Cloak And Dagger+1","Dagger Spray","Dagger Throw","Blade Dance","Malaise","Dagger Throw","Corpse Explosion","Reflex","Choke","Grand Finale","Eviscerate+1","RitualDagger","Footwork+1"],"relics":["Ring of the Snake","Shuriken","Regal Pillow","CeramicFish","Art of War","Prayer Wheel","War Paint","Du-Vu Doll","Fusion Hammer","Dream Catcher","Pantograph","Orichalcum"],"acts_visited":["Exordium","TheCity"],"potions_floor_usage":[16,24,24],"damage_taken":[{"damage":0.0,"enemies":"2 Louse","floor":1.0,"turns":4.0},{"damage":0.0,"enemies":"Cultist","floor":3.0,"turns":5.0},{"damage":1.0,"enemies":"Small Slimes","floor":5.0,"turns":4.0},{"damage":23.0,"enemies":"Gremlin Nob","floor":6.0,"turns":6.0},{"damage":0.0,"enemies":"Red Slaver","floor":7.0,"turns":3.0},{"damage":9.0,"enemies":"3 Sentries","floor":8.0,"turns":7.0},{"damage":4.0,"enemies":"Lagavulin","floor":10.0,"turns":9.0},{"damage":0,"enemies":"2 Fungi Beasts","floor":11,"turns":2},{"damage":6,"enemies":"Gremlin Nob","floor":14,"turns":3},{"damage":5,"enemies":"The Guardian","floor":16,"turns":11},{"damage":0,"enemies":"3 Byrds","floor":18,"turns":3},{"damage":2,"enemies":"Chosen","floor":20,"turns":4},{"damage":9,"enemies":"Book of Stabbing","floor":24,"turns":5},{"damage":48,"enemies":"Slavers","floor":27,"turns":5},{"damage":20,"enemies":"Shelled Parasite and Fungi","floor":28,"turns":2}],"seed_played":"5561938415689281230","potions_obtained":[{"floor":3.0,"key":"SpeedPotion"},{"floor":4.0,"key":"LiquidBronze"},{"floor":6.0,"key":"Energy Potion"},{"floor":8.0,"key":"SpeedPotion"},{"floor":11,"key":"Fire Potion"},{"floor":16,"key":"EssenceOfSteel"},{"floor":20,"key":"LiquidMemories"},{"floor":24,"key":"CultistPotion"},{"floor":27,"key":"Poison Potion"}],"is_trial":false,"path_per_floor":["M","?","M","?","M","E","M","E","T","E","M","R","$","E","R","B",null,"M","?","M","?","?","R","E","R","T","E","M"],"character_chosen":"THE_SILENT","items_purchased":["War Paint"],"campfire_rested":2,"item_purchase_floors":[13],"current_hp_per_floor":[59,59,59,59,58,35,35,26,26,22,22,22,22,16,50,45,61,61,61,59,53,53,53,44,66,66,18,0,0],"gold":373,"neow_bonus":"ONE_RANDOM_RARE_CARD","is_daily":false,"chose_seed":false,"campfire_upgraded":1,"win_rate":0.0,"timestamp":1609469775,"path_taken":["M","?","?","?","M","E","M","E","T","E","?","R","$","E","R","BOSS","M","?","M","?","?","R","E","R","T","E","M"],"items_purchased_type":["Relic"],"build_version":"2020-12-18","purchased_purges":1,"victory":false,"max_hp_per_floor":[66,66,66,66,66,66,66,66,66,66,66,66,66,66,66,66,66,66,66,66,66,66,66,66,66,66,66,66,66],"relic_stats":{"Regal Pillow":18,"Dream Catcher":1,"counters":[15,73],"Shuriken":[36],"CeramicFish":81,"Pantograph":0,"Prayer Wheel":3,"Art of War":[6],"War Paint":["Defend_G","Defend_G"],"Orichalcum":[12],"obtain_stats":[{"Du-Vu Doll":14,"Regal Pillow":6,"Dream Catcher":24,"Shuriken":2,"CeramicFish":8,"Pantograph":26,"Prayer Wheel":10,"Fusion Hammer":17,"Art of War":9,"War Paint":13,"Orichalcum":27,"Ring of the Snake":0},{"Du-Vu Doll":9,"Regal Pillow":4,"Dream Catcher":13,"Shuriken":1,"CeramicFish":6,"Pantograph":13,"Prayer Wheel":7,"Fusion Hammer":10,"Art of War":6,"War Paint":8,"Orichalcum":14,"Ring of the Snake":0},{"Du-Vu Doll":43,"Regal Pillow":19,"Dream Catcher":66,"Shuriken":4,"CeramicFish":29,"Pantograph":66,"Prayer Wheel":38,"Fusion Hammer":54,"Art of War":29,"War Paint":40,"Orichalcum":71,"Ring of the Snake":0}],"Ring of the Snake":[30]},"card_choices":[{"not_picked":["Slice","Acrobatics"],"picked":"Underhanded Strike","floor":1.0},{"not_picked":["Heel Hook","Flechettes"],"picked":"Cloak And Dagger","floor":3.0},{"not_picked":["Catalyst","Riddle With Holes"],"picked":"Dagger Spray","floor":5.0},{"not_picked":["Bane","Masterful Stab"],"picked":"Dagger Throw","floor":6.0},{"not_picked":["Noxious Fumes","Setup"],"picked":"Blade Dance","floor":7.0},{"not_picked":["Backflip","Finisher"],"picked":"Malaise","floor":8.0},{"not_picked":["Deadly Poison","Flechettes"],"picked":"Dagger Throw","floor":10.0},{"not_picked":["Underhanded Strike","Masterful Stab","All Out Attack"],"picked":"SKIP","floor":11},{"not_picked":["Flying Knee","Terror","Flechettes"],"picked":"SKIP","floor":11},{"not_picked":["Underhanded Strike","Masterful Stab","All Out Attack"],"picked":"SKIP","floor":11},{"not_picked":["Flying Knee","Terror","Flechettes"],"picked":"SKIP","floor":11},{"not_picked":["Prepared","Flechettes","Acrobatics"],"picked":"SKIP","floor":14},{"not_picked":["Bullet Time","Glass Knife"],"picked":"Corpse Explosion","floor":16},{"not_picked":["Acrobatics","Outmaneuver"],"picked":"Reflex","floor":18},{"not_picked":["Infinite Blades","Dagger Throw","Prepared"],"picked":"SKIP","floor":18},{"not_picked":["Acrobatics","All Out Attack"],"picked":"Eviscerate+1","floor":20},{"not_picked":["Poisoned Stab","Blade Dance","Deflect"],"picked":"SKIP","floor":20},{"not_picked":["Sucker Punch","Corpse Explosion","Dagger Throw"],"picked":"SKIP","floor":24},{"not_picked":["Eviscerate","Poisoned Stab"],"picked":"Footwork+1","floor":27}],"player_experience":496118,"relics_obtained":[{"floor":2.0,"key":"Shuriken"},{"floor":6.0,"key":"Regal Pillow"},{"floor":8.0,"key":"CeramicFish"},{"floor":9.0,"key":"Art of War"},{"floor":10.0,"key":"Prayer Wheel"},{"floor":14,"key":"Du-Vu Doll"},{"floor":24,"key":"Dream Catcher"},{"floor":26,"key":"Pantograph"},{"floor":27,"key":"Orichalcum"}],"event_choices":[{"damage_healed":0.0,"max_hp_gain":0.0,"max_hp_loss":0.0,"gold_gain":0.0,"event_name":"Wheel of Change","player_choice":"Relic","floor":2.0,"gold_loss":0.0,"damage_taken":0.0},{"damage_healed":0.0,"max_hp_gain":0.0,"max_hp_loss":0.0,"gold_gain":0.0,"event_name":"The Woman in Blue","player_choice":"Bought 1 Potion","floor":4.0,"gold_loss":0.0,"damage_taken":0.0},{"damage_healed":0,"gold_gain":0,"cards_transformed":["Strike_G","Defend_G"],"player_choice":"Became Test Subject","damage_taken":0,"max_hp_gain":0,"max_hp_loss":0,"event_name":"Drug Dealer","floor":19,"gold_loss":0,"cards_obtained":["Choke","Grand Finale"]},{"damage_healed":0,"gold_gain":0,"player_choice":"Joined the Cult","damage_taken":6,"max_hp_gain":0,"max_hp_loss":0,"event_name":"Nest","floor":21,"gold_loss":0,"cards_obtained":["RitualDagger"]},{"damage_healed":0,"gold_gain":0,"player_choice":"Ignored","damage_taken":0,"max_hp_gain":0,"max_hp_loss":0,"event_name":"Vampires","floor":22,"gold_loss":0}],"is_beta":true,"boss_relics":[{"not_picked":["Snecko Eye","Sozu"],"picked":"Fusion Hammer"}],"items_purged_floors":[13],"is_endless":false,"potions_floor_spawned":[3,6,8,10,11,16,20,24,27],"killed_by":"Shelled Parasite and Fungi","ascension_level":16}}