{"host":"gd5sc6x6fnff4a2j","time":1609522120,"event":{"mods":["Act Like it!","BaseMod","Card Forge","DeckTracker","Duelist Mod","Gensokyo","GifTheSpireLib","Hallownest","Hubris","Jorbs\u0027s Wanderer Trilogy","Marisa????????","Minty Spire (QoL Compilation)","Quick Restart","Remilia??????","Replay The Spire","Shop Mod","StSLib","SuperFastMode","The Animator","The Bug Knight","The Cursed","The Disciple","The Jungle","The Necromancer","The Senshi","The Servant 0.9.4"],"gold_per_floor":[111,130,130,142,159,159,159,159],"floor_reached":7,"playtime":446,"items_purged":[],"score":45,"play_id":"b512f87a-0bec-4866-9e31-841c64a9d609","local_time":"20210102012840","is_ascension_mode":false,"campfire_choices":[{"floor":6,"key":"REST"}],"circlet_count":0,"master_deck":["theSenshi:SailorKick","theSenshi:SailorKick","theSenshi:SailorKick","theSenshi:SailorKick","theSenshi:SailorBlock","theSenshi:SailorBlock","theSenshi:SailorBlock","theSenshi:SailorBlock","theSenshi:RoseThrow","theSenshi:MoonPrismPowerMakeUp","theSenshi:SailorStarMakerAssists","theSenshi:MoonKick","theSenshi:GlimpseOfThePast","theSenshi:MoonSpiralHeartAttack","theSenshi:DramaticEntrance"],"relics":["theSenshi:TransformationBroochRelic","Hammer of Thor","Seething Fire","Anvil of the Gods","NeowsBlessing"],"acts_visited":["Exordium"],"potions_floor_usage":[5],"damage_taken":[{"damage":0,"enemies":"2 Louse","floor":1,"turns":1},{"damage":0,"enemies":"Cultist","floor":2,"turns":2},{"damage":0,"enemies":"Jaw Worm","floor":3,"turns":1},{"damage":28,"enemies":"Red Slaver","floor":4,"turns":6},{"damage":28,"enemies":"Exordium Thugs","floor":5,"turns":6},{"damage":39,"enemies":"Lagavulin","floor":7,"turns":8}],"seed_played":"-5311789688011306543","potions_obtained":[{"floor":1,"key":"ColorlessPotion"},{"floor":4,"key":"Regen Potion"},{"floor":5,"key":"Regen Potion"}],"is_trial":false,"path_per_floor":["M","M","M","M","M","R","E"],"character_chosen":"THE_SENSHI","items_purchased":[],"campfire_rested":1,"item_purchase_floors":[],"current_hp_per_floor":[75,75,75,47,33,55,16,16],"gold":159,"neow_bonus":"THREE_ENEMY_KILL","is_daily":false,"chose_seed":false,"campfire_upgraded":0,"win_rate":0.0,"timestamp":1609522120,"path_taken":["M","M","M","M","M","R","E"],"items_purchased_type":[],"build_version":"2020-12-22","purchased_purges":0,"victory":false,"max_hp_per_floor":[75,75,75,75,75,75,75,75],"card_choices":[{"not_picked":["theSenshi:EncouragingSpeech","theSenshi:MoonsReflection"],"picked":"theSenshi:SailorStarMakerAssists","floor":1},{"not_picked":["theSenshi:SailorMarsAssists","theSenshi:SailorChibiMoonAssists"],"picked":"theSenshi:MoonKick","floor":2},{"not_picked":["theSenshi:MoonHealingEscalation","theSenshi:LateForSchool"],"picked":"theSenshi:GlimpseOfThePast","floor":3},{"not_picked":["theSenshi:TallSilhouette","theSenshi:LunasBite"],"picked":"theSenshi:MoonSpiralHeartAttack","floor":4},{"not_picked":["theSenshi:SchoolBag","theSenshi:SailorVenusAssists"],"picked":"theSenshi:DramaticEntrance","floor":5}],"player_experience":39132,"relics_obtained":[],"event_choices":[],"is_beta":false,"boss_relics":[],"items_purged_floors":[],"is_endless":false,"potions_floor_spawned":[1,4,5],"killed_by":"Lagavulin","ascension_level":0}}