{"host":"a1u4jo6xlg3w0wsm","time":1609494326,"event":{"mods":["BaseMod","Better Third Choice","DeckTracker","Downfall","Hermit","Hubris","Minty Spire (QoL Compilation)","Rare Cards Sparkle","Replay The Spire","StSLib"],"gold_per_floor":[118,135,135,135,114,140,140,160,184,184,218,218,234,267,267,362,362,379,390,77,77,77,77,95,26,52,152,152,187,197,211,211,315,315,315,315],"floor_reached":35,"playtime":2429,"items_purged":[],"score":656,"play_id":"c351c52f-ff43-48d1-b89b-9a0d3045dc3a","local_time":"20210101224526","is_ascension_mode":true,"campfire_choices":[{"data":"hermit:Maintenance","floor":7.0,"key":"SMITH"},{"data":"hermit:Gestalt","floor":10.0,"key":"SMITH"},{"floor":15.0,"key":"REST"},{"floor":23.0,"key":"REST"},{"floor":32,"key":"REST"}],"circlet_count":0,"master_deck":["hermit:Strike_Hermit+1","hermit:Strike_Hermit+1","hermit:Strike_Hermit+1","hermit:Strike_Hermit+1","hermit:Defend_Hermit+1","hermit:Defend_Hermit+1","hermit:Defend_Hermit+1","hermit:Defend_Hermit+1","hermit:Snapshot+1","hermit:Covet+1","hermit:Gestalt+1","hermit:Maintenance+1","hermit:Quickdraw","hermit:TakeCover","hermit:Cheat","hermit:Determination+1","hermit:Coalescence","hermit:Maintenance","hermit:ShadowCloak","hermit:Snipe+1","hermit:Showdown+1","hermit:HoleUp+1","hermit:HoleUp+1","hermit:Spite","hermit:Reprieve"],"relics":["hermit:Momento","NeowsBlessing","CaptainsWheel","Nunchaku","InkBottle","Gremlin Food","Painkiller Herb","Lantern","Replay:Wax Seal","FossilizedHelix","ReplayTheSpireMod:Ninjato","Replay:Mystery Machine","Ring of Chaos"],"acts_visited":["Exordium","TheCity","TheBeyond"],"potions_floor_usage":[33],"damage_taken":[{"damage":0.0,"enemies":"Small Slimes","floor":1.0,"turns":1.0},{"damage":0.0,"enemies":"Cultist","floor":2.0,"turns":1.0},{"damage":0.0,"enemies":"Lagavulin","floor":6.0,"turns":1.0},{"damage":0.0,"enemies":"Jaw Worm","floor":8.0,"turns":3.0},{"damage":1.0,"enemies":"Replay:BlueRogue","floor":11.0,"turns":6.0},{"damage":2.0,"enemies":"2 Fungi Beasts","floor":13.0,"turns":4.0},{"damage":50.0,"enemies":"Gremlin Nob","floor":14.0,"turns":6.0},{"damage":22.0,"enemies":"The Guardian","floor":16.0,"turns":10.0},{"damage":25.0,"enemies":"3 Byrds","floor":18.0,"turns":6.0},{"damage":2.0,"enemies":"Chosen","floor":19.0,"turns":4.0},{"damage":0.0,"enemies":"Shelled Parasite and Fungi","floor":22.0,"turns":1.0},{"damage":1.0,"enemies":"Snecko","floor":24.0,"turns":5.0},{"damage":2.0,"enemies":"Colosseum Slavers","floor":27.0,"turns":5.0},{"damage":28.0,"enemies":"Colosseum Nobs","floor":27.0,"turns":5.0},{"damage":1.0,"enemies":"Book of Stabbing","floor":29.0,"turns":6.0},{"damage":0.0,"enemies":"Snake Plant","floor":30.0,"turns":5.0},{"damage":21.0,"enemies":"3 Cultists","floor":31.0,"turns":7.0},{"damage":36,"enemies":"Pondfish","floor":33,"turns":14},{"damage":0,"enemies":"3 Darklings","floor":35,"turns":4}],"seed_played":"-6803550145770147025","potions_obtained":[{"floor":8.0,"key":"SteroidPotion"},{"floor":11.0,"key":"LiquidBronze"},{"floor":14.0,"key":"Explosive Potion"},{"floor":16.0,"key":"BlessingOfTheForge"},{"floor":18.0,"key":"FearPotion"},{"floor":27.0,"key":"Elixir"},{"floor":31.0,"key":"Regen Potion"}],"is_trial":false,"path_per_floor":["M","M","?","$","?","E","R","M","T","R","E","?","M","E","R","B",null,"?","?","T","?","?","T","?","T","T","?","?","E","?","?","T","B",null,"?"],"character_chosen":"HERMIT","items_purchased":["hermit:ShadowCloak","Lantern","SmokeBomb","hermit:Showdown"],"campfire_rested":3,"item_purchase_floors":[20,20,20,25],"current_hp_per_floor":[75,75,75,75,75,75,75,75,75,75,74,74,72,22,44,22,75,50,48,48,48,48,70,69,69,69,39,39,38,38,17,39,18,75,75,75],"gold":315,"neow_bonus":"THREE_ENEMY_KILL","is_daily":false,"chose_seed":false,"campfire_upgraded":2,"win_rate":0.0,"timestamp":1609494326,"path_taken":["M","M","?","?","?","E","R","M","T","R","E","?","M","E","R","BOSS","?","?","T","?","?","T","?","T","T","?","?","E","?","?","T","BOSS","?"],"items_purchased_type":["Card","Relic","Potion","Card"],"build_version":"2020-12-13","purchased_purges":0,"victory":false,"max_hp_per_floor":[75,75,75,75,75,75,75,75,75,75,75,75,75,75,75,75,75,75,75,75,75,75,75,75,75,75,75,75,75,75,75,75,75,75,75,75],"card_choices":[{"not_picked":["hermit:Feint","hermit:Shortfuse"],"picked":"hermit:Gestalt","floor":1.0},{"not_picked":["hermit:Misfire","hermit:Vantage"],"picked":"hermit:Maintenance","floor":2.0},{"not_picked":["hermit:Vantage","hermit:FatalDesire"],"picked":"hermit:Quickdraw","floor":6.0},{"not_picked":["hermit:Feint","hermit:BigShot"],"picked":"hermit:TakeCover","floor":8.0},{"not_picked":["hermit:Ricochet","hermit:Feint"],"picked":"hermit:Cheat","floor":11.0},{"not_picked":["hermit:NoHoldsBarred","hermit:SprayPray"],"picked":"hermit:Determination","floor":13.0},{"not_picked":["hermit:LowProfile","hermit:Roulette","hermit:FlashPowder"],"picked":"SKIP","floor":14.0},{"not_picked":["hermit:Gambit","hermit:FinalCanter"],"picked":"hermit:FatalDesire","floor":16.0},{"not_picked":["hermit:Midnight","hermit:BodyArmor"],"picked":"hermit:Coalescence","floor":18.0},{"not_picked":["hermit:WideOpen","hermit:Manifest"],"picked":"hermit:Maintenance","floor":19.0},{"not_picked":["hermit:Roughhouse","hermit:Headshot"],"picked":"hermit:Snipe+1","floor":24.0},{"not_picked":["hermit:Virtue","hermit:Roulette+1"],"picked":"hermit:HoleUp+1","floor":27.0},{"not_picked":["hermit:Roughhouse","hermit:Grudge"],"picked":"hermit:HoleUp+1","floor":29.0},{"not_picked":["hermit:Ricochet","hermit:GoldenBullet+1","hermit:Brawl+1"],"picked":"SKIP","floor":30.0},{"not_picked":["hermit:Virtue+1","hermit:EyeOfTheStorm"],"picked":"hermit:Spite","floor":31.0},{"not_picked":["hermit:Gambit","hermit:Adapt"],"picked":"hermit:Reprieve","floor":33}],"player_experience":265614,"relics_obtained":[{"floor":6.0,"key":"CaptainsWheel"},{"floor":9.0,"key":"Nunchaku"},{"floor":11.0,"key":"InkBottle"},{"floor":14.0,"key":"Gremlin Food"},{"floor":26.0,"key":"Replay:Wax Seal"},{"floor":27.0,"key":"FossilizedHelix"},{"floor":27.0,"key":"ReplayTheSpireMod:Ninjato"},{"floor":29.0,"key":"Replay:Mystery Machine"}],"event_choices":[{"damage_healed":0.0,"max_hp_gain":0.0,"max_hp_loss":0.0,"gold_gain":0.0,"event_name":"The Woman in Blue","player_choice":"Bought 0 Potions","floor":3.0,"gold_loss":0.0,"damage_taken":0.0},{"damage_healed":0.0,"max_hp_gain":0.0,"max_hp_loss":0.0,"gold_gain":0.0,"event_name":"betterThird:BetterGoop","player_choice":"Left","floor":5.0,"gold_loss":21.0,"damage_taken":0.0},{"damage_healed":0.0,"max_hp_gain":0.0,"max_hp_loss":0.0,"gold_gain":0.0,"event_name":"Living Wall","player_choice":"Grow","floor":12.0,"gold_loss":0.0,"damage_taken":0.0,"cards_upgraded":["hermit:Snapshot"]},{"damage_healed":0.0,"max_hp_gain":0.0,"max_hp_loss":8.0,"gold_gain":0.0,"event_name":"betterThird:BetterWriting","player_choice":"Simplicity","floor":21.0,"gold_loss":0.0,"damage_taken":0.0},{"damage_healed":0.0,"max_hp_gain":0.0,"max_hp_loss":0.0,"gold_gain":0.0,"event_name":"Colosseum","player_choice":"Fight","floor":27.0,"gold_loss":0.0,"damage_taken":0.0},{"damage_healed":0.0,"max_hp_gain":0.0,"max_hp_loss":0.0,"gold_gain":0.0,"event_name":"Colosseum","player_choice":"Fought Nobs","floor":27.0,"gold_loss":0.0,"damage_taken":0.0},{"cards_removed":["hermit:FatalDesire"],"damage_healed":0.0,"max_hp_gain":0.0,"max_hp_loss":0.0,"gold_gain":0.0,"event_name":"Purifier","player_choice":"Purged","floor":28.0,"gold_loss":0.0,"damage_taken":0.0}],"is_beta":false,"boss_relics":[{"not_picked":["Sozu","Ectoplasm"],"picked":"Painkiller Herb"},{"not_picked":["hubris:Stopwatch","Philosopher\u0027s Stone"],"picked":"Ring of Chaos"}],"items_purged_floors":[],"is_endless":false,"potions_floor_spawned":[8,11,14,16,18,22,27,31],"killed_by":"3 Darklings","ascension_level":3}}