{"host":"sc0o2qwpf9j16a4i","time":1609515998,"event":{"mods":["AchievementEnabler","BaseMod","BetterRewards","Block Reminder","Colored Map","Colored Powertips","Custom Start","Highlight Path","Minty Spire (QoL Compilation)","Relic Stats"],"gold_per_floor":[118,133,133,148,148,148,182,202,202,235,250,40,54,68,68,139,139,150,168,168,181,16,16,48,48,94,122,122,141,141,141],"floor_reached":30,"playtime":857,"items_purged":[],"score":764,"play_id":"828b9d48-0562-4ef5-a185-502daa7f5cef","local_time":"20210101174638","is_ascension_mode":true,"campfire_choices":[{"data":"Skewer","floor":6,"key":"SMITH"},{"floor":15,"key":"REST"},{"floor":23,"key":"REST"},{"floor":25,"key":"REST"}],"circlet_count":0,"master_deck":["AscendersBane","Strike_G","Strike_G","Strike_G","Strike_G","Defend_G","Defend_G","Defend_G","Defend_G","Defend_G","Survivor","Neutralize","Skewer+1","Backstab","Dagger Spray","Masterful Stab","Flying Knee","Backflip","Deadly Poison","Deadly Poison","Apotheosis","Deflect","Concentrate","Envenom","Dodge and Roll","Acrobatics","Blur","Bullet Time","Footwork","Catalyst"],"relics":["Ring of the Snake","Torii","Pantograph","Letter Opener","Centennial Puzzle","Sozu","MutagenicStrength","Medical Kit","Calipers","Snake Skull","Pocketwatch"],"acts_visited":["Exordium","TheCity"],"potions_floor_usage":[7,8,13,18],"damage_taken":[{"damage":0,"enemies":"2 Louse","floor":1,"turns":3},{"damage":1,"enemies":"Jaw Worm","floor":2,"turns":3},{"damage":0,"enemies":"Cultist","floor":4,"turns":3},{"damage":42,"enemies":"Lagavulin","floor":7,"turns":10},{"damage":1,"enemies":"Blue Slaver","floor":8,"turns":4},{"damage":1,"enemies":"Gremlin Nob","floor":10,"turns":3},{"damage":1,"enemies":"Large Slime","floor":11,"turns":4},{"damage":0,"enemies":"3 Louse","floor":13,"turns":2},{"damage":0,"enemies":"Exordium Thugs","floor":14,"turns":2},{"damage":11,"enemies":"Slime Boss","floor":16,"turns":7},{"damage":25,"enemies":"2 Thieves","floor":18,"turns":4},{"damage":4,"enemies":"3 Byrds","floor":19,"turns":5},{"damage":9,"enemies":"Centurion and Healer","floor":21,"turns":7},{"damage":17,"enemies":"Slavers","floor":24,"turns":8},{"damage":17,"enemies":"Book of Stabbing","floor":27,"turns":6},{"damage":8,"enemies":"Snake Plant","floor":29,"turns":3},{"damage":24,"enemies":"3 Cultists","floor":30,"turns":4}],"seed_played":"-2336106575264012717","potions_obtained":[{"floor":2,"key":"LiquidBronze"},{"floor":7,"key":"Regen Potion"},{"floor":10,"key":"Explosive Potion"},{"floor":11,"key":"SkillPotion"}],"is_trial":false,"path_per_floor":["M","M","?","M","?","R","E","M","T","E","M","$","M","M","R","B",null,"M","M","?","M","$","R","E","R","T","E","?","M","M"],"character_chosen":"THE_SILENT","items_purchased":["Torii","Skewer","Backstab","Apotheosis","Medical Kit"],"campfire_rested":3,"item_purchase_floors":[0,0,0,12,22],"current_hp_per_floor":[38,37,59,59,52,52,10,21,21,20,19,19,19,19,38,52,63,38,34,34,25,25,44,27,46,46,29,29,21,0,0],"gold":141,"neow_bonus":"","is_daily":false,"chose_seed":false,"campfire_upgraded":1,"win_rate":0.0,"timestamp":1609515998,"path_taken":["M","M","?","M","?","R","E","M","T","E","?","$","M","M","R","BOSS","M","M","?","M","$","R","E","R","T","E","?","M","M"],"items_purchased_type":["Relic","Card","Card","Card","Relic"],"build_version":"2020-12-22","purchased_purges":0,"victory":false,"max_hp_per_floor":[66,66,66,66,66,66,66,66,66,66,66,66,66,66,66,66,66,66,66,66,66,66,66,66,66,66,66,66,66,66,66],"relic_stats":{"Sozu":2,"Centennial Puzzle":[27],"Torii":27,"counters":[32,163],"Pantograph":25,"Snake Skull":[12],"Letter Opener":[215],"Medical Kit":[7],"obtain_stats":[{"Calipers":24,"Torii":0,"Golden Idol":8,"PreservedInsect":7,"Snake Skull":26,"Whetstone":11,"Letter Opener":9,"Cursed Key":17,"Medical Kit":22,"Sozu":17,"Centennial Puzzle":10,"HornCleat":30,"Mummified Hand":9,"Sundial":21,"Pantograph":7,"MutagenicStrength":20,"Turnip":25,"Ring of the Snake":0,"Pocketwatch":27},{"Calipers":29,"Torii":15,"Golden Idol":4,"PreservedInsect":4,"Snake Skull":29,"Whetstone":6,"Letter Opener":20,"Cursed Key":8,"Medical Kit":28,"Sozu":25,"Centennial Puzzle":21,"HornCleat":13,"Mummified Hand":4,"Sundial":10,"Pantograph":19,"MutagenicStrength":27,"Turnip":12,"Ring of the Snake":0,"Pocketwatch":30},{"Calipers":150,"Torii":85,"Golden Idol":19,"PreservedInsect":19,"Snake Skull":150,"Whetstone":30,"Letter Opener":108,"Cursed Key":44,"Medical Kit":142,"Sozu":126,"Centennial Puzzle":111,"HornCleat":71,"Mummified Hand":19,"Sundial":55,"Pantograph":104,"MutagenicStrength":135,"Turnip":66,"Ring of the Snake":0,"Pocketwatch":156}],"Ring of the Snake":[64],"Pocketwatch":[0]},"card_choices":[{"not_picked":["Accuracy","Escape Plan"],"picked":"Dagger Spray","floor":1},{"not_picked":["Concentrate","Escape Plan"],"picked":"Masterful Stab","floor":2},{"not_picked":["Backstab","Dagger Throw"],"picked":"Flying Knee","floor":4},{"not_picked":["Dagger Throw","Flying Knee"],"picked":"Backflip","floor":7},{"not_picked":["Flying Knee","Acrobatics","Cloak And Dagger"],"picked":"SKIP","floor":8},{"not_picked":["Cloak And Dagger","Reflex"],"picked":"Deadly Poison","floor":10},{"not_picked":["Slice","Bane"],"picked":"Deadly Poison","floor":11},{"not_picked":["Dagger Throw","Blade Dance"],"picked":"Deflect","floor":13},{"not_picked":["Backstab","Slice"],"picked":"Concentrate","floor":14},{"not_picked":["Tools of the Trade","Storm of Steel"],"picked":"Envenom","floor":16},{"not_picked":["Terror","Cloak And Dagger"],"picked":"Dodge and Roll","floor":18},{"not_picked":["Heel Hook+1","Tactician"],"picked":"Acrobatics","floor":19},{"not_picked":["Sucker Punch","Bane"],"picked":"Blur","floor":21},{"not_picked":["Blur","Poisoned Stab"],"picked":"Bullet Time","floor":24},{"not_picked":["Blade Dance","Quick Slash"],"picked":"Footwork","floor":27},{"not_picked":["Flying Knee","Predator"],"picked":"Catalyst","floor":29}],"player_experience":478451,"relics_obtained":[{"floor":7,"key":"Pantograph"},{"floor":9,"key":"Letter Opener"},{"floor":10,"key":"Centennial Puzzle"},{"floor":24,"key":"Calipers"},{"floor":26,"key":"Snake Skull"},{"floor":27,"key":"Pocketwatch"}],"event_choices":[{"damage_healed":22,"gold_gain":0,"player_choice":"Banana","damage_taken":0,"max_hp_gain":0,"max_hp_loss":0,"event_name":"Big Fish","floor":3,"gold_loss":0},{"cards_removed":["Strike_G"],"damage_healed":0,"gold_gain":0,"player_choice":"Card Removal","damage_taken":7,"max_hp_gain":0,"max_hp_loss":0,"event_name":"Golden Wing","floor":5,"gold_loss":0},{"damage_healed":0,"gold_gain":0,"player_choice":"Inject Mutagens","damage_taken":0,"relics_obtained":["MutagenicStrength"],"max_hp_gain":0,"max_hp_loss":0,"event_name":"Drug Dealer","floor":20,"gold_loss":0},{"damage_healed":0,"gold_gain":0,"player_choice":"Ignored","damage_taken":0,"max_hp_gain":0,"max_hp_loss":0,"event_name":"N\u0027loth","floor":28,"gold_loss":0}],"is_beta":false,"boss_relics":[{"not_picked":["Cursed Key","Astrolabe"],"picked":"Sozu"}],"items_purged_floors":[],"is_endless":false,"potions_floor_spawned":[2,7,10,11,27,29],"killed_by":"3 Cultists","ascension_level":20}}