{"host":"cd9ii0p4lcq6b7m2","time":1609472409,"event":{"mods":["BaseMod","Block Reminder","Colored Map","Highlight Path","Minty Spire (QoL Compilation)"],"gold_per_floor":[115,29,47,47,47,47,91,110,136,152,152,25,25,66,66,194,194,208,56,69,69,69,69,93,42,67,67,86,129,129,153,153,153,153],"floor_reached":33,"playtime":2000,"items_purged":["Injury"],"score":287,"play_id":"81f94dba-3f3f-4073-9eff-8a2406534a13","local_time":"20210101034009","is_ascension_mode":true,"campfire_choices":[{"data":"Swift Strike","floor":6,"key":"SMITH"},{"data":"Genetic Algorithm","floor":13,"key":"SMITH"},{"data":"Zap","floor":15,"key":"SMITH"},{"data":"Fission","floor":23,"key":"SMITH"},{"data":"Reinforced Body","floor":27,"key":"SMITH"},{"floor":32,"key":"REST"}],"circlet_count":0,"master_deck":["Strike_B","Strike_B","Strike_B","Strike_B","Defend_B","Defend_B","Defend_B","Defend_B","Zap+1","Dualcast","Reinforced Body+1","Swift Strike+1","Ball Lightning","Cold Snap+1","Genetic Algorithm+1","Core Surge+1","Fission+1","Sweeping Beam+1","All For One+1","Shame","Streamline+1"],"relics":["Cracked Core","Oddly Smooth Stone","Golden Idol","Toy Ornithopter","Tiny Chest","Meat on the Bone","Molten Egg 2","Black Star","Lantern","Cables","Happy Flower","Bag of Preparation","Pantograph"],"acts_visited":["Exordium","TheCity"],"potions_floor_usage":[14,14,18,28,28,29,33],"damage_taken":[{"damage":9,"enemies":"Small Slimes","floor":1,"turns":3},{"damage":1,"enemies":"2 Louse","floor":3,"turns":2},{"damage":10,"enemies":"3 Sentries","floor":7,"turns":6},{"damage":5,"enemies":"Jaw Worm","floor":8,"turns":2},{"damage":4,"enemies":"Large Slime","floor":10,"turns":4},{"damage":5,"enemies":"Lagavulin","floor":14,"turns":6},{"damage":17,"enemies":"Slime Boss","floor":16,"turns":9},{"damage":16,"enemies":"2 Thieves","floor":18,"turns":4},{"damage":13,"enemies":"3 Byrds","floor":20,"turns":4},{"damage":10,"enemies":"Snecko","floor":24,"turns":4},{"damage":8,"enemies":"Centurion and Healer","floor":28,"turns":4},{"damage":48,"enemies":"Gremlin Leader","floor":29,"turns":7},{"damage":22,"enemies":"Snake Plant","floor":31,"turns":4},{"damage":71,"enemies":"Automaton","floor":33,"turns":6}],"seed_played":"-4031777781566088998","potions_obtained":[{"floor":1,"key":"Weak Potion"},{"floor":14,"key":"GamblersBrew"},{"floor":16,"key":"SpeedPotion"},{"floor":20,"key":"EssenceOfSteel"},{"floor":24,"key":"Regen Potion"},{"floor":31,"key":"BlessingOfTheForge"}],"is_trial":false,"path_per_floor":["M","$","M","?","?","R","E","M","T","M","?","$","R","E","R","B",null,"M","$","M","?","T","R","M","$","T","R","M","E","?","M","R","B"],"character_chosen":"DEFECT","items_purchased":["Swift Strike","PowerPotion","All For One+1","Block Potion"],"campfire_rested":1,"item_purchase_floors":[2,12,19,25],"current_hp_per_floor":[66,66,65,65,65,65,55,50,50,46,43,43,43,48,48,43,75,64,64,51,51,51,51,41,41,41,41,43,27,27,17,39,0,0],"gold":153,"neow_bonus":"RANDOM_COMMON_RELIC","is_daily":false,"chose_seed":false,"campfire_upgraded":5,"win_rate":0.0,"timestamp":1609472409,"path_taken":["M","$","M","?","?","R","E","M","T","?","?","$","R","E","R","BOSS","M","$","M","?","?","R","M","$","T","R","M","E","?","M","R","BOSS"],"items_purchased_type":["Card","Potion","Card","Potion"],"build_version":"2020-12-22","purchased_purges":1,"victory":false,"max_hp_per_floor":[75,75,75,75,75,75,75,75,75,75,75,75,75,75,75,75,75,75,75,75,75,75,75,75,75,75,75,75,75,75,75,75,75,75],"card_choices":[{"not_picked":["Cold Snap","Static Discharge"],"picked":"Reinforced Body","floor":1},{"not_picked":["Blizzard","Rebound"],"picked":"Ball Lightning","floor":3},{"not_picked":["White Noise","Ball Lightning","Stack"],"picked":"SKIP","floor":7},{"not_picked":["Hologram","Go for the Eyes"],"picked":"Cold Snap","floor":8},{"not_picked":["Redo","Reinforced Body"],"picked":"Genetic Algorithm","floor":10},{"not_picked":["Tempest","Heatsinks"],"picked":"Core Surge+1","floor":14},{"not_picked":["Core Surge+1","Multi-Cast"],"picked":"Fission","floor":16},{"not_picked":["Coolheaded","Blizzard+1"],"picked":"Sweeping Beam+1","floor":18},{"not_picked":["Blizzard+1","Cold Snap+1","Melter+1"],"picked":"SKIP","floor":20},{"not_picked":["Melter+1","Reprogram"],"picked":"Streamline+1","floor":24},{"not_picked":["Compile Driver+1","White Noise","Double Energy"],"picked":"SKIP","floor":28},{"not_picked":["Meteor Strike+1","Rip and Tear+1","Glacier"],"picked":"SKIP","floor":29},{"not_picked":["Ball Lightning+1","Turbo","FTL+1"],"picked":"SKIP","floor":31}],"player_experience":167190,"relics_obtained":[{"floor":7,"key":"Toy Ornithopter"},{"floor":9,"key":"Tiny Chest"},{"floor":14,"key":"Molten Egg 2"},{"floor":22,"key":"Cables"},{"floor":26,"key":"Happy Flower"},{"floor":29,"key":"Bag of Preparation"},{"floor":29,"key":"Pantograph"}],"event_choices":[{"damage_healed":0,"gold_gain":0,"player_choice":"Leave","damage_taken":0,"max_hp_gain":0,"max_hp_loss":0,"event_name":"The Cleric","floor":4,"gold_loss":0},{"damage_healed":0,"gold_gain":0,"player_choice":"Take Wound","damage_taken":0,"relics_obtained":["Golden Idol"],"max_hp_gain":0,"max_hp_loss":0,"event_name":"Golden Idol","floor":5,"gold_loss":0,"cards_obtained":["Injury"]},{"damage_healed":0,"gold_gain":0,"player_choice":"Success","damage_taken":3,"relics_obtained":["Meat on the Bone"],"max_hp_gain":0,"max_hp_loss":0,"event_name":"Scrap Ooze","floor":11,"gold_loss":0},{"damage_healed":0,"gold_gain":0,"player_choice":"Stole Relic","damage_taken":0,"relics_obtained":["Lantern"],"max_hp_gain":0,"max_hp_loss":0,"event_name":"Addict","floor":21,"gold_loss":0,"cards_obtained":["Shame"]},{"damage_healed":0,"gold_gain":0,"player_choice":"Upgraded","damage_taken":0,"max_hp_gain":0,"max_hp_loss":0,"event_name":"Upgrade Shrine","floor":30,"gold_loss":0,"cards_upgraded":["Cold Snap"]}],"is_beta":false,"boss_relics":[{"not_picked":["Ectoplasm","SlaversCollar"],"picked":"Black Star"}],"items_purged_floors":[12],"is_endless":false,"potions_floor_spawned":[1,14,16,20,24,31],"killed_by":"Automaton","ascension_level":1}}