{"host":"yrg76c7uz5ttoxj0","time":1609504247,"event":{"mods":["2.2 Compatiblity","AchievementEnabler","BaseMod","Colored Map","DeckTracker","Highlight Path","Minty Spire (QoL Compilation)","Permanent Neow","Random Character Button","Rare Cards Sparkle","StSLib","SuperFastMode"],"gold_per_floor":[110,60,60,135,135,166,184,209,209,209,226,226,245,98,98,203,203,219,318,318,328,253,279,279,312,312,346,27,41,41,57,57,153,153,166,166,180,200,2,2,14,33,33,33,65,122,166,188,200,212,212],"floor_reached":50,"playtime":2489,"items_purged":["Writhe"],"score":826,"play_id":"e4d9630c-6127-4eda-8536-3570c318e6e2","local_time":"20210101133047","is_ascension_mode":true,"campfire_choices":[{"floor":10,"key":"REST"},{"data":"Zap","floor":12,"key":"SMITH"},{"data":"Sunder","floor":15,"key":"SMITH"},{"data":"Rebound","floor":30,"key":"PURGE"},{"data":"Streamline","floor":32,"key":"SMITH"},{"data":"Machine Learning","floor":40,"key":"SMITH"},{"data":"Scrape","floor":44,"key":"SMITH"},{"floor":49,"key":"REST"}],"circlet_count":0,"master_deck":["Zap+1","Dualcast+1","Coolheaded+1","Undo+1","Scrape+1","Reboot+1","Sunder+1","Steam","Beam Cell","Core Surge","Steam","Electrodynamics","Streamline+1","BootSequence+1","Steam+1","Scrape+1","Streamline+1","Machine Learning+1"],"relics":["Pandora\u0027s Box","StoneCalendar","Thread and Needle","Pantograph","War Paint","Cursed Key","Strawberry","Omamori","Pear","Whetstone","Symbiotic Virus","Membership Card","Peace Pipe","Inserter","Matryoshka","ClockworkSouvenir","Pen Nib","Anchor","MawBank","TungstenRod","Letter Opener"],"acts_visited":["Exordium","TheCity","TheBeyond"],"potions_floor_usage":[8,33,47,50,50,50],"damage_taken":[{"damage":10,"enemies":"Jaw Worm","floor":1,"turns":3},{"damage":6,"enemies":"Lagavulin","floor":6,"turns":7},{"damage":0,"enemies":"Small Slimes","floor":7,"turns":2},{"damage":10,"enemies":"Gremlin Nob","floor":8,"turns":4},{"damage":0,"enemies":"2 Louse","floor":11,"turns":1},{"damage":0,"enemies":"Looter","floor":13,"turns":1},{"damage":3,"enemies":"The Guardian","floor":16,"turns":7},{"damage":0,"enemies":"Chosen","floor":18,"turns":3},{"damage":8,"enemies":"Shell Parasite","floor":21,"turns":3},{"damage":0,"enemies":"Slavers","floor":23,"turns":3},{"damage":20,"enemies":"Gremlin Leader","floor":25,"turns":5},{"damage":6,"enemies":"Book of Stabbing","floor":27,"turns":5},{"damage":0,"enemies":"Cultist and Chosen","floor":29,"turns":4},{"damage":0,"enemies":"3 Cultists","floor":31,"turns":3},{"damage":11,"enemies":"Collector","floor":33,"turns":7},{"damage":6,"enemies":"3 Darklings","floor":35,"turns":5},{"damage":6,"enemies":"3 Shapes","floor":37,"turns":3},{"damage":12,"enemies":"Sphere and 2 Shapes","floor":38,"turns":4},{"damage":0,"enemies":"Transient","floor":41,"turns":5},{"damage":8,"enemies":"Maw","floor":42,"turns":6},{"damage":5,"enemies":"Reptomancer","floor":45,"turns":4},{"damage":24,"enemies":"2 Orb Walkers","floor":46,"turns":4},{"damage":18,"enemies":"Nemesis","floor":47,"turns":6},{"damage":0,"enemies":"4 Shapes","floor":48,"turns":2},{"damage":64,"enemies":"Awakened One","floor":50,"turns":10}],"seed_played":"-6090075530732553161","potions_obtained":[{"floor":1,"key":"FearPotion"},{"floor":11,"key":"FearPotion"},{"floor":21,"key":"Energy Potion"},{"floor":23,"key":"Fire Potion"},{"floor":37,"key":"LiquidBronze"},{"floor":41,"key":"DuplicationPotion"},{"floor":48,"key":"SpeedPotion"}],"is_trial":false,"path_per_floor":["M","?","?","?","?","E","M","E","T","R","M","R","M","$","R","B",null,"M","?","?","M","$","E","?","E","T","E","$","M","R","M","R","B",null,"M","$","M","M","$","R","M","M","T","R","E","?","E","M","R","B"],"character_chosen":"DEFECT","items_purchased":["War Paint","Membership Card","Peace Pipe","Scrape","Matryoshka","ClockworkSouvenir"],"campfire_rested":2,"item_purchase_floors":[14,28,28,28,39,39],"current_hp_per_floor":[58,58,43,32,32,26,26,16,16,38,38,38,38,38,38,60,71,71,71,78,70,70,70,61,51,51,45,45,45,45,45,45,59,84,78,78,72,60,60,60,60,52,52,52,47,23,5,5,32,0,0],"gold":212,"neow_bonus":"BOSS_RELIC","is_daily":false,"chose_seed":false,"campfire_upgraded":5,"win_rate":0.0,"timestamp":1609504247,"path_taken":["M","?","?","?","?","E","M","E","T","R","M","R","M","$","R","BOSS","M","?","?","?","$","E","?","E","T","E","?","?","R","M","R","BOSS","M","$","?","?","$","R","M","M","T","R","E","?","E","M","R","BOSS"],"items_purchased_type":["Relic","Relic","Relic","Card","Relic","Relic"],"build_version":"2020-12-22","purchased_purges":1,"victory":false,"max_hp_per_floor":[75,75,75,75,75,75,75,75,75,75,75,75,75,75,75,75,75,75,75,82,82,82,82,82,92,92,92,92,92,92,92,92,92,92,92,92,92,92,92,92,92,92,92,92,92,92,92,92,92,92,92],"card_choices":[{"not_picked":["Scrape","Turbo"],"picked":"Steam","floor":1},{"not_picked":["Coolheaded","Redo"],"picked":"Beam Cell","floor":6},{"not_picked":["Hologram","Rebound","Static Discharge"],"picked":"SKIP","floor":7},{"not_picked":["Beam Cell","Doom and Gloom"],"picked":"Core Surge","floor":8},{"not_picked":["Redo","Capacitor","Defragment"],"picked":"SKIP","floor":11},{"not_picked":["Ball Lightning","Compile Driver"],"picked":"Steam","floor":13},{"not_picked":["Buffer","Meteor Strike"],"picked":"Electrodynamics","floor":16},{"not_picked":["Chaos","Conserve Battery"],"picked":"Streamline","floor":18},{"not_picked":["Undo","Conserve Battery","Storm"],"picked":"SKIP","floor":21},{"not_picked":["Melter","Electrodynamics"],"picked":"BootSequence+1","floor":23},{"not_picked":["Cold Snap","Ball Lightning"],"picked":"Steam+1","floor":25},{"not_picked":["Rip and Tear","Blizzard+1","Beam Cell"],"picked":"SKIP","floor":27},{"not_picked":["Fission","Beam Cell"],"picked":"Streamline","floor":29},{"not_picked":["Turbo","Conserve Battery","Stack+1"],"picked":"SKIP","floor":31},{"not_picked":["Hyperbeam","Multi-Cast"],"picked":"Machine Learning","floor":33},{"not_picked":["Conserve Battery","Darkness","Turbo+1"],"picked":"SKIP","floor":35},{"not_picked":["Streamline","Turbo+1","Undo"],"picked":"SKIP","floor":37},{"not_picked":["Compile Driver+1","Coolheaded","Redo+1"],"picked":"SKIP","floor":38},{"not_picked":["Tempest+1","Auto Shields+1","Thunder Strike"],"picked":"SKIP","floor":41},{"not_picked":["Beam Cell+1","Capacitor+1","Streamline"],"picked":"SKIP","floor":42},{"not_picked":["Coolheaded","Beam Cell","Melter+1"],"picked":"SKIP","floor":45},{"not_picked":["Reinforced Body","Sunder+1","Hello World+1"],"picked":"SKIP","floor":47},{"not_picked":["Melter+1","Force Field+1","Cold Snap"],"picked":"SKIP","floor":48}],"player_experience":365324,"relics_obtained":[{"floor":6,"key":"StoneCalendar"},{"floor":8,"key":"Thread and Needle"},{"floor":9,"key":"Pantograph"},{"floor":23,"key":"Omamori"},{"floor":25,"key":"Pear"},{"floor":26,"key":"Whetstone"},{"floor":27,"key":"Symbiotic Virus"},{"floor":43,"key":"Pen Nib"},{"floor":43,"key":"Anchor"},{"floor":45,"key":"MawBank"},{"floor":46,"key":"TungstenRod"},{"floor":47,"key":"Letter Opener"}],"event_choices":[{"cards_removed":["Undo"],"damage_healed":0,"gold_gain":0,"player_choice":"Card Removal","damage_taken":0,"max_hp_gain":0,"max_hp_loss":0,"event_name":"The Cleric","floor":2,"gold_loss":50},{"damage_healed":0,"gold_gain":0,"player_choice":"Entered Light","damage_taken":15,"max_hp_gain":0,"max_hp_loss":0,"event_name":"Shining Light","floor":3,"gold_loss":0,"cards_upgraded":["Coolheaded","Dualcast"]},{"damage_healed":0,"gold_gain":75,"player_choice":"Gather Gold","damage_taken":11,"max_hp_gain":0,"max_hp_loss":0,"event_name":"World of Goop","floor":4,"gold_loss":0},{"cards_removed":["Heatsinks"],"damage_healed":0,"gold_gain":0,"player_choice":"Forget","damage_taken":0,"max_hp_gain":0,"max_hp_loss":0,"event_name":"Living Wall","floor":5,"gold_loss":0},{"damage_healed":0,"gold_gain":99,"player_choice":"Stole From Cult","damage_taken":0,"max_hp_gain":0,"max_hp_loss":0,"event_name":"Nest","floor":19,"gold_loss":0},{"damage_healed":0,"gold_gain":0,"player_choice":"Opened","damage_taken":0,"relics_obtained":["Strawberry"],"max_hp_gain":0,"max_hp_loss":0,"event_name":"The Mausoleum","floor":20,"gold_loss":0,"cards_obtained":["Writhe"]},{"damage_healed":0,"gold_gain":0,"player_choice":"Stopped","damage_taken":9,"max_hp_gain":0,"max_hp_loss":0,"event_name":"Cursed Tome","floor":24,"gold_loss":0},{"damage_healed":0,"gold_gain":0,"player_choice":"Fight","damage_taken":0,"max_hp_gain":0,"max_hp_loss":0,"event_name":"Mysterious Sphere","floor":46,"gold_loss":0}],"is_beta":false,"boss_relics":[{"not_picked":["Calling Bell","Sozu"],"picked":"Cursed Key"},{"not_picked":["Nuclear Battery","Velvet Choker"],"picked":"Inserter"}],"items_purged_floors":[22],"is_endless":false,"potions_floor_spawned":[1,11,21,23,25,29,37,41,46,48],"killed_by":"Awakened One","ascension_level":7}}