{"host":"c5j8t0wyh2hvx9ju","time":1609473086,"event":{"mods":["Astrologer","BaseMod","BetterRewards","HololiveMod","Minty Spire (QoL Compilation)","Prisma Mod","StSLib"],"gold_per_floor":[110,127,143,161,177,177,197,214,214,214,225,225,259,56,56,151,151,166,178,178,178,27,27,56,56,126,41,74,100,100,130,130,235,235,255,300,318,42,42,42,59,59,140,140,140,140,156,170,170,170],"floor_reached":51,"playtime":3377,"items_purged":["Writhe","Defend_P"],"score":1018,"play_id":"4adc1c7d-888f-4865-835e-8e3e1d283d20","local_time":"20210101125126","is_ascension_mode":true,"campfire_choices":[{"floor":6,"key":"REST"},{"data":"Eruption","floor":10,"key":"SMITH"},{"data":"Vigilance","floor":12,"key":"SMITH"},{"floor":15,"key":"REST"},{"data":"Tantrum","floor":23,"key":"SMITH"},{"data":"TalkToTheHand","floor":30,"key":"SMITH"},{"data":"FearNoEvil","floor":32,"key":"SMITH"},{"data":"DevaForm","floor":40,"key":"SMITH"},{"data":"ClearTheMind","floor":42,"key":"SMITH"},{"data":"Indignation","floor":44,"key":"SMITH"},{"floor":46,"key":"REST"},{"data":"ForeignInfluence","floor":49,"key":"SMITH"}],"circlet_count":0,"master_deck":["Defend_P+1","Defend_P+1","Defend_P+1","Eruption+1","Vigilance+1","InnerPeace+1","Consecrate+1","FlurryOfBlows+1","FollowUp+1","Meditate+1","Evaluate+1","Indignation+1","ClearTheMind+1","Halt+1","Judgement+1","FearNoEvil+1","Bite+1","Bite+1","Bite+1","Bite+1","Bite+1","Tantrum+1","TalkToTheHand+1","DevaForm+1","Sanctity+1","SandsOfTime+1","Madness+1","Madness+1","ForeignInfluence+1"],"relics":["PureWater","Eternal Feather","Bag of Marbles","Anchor","Runic Pyramid","Oddly Smooth Stone","Orichalcum","HornCleat","Yang","Pantograph","Lantern","Strawberry","Bag of Preparation","Sozu","Mango","Membership Card","Akabeko","Singing Bowl","Mark of the Bloom"],"acts_visited":["Exordium","TheCity","TheBeyond"],"potions_floor_usage":[16,31,33,50],"damage_taken":[{"damage":1,"enemies":"Cultist","floor":1,"turns":4},{"damage":10,"enemies":"Jaw Worm","floor":2,"turns":4},{"damage":4,"enemies":"2 Louse","floor":3,"turns":3},{"damage":21,"enemies":"Blue Slaver","floor":4,"turns":4},{"damage":7,"enemies":"Looter","floor":5,"turns":4},{"damage":10,"enemies":"Large Slime","floor":7,"turns":4},{"damage":4,"enemies":"Red Slaver","floor":8,"turns":3},{"damage":6,"enemies":"2 Fungi Beasts","floor":11,"turns":3},{"damage":31,"enemies":"Lagavulin","floor":13,"turns":8},{"damage":72,"enemies":"The Guardian","floor":16,"turns":21},{"damage":1,"enemies":"2 Thieves","floor":18,"turns":3},{"damage":18,"enemies":"Spheric Guardian","floor":19,"turns":4},{"damage":34,"enemies":"Book of Stabbing","floor":24,"turns":5},{"damage":0,"enemies":"Gremlin Leader","floor":28,"turns":4},{"damage":20,"enemies":"Slavers","floor":31,"turns":5},{"damage":41,"enemies":"Champ","floor":33,"turns":10},{"damage":0,"enemies":"3 Shapes","floor":35,"turns":2},{"damage":30,"enemies":"2 Orb Walkers","floor":36,"turns":5},{"damage":0,"enemies":"Orb Walker","floor":37,"turns":3},{"damage":0,"enemies":"3 Darklings","floor":41,"turns":2},{"damage":0,"enemies":"Jaw Worm Horde","floor":47,"turns":3},{"damage":0,"enemies":"Sphere and 2 Shapes","floor":48,"turns":3},{"damage":38,"enemies":"Donu and Deca","floor":50,"turns":10}],"seed_played":"-1390283827707309043","potions_obtained":[{"floor":2,"key":"SpeedPotion"},{"floor":3,"key":"Weak Potion"},{"floor":24,"key":"Regen Potion"},{"floor":31,"key":"AttackPotion"},{"floor":33,"key":"StancePotion"}],"is_trial":false,"path_per_floor":["M","M","M","M","M","R","M","M","T","R","M","R","E","$","R","B",null,"M","M","?","?","$","R","E","T","T","?","E","T","R","E","R","B",null,"M","?","M","$","?","R","M","R","T","R","?","R","M","M","R","B",null],"character_chosen":"WATCHER","items_purchased":["InnerPeace","FairyPotion","Consecrate","Anchor","Halt","Tantrum","Membership Card","Akabeko"],"campfire_rested":3,"item_purchase_floors":[0,0,0,14,14,22,38,38],"current_hp_per_floor":[71,61,57,36,29,50,40,36,36,45,39,48,17,17,47,7,72,71,53,50,50,50,50,26,26,26,26,30,37,49,51,57,21,57,57,47,55,55,46,61,65,71,71,71,71,71,71,71,71,33],"gold":170,"neow_bonus":"","is_daily":false,"chose_seed":false,"campfire_upgraded":9,"win_rate":0.0,"timestamp":1609473086,"path_taken":["M","?","M","M","M","R","?","M","T","R","M","R","E","$","R","BOSS","M","M","?","?","$","R","E","?","T","?","E","?","R","E","R","BOSS","M","?","M","$","?","R","M","R","T","R","?","R","M","M","R","BOSS"],"items_purchased_type":["Card","Potion","Card","Relic","Card","Card","Relic","Relic"],"build_version":"2020-12-22","purchased_purges":2,"victory":true,"max_hp_per_floor":[72,72,72,72,72,72,72,72,72,72,72,72,72,72,72,72,72,72,72,50,50,50,50,50,50,50,50,50,57,57,57,57,57,57,57,71,71,71,71,71,71,71,71,71,71,71,73,73,73,73],"card_choices":[{"not_picked":["Conclude","ForeignInfluence"],"picked":"FlurryOfBlows","floor":1},{"not_picked":["WreathOfFlame","Weave"],"picked":"FollowUp","floor":2},{"not_picked":["PathToVictory","ThirdEye","FollowUp"],"picked":"SKIP","floor":3},{"not_picked":["BowlingBash","SashWhip","ThirdEye"],"picked":"SKIP","floor":4},{"not_picked":["Nirvana","MasterReality"],"picked":"Meditate","floor":5},{"not_picked":["JustLucky","Pray"],"picked":"Evaluate","floor":7},{"not_picked":["JustLucky","CrushJoints","EmptyBody"],"picked":"SKIP","floor":8},{"not_picked":["JustLucky","Evaluate"],"picked":"Indignation","floor":11},{"not_picked":["EmptyFist","FlyingSleeves"],"picked":"ClearTheMind","floor":13},{"not_picked":["Ragnarok","ConjureBlade"],"picked":"Judgement","floor":16},{"not_picked":["BowlingBash+1","SashWhip","BattleHymn"],"picked":"SKIP","floor":18},{"not_picked":["BowlingBash","EmptyFist+1"],"picked":"FearNoEvil","floor":19},{"not_picked":["ThirdEye","CutThroughFate+1"],"picked":"TalkToTheHand","floor":24},{"not_picked":["Scrawl","CrushJoints+1","WindmillStrike"],"picked":"SKIP","floor":28},{"not_picked":["LikeWater","ClearTheMind","CarveReality"],"picked":"SKIP","floor":31},{"not_picked":["Alpha","Brilliance"],"picked":"DevaForm","floor":33},{"not_picked":["FollowUp+1","CutThroughFate"],"picked":"Sanctity+1","floor":35},{"not_picked":["SashWhip+1","EmptyFist+1"],"picked":"SandsOfTime+1","floor":36},{"not_picked":["EmptyMind","SashWhip","PathToVictory"],"picked":"SKIP","floor":37},{"not_picked":["Consecrate","CrushJoints","EmptyBody+1"],"picked":"SKIP","floor":41},{"not_picked":["EmptyFist","Weave","JustLucky"],"picked":"Singing Bowl","floor":47},{"not_picked":["Prostrate+1","PathToVictory"],"picked":"ForeignInfluence","floor":48}],"player_experience":888597,"relics_obtained":[{"floor":9,"key":"Eternal Feather"},{"floor":13,"key":"Bag of Marbles"},{"floor":24,"key":"Orichalcum"},{"floor":25,"key":"HornCleat"},{"floor":26,"key":"Yang"},{"floor":28,"key":"Lantern"},{"floor":29,"key":"Strawberry"},{"floor":31,"key":"Bag of Preparation"},{"floor":36,"key":"Mango"},{"floor":43,"key":"Singing Bowl"}],"event_choices":[{"damage_healed":0,"gold_gain":0,"player_choice":"Became a vampire","damage_taken":0,"max_hp_gain":0,"max_hp_loss":22,"event_name":"Vampires","floor":20,"gold_loss":0,"cards_obtained":["Bite","Bite","Bite","Bite","Bite"]},{"damage_healed":0,"gold_gain":0,"player_choice":"Opened","damage_taken":0,"relics_obtained":["Oddly Smooth Stone"],"max_hp_gain":0,"max_hp_loss":0,"event_name":"The Mausoleum","floor":21,"gold_loss":0,"cards_obtained":["Writhe"]},{"damage_healed":0,"gold_gain":0,"player_choice":"Obtained Relic","damage_taken":0,"relics_obtained":["Pantograph"],"max_hp_gain":0,"max_hp_loss":0,"event_name":"Addict","floor":27,"gold_loss":85},{"damage_healed":0,"gold_gain":0,"player_choice":"Fight","damage_taken":0,"max_hp_gain":0,"max_hp_loss":0,"event_name":"Mysterious Sphere","floor":36,"gold_loss":0},{"damage_healed":0,"gold_gain":0,"player_choice":"Embrace Madness","damage_taken":9,"max_hp_gain":0,"max_hp_loss":0,"event_name":"Winding Halls","floor":39,"gold_loss":0,"cards_obtained":["Madness","Madness"]},{"damage_healed":0,"gold_gain":0,"player_choice":"Upgrade","damage_taken":0,"relics_obtained":["Mark of the Bloom"],"max_hp_gain":0,"max_hp_loss":0,"event_name":"MindBloom","floor":45,"gold_loss":0,"cards_upgraded":["Defend_P","Defend_P","Defend_P","InnerPeace","Consecrate","FlurryOfBlows","FollowUp","Meditate","Evaluate","Halt","Judgement","Bite","Bite","Bite","Bite","Bite","Madness","Madness"]}],"is_beta":false,"boss_relics":[{"not_picked":["Tiny House","Ectoplasm"],"picked":"Runic Pyramid"},{"not_picked":["Hololive_TopUpMoneyS","Snecko Eye"],"picked":"Sozu"}],"items_purged_floors":[22,38],"is_endless":false,"potions_floor_spawned":[2,3,5,7,11,24,31,33,41],"ascension_level":2}}