{"host":"3vgzk5mhz751jdrj","time":1609545376,"event":{"mods":["2.2 Compatiblity","AchievementEnabler","Act Like it!","Aspiration","BaseMod","Better Match","Better Note","Better Sensory Stone","Better Skull","Better Third Choice","Block Reminder","Colored Map","Conspire","Displayed Cursed Tome","Downfall","Downfall-Rebalance","Friendly Minions","GifTheSpireLib","Halation","Hubris","Marked Mod","Mimic Mod","Minty Spire (QoL Compilation)","Quick Restart","Rare Cards Sparkle","Replay The Spire","Reworked Bosses","Shop Mod","Spicy Shops","Spikes Relics","StSLib","Stuff the Spire","The Marked","Trackpad","vexMod"],"gold_per_floor":[112,123,123,123,138,165,165,165,188,213,26,42,54,64,64,168,168,184,204,204,218,230,230,230],"floor_reached":23,"playtime":1283,"items_purged":[],"score":205,"play_id":"d7824532-0892-4c46-85e8-3701be420102","local_time":"20210101185616","is_ascension_mode":false,"campfire_choices":[{"floor":8,"key":"REST"},{"data":"theMarked:SoldierOfQuellstein","floor":15,"key":"SMITH"}],"circlet_count":0,"master_deck":["theMarked:Strike","theMarked:Strike","theMarked:Strike","theMarked:Strike","theMarked:Strike","theMarked:Defend","theMarked:Defend","theMarked:Defend","theMarked:Defend","theMarked:SoldierOfQuellstein+1","theMarked:RepellingDischarge","theMarked:RepellingDischarge","theMarked:Defy","theMarked:ElementalBlade","theMarked:Reabsorb+1","theMarked:EnhanceMovement","theMarked:SoldierForm","theMarked:EmpowerWeapon","theMarked:TurnInvisible","theMarked:Parry"],"relics":["theMarked:ArtifactOfAir","NeowsBlessing","Bag of Marbles","trackpad:PetRock","hubris:Zylophone","vexMod:MysteryBossChallenge","trackpad:Coffee","halation:WeightlessCrab"],"acts_visited":["Exordium","TheCity"],"potions_floor_usage":[10,10,16,19,22],"damage_taken":[{"damage":0,"enemies":"Cultist","floor":1,"turns":1},{"damage":0,"enemies":"Small Slimes","floor":2,"turns":1},{"damage":0,"enemies":"2 Louse","floor":5,"turns":1},{"damage":21,"enemies":"3 Sentries","floor":6,"turns":12},{"damage":12,"enemies":"Replay:BlueRogue","floor":10,"turns":6},{"damage":0,"enemies":"Exordium Wildlife","floor":12,"turns":1},{"damage":0,"enemies":"2 Fungi Beasts","floor":13,"turns":4},{"damage":0,"enemies":"Gremlin Gang","floor":14,"turns":2},{"damage":12,"enemies":"Slime Boss","floor":16,"turns":7},{"damage":18,"enemies":"Chosen","floor":18,"turns":5},{"damage":10,"enemies":"2 Thieves","floor":19,"turns":4},{"damage":17,"enemies":"Centurion and Healer","floor":21,"turns":7},{"damage":12,"enemies":"Sentry and Sphere","floor":22,"turns":3},{"damage":16,"enemies":"Book of Stabbing","floor":23,"turns":6}],"seed_played":"-2578374449463348409","potions_obtained":[{"floor":2,"key":"Languid Potion"},{"floor":6,"key":"champ:CounterPotion"},{"floor":14,"key":"AttackPotion"},{"floor":16,"key":"Guardian:BlockOnCardUsePotion"},{"floor":18,"key":"Ancient Potion"},{"floor":21,"key":"Death Potion"}],"is_trial":false,"path_per_floor":["M","M","$","$","M","E","?","R","T","E","$","M","M","M","R","B",null,"M","M","T","M","M","E"],"character_chosen":"THE_DEFAULT","items_purchased":["theMarked:Reabsorb+1","theMarked:EnhanceMovement"],"campfire_rested":1,"item_purchase_floors":[11,11],"current_hp_per_floor":[70,70,70,70,70,49,24,45,45,33,33,33,33,33,33,21,70,52,42,42,25,13,0,0],"gold":230,"neow_bonus":"THREE_ENEMY_KILL","is_daily":false,"chose_seed":false,"campfire_upgraded":1,"win_rate":0.0,"timestamp":1609545376,"path_taken":["M","M","?","$","M","E","?","R","T","E","?","M","?","M","R","BOSS","M","?","?","?","M","E"],"items_purchased_type":["Card","Card"],"build_version":"2020-12-22","purchased_purges":0,"victory":false,"max_hp_per_floor":[70,70,70,70,70,70,70,70,70,70,70,70,70,70,70,70,70,70,70,70,70,70,70,70],"card_choices":[{"not_picked":["theMarked:BanishingStrike","theMarked:WastefulAttack","theMarked:Panic"],"picked":"SKIP","floor":1},{"not_picked":["theMarked:WardOff","theMarked:HeightenedSenses"],"picked":"theMarked:RepellingDischarge","floor":2},{"not_picked":["theMarked:ChainLightning","theMarked:WastefulDefense"],"picked":"theMarked:RepellingDischarge","floor":5},{"not_picked":["theMarked:RepellingDischarge","theMarked:WastefulAttack"],"picked":"theMarked:Defy","floor":6},{"not_picked":["theMarked:Overthink","theMarked:Static"],"picked":"theMarked:ElementalBlade","floor":10},{"not_picked":["theMarked:Standoff","theMarked:HeightenedSenses"],"picked":"theMarked:SoldierForm","floor":12},{"not_picked":["theMarked:Improvise","theMarked:ReduceFriction"],"picked":"theMarked:EmpowerWeapon","floor":13},{"not_picked":["theMarked:ElectricStrings","theMarked:HeightenedSenses","theMarked:Electrify"],"picked":"SKIP","floor":14},{"not_picked":["theMarked:Vacuum","theMarked:MuscleMemory"],"picked":"theMarked:TurnInvisible","floor":16},{"not_picked":["theMarked:WastefulAttack","theMarked:RepellingDischarge","theMarked:WardOff"],"picked":"SKIP","floor":18},{"not_picked":["theMarked:RepellingDischarge","theMarked:Improvise","theMarked:WastefulAttack+1"],"picked":"SKIP","floor":19},{"not_picked":["theMarked:SwordAndMagic","theMarked:Parkour+1","theMarked:ChainLightning+1"],"picked":"SKIP","floor":21},{"not_picked":["theMarked:RepellingDischarge","theMarked:ElementalBlade"],"picked":"theMarked:Parry","floor":22}],"player_experience":416049,"relics_obtained":[{"floor":6,"key":"Bag of Marbles"},{"floor":10,"key":"hubris:Zylophone"},{"floor":20,"key":"halation:WeightlessCrab"}],"event_choices":[{"damage_healed":0,"gold_gain":0,"player_choice":"Relic ","damage_taken":25,"max_hp_gain":0,"max_hp_loss":0,"event_name":"betterThird:BetterScrap","floor":7,"gold_loss":0,"cards_obtained":["ReplayTheSpireMod:Dual Polarity"]}],"is_beta":false,"boss_relics":[{"not_picked":["halation:PinkAlligatorPlush","hubris:HollowSoul"],"picked":"vexMod:MysteryBossChallenge"}],"items_purged_floors":[],"is_endless":false,"potions_floor_spawned":[2,6,14,16,18,21],"killed_by":"Book of Stabbing","ascension_level":0}}