{"host":"wcdwdpnxbe04tinu","time":1609533464,"event":{"mods":["Aspiration","BaseMod","Downfall","Minty Spire (QoL Compilation)","Relic Sorter","StSLib"],"gold_per_floor":[99,109,121,121,138,138,162,162,189,189,208,238,258,274,292,292,292,292],"floor_reached":16,"playtime":713,"items_purged":[],"score":131,"play_id":"42ee0df9-9f6f-40e9-93f8-573376264655","local_time":"20210101143744","is_ascension_mode":true,"campfire_choices":[{"data":"champ:Taunt","floor":1,"key":"SMITH"},{"data":"champ:RapidStrikes","floor":6,"key":"SMITH"},{"data":"champ:BerserkersShout","floor":10,"key":"SMITH"}],"circlet_count":0,"master_deck":["champ:Strike","champ:Strike","champ:Strike","champ:Strike","champ:Defend","champ:Defend","champ:Defend","champ:Defend","champ:Taunt+1","champ:RapidStrikes+1","champ:ShieldSigil","expansioncontent:GuardianWhirl","champ:BerserkersShout+1","champ:StanceDance","champ:BringItOn","champ:ShieldSigil","champ:FanOfKnives"],"relics":["champ:ChampionCrown","PreservedInsect","Toy Ornithopter","Tiny Chest"],"acts_visited":["Exordium"],"potions_floor_usage":[5,14,14,16],"damage_taken":[{"damage":2,"enemies":"2 Louse","floor":2,"turns":4},{"damage":0,"enemies":"Cultist","floor":3,"turns":5},{"damage":20,"enemies":"Jaw Worm","floor":5,"turns":5},{"damage":25,"enemies":"3 Sentries","floor":9,"turns":5},{"damage":0,"enemies":"3 Louse","floor":11,"turns":1},{"damage":47,"enemies":"Lagavulin","floor":12,"turns":5},{"damage":9,"enemies":"Exordium Thugs","floor":13,"turns":5},{"damage":6,"enemies":"Large Slime","floor":14,"turns":4},{"damage":15,"enemies":"Exordium Wildlife","floor":15,"turns":3},{"damage":47,"enemies":"downfall:Ironclad","floor":16,"turns":5}],"seed_played":"-137529620703008101","potions_obtained":[{"floor":2,"key":"hexamod:EctoCoolerPotion"},{"floor":9,"key":"Fruit Juice"},{"floor":11,"key":"Explosive Potion"},{"floor":12,"key":"Energy Potion"}],"is_trial":false,"path_per_floor":["R","M","M","?","M","R","T","?","E","R","M","E","M","M","M","B"],"character_chosen":"THE_CHAMP","items_purchased":[],"campfire_rested":0,"item_purchase_floors":[],"current_hp_per_floor":[90,88,88,90,82,82,82,82,57,57,57,37,28,38,38,1,1,1],"gold":292,"neow_bonus":"REMOVE_CARD","is_daily":false,"chose_seed":false,"campfire_upgraded":3,"win_rate":0.0,"timestamp":1609533464,"path_taken":["R","M","M","?","M","R","T","?","E","R","?","E","M","M","M","BOSS"],"items_purchased_type":[],"build_version":"2020-12-22","purchased_purges":0,"victory":false,"max_hp_per_floor":[90,90,90,90,90,90,90,90,90,90,90,90,90,90,90,95,95,95],"card_choices":[{"not_picked":["champ:BringItOn","champ:ShieldSigil"],"picked":"champ:RapidStrikes","floor":2},{"not_picked":["champ:FanOfKnives","champ:Duel"],"picked":"champ:ShieldSigil","floor":3},{"not_picked":["champ:Circumvent","champ:IronFortress","champ:AdrenalArmor"],"picked":"SKIP","floor":5},{"not_picked":["champ:Encircle","champ:SwordSigil"],"picked":"champ:BerserkersShout","floor":9},{"not_picked":["champ:Aggression","champ:FlashCut","champ:ShieldWall"],"picked":"SKIP","floor":11},{"not_picked":["champ:Control","champ:BerserkersShout"],"picked":"champ:StanceDance","floor":12},{"not_picked":["champ:Haymaker","champ:Duel"],"picked":"champ:BringItOn","floor":13},{"not_picked":["champ:Shatter","champ:DefensiveShout"],"picked":"champ:ShieldSigil","floor":14},{"not_picked":["champ:BringItOn","champ:BerserkersShout"],"picked":"champ:FanOfKnives","floor":15}],"player_experience":542166,"relics_obtained":[{"floor":7,"key":"PreservedInsect"},{"floor":9,"key":"Toy Ornithopter"},{"floor":12,"key":"Tiny Chest"}],"event_choices":[],"is_beta":false,"boss_relics":[],"items_purged_floors":[],"is_endless":false,"potions_floor_spawned":[2,9,11,12],"killed_by":"downfall:Ironclad","ascension_level":3}}