{"host":"qfskrnw3pl1q86j0","time":1609519501,"event":{"mods":["BaseMod","Block Reminder","Hermit","Marisa????????","Minty Spire (QoL Compilation)","Quick Restart","Random Character Button","Relic Stats","StSLib","The Poker Player","slay the spire mod where everything is the same but ironclad has a cowboy hat"],"gold_per_floor":[119,133,11,30,8,24,56,56,137,137,150,175,189,206,206,310,310,323,323,422,422,439,471,494,494,494,510,510,510,195,195,195,300,300,314,414,427,118,118,118,131,131,131,0,20,20,20,20,20,20],"floor_reached":51,"playtime":1625,"items_purged":["Strike_G","Writhe"],"score":798,"play_id":"9b904551-4e30-4a46-ae4b-d037d08451ae","local_time":"20210101174501","is_ascension_mode":false,"campfire_choices":[{"data":"Neutralize","floor":8.0,"key":"SMITH"},{"data":"Malaise","floor":10.0,"key":"SMITH"},{"data":"Skewer","floor":15.0,"key":"SMITH"},{"data":"Envenom","floor":25.0,"key":"SMITH"},{"data":"Backflip","floor":29.0,"key":"SMITH"},{"floor":32.0,"key":"REST"},{"data":"Poisoned Stab","floor":40.0,"key":"SMITH"},{"data":"Blade Dance","floor":47,"key":"SMITH"},{"data":"Dash","floor":49,"key":"SMITH"}],"circlet_count":0,"master_deck":["Strike_G","Strike_G","Strike_G","Defend_G","Defend_G","Defend_G","Defend_G","Survivor","Neutralize+1","Skewer+1","Dagger Throw","Malaise+1","Poisoned Stab+1","Dash+1","Deadly Poison","Bane","Terror","Envenom+1","Backflip+1","Leg Sweep","Noxious Fumes+1","Endless Agony","Blade Dance+1","Wraith"],"relics":["Ring of the Snake","Mango","Question Card","Orichalcum","Busted Crown","Bag of Marbles","Nunchaku","Frozen Egg 2","Anchor","ClockworkSouvenir","Sozu","CaptainsWheel","Bottled Lightning","Red Mask"],"acts_visited":["Exordium","TheCity","TheBeyond"],"potions_floor_usage":[50],"damage_taken":[{"damage":1.0,"enemies":"Cultist","floor":1.0,"turns":4.0},{"damage":5.0,"enemies":"Jaw Worm","floor":2.0,"turns":5.0},{"damage":0.0,"enemies":"2 Louse","floor":4.0,"turns":3.0},{"damage":1.0,"enemies":"Looter","floor":6.0,"turns":4.0},{"damage":25.0,"enemies":"Gremlin Nob","floor":7.0,"turns":5.0},{"damage":8.0,"enemies":"Exordium Thugs","floor":11.0,"turns":4.0},{"damage":2.0,"enemies":"Lagavulin","floor":12.0,"turns":7.0},{"damage":0.0,"enemies":"2 Fungi Beasts","floor":13.0,"turns":3.0},{"damage":1.0,"enemies":"Gremlin Gang","floor":14.0,"turns":4.0},{"damage":6.0,"enemies":"Slime Boss","floor":16.0,"turns":7.0},{"damage":12.0,"enemies":"2 Thieves","floor":18.0,"turns":5.0},{"damage":0.0,"enemies":"3 Byrds","floor":22.0,"turns":5.0},{"damage":13.0,"enemies":"Book of Stabbing","floor":23.0,"turns":6.0},{"damage":14.0,"enemies":"Sentry and Sphere","floor":27.0,"turns":4.0},{"damage":76.0,"enemies":"Collector","floor":33.0,"turns":10.0},{"damage":9.0,"enemies":"3 Darklings","floor":35.0,"turns":6.0},{"damage":0.0,"enemies":"Orb Walker","floor":37.0,"turns":4.0},{"damage":0.0,"enemies":"Transient","floor":41.0,"turns":5.0},{"damage":0.0,"enemies":"Spire Growth","floor":45.0,"turns":5.0},{"damage":78,"enemies":"Awakened One","floor":50,"turns":14}],"seed_played":"-2632317245635980047","potions_obtained":[{"floor":1.0,"key":"FairyPotion"},{"floor":4.0,"key":"Dexterity Potion"},{"floor":7.0,"key":"AttackPotion"},{"floor":11.0,"key":"DuplicationPotion"},{"floor":14.0,"key":"Fruit Juice"},{"floor":27.0,"key":"Swift Potion"},{"floor":33.0,"key":"SteroidPotion"}],"is_trial":false,"path_per_floor":["M","M","$","M","$","M","E","R","T","R","M","E","M","M","R","B",null,"M","?","?","?","M","E","T","R","T","M","?","R","$","?","R","B",null,"M","?","M","$","?","R","M","?","T","?","M","?","R","$","R","B",null],"character_chosen":"THE_SILENT","items_purchased":["Dagger Throw","Poisoned Stab","Noxious Fumes+1","ClockworkSouvenir","CaptainsWheel"],"campfire_rested":1,"item_purchase_floors":[3,5,30,30,38],"current_hp_per_floor":[48,43,43,43,43,42,31,31,31,31,23,21,21,20,20,19,89,77,60,60,60,60,47,47,47,47,33,33,33,33,24,52,17,94,85,85,85,85,85,85,85,85,85,85,85,85,85,85,85,7],"gold":20,"neow_bonus":"REMOVE_TWO","is_daily":false,"chose_seed":false,"campfire_upgraded":8,"win_rate":0.0,"timestamp":1609519501,"path_taken":["M","M","$","M","$","M","E","R","T","R","M","E","?","M","R","BOSS","M","?","?","?","M","E","?","R","T","?","?","R","$","?","R","BOSS","M","?","?","$","?","R","M","?","T","?","M","?","R","$","R","BOSS"],"items_purchased_type":["Card","Card","Card","Relic","Relic"],"build_version":"2020-12-22","purchased_purges":2,"victory":true,"max_hp_per_floor":[70,70,70,70,70,70,84,84,84,84,84,84,84,84,84,89,89,89,94,94,94,94,94,94,94,94,94,94,94,94,94,94,94,94,94,94,94,94,94,94,94,89,89,89,89,89,89,89,89,89],"relic_stats":{"Sozu":2,"Nunchaku":[12],"Busted Crown":18,"counters":[20,110],"Orichalcum":[84],"Question Card":14,"obtain_stats":[{"Mango":7,"Orichalcum":12,"Frozen Egg 2":26,"Question Card":9,"ClockworkSouvenir":30,"Sozu":34,"Nunchaku":24,"Anchor":28,"CaptainsWheel":38,"Busted Crown":17,"Bag of Marbles":23,"Red Mask":44,"Bottled Lightning":43,"Ring of the Snake":0},{"Mango":5,"Orichalcum":7,"Frozen Egg 2":13,"Question Card":5,"ClockworkSouvenir":14,"Sozu":15,"Nunchaku":13,"Anchor":14,"CaptainsWheel":17,"Busted Crown":10,"Bag of Marbles":13,"Red Mask":18,"Bottled Lightning":18,"Ring of the Snake":0},{"Mango":21,"Orichalcum":32,"Frozen Egg 2":62,"Question Card":21,"ClockworkSouvenir":66,"Sozu":76,"Nunchaku":62,"Anchor":66,"CaptainsWheel":86,"Busted Crown":46,"Bag of Marbles":62,"Red Mask":91,"Bottled Lightning":91,"Ring of the Snake":0}],"Ring of the Snake":[40]},"card_choices":[{"not_picked":["PiercingWail","Dodge and Roll"],"picked":"Skewer","floor":1.0},{"not_picked":["Underhanded Strike","Predator","Acrobatics"],"picked":"SKIP","floor":2.0},{"not_picked":["PiercingWail","Sucker Punch"],"picked":"Malaise","floor":4.0},{"not_picked":["Prepared","Calculated Gamble"],"picked":"Poisoned Stab","floor":6.0},{"not_picked":["Distraction","Finisher"],"picked":"Dash","floor":7.0},{"not_picked":["Dagger Throw","Prepared","Cloak And Dagger","PiercingWail"],"picked":"SKIP","floor":11.0},{"not_picked":["Dagger Throw","Prepared","Calculated Gamble"],"picked":"Deadly Poison","floor":12.0},{"not_picked":["Terror","Acrobatics","Flechettes"],"picked":"Bane","floor":13.0},{"not_picked":["Sucker Punch","Dagger Throw","Prepared"],"picked":"Terror","floor":14.0},{"not_picked":["Doppelganger","After Image","Malaise"],"picked":"Envenom","floor":16.0},{"not_picked":["Endless Agony","Bouncing Flask+1"],"picked":"SKIP","floor":18.0},{"not_picked":["Infinite Blades","Bouncing Flask"],"picked":"SKIP","floor":22.0},{"not_picked":["PiercingWail"],"picked":"Backflip","floor":23.0},{"not_picked":["Masterful Stab"],"picked":"Leg Sweep","floor":27.0},{"not_picked":["Dodge and Roll+1","Flying Knee+1"],"picked":"SKIP","floor":35.0},{"not_picked":["Outmaneuver","Leg Sweep"],"picked":"SKIP","floor":37.0},{"not_picked":["PiercingWail"],"picked":"Endless Agony","floor":41.0},{"not_picked":["Backflip"],"picked":"Blade Dance","floor":45.0}],"player_experience":897337,"relics_obtained":[{"floor":7.0,"key":"Mango"},{"floor":9.0,"key":"Question Card"},{"floor":12.0,"key":"Orichalcum"},{"floor":23.0,"key":"Bag of Marbles"},{"floor":24.0,"key":"Nunchaku"},{"floor":26.0,"key":"Frozen Egg 2"},{"floor":43.0,"key":"Bottled Lightning"}],"event_choices":[{"damage_healed":0.0,"max_hp_gain":5.0,"max_hp_loss":0.0,"gold_gain":0.0,"event_name":"Forgotten Altar","player_choice":"Shed Blood","floor":19.0,"gold_loss":0.0,"damage_taken":22.0},{"damage_healed":0.0,"max_hp_gain":0.0,"max_hp_loss":0.0,"gold_gain":99.0,"event_name":"Nest","player_choice":"Stole From Cult","floor":20.0,"gold_loss":0.0,"damage_taken":0.0},{"damage_healed":0.0,"max_hp_gain":0.0,"max_hp_loss":0.0,"gold_gain":0.0,"event_name":"Ghosts","player_choice":"Ignored","floor":21.0,"gold_loss":0.0,"damage_taken":0.0},{"damage_healed":0.0,"max_hp_gain":0.0,"max_hp_loss":0.0,"gold_gain":0.0,"event_name":"The Mausoleum","player_choice":"Opened","floor":28.0,"gold_loss":0.0,"damage_taken":0.0,"relics_obtained":["Anchor"],"cards_obtained":["Writhe"]},{"damage_healed":0.0,"max_hp_gain":0.0,"max_hp_loss":0.0,"gold_gain":0.0,"event_name":"Wheel of Change","player_choice":"Damaged","floor":31.0,"gold_loss":0.0,"damage_taken":9.0},{"damage_healed":0.0,"max_hp_gain":0.0,"max_hp_loss":0.0,"gold_gain":100.0,"event_name":"Golden Shrine","player_choice":"Pray","floor":36.0,"gold_loss":0.0,"damage_taken":0.0},{"cards_removed":["Poisoned Stab"],"damage_healed":0.0,"max_hp_gain":0.0,"max_hp_loss":0.0,"gold_gain":0.0,"event_name":"Falling","player_choice":"Removed Attack","floor":39.0,"gold_loss":0.0,"damage_taken":0.0},{"damage_healed":0.0,"max_hp_gain":0.0,"max_hp_loss":5.0,"gold_gain":0.0,"event_name":"Winding Halls","player_choice":"Max HP","floor":42.0,"gold_loss":0.0,"damage_taken":0.0},{"damage_healed":0.0,"max_hp_gain":0.0,"max_hp_loss":0.0,"gold_gain":0.0,"event_name":"Tomb of Lord Red Mask","player_choice":"Paid","floor":44.0,"gold_loss":131.0,"damage_taken":0.0,"relics_obtained":["Red Mask"]},{"damage_healed":0,"gold_gain":0,"player_choice":"Ignored","damage_taken":0,"max_hp_gain":0,"max_hp_loss":0,"event_name":"OrinTheCat","floor":46,"gold_loss":0}],"is_beta":false,"boss_relics":[{"not_picked":["Runic Dome","SlaversCollar"],"picked":"Busted Crown"},{"not_picked":["Ring of the Serpent","Fusion Hammer"],"picked":"Sozu"}],"items_purged_floors":[3,30],"is_endless":false,"potions_floor_spawned":[1,4,7,11,12,14,27,33,37,41],"ascension_level":0}}