{"host":"tq7pufgtqftqw8yr","time":1609529185,"event":{"mods":["BaseMod","Downfall","Minty Spire (QoL Compilation)","StSLib"],"gold_per_floor":[99,118,135,95,112,37,37,47,47,32,132,146,71,103,122,219,219,219,231,25,43,57,67,67,67,67,80,42,42,42,42,58,157,207,207,219,122,136,148,159,184,184,184,184],"floor_reached":42,"playtime":4200,"items_purged":[],"score":447,"play_id":"c6f8dd83-c40c-4b9d-a8b5-c01213001547","local_time":"20210102032625","is_ascension_mode":true,"campfire_choices":[{"floor":1.0,"key":"RECALL"},{"data":"Guardian:PrismaticBarrier","floor":6.0,"key":"SMITH"},{"data":"Guardian:CurlUp","floor":9.0,"key":"SMITH"},{"data":"Guardian:PiercingHide","floor":13.0,"key":"SMITH"},{"data":"Guardian:EvasiveProtocol","floor":18.0,"key":"SMITH"},{"floor":25.0,"key":"REST"},{"floor":30.0,"key":"REST"},{"data":"Guardian:Orbwalk","floor":35.0,"key":"SMITH"}],"circlet_count":0,"master_deck":["Guardian:Defend_Guardian","Guardian:Defend_Guardian","Guardian:Defend_Guardian","Guardian:Defend_Guardian","Guardian:CurlUp+1","Guardian:TwinSlam","Guardian:PrimingBeam","Guardian:PiercingHide+1","Guardian:PrismaticBarrier+1","Guardian:EvasiveProtocol+1","Guardian:Suspension","Guardian:StasisStrike","Guardian:BaubleBeam","Guardian:PrismaticBeam","Guardian:Orbwalk+1","Guardian:TemporalShield","Bite","Bite+1","Bite","Bite","Bite","Guardian:Preprogram+1","Guardian:PrismaticBeam","Guardian:TimeCapacitor","Guardian:Gem_Purple","Finesse","Guardian:Gem_Green","Guardian:ShieldSpikes+1"],"relics":["Guardian:ModeShifter","Oddly Smooth Stone","downfall:HeartBlessingRed","downfall:HeartBlessingBlue","Nunchaku","SlaversCollar","Dream Catcher","Mummified Hand","Nilry\u0027s Codex","Tiny House","Bag of Preparation"],"acts_visited":["Exordium","TheCity","TheBeyond"],"potions_floor_usage":[],"damage_taken":[{"damage":1.0,"enemies":"Jaw Worm","floor":2.0,"turns":4.0},{"damage":0.0,"enemies":"2 Louse","floor":3.0,"turns":4.0},{"damage":0.0,"enemies":"downfall:FleeingMerchant","floor":4.0,"turns":4.0},{"damage":6.0,"enemies":"Cultist","floor":5.0,"turns":4.0},{"damage":0.0,"enemies":"Blue Slaver","floor":8.0,"turns":4.0},{"damage":0.0,"enemies":"downfall:FleeingMerchant","floor":10.0,"turns":4.0},{"damage":3.0,"enemies":"Exordium Wildlife","floor":12.0,"turns":4.0},{"damage":12.0,"enemies":"3 Sentries","floor":14.0,"turns":8.0},{"damage":0.0,"enemies":"2 Fungi Beasts","floor":15.0,"turns":4.0},{"damage":49.0,"enemies":"downfall:Ironclad","floor":16.0,"turns":12.0},{"damage":0.0,"enemies":"3 Byrds","floor":19.0,"turns":3.0},{"damage":0.0,"enemies":"downfall:FleeingMerchant","floor":20.0,"turns":4.0},{"damage":16.0,"enemies":"Shell Parasite","floor":21.0,"turns":7.0},{"damage":13.0,"enemies":"Shelled Parasite and Fungi","floor":22.0,"turns":9.0},{"damage":9.0,"enemies":"3 Cultists","floor":23.0,"turns":7.0},{"damage":34.0,"enemies":"Sentry and Sphere","floor":27.0,"turns":8.0},{"damage":1.0,"enemies":"downfall:FleeingMerchant","floor":28.0,"turns":4.0},{"damage":11.0,"enemies":"Centurion and Healer","floor":32.0,"turns":6.0},{"damage":14.0,"enemies":"downfall:Silent","floor":33.0,"turns":9.0},{"damage":0.0,"enemies":"Orb Walker","floor":36.0,"turns":4.0},{"damage":22.0,"enemies":"downfall:FleeingMerchant","floor":37.0,"turns":4.0},{"damage":24.0,"enemies":"3 Shapes","floor":38.0,"turns":6.0},{"damage":29.0,"enemies":"3 Darklings","floor":39.0,"turns":9.0},{"damage":20,"enemies":"Spire Growth","floor":40,"turns":6},{"damage":18,"enemies":"Giant Head","floor":42,"turns":5}],"seed_played":"-640756760723499920","potions_obtained":[{"floor":2.0,"key":"FearPotion"},{"floor":5.0,"key":"EssenceOfSteel"},{"floor":8.0,"key":"Fire Potion"},{"floor":12.0,"key":"Fire Potion"},{"floor":15.0,"key":"Fire Potion"},{"floor":19.0,"key":"SpeedPotion"},{"floor":33.0,"key":"Weak Potion"},{"floor":34.0,"key":"SpeedPotion"},{"floor":40,"key":"Fire Potion"}],"is_trial":false,"path_per_floor":["R","M","M","$","M","R","T","M","R","$","?","M","R","E","M","B",null,"R","M","$","M","M","M","T","R","?","M","$","?","R","?","M","B",null,"R","M","$","M","M","M","T","E"],"character_chosen":"GUARDIAN","items_purchased":["Guardian:PiercingHide","Guardian:PrismaticBeam","Dream Catcher","Guardian:Gem_Lightblue","Finesse"],"campfire_rested":2,"item_purchase_floors":[4,20,20,28,37],"current_hp_per_floor":[80,79,79,79,73,73,73,73,73,73,73,70,80,68,68,19,90,90,90,90,74,61,52,52,79,62,37,42,26,44,44,41,43,67,67,67,50,37,18,6,6,0,0,0],"gold":184,"neow_bonus":"RANDOM_COMMON_RELIC","is_daily":false,"chose_seed":false,"campfire_upgraded":5,"win_rate":0.0,"timestamp":1609529185,"path_taken":["R","M","M","$","M","R","T","M","R","$","?","M","R","E","M","BOSS","R","M","$","M","M","M","T","R","?","M","$","?","R","?","M","BOSS","R","M","$","M","M","?","T","E"],"items_purchased_type":["Card","Card","Relic","Card","Card"],"build_version":"2020-12-22","purchased_purges":0,"victory":false,"max_hp_per_floor":[80,80,80,80,80,80,80,80,80,80,80,80,90,90,90,90,90,90,90,90,90,90,90,90,90,62,62,62,62,62,62,62,62,67,67,67,67,67,67,67,67,67,67,67],"card_choices":[{"not_picked":["Guardian:ShieldSpikes","Guardian:VentSteam"],"picked":"Guardian:Gem_Lightblue","floor":2.0},{"not_picked":["Guardian:DonusPower","Guardian:TemporalShield"],"picked":"Guardian:PrimingBeam","floor":3.0},{"not_picked":["Guardian:Repulse","Guardian:VentSteam"],"picked":"Guardian:Gem_Green","floor":4.0},{"not_picked":["Guardian:ChargeCore","Guardian:TemporalShield"],"picked":"Guardian:PrismaticBarrier","floor":5.0},{"not_picked":["Guardian:BronzeArmor","Guardian:Recover"],"picked":"Guardian:EvasiveProtocol","floor":8.0},{"not_picked":["Guardian:Gem_Green","Guardian:Gem_Cyan"],"picked":"Guardian:Gem_Red","floor":10.0},{"not_picked":["Guardian:Gem_Blue","Guardian:Gem_Cyan"],"picked":"Guardian:Gem_Yellow","floor":12.0},{"not_picked":["Guardian:TemporalStrike","Guardian:Incinerate"],"picked":"Guardian:Suspension","floor":14.0},{"not_picked":["Guardian:FloatingOrbs","Guardian:ShieldCharger"],"picked":"Guardian:StasisStrike","floor":15.0},{"not_picked":["Guardian:RevengeProtocol","Guardian:SphericShield"],"picked":"Guardian:BaubleBeam","floor":16.0},{"not_picked":["Guardian:Suspension","Guardian:TemporalShield"],"picked":"Guardian:Gem_Green","floor":19.0},{"not_picked":["Guardian:ConstructionForm","Guardian:Gem_Green"],"picked":"Guardian:Gem_Lightblue","floor":20.0},{"not_picked":["Guardian:Recover+1","Guardian:ChargeUp"],"picked":"Guardian:Orbwalk","floor":21.0},{"not_picked":["Guardian:VentSteam","Guardian:TimeBomb"],"picked":"Guardian:TemporalShield","floor":22.0},{"not_picked":["Guardian:WalkerClaw+1","Guardian:Suspension+1","Guardian:Emergency"],"picked":"SKIP","floor":23.0},{"not_picked":["Guardian:SphericShield","Guardian:TemporalStrike"],"picked":"Guardian:Gem_Green","floor":25.0},{"not_picked":["Guardian:Repulse","Guardian:Gem_Lightblue"],"picked":"Guardian:Preprogram+1","floor":27.0},{"not_picked":["Guardian:HyperBeam_Guardian","Guardian:GemFire"],"picked":"Guardian:Gem_Blue","floor":28.0},{"not_picked":["Guardian:Orbwalk","Guardian:DonusPower"],"picked":"Guardian:PrismaticBeam","floor":32.0},{"not_picked":["Guardian:RevengeProtocol","Guardian:StasisStrike"],"picked":"Guardian:Gem_Orange","floor":33.0},{"not_picked":["Guardian:FloatingOrbs","Guardian:EvasiveProtocol+1"],"picked":"Guardian:Gem_Lightblue","floor":34.0},{"not_picked":["Guardian:Gem_Cyan","Guardian:TimeBomb"],"picked":"Guardian:TimeCapacitor","floor":36.0},{"not_picked":["Guardian:WalkerClaw+1","Guardian:CrystalBeam+1"],"picked":"Guardian:Gem_Purple","floor":37.0},{"not_picked":["Guardian:PrismaticBarrier","Guardian:Recover"],"picked":"Guardian:Gem_Green","floor":38.0},{"not_picked":["Guardian:VentSteam","Guardian:ChargeCore","Guardian:ShieldCharger"],"picked":"SKIP","floor":39.0},{"not_picked":["Guardian:ShieldCharger+1","Guardian:Gem_Cyan"],"picked":"Guardian:ShieldSpikes+1","floor":40}],"player_experience":808733,"relics_obtained":[{"floor":14.0,"key":"Nunchaku"},{"floor":24.0,"key":"Mummified Hand"},{"floor":29.0,"key":"Nilry\u0027s Codex"},{"floor":41,"key":"Bag of Preparation"}],"event_choices":[{"damage_healed":0.0,"max_hp_gain":0.0,"max_hp_loss":28.0,"gold_gain":0.0,"event_name":"Vampires","player_choice":"Became a vampire","floor":26.0,"gold_loss":0.0,"damage_taken":0.0,"cards_obtained":["Bite","Bite","Bite","Bite","Bite"]}],"is_beta":false,"boss_relics":[{"not_picked":["Snecko Eye","Sozu"],"picked":"SlaversCollar"},{"not_picked":["Guardian:StasisSlotReductionRelic","Cursed Key"],"picked":"Tiny House"}],"items_purged_floors":[],"is_endless":false,"potions_floor_spawned":[2,5,8,12,15,19,21,33,40],"killed_by":"Giant Head","ascension_level":1}}