{"host":"encxxz8qgyfdg1b3","time":1609488735,"event":{"mods":["A Magickal Journey","Act Like it!","BaseMod","BetterRewards","Colored Map","Colored Powertips","Conspire","Downfall","Duelist Mod","GungeonMod","Hallownest","Hermit","Hero for Fun","Hubris","Hunter ??","Infinite Spire","Jorbs\u0027s Wanderer Trilogy","Koishi","LagranYue(???·?)","Mad Scientist","Marisa????????","Minty Spire (QoL Compilation)","Pale of the Ancients","Quick Restart","Replay The Spire","StSLib","Td1madao Mod","The Animator","The Bladedancer","The Bug Knight","The Construct","The Cursed","The Death Knight","The Disciple","The Elementalist","The Forsaken","The Gatherer","The Hierophant","The Jungle","The Necromancer","The Runesmith","The Senshi","The Servant 0.9.4","TheHero"],"gold_per_floor":[114,114,33,50,70,70,105,125,175,175,175,175,175,194,194,298,298,310,310,310],"floor_reached":19,"playtime":1113,"items_purged":[],"score":167,"play_id":"d7bba647-3ecb-4713-9ea2-291b5e28dabe","local_time":"20210101021215","is_ascension_mode":false,"campfire_choices":[{"data":"DeathKnight:RuneTap","floor":6,"key":"SMITH"},{"floor":11,"key":"REST"},{"floor":15,"key":"REST"}],"circlet_count":0,"master_deck":["DeathKnight:Strike_DeathKnight","DeathKnight:Strike_DeathKnight","DeathKnight:Strike_DeathKnight","DeathKnight:Strike_DeathKnight","DeathKnight:Strike_DeathKnight","DeathKnight:Defend_DeathKnight","DeathKnight:Defend_DeathKnight","DeathKnight:Defend_DeathKnight","DeathKnight:Defend_DeathKnight","DeathKnight:RuneTap+1","DeathKnight:RuneStrike","DeathKnight:Outbreak","DeathKnight:DeathAndDecay","DeathKnight:Frostscythe","DeathKnight:Hysteria+1","DeathKnight:DeathCoil","DeathKnight:Hysteria+1","DeathKnight:AntiMagicShell","DeathKnight:PlagueStrike","DeathKnight:Parry","Pain","DeathKnight:Contagion","DeathKnight:Outbreak","DeathKnight:DeathGrip+1"],"relics":["DeathKnight:BrokenRuneblade","LagranYue:RandomDrawCardRelic","DemoMod:MonsterBlood","Replay:Mystery Machine","hubris:DisguiseKit","hubris:Icosahedron","hubris:HollowSoul"],"acts_visited":["Exordium","TheCity"],"potions_floor_usage":[16,16],"damage_taken":[{"damage":6,"enemies":"Cultist","floor":1,"turns":3},{"damage":8,"enemies":"Small Slimes","floor":4,"turns":4},{"damage":6,"enemies":"2 Louse","floor":5,"turns":3},{"damage":32,"enemies":"Gremlin Nob","floor":7,"turns":5},{"damage":0,"enemies":"2 Fungi Beasts","floor":8,"turns":3},{"damage":19,"enemies":"Lots of Slimes","floor":14,"turns":3},{"damage":48,"enemies":"Slime Boss","floor":16,"turns":7},{"damage":58,"enemies":"Shell Parasite","floor":18,"turns":5},{"damage":16,"enemies":"3 Byrds","floor":19,"turns":2}],"seed_played":"-5594897804866896725","potions_obtained":[{"floor":5,"key":"Strength Potion"},{"floor":8,"key":"champ:CounterPotion"},{"floor":14,"key":"PowerPotion"},{"floor":18,"key":"Guardian:BlockOnCardUsePotion"}],"is_trial":false,"path_per_floor":["M","?","$","M","M","R","E","M","T","?","R","?","?","M","R","B",null,"M","M"],"character_chosen":"DEATH_KNIGHT","items_purchased":["DeathKnight:Hysteria+1","DeathKnight:DeathCoil"],"campfire_rested":2,"item_purchase_floors":[3,3],"current_hp_per_floor":[69,69,69,61,55,55,30,30,30,30,54,54,54,35,59,11,82,24,0,0],"gold":310,"neow_bonus":"ONE_RANDOM_RARE_CARD","is_daily":false,"chose_seed":false,"campfire_upgraded":1,"win_rate":0.0,"timestamp":1609488735,"path_taken":["M","?","$","?","M","R","E","M","T","?","R","?","?","M","R","BOSS","M","?"],"items_purchased_type":["Card","Card"],"build_version":"2020-12-22","purchased_purges":0,"victory":false,"max_hp_per_floor":[75,75,75,75,75,75,82,82,82,82,82,82,82,82,82,82,82,82,82,82],"card_choices":[{"not_picked":["DeathKnight:Pestilence","DeathKnight:BloodPact"],"picked":"DeathKnight:DeathAndDecay","floor":1},{"not_picked":["DeathKnight:Parry","DeathKnight:FrosPresence"],"picked":"DeathKnight:Hysteria","floor":4},{"not_picked":["DeathKnight:Parry","DeathKnight:Hysteria"],"picked":"DeathKnight:AntiMagicShell","floor":5},{"not_picked":["DeathKnight:Lichborne","DeathKnight:WraithWalk"],"picked":"DeathKnight:PlagueStrike","floor":7},{"not_picked":["DeathKnight:PillarOfFrost","DeathKnight:HowlingBlast"],"picked":"DeathKnight:Parry","floor":8},{"not_picked":["DeathKnight:RunicCorruption","DeathKnight:HartStrike","theForsaken:HealingLight"],"picked":"DeathKnight:Contagion","floor":14},{"not_picked":["DeathKnight:ArmyOfTheDead","DeathKnight:MarkOfBlood","theForsaken:SacrificeSoul"],"picked":"DeathKnight:Outbreak","floor":16},{"not_picked":["DeathKnight:Rot","DeathKnight:FrosPresence","theForsaken:SolarFlare"],"picked":"DeathKnight:DeathGrip+1","floor":18}],"player_experience":165968,"relics_obtained":[{"floor":7,"key":"DemoMod:MonsterBlood"},{"floor":9,"key":"Replay:Mystery Machine"}],"event_choices":[{"damage_healed":0,"gold_gain":0,"cards_transformed":["DeathKnight:Defend_DeathKnight"],"player_choice":"Transformed","damage_taken":0,"max_hp_gain":0,"max_hp_loss":0,"event_name":"Transmorgrifier","floor":2,"gold_loss":0,"cards_obtained":["DeathKnight:Frostscythe"]},{"damage_healed":0,"gold_gain":0,"player_choice":"Forge","damage_taken":0,"max_hp_gain":0,"max_hp_loss":0,"event_name":"Accursed Blacksmith","floor":13,"gold_loss":0,"cards_upgraded":["DeathKnight:Hysteria"]}],"is_beta":false,"boss_relics":[{"not_picked":["hubris:VirtuousBlindfold","conspire:RoyalGoblet"],"picked":"hubris:HollowSoul"}],"items_purged_floors":[],"is_endless":false,"potions_floor_spawned":[5,8,14,18],"killed_by":"3 Byrds","ascension_level":0}}