{"host":"i58uscbei3sy5089","time":1609518364,"event":{"mods":["ATMod(°¢èªMod)","Act Like it!","Arknights The Spire","BaseMod","Challenge The Spire","Colored Powertips","Conspire","Infinite Spire","Koishi","Lobotomy","LobotomyExtend","Minty Spire (QoL Compilation)","MostiFishMod","Prisma Mod","Quick Restart","Reimu£¨²©ÀöÁéÃÎ£©","Replay The Spire","Shop Mod","Spicy Shops","StSLib","TestMod","The Alterego","The Construct","UnlockEverythingMod","[IsaacMod]ÒÔÈö¼âËþ","vexMod","¡¾¹¦ÄÜMod¡¿»ìãçÖ®»·ÐÞ¸´²¹¶¡","¡¾ÒÅÎï¿¨ÅÆ¡¿REMEMod","óô»ðÖ¸ÄÏ"],"gold_per_floor":[117,117,13,13,4,4,4,4,4,22,22,22,22,22],"floor_reached":13,"playtime":724,"items_purged":[],"score":97,"play_id":"6de9cf32-f66e-4172-8326-2af73f3c02f1","local_time":"20210102002604","is_ascension_mode":true,"campfire_choices":[{"data":"construct:FlameCore","floor":6,"key":"SMITH"},{"data":"construct:FlameCore+1","floor":8,"key":"SMITH"},{"data":"construct:Autoturret","floor":12,"key":"SMITH"}],"circlet_count":0,"master_deck":["construct:Strike_Gold","construct:Strike_Gold","construct:Strike_Gold","construct:Strike_Gold","construct:Defend_Gold","construct:Defend_Gold","construct:Defend_Gold","construct:Defend_Gold","construct:Defend_Gold","construct:AttackMode","construct:DefenseMode","MHz","construct:FlameCore+2","construct:ClockworkEgg","construct:PanicFire","construct:Autoturret+1"],"relics":["construct:ClockworkPhoenix","testmod-TestBox","HushsDoor","DaveBox","AT_ATBox","REME_ComplimentaryCards","CogitoBucket","RabbitCall","DianDianMeat","testmod-KeyOfTheVoid","SynthV:TestCard","LetterFromLob","MerchantsRug","BloodDonationBag","testmod-CyclicPeriapt"],"acts_visited":["Exordium"],"potions_floor_usage":[],"damage_taken":[{"damage":2,"enemies":"Small Slimes","floor":1,"turns":7},{"damage":6,"enemies":"Cultist","floor":10,"turns":3},{"damage":45,"enemies":"Gremlin Nob","floor":13,"turns":5}],"seed_played":"-8061810638930832830","potions_obtained":[{"floor":1,"key":"SpeedPotion"},{"floor":10,"key":"FearPotion"}],"is_trial":false,"path_per_floor":["M","?","$","?","$","R","E","R","T","M","?","R","E"],"character_chosen":"THE_CONSTRUCT_MOD","items_purchased":["MerchantsRug","construct:ClockworkEgg","construct:Autoturret"],"campfire_rested":0,"item_purchase_floors":[3,3,5],"current_hp_per_floor":[86,86,48,52,44,44,44,44,44,38,38,38,0,0],"gold":22,"neow_bonus":"","is_daily":false,"chose_seed":false,"campfire_upgraded":3,"win_rate":0.0,"timestamp":1609518364,"path_taken":["M","?","$","?","$","R","E","R","T","M","?","R","E"],"items_purchased_type":["Relic","Card","Card"],"build_version":"2020-12-22","purchased_purges":0,"victory":false,"max_hp_per_floor":[88,88,91,95,100,100,100,100,100,100,100,100,100,100],"card_choices":[{"not_picked":[],"picked":"ChaosCard","floor":0},{"not_picked":["GreedKing","MeatLantern","BlackArmy"],"picked":"Singing Bowl","floor":1},{"not_picked":["Laetitia","NakedNest"],"picked":"MHz","floor":1},{"not_picked":["construct:SyphonStrike","construct:HardReboot"],"picked":"construct:FlameCore","floor":1},{"not_picked":["CrumblingArmor","HappyTeddy","ShyLook"],"picked":"Singing Bowl","floor":10},{"not_picked":["construct:Synchronize","construct:ForceCore","construct:FlakBarrage","construct:ChargeShot","construct:SweepLaser"],"picked":"SKIP","floor":10}],"player_experience":693098,"relics_obtained":[{"floor":1,"key":"SynthV:TestCard"},{"floor":1,"key":"LetterFromLob"},{"floor":9,"key":"testmod-CyclicPeriapt"}],"event_choices":[{"damage_healed":0,"gold_gain":0,"cards_transformed":["construct:Strike_Gold"],"player_choice":"Transformed","damage_taken":0,"max_hp_gain":0,"max_hp_loss":0,"event_name":"Transmorgrifier","floor":4,"gold_loss":0,"cards_obtained":["construct:PanicFire"]}],"is_beta":false,"boss_relics":[],"items_purged_floors":[],"is_endless":false,"potions_floor_spawned":[1,10],"killed_by":"Gremlin Nob","ascension_level":1}}