{"host":"Rich","time":1609529189,"event":{"mods":["AchievementEnabler","BaseMod","Highlight Path","Minty Spire (QoL Compilation)","Relic Stats"],"gold_per_floor":[112,132,13,13,13,43,77,77,77,93,93,104,137,157,157,235,235,254,273,293,303,318,348,348,348,348],"floor_reached":25,"playtime":953,"items_purged":["Strike_R"],"score":540,"play_id":"94532a7a-b783-4ca2-8861-51641b08a188","local_time":"20210101142629","is_ascension_mode":true,"campfire_choices":[{"data":"1","floor":8,"key":"LIFT"},{"data":"2","floor":11,"key":"LIFT"},{"data":"3","floor":15,"key":"LIFT"}],"circlet_count":0,"master_deck":["AscendersBane","Strike_R","Strike_R","Strike_R","Strike_R","Defend_R+1","Defend_R","Defend_R","Defend_R+1","Bash","Shockwave","Rampage","Whirlwind","Anger","Thunderclap","Disarm","Shrug It Off","Flex","Battle Trance","Flame Barrier","Brutality","Headbutt","Cleave","Warcry+1","Shrug It Off","Shrug It Off","Dark Embrace+1","Anger"],"relics":["Burning Blood","NeowsBlessing","WingedGreaves","Girya","Prayer Wheel","Orichalcum","Runic Cube","Bag of Preparation"],"acts_visited":["Exordium","TheCity"],"potions_floor_usage":[7,12,13,16,20,23,25],"damage_taken":[{"damage":0,"enemies":"2 Louse","floor":1,"turns":2},{"damage":0,"enemies":"Small Slimes","floor":2,"turns":1},{"damage":0,"enemies":"Gremlin Nob","floor":6,"turns":1},{"damage":14,"enemies":"Lagavulin","floor":7,"turns":6},{"damage":0,"enemies":"Cultist","floor":10,"turns":3},{"damage":0,"enemies":"Lots of Slimes","floor":12,"turns":2},{"damage":10,"enemies":"3 Sentries","floor":13,"turns":3},{"damage":0,"enemies":"2 Fungi Beasts","floor":14,"turns":2},{"damage":28,"enemies":"Hexaghost","floor":16,"turns":9},{"damage":20,"enemies":"Shell Parasite","floor":18,"turns":4},{"damage":15,"enemies":"Spheric Guardian","floor":19,"turns":4},{"damage":23,"enemies":"Shelled Parasite and Fungi","floor":20,"turns":6},{"damage":10,"enemies":"Centurion and Healer","floor":21,"turns":5},{"damage":18,"enemies":"Snake Plant","floor":22,"turns":5},{"damage":35,"enemies":"Book of Stabbing","floor":23,"turns":6},{"damage":27,"enemies":"Gremlin Leader","floor":25,"turns":4}],"seed_played":"-2021230743080019754","potions_obtained":[{"floor":5,"key":"CultistPotion"},{"floor":5,"key":"DuplicationPotion"},{"floor":7,"key":"Block Potion"},{"floor":12,"key":"Regen Potion"},{"floor":13,"key":"SpeedPotion"},{"floor":14,"key":"Energy Potion"},{"floor":20,"key":"FairyPotion"},{"floor":22,"key":"PowerPotion"},{"floor":23,"key":"Energy Potion"}],"is_trial":false,"path_per_floor":["M","M","$","?","?","E","E","R","T","M","R","M","E","M","R","B",null,"M","M","M","M","M","E","?","E"],"character_chosen":"IRONCLAD","items_purchased":["Whirlwind"],"campfire_rested":0,"item_purchase_floors":[3],"current_hp_per_floor":[74,75,75,52,52,58,50,50,50,56,56,62,58,64,64,42,67,53,44,42,38,26,22,22,0,0],"gold":348,"neow_bonus":"THREE_ENEMY_KILL","is_daily":false,"chose_seed":false,"campfire_upgraded":0,"win_rate":0.0,"timestamp":1609529189,"path_taken":["M","M","$","?","?","E","E","R","T","?","R","M","E","M","R","BOSS","M","M","?","M","M","E","?","E"],"items_purchased_type":["Card"],"build_version":"2020-12-18","purchased_purges":1,"victory":false,"max_hp_per_floor":[75,75,75,75,75,75,75,75,75,75,75,75,75,75,75,75,75,75,75,75,75,75,75,75,75,75],"relic_stats":{"counters":[16,63],"Prayer Wheel":8,"Bag of Preparation":[2],"Orichalcum":[108],"obtain_stats":[{"Girya":7,"NeowsBlessing":0,"Prayer Wheel":9,"WingedGreaves":6,"Bag of Preparation":23,"Orichalcum":13,"Burning Blood":0,"Runic Cube":17},{"Girya":4,"NeowsBlessing":0,"Prayer Wheel":4,"WingedGreaves":3,"Bag of Preparation":15,"Orichalcum":7,"Burning Blood":0,"Runic Cube":9},{"Girya":10,"NeowsBlessing":0,"Prayer Wheel":10,"WingedGreaves":4,"Bag of Preparation":59,"Orichalcum":18,"Burning Blood":0,"Runic Cube":29}],"Burning Blood":85,"Runic Cube":[26]},"card_choices":[{"not_picked":["Clash","Thunderclap"],"picked":"Shockwave","floor":1},{"not_picked":["Disarm","Pummel"],"picked":"Rampage","floor":2},{"not_picked":["Brutality","Sever Soul"],"picked":"Anger","floor":6},{"not_picked":["Dark Embrace","Heavy Blade"],"picked":"Thunderclap","floor":7},{"not_picked":["Second Wind","Thunderclap"],"picked":"Disarm","floor":10},{"not_picked":["Heavy Blade","Dropkick"],"picked":"Shrug It Off","floor":10},{"not_picked":["Disarm","Dropkick","Combust"],"picked":"SKIP","floor":12},{"not_picked":["Wild Strike","Thunderclap","Clash"],"picked":"SKIP","floor":12},{"not_picked":["Pommel Strike","Body Slam"],"picked":"Flex","floor":13},{"not_picked":["Metallicize","Juggernaut"],"picked":"Battle Trance","floor":14},{"not_picked":["Havoc","Clash"],"picked":"Flame Barrier","floor":14},{"not_picked":["Juggernaut","Feed"],"picked":"Brutality","floor":16},{"not_picked":["Clothesline","Wild Strike"],"picked":"Headbutt","floor":18},{"not_picked":["Power Through+1","Reckless Charge+1"],"picked":"Cleave","floor":18},{"not_picked":["Ghostly Armor","Uppercut"],"picked":"Warcry+1","floor":19},{"not_picked":["Thunderclap","Flex","Cleave"],"picked":"SKIP","floor":19},{"not_picked":["Perfected Strike","Armaments"],"picked":"Shrug It Off","floor":20},{"not_picked":["Battle Trance","Thunderclap","Clash"],"picked":"SKIP","floor":20},{"not_picked":["Wild Strike","Feel No Pain"],"picked":"Shrug It Off","floor":21},{"not_picked":["Entrench+1","Whirlwind","Pommel Strike"],"picked":"SKIP","floor":21},{"not_picked":["Pommel Strike","Metallicize"],"picked":"Dark Embrace+1","floor":22},{"not_picked":["Flame Barrier","Dark Embrace"],"picked":"Anger","floor":22},{"not_picked":["Rampage","Bludgeon","Twin Strike"],"picked":"SKIP","floor":23}],"player_experience":1951114,"relics_obtained":[{"floor":6,"key":"WingedGreaves"},{"floor":7,"key":"Girya"},{"floor":9,"key":"Prayer Wheel"},{"floor":13,"key":"Orichalcum"},{"floor":23,"key":"Bag of Preparation"}],"event_choices":[{"damage_healed":0,"gold_gain":0,"player_choice":"Entered Light","damage_taken":23,"max_hp_gain":0,"max_hp_loss":0,"event_name":"Shining Light","floor":4,"gold_loss":0,"cards_upgraded":["Defend_R","Defend_R"]},{"damage_healed":0,"gold_gain":0,"player_choice":"Got Potions","damage_taken":0,"max_hp_gain":0,"max_hp_loss":0,"event_name":"Lab","floor":5,"gold_loss":0},{"damage_healed":0,"gold_gain":0,"player_choice":"Ignored","damage_taken":0,"max_hp_gain":0,"max_hp_loss":0,"event_name":"The Mausoleum","floor":24,"gold_loss":0}],"is_beta":true,"boss_relics":[{"not_picked":["Coffee Dripper","Philosopher\u0027s Stone"],"picked":"Runic Cube"}],"items_purged_floors":[3],"is_endless":false,"potions_floor_spawned":[7,10,12,13,14,20,22,23],"killed_by":"Gremlin Leader","ascension_level":20}}