{"host":"1zfbckszmdcrhnfi","time":1609504964,"event":{"mods":["AchievementEnabler","BaseMod","Colored Map","Downfall","Minty Spire (QoL Compilation)","Quick Restart","Shop Mod","StSLib","The Cursed"],"gold_per_floor":[110,110,35,35,35,35,55,86,86,86,121,138,166,192,192,192,192],"floor_reached":16,"playtime":656,"items_purged":[],"score":155,"play_id":"81888192-6a13-4811-a695-fa940508e32c","local_time":"20210101204244","is_ascension_mode":true,"campfire_choices":[{"floor":6.0,"key":"RECALL"},{"data":"Footwork","floor":10.0,"key":"SMITH"},{"floor":15.0,"key":"REST"}],"circlet_count":0,"master_deck":["Strike_G","Strike_G","Strike_G","Strike_G","Strike_G","Defend_G","Defend_G","Defend_G","Defend_G","Defend_G","Survivor","Neutralize","Footwork+1","Deadly Poison","Choke"],"relics":["Ring of the Snake","NeowsBlessing","Gambling Chip","Vajra","Tiny Chest","Odd Mushroom","Ice Cream"],"acts_visited":["Exordium"],"potions_floor_usage":[16],"damage_taken":[{"damage":0.0,"enemies":"2 Louse","floor":1.0,"turns":1.0},{"damage":0.0,"enemies":"Small Slimes","floor":7.0,"turns":1.0},{"damage":0.0,"enemies":"3 Sentries","floor":8.0,"turns":1.0},{"damage":14.0,"enemies":"Gremlin Nob","floor":11.0,"turns":4.0},{"damage":1.0,"enemies":"Jaw Worm","floor":12.0,"turns":4.0},{"damage":10.0,"enemies":"The Mushroom Lair","floor":13.0,"turns":6.0},{"damage":6.0,"enemies":"3 Sentries","floor":14.0,"turns":14.0},{"damage":57,"enemies":"Slime Boss","floor":16,"turns":11}],"seed_played":"4018636357075164740","potions_obtained":[{"floor":1.0,"key":"Poison Potion"},{"floor":12.0,"key":"Ancient Potion"},{"floor":14.0,"key":"Poison Potion"}],"is_trial":false,"path_per_floor":["M","?","$","?","$","R","M","E","T","R","E","M","?","E","R","B"],"character_chosen":"THE_SILENT","items_purchased":["Footwork"],"campfire_rested":1,"item_purchase_floors":[3],"current_hp_per_floor":[70,70,70,70,70,70,70,70,70,70,56,55,45,39,60,3,3],"gold":192,"neow_bonus":"THREE_ENEMY_KILL","is_daily":false,"chose_seed":false,"campfire_upgraded":1,"win_rate":0.0,"timestamp":1609504964,"path_taken":["M","?","$","?","$","R","M","E","T","R","E","M","?","E","R","BOSS"],"items_purchased_type":["Card"],"build_version":"2020-12-22","purchased_purges":0,"victory":false,"max_hp_per_floor":[70,70,70,70,70,70,70,70,70,70,70,70,70,70,70,70,70],"card_choices":[{"not_picked":["Blur","Quick Slash","Prepared"],"picked":"SKIP","floor":1.0},{"not_picked":["Acrobatics","Slice","Sucker Punch"],"picked":"SKIP","floor":7.0},{"not_picked":["Dodge and Roll","Backflip","Choke"],"picked":"SKIP","floor":8.0},{"not_picked":["Bane","Infinite Blades"],"picked":"Deadly Poison","floor":11.0},{"not_picked":["PiercingWail","Distraction","Night Terror"],"picked":"SKIP","floor":12.0},{"not_picked":["Poisoned Stab","Dagger Spray"],"picked":"Choke","floor":14.0}],"player_experience":190533,"relics_obtained":[{"floor":8.0,"key":"Gambling Chip"},{"floor":9.0,"key":"Vajra"},{"floor":11.0,"key":"Tiny Chest"},{"floor":13.0,"key":"Odd Mushroom"},{"floor":14.0,"key":"Ice Cream"}],"event_choices":[{"damage_healed":0.0,"max_hp_gain":0.0,"max_hp_loss":0.0,"gold_gain":0.0,"event_name":"Scrap Ooze","player_choice":"Fled","floor":2.0,"gold_loss":0.0,"damage_taken":0.0},{"damage_healed":0.0,"max_hp_gain":0.0,"max_hp_loss":0.0,"gold_gain":0.0,"event_name":"Liars Game","player_choice":"Ignored","floor":4.0,"gold_loss":0.0,"damage_taken":0.0},{"damage_healed":0.0,"max_hp_gain":0.0,"max_hp_loss":0.0,"gold_gain":0.0,"event_name":"Mushrooms","player_choice":"Fought Mushrooms","floor":13.0,"gold_loss":0.0,"damage_taken":0.0}],"is_beta":false,"boss_relics":[],"items_purged_floors":[],"is_endless":false,"potions_floor_spawned":[1,12,14],"killed_by":"Slime Boss","ascension_level":2}}