{"host":"iha1eel9u3wfm8eh","time":1609540663,"event":{"mods":["AchievementEnabler","Aspiration","BaseMod","Better Altar","Better Match","Better Note","Better Sensory Stone","Better Skull","Better Third Choice","BetterRewards","CCEM","Colored Map","Conspire","Downfall","GifTheSpireLib","Googly Eyes","Halation","Highlight Path","Hubris","Infinite Spire","Jedi Mod","Mimic Mod","Minty Spire (QoL Compilation)","Permanent Neow","Replay The Spire","Shop Mod","Spicy Shops","StSLib","Stuff the Spire","The Jungle","Unceasing Turn Reminder"],"gold_per_floor":[119,99999116,99999116,99999130,99997925,99997925,99997925,99997925,99997957,99997986,99997986,99996815,99995609,99995645,99995645,99995735,99995735,99995771,99988812,99988812,0,99977593,99977593,99977593,99977593,99977620,99977629,99977655,99977684,99977714,99977749,99977749,99977834,99977834,99977855,99977855,99977864,119840682,119840696,119840696,119840705,119840705,119840705],"floor_reached":42,"playtime":2365,"items_purged":["Wraith Form v2","Chaos"],"score":1441,"play_id":"f633e116-399d-4168-a8cd-12b215c4fc0e","local_time":"20210101223743","daily_mods":["Hoarder","Vintage","Allstar","Colorless Cards","Heirloom","Time Dilation","Flight","downfall:Lament","DeadlyEvents","Elite Swarm","Lethality","downfall:ExchangeController"],"is_ascension_mode":true,"campfire_choices":[{"data":"Echo Form","floor":8,"key":"SMITH"},{"data":"AscendersBane","floor":11,"key":"SMITH"},{"data":"Pain","floor":15,"key":"SMITH"},{"data":"Pain","floor":23,"key":"SMITH"},{"data":"hubris:DuctTapeCard","floor":23,"key":"SMITH"},{"data":"hubris:DuctTapeCard","floor":24,"key":"SMITH"},{"data":"hubris:DuctTapeCard","floor":24,"key":"SMITH"},{"data":"Loop","floor":25,"key":"SMITH"},{"data":"Loop+1","floor":25,"key":"SMITH"},{"data":"Double Energy","floor":27,"key":"SMITH"},{"data":"Double Energy","floor":27,"key":"SMITH"},{"data":"Zap","floor":32,"key":"SMITH"},{"data":"Dualcast","floor":32,"key":"SMITH"},{"data":"infinitespire:FutureSight","floor":40,"key":"SMITH"},{"data":"infinitespire:FutureSight","floor":40,"key":"SMITH"},{"floor":41,"key":"REST"},{"floor":41,"key":"DIG"}],"circlet_count":0,"master_deck":["Demon Form","Echo Form+1","Guardian:ConstructionForm","hexamod:ParanormalForm","sneckomod:SerpentMind","Strike_B+1","Strike_B","Strike_B+1","Strike_B","Defend_B","Defend_B+1","Defend_B","Defend_B","Zap+1","Dualcast+1","Transmutation","Transmutation","Transmutation","Replay:SS_hec_2","Replay:SS_hec_2","Replay:SS_hec_2","expansioncontent:BronzeBeam","expansioncontent:BronzeBeam","expansioncontent:BronzeBeam","expansioncontent:GoopSpray","expansioncontent:GoopSpray","expansioncontent:GoopSpray","ReplayTheSpireMod:Necrogeddon","ReplayTheSpireMod:Necrogeddon","ReplayTheSpireMod:Necrogeddon","Echo Form+1","Echo Form+1","Echo Form+1","Leap+1","Leap","Leap+1","Poisoned Strike","Poisoned Strike","Poisoned Strike+1","Go for the Eyes","Go for the Eyes","Go for the Eyes","StuffTheSpire:Synthwave","StuffTheSpire:Synthwave","StuffTheSpire:Synthwave","Hello World","Hello World","Hello World","Conserve Battery","Conserve Battery+1","Conserve Battery","Enlightenment","Enlightenment","Enlightenment","jedi:gatheringstorm","jedi:gatheringstorm","jedi:gatheringstorm","Loop","Loop","Loop+2","infinitespire:Oblivion","infinitespire:Oblivion+1","infinitespire:Oblivion+1","hubris:DuctTapeCard+2","hubris:DuctTapeCard+2","hubris:DuctTapeCard+2","Coolheaded","Coolheaded","Coolheaded","Hello World","Hello World","Hello World","Hello World","Hello World","Hello World","Static Discharge","Static Discharge","Static Discharge","Static Discharge","Static Discharge","Static Discharge","Loop","Loop","Loop","Static Discharge","Static Discharge","Static Discharge","Hello World","Hello World","Hello World","Double Energy+1","Double Energy+1","Double Energy","Aggregate","Aggregate","Aggregate","Adrenaline","Adrenaline","Adrenaline","Cold Snap","Cold Snap","Cold Snap","Envenom","Envenom","Envenom","Multi-Cast","Multi-Cast","Multi-Cast","infinitespire:FutureSight+1","infinitespire:FutureSight+1","infinitespire:FutureSight","Bandage Up","Bandage Up","Bandage Up"],"relics":["Cracked Core","downfall:NeowBlessing_Player","NeowsBlessing","replay:Trail_Library","halation:VictoryRuler","StuffTheSpire:ForceGauntlet","champ:DuelingGlove","CCEMRelics:JestersCrown","Replay:Antivirus Software","MerchantsRug","halation:EternalFortune","Blood Vial","jedi:fakemustache","aspiration:ArtOfWarUpgrade","CCEMRelics:FryingPan","infinitespire:Satchel","hubris:TinFlute","halation:Jellyphish","Bag of Preparation","halation:PrussianBluePaint","infinitespire:Midas Blood","Raider\u0027s Mask","War Paint","Nunchaku","halation:TwoAmDonut","Replay:Bottled Eggs","Pear","StuffTheSpire:BottledEssence","aspiration:EnhancedActuators","Gremlin Horn","aspiration:SeaSaltIceCream","The Courier","aspiration:RunicSpoon","aspiration:TomeofQuesting","infinitespire:FocusingShard","CCEMRelics:WhiteRose","ReplayTheSpireMod:Ninjato","StuffTheSpire:HeavyRock","Gremlin Food","Akabeko","Guardian:PocketSentry","jedi:heavyjacket","Replay:Rubber Ducky","Solar Panel","halation:LettersToHer","CCEMRelics:Pendulum","CCEMRelics:FestiveHat","StuffTheSpire:GrapeVine","MealTicket","Darkstone Periapt","hubris:TenFootPole","Symbiotic Virus","CCEMRelics:OverlyComfyChair","infinitespire:Freezer","jedi:angrymask","jedi:cryingmask","conspire:DecoderRing","CCEMRelics:DerglesHeadphones","Chameleon Ring","aspiration:ChemicalBlood","infinitespire:Beetle Shell","infinitespire:Golems Mask","Geode","Pet Ghost","Replay:Bandana","StuffTheSpire:Experiment12","infinitespire:Eraser","Anchor","halation:SelfBoilingWater","hubris:RGBLights","halation:Toothbrush","Happy Flower","halation:PenCase","Replay:PocketPolymizer","Tiny Chest","Vajra","ReplayFunnel","halation:AfternoonTea","CCEMRelics:BiPhaseBiplane","Chemical X","Dream Catcher","Whetstone","sneckomod:BlankCard","Cables","StuffTheSpire:Gunfinga","CCEMRelics:PorcelainBowl","Meat on the Bone","Replay:WaspNest","jedi:crownofsimplicity","Regal Pillow","conspire:TopHat","Oddly Smooth Stone","Question Card","hubris:CrystalStatue","Girya","Boot","Simple Rune","StuffTheSpire:Expresso","Replay:Accelerometer","Blue Doll","Orichalcum","infinitespire:PuzzleCube","infinitespire:Broken Mirror","hubris:DisguiseKit","CCEMRelics:GrindingGear","Replay:Kaleidoscope","hubris:Metronome","infinitespire:ShieldingShard","halation:AfternoonTea","White Beast Statue","infinitespire:Lychee Nut","Centennial Puzzle","halation:QuantumPhysicsTextbook","Replay:Baseball","ReplayTheSpireMod:Shallot","Mango","halation:IllGainedPizza","Calipers","CCEMRelics:Sandal","hubris:ToyBattleship","Ice Cream","hubris:SlimyHat","Peace Pipe","HornCleat","StuffTheSpire:EmeraldSignet","InkBottle","Lantern","DataDisk","hubris:GlazedTorus","StuffTheSpire:OldFever","Mercury Hourglass","hubris:SoftwareUpdate","StuffTheSpire:Barrel","Quantum Egg","Guardian:GemstoneGun","conspire:InfiniteJournal","jedi:laserpointer","infinitespire:WardingShard","Pen Nib","Replay:Ringing Soul","halation:PromiseList","ReplayTheSpireMod:Lightbulb","Bag of Marbles","CCEMRelics:SpiritsEdge","infinitespire:Lucky Rock","conspire:IceCreamScoop","hubris:BallOfYels","Durian","CCEMRelics:Barrel","Thread and Needle","jedi:paperfaux","Bronze Scales","Onion Ring","Pondfish Scales","Replay:Wax Seal","jedi:arcanewood","jedi:shrinkray","Ancient Tea Set","champ:DeflectingBracers","Ornamental Fan","ReplayTheSpireMod:TigerMarble","infinitespire:CheckeredPen","jedi:kaleidoscope","Letter Opener","StuffTheSpire:Nightcore","hubris:SphereOfDissonance","aspiration:FrozenJewel","StuffTheSpire:RubySignet","Mummified Hand","StuffTheSpire:ColdMirror","Replay:Mystery Machine","CeramicFish","aspiration:Lifesprig","Replay:Arrowhead","jedi:superconductor","Potion Belt","jedi:bottledfury","StrikeDummy","Toy Ornithopter","StuffTheSpire:PointBlank","aspiration:VileToxins","StuffTheSpire:Tea","Strawberry","conspire:DeflatedDodgeball","CCEMRelics:D6","Sundial","Kunai","infinitespire:SolderingIron","Shuriken","PreservedInsect","CCEMRelics:WrappedPresent","infinitespire:Magic Flask","CCEMRelics:DissonantTune","StuffTheSpire:Rhapsscallions","hubris:PeanutButter","StuffTheSpire:CocoNut","Incense Burner","aspiration:FetidBarrel","Replay:Multitool","hubris:FunFungus","hubris:DuctTape","hubris:MysteriousPyramids","CCEMRelics:TechnogenicHelmet","Bird Faced Urn","hubris:AstralHammer","hubris:DeckOfHolding","CCEMRelics:Icicle","StuffTheSpire:SapphireSignet","halation:Trompette","jedi:purplefairy","SlaversCollar","aspiration:HummingbirdHeart","CCEMRelics:CocoNut","aspiration:KMNothing","aspiration:KMNothing"],"acts_visited":["Exordium","TheCity","TheBeyond"],"potions_floor_usage":[],"damage_taken":[{"damage":0,"enemies":"Cultist","floor":1,"turns":1},{"damage":0,"enemies":"2 Louse","floor":4,"turns":2},{"damage":0,"enemies":"Jaw Worm","floor":9,"turns":1},{"damage":10,"enemies":"Replay:BlueRogue","floor":10,"turns":4},{"damage":17,"enemies":"Jaw Worm","floor":14,"turns":3},{"damage":8,"enemies":"Slime Boss","floor":16,"turns":4},{"damage":49,"enemies":"Chosen","floor":18,"turns":6},{"damage":0,"enemies":"Shell Parasite","floor":28,"turns":1},{"damage":0,"enemies":"Snecko","floor":29,"turns":1},{"damage":0,"enemies":"Centurion and Healer","floor":30,"turns":1},{"damage":0,"enemies":"conspire:SneckoGhost","floor":31,"turns":1},{"damage":0,"enemies":"Automaton","floor":33,"turns":1},{"damage":0,"enemies":"3 Darklings","floor":35,"turns":1},{"damage":0,"enemies":"Orb Walker","floor":39,"turns":1},{"damage":0,"enemies":"Sphere and 2 Shapes","floor":42,"turns":1}],"seed_played":"3267136542426835372","potions_obtained":[{"floor":10,"key":"Milkshake"},{"floor":14,"key":"Swift Potion"},{"floor":16,"key":"Weak Potion"},{"floor":31,"key":"Adrenaline Potion"},{"floor":33,"key":"DuplicationPotion"},{"floor":35,"key":"Dexterity Potion"}],"is_trial":true,"path_per_floor":["M","$","?","M","$","R","R","R","MIM","E","R","$","$","M","R","B",null,"M","$","AVR","?","$","R","R","R","T","R","M","M","M","E","R","B",null,"M","T","AVR","$","M","R","R","M"],"character_chosen":"DEFECT","items_purchased":["DollysMirror","champ:DuelingGlove","CCEMRelics:JestersCrown","Replay:Antivirus Software","MerchantsRug","jedi:fakemustache","Art of War","CCEMRelics:FryingPan","infinitespire:Satchel","hubris:TinFlute","halation:Jellyphish","infinitespire:Midas Blood","Raider\u0027s Mask","War Paint","Nunchaku","CCEMRelics:HistoryBook","halation:TwoAmDonut","StuffTheSpire:Synthwave","Replay:Bottled Eggs","Pear","StuffTheSpire:BottledEssence","aspiration:EnhancedActuators","Gremlin Horn","Hello World","Conserve Battery","Enlightenment","infinitespire:FocusingShard","CCEMRelics:WhiteRose","ReplayTheSpireMod:Ninjato","StuffTheSpire:HeavyRock","Gremlin Food","Akabeko","Guardian:PocketSentry","jedi:heavyjacket","Replay:Rubber Ducky","Solar Panel","halation:LettersToHer","CCEMRelics:Pendulum","CCEMRelics:FestiveHat","StuffTheSpire:GrapeVine","MealTicket","Darkstone Periapt","hubris:TenFootPole","Symbiotic Virus","CCEMRelics:OverlyComfyChair","infinitespire:Freezer","jedi:angrymask","jedi:cryingmask","conspire:DecoderRing","CCEMRelics:DerglesHeadphones","Chameleon Ring","aspiration:ChemicalBlood","infinitespire:Beetle Shell","infinitespire:Golems Mask","Geode","Pet Ghost","Replay:Bandana","StuffTheSpire:Experiment12","infinitespire:Eraser","Anchor","halation:SelfBoilingWater","hubris:RGBLights","halation:Toothbrush","Happy Flower","halation:PenCase","Replay:PocketPolymizer","Tiny Chest","Vajra","ReplayFunnel","Loop","Chemical X","Dream Catcher","Whetstone","sneckomod:BlankCard","Cables","StuffTheSpire:Gunfinga","CCEMRelics:PorcelainBowl","Meat on the Bone","Replay:WaspNest","jedi:crownofsimplicity","Regal Pillow","conspire:TopHat","Oddly Smooth Stone","Question Card","hubris:CrystalStatue","Girya","Boot","Simple Rune","StuffTheSpire:Expresso","Replay:Accelerometer","Blue Doll","Orichalcum","infinitespire:PuzzleCube","infinitespire:Broken Mirror","hubris:DisguiseKit","CCEMRelics:GrindingGear","Replay:Kaleidoscope","hubris:Metronome","infinitespire:ShieldingShard","halation:AfternoonTea","White Beast Statue","infinitespire:Lychee Nut","Centennial Puzzle","halation:QuantumPhysicsTextbook","Replay:Baseball","ReplayTheSpireMod:Shallot","Mango","halation:IllGainedPizza","Calipers","CCEMRelics:Sandal","hubris:ToyBattleship","Ice Cream","hubris:SlimyHat","Peace Pipe","HornCleat","StuffTheSpire:EmeraldSignet","InkBottle","Lantern","DataDisk","hubris:GlazedTorus","StuffTheSpire:OldFever","Mercury Hourglass","hubris:SoftwareUpdate","StuffTheSpire:Barrel","Quantum Egg","Guardian:GemstoneGun","conspire:InfiniteJournal","jedi:laserpointer","infinitespire:WardingShard","Pen Nib","Replay:Ringing Soul","halation:PromiseList","ReplayTheSpireMod:Lightbulb","Bag of Marbles","CCEMRelics:SpiritsEdge","infinitespire:Lucky Rock","conspire:IceCreamScoop","hubris:BallOfYels","Durian","CCEMRelics:Barrel","Thread and Needle","jedi:paperfaux","Bronze Scales","Onion Ring","Pondfish Scales","Replay:Wax Seal","jedi:arcanewood","jedi:shrinkray","Ancient Tea Set","champ:DeflectingBracers","Ornamental Fan","ReplayTheSpireMod:TigerMarble","infinitespire:CheckeredPen","jedi:kaleidoscope","Letter Opener","StuffTheSpire:Nightcore","hubris:SphereOfDissonance","aspiration:FrozenJewel","StuffTheSpire:RubySignet","Mummified Hand","StuffTheSpire:ColdMirror","Replay:Mystery Machine","CeramicFish","aspiration:Lifesprig","Replay:Arrowhead","jedi:superconductor","Potion Belt","jedi:bottledfury","StrikeDummy","Toy Ornithopter","StuffTheSpire:PointBlank","aspiration:VileToxins","StuffTheSpire:Tea","Strawberry","conspire:DeflatedDodgeball","CCEMRelics:D6","Sundial","Kunai","infinitespire:SolderingIron","Shuriken","PreservedInsect","CCEMRelics:WrappedPresent","infinitespire:Magic Flask","CCEMRelics:DissonantTune","StuffTheSpire:Rhapsscallions","hubris:PeanutButter","StuffTheSpire:CocoNut","Incense Burner","aspiration:FetidBarrel","Replay:Multitool","hubris:FunFungus","hubris:DuctTape","hubris:MysteriousPyramids","CCEMRelics:TechnogenicHelmet","Bird Faced Urn","Coolheaded","Hello World","Static Discharge","Static Discharge","Loop","Static Discharge","Hello World"],"campfire_rested":1,"item_purchase_floors":[2,2,2,2,2,5,5,5,5,5,5,12,12,12,12,12,12,12,13,13,13,13,13,13,13,13,19,19,19,19,19,19,19,19,19,19,19,19,19,19,19,19,19,19,19,19,19,19,19,19,19,19,19,19,19,19,19,19,19,19,19,19,19,19,19,19,19,19,19,19,22,22,22,22,22,22,22,22,22,22,22,22,22,22,22,22,22,22,22,22,22,22,22,22,22,22,22,22,22,22,22,22,22,22,22,22,22,22,22,22,22,22,22,22,22,22,22,22,22,22,22,22,22,22,22,22,22,22,22,22,22,22,22,22,22,22,22,22,22,22,22,22,22,22,22,22,22,22,22,22,22,22,22,22,22,22,22,22,22,22,22,22,22,22,22,22,22,22,22,22,22,22,22,22,22,22,22,22,22,22,22,22,22,22,22,22,22,22,22,22,22,22,22,22,22,22,22,22,22,22,22,22],"current_hp_per_floor":[164,164,167,167,174,174,174,174,177,167,167,177,187,170,170,164,281,234,287,290,290,261,264,264,264,264,267,279,291,311,323,323,335,435,444,449,555,455,464,464,467,476,476],"gold":119840705,"neow_bonus":"","is_daily":false,"chose_seed":false,"campfire_upgraded":15,"win_rate":0.0,"timestamp":1609540663,"path_taken":["M","?","?","?","$","R","R","R","MIM","?","R","$","$","?","R","BOSS","M","$","AVR","?","$","R","R","R","T","R","?","?","M","E","R","BOSS","M","?","AVR","$","M","R","R","?"],"items_purchased_type":["Relic","Relic","Relic","Relic","Relic","Relic","Relic","Relic","Relic","Relic","Relic","Relic","Relic","Relic","Relic","Relic","Relic","Card","Relic","Relic","Relic","Relic","Relic","Card","Card","Card","Relic","Relic","Relic","Relic","Relic","Relic","Relic","Relic","Relic","Relic","Relic","Relic","Relic","Relic","Relic","Relic","Relic","Relic","Relic","Relic","Relic","Relic","Relic","Relic","Relic","Relic","Relic","Relic","Relic","Relic","Relic","Relic","Relic","Relic","Relic","Relic","Relic","Relic","Relic","Relic","Relic","Relic","Relic","Card","Relic","Relic","Relic","Relic","Relic","Relic","Relic","Relic","Relic","Relic","Relic","Relic","Relic","Relic","Relic","Relic","Relic","Relic","Relic","Relic","Relic","Relic","Relic","Relic","Relic","Relic","Relic","Relic","Relic","Relic","Relic","Relic","Relic","Relic","Relic","Relic","Relic","Relic","Relic","Relic","Relic","Relic","Relic","Relic","Relic","Relic","Relic","Relic","Relic","Relic","Relic","Relic","Relic","Relic","Relic","Relic","Relic","Relic","Relic","Relic","Relic","Relic","Relic","Relic","Relic","Relic","Relic","Relic","Relic","Relic","Relic","Relic","Relic","Relic","Relic","Relic","Relic","Relic","Relic","Relic","Relic","Relic","Relic","Relic","Relic","Relic","Relic","Relic","Relic","Relic","Relic","Relic","Relic","Relic","Relic","Relic","Relic","Relic","Relic","Relic","Relic","Relic","Relic","Relic","Relic","Relic","Relic","Relic","Relic","Relic","Relic","Relic","Relic","Relic","Relic","Relic","Relic","Relic","Relic","Relic","Relic","Relic","Relic","Relic","Relic","Card","Card","Card","Card","Card","Card","Card"],"build_version":"2020-12-22","purchased_purges":2,"victory":false,"max_hp_per_floor":[171,171,174,174,174,174,174,174,177,177,177,177,187,187,187,187,287,287,287,290,290,261,264,264,264,264,267,279,291,311,323,323,335,435,444,449,555,455,464,464,467,476,476],"card_choices":[{"not_picked":["jedi:blockon","Compile Driver"],"picked":"Leap","floor":9},{"not_picked":["hubris:Prefetch","ReplayUltimateDefense"],"picked":"Poisoned Strike","floor":10},{"not_picked":["jedi:LeechingStrike","All For One"],"picked":"jedi:gatheringstorm","floor":16},{"not_picked":["jedi:forcepush","Jack Of All Trades","FIFO Queue","hubris:SlightOfHand"],"picked":"Aggregate","floor":28},{"not_picked":["expansioncontent:LastStand","Survey Options+1","jedi:sharpshooter","Ball Lightning"],"picked":"Adrenaline","floor":29},{"not_picked":["jedi:blockon","Dramatic Entrance","expansioncontent:AwakenDeath","StuffTheSpire:Python"],"picked":"Cold Snap","floor":30},{"not_picked":["expansioncontent:StudyTheSpire","jedi:LeechingStrike","Master of Strategy","StuffTheSpire:LaunchingStrike"],"picked":"Envenom","floor":31},{"not_picked":["Midas Touch","Metamorphosis","Core Surge","Burst"],"picked":"Multi-Cast","floor":33},{"not_picked":["Barrage","Go for the Eyes","Panic Button","Infinite Blades"],"picked":"Bandage Up","floor":41}],"player_experience":63333,"relics_obtained":[{"floor":1,"key":"StuffTheSpire:ForceGauntlet"},{"floor":4,"key":"Blood Vial"},{"floor":9,"key":"Bag of Preparation"},{"floor":9,"key":"halation:EternalFortune"},{"floor":10,"key":"halation:PrussianBluePaint"},{"floor":14,"key":"aspiration:SeaSaltIceCream"},{"floor":18,"key":"aspiration:TomeofQuesting"},{"floor":22,"key":"hubris:AstralHammer"},{"floor":26,"key":"halation:LettersToHer"},{"floor":26,"key":"hubris:DeckOfHolding"},{"floor":28,"key":"CCEMRelics:Icicle"},{"floor":29,"key":"StuffTheSpire:SapphireSignet"},{"floor":30,"key":"halation:Trompette"},{"floor":31,"key":"jedi:purplefairy"},{"floor":35,"key":"aspiration:HummingbirdHeart"},{"floor":36,"key":"halation:LettersToHer"},{"floor":36,"key":"CCEMRelics:CocoNut"},{"floor":41,"key":"aspiration:KMNothing"}],"event_choices":[],"is_beta":false,"boss_relics":[{"not_picked":["hubris:RunicObelisk","hubris:HollowSoul"],"picked":"aspiration:RunicSpoon"},{"not_picked":["halation:PlatinumPhoenix","hubris:VirtuousBlindfold"],"picked":"SlaversCollar"}],"items_purged_floors":[20,37],"is_endless":false,"potions_floor_spawned":[10,14,16,31,33,35,39],"killed_by":"Sphere and 2 Shapes","ascension_level":20}}