{"host":"1hppsasng8mkn0s8","time":1609489733,"event":{"mods":["BaseMod","Downfall","Minty Spire (QoL Compilation)","StSLib"],"gold_per_floor":[99,99,99,99,99,113,113,128,53,84,100,112,139,158,178,178,178,178],"floor_reached":16,"playtime":1028,"items_purged":[],"score":112,"play_id":"b4e18c78-7b65-46e1-9f7d-777f72d9fd61","local_time":"20210101162853","is_ascension_mode":false,"campfire_choices":[{"floor":1.0,"key":"RECALL"},{"data":"hexamod:SkipABeat","floor":9.0,"key":"SMITH"}],"circlet_count":0,"master_deck":["hexamod:Strike","hexamod:Strike","hexamod:Strike","hexamod:Strike","hexamod:Defend","hexamod:Defend","hexamod:Defend","hexamod:Defend","hexamod:Float","hexamod:ThermalTransfer","hexamod:HeatMetal","hexamod:ShieldOfDarkness","hexamod:Again","hexamod:SpectersWail","hexamod:SkipABeat+1","hexamod:AdvancingGuard","hexamod:Incineration","hexamod:FastForward","hexamod:SearingWound","hexamod:GhostShield","hexamod:RadiantFlame"],"relics":["hexamod:SpiritBrand","downfall:HeartsMalice","downfall:HeartBlessingRed","Mercury Hourglass","Shovel"],"acts_visited":["Exordium"],"potions_floor_usage":[16,16],"damage_taken":[{"damage":0.0,"enemies":"Small Slimes","floor":2.0,"turns":1.0},{"damage":0.0,"enemies":"Cultist","floor":4.0,"turns":1.0},{"damage":0.0,"enemies":"Jaw Worm","floor":5.0,"turns":1.0},{"damage":12.0,"enemies":"Lots of Slimes","floor":6.0,"turns":7.0},{"damage":0.0,"enemies":"2 Fungi Beasts","floor":8.0,"turns":4.0},{"damage":16.0,"enemies":"Gremlin Nob","floor":10.0,"turns":5.0},{"damage":5.0,"enemies":"Large Slime","floor":11.0,"turns":5.0},{"damage":0.0,"enemies":"Exordium Wildlife","floor":12.0,"turns":3.0},{"damage":16.0,"enemies":"Lagavulin","floor":13.0,"turns":7.0},{"damage":0.0,"enemies":"Red Slaver","floor":14.0,"turns":3.0},{"damage":0.0,"enemies":"Large Slime","floor":15.0,"turns":4.0},{"damage":22,"enemies":"downfall:Defect","floor":16,"turns":4}],"seed_played":"-6025745309557290785","potions_obtained":[{"floor":6.0,"key":"Explosive Potion"},{"floor":11.0,"key":"SteroidPotion"},{"floor":13.0,"key":"Fire Potion"},{"floor":14.0,"key":"hexamod:EctoCoolerPotion"},{"floor":15.0,"key":"ColorlessPotion"}],"is_trial":false,"path_per_floor":["R","M","?","M","M","M","T","M","R","E","M","M","E","M","M","B"],"character_chosen":"THE_SPIRIT","items_purchased":[],"campfire_rested":0,"item_purchase_floors":[],"current_hp_per_floor":[70,70,70,70,70,58,58,58,58,42,37,37,21,21,21,0,0,0],"gold":178,"neow_bonus":"THREE_ENEMY_KILL","is_daily":false,"chose_seed":false,"campfire_upgraded":1,"win_rate":0.0,"timestamp":1609489733,"path_taken":["R","M","?","?","M","M","T","M","R","E","M","M","E","M","M","BOSS"],"items_purchased_type":[],"build_version":"2020-12-22","purchased_purges":0,"victory":false,"max_hp_per_floor":[70,70,70,70,70,70,70,70,70,70,70,70,70,70,70,70,70,70],"card_choices":[{"not_picked":["hexamod:BurningTouch","hexamod:Firestarter"],"picked":"hexamod:ThermalTransfer","floor":2.0},{"not_picked":["hexamod:GhostflameBarrier","hexamod:HeatCrush"],"picked":"hexamod:ShieldOfDarkness","floor":4.0},{"not_picked":["hexamod:HeatCrush","hexamod:GhostLash"],"picked":"hexamod:Again","floor":5.0},{"not_picked":["hexamod:ExtraCrispy","hexamod:Firestarter"],"picked":"hexamod:SpectersWail","floor":6.0},{"not_picked":["hexamod:CatchUp","hexamod:DynamicBlow"],"picked":"hexamod:SkipABeat","floor":8.0},{"not_picked":["hexamod:BurningTouch","hexamod:ChargedBarrage"],"picked":"hexamod:AdvancingGuard","floor":10.0},{"not_picked":["hexamod:RainOfEmbers","hexamod:ShieldOfDarkness"],"picked":"hexamod:Incineration","floor":11.0},{"not_picked":["hexamod:GhostShield","hexamod:RadiantFlame"],"picked":"hexamod:FastForward","floor":12.0},{"not_picked":["hexamod:SoulSteal","hexamod:Hexaguard"],"picked":"hexamod:SearingWound","floor":13.0},{"not_picked":["hexamod:HeatMetal","hexamod:AdvancingGuard"],"picked":"hexamod:GhostShield","floor":14.0},{"not_picked":["hexamod:ChargedBarrage","hexamod:NightmareGuise"],"picked":"hexamod:RadiantFlame","floor":15.0}],"player_experience":197636,"relics_obtained":[{"floor":10.0,"key":"Mercury Hourglass"},{"floor":13.0,"key":"Shovel"}],"event_choices":[{"damage_healed":0.0,"max_hp_gain":0.0,"max_hp_loss":0.0,"gold_gain":0.0,"cards_transformed":["hexamod:Sear"],"event_name":"Transmorgrifier","player_choice":"Transformed","floor":3.0,"gold_loss":0.0,"damage_taken":0.0,"cards_obtained":["hexamod:HeatMetal"]}],"is_beta":false,"boss_relics":[],"items_purged_floors":[],"is_endless":false,"potions_floor_spawned":[6,11,13,14,15],"killed_by":"downfall:Defect","ascension_level":0}}