{"host":"fwes8e3a36usabj9","time":1609463589,"event":{"mods":["BaseMod","Colored Map","Colored Powertips","Minty Spire (QoL Compilation)"],"gold_per_floor":[118,133,145,155,167,167,196,196,219,233,244,256,256,275,275,374,374,388,388,398,20,30,30,55,55,55,55,87,103,103,22,22,121,121,131,145,56,72,83,83,83,83],"floor_reached":41,"playtime":4907,"items_purged":["Strike_R"],"score":724,"play_id":"4c02365b-162b-4a48-8c26-d884c725c9b4","local_time":"20201231171309","is_ascension_mode":true,"campfire_choices":[{"data":"Ghostly Armor","floor":6.0,"key":"SMITH"},{"data":"Barricade","floor":8,"key":"SMITH"},{"floor":13,"key":"REST"},{"data":"Armaments","floor":15,"key":"SMITH"},{"data":"Body Slam","floor":23,"key":"SMITH"},{"data":"Entrench","floor":27,"key":"SMITH"},{"data":"Ghostly","floor":30,"key":"SMITH"},{"data":"Evolve","floor":32,"key":"SMITH"},{"data":"Disarm","floor":40,"key":"SMITH"}],"circlet_count":0,"master_deck":["Strike_R","Strike_R","Defend_R","Defend_R","Defend_R","Bash","Battle Trance+1","Clothesline+1","Rupture+1","Flex","Ghostly Armor+1","Barricade+1","Disarm+1","Armaments+1","Intimidate","Shockwave","Limit Break","CurseOfTheBell","Shrug It Off+1","Body Slam+1","Heavy Blade+1","Ghostly Armor","Headbutt+1","Entrench+1","Ghostly+1","Ghostly","Ghostly","Ghostly","Ghostly","Body Slam+1","Evolve+1","Offering","Dropkick+1","Spot Weakness","Armaments+1"],"relics":["Astrolabe","Lantern","Art of War","Calling Bell","Smiling Mask","Sundial","CaptainsWheel","Matryoshka","Toy Ornithopter","StrikeDummy","Orichalcum","Molten Egg 2","Mark of Pain"],"acts_visited":["Exordium","TheCity","TheBeyond"],"potions_floor_usage":[14,22,24,24,24,35,41,41],"damage_taken":[{"damage":0.0,"enemies":"Cultist","floor":1.0,"turns":3.0},{"damage":4.0,"enemies":"Small Slimes","floor":2.0,"turns":3.0},{"damage":3.0,"enemies":"2 Louse","floor":3.0,"turns":2.0},{"damage":5.0,"enemies":"Exordium Wildlife","floor":4.0,"turns":5.0},{"damage":11.0,"enemies":"Gremlin Gang","floor":5.0,"turns":7.0},{"damage":10,"enemies":"Lagavulin","floor":7,"turns":9},{"damage":17,"enemies":"Exordium Thugs","floor":10,"turns":8},{"damage":0,"enemies":"2 Fungi Beasts","floor":11,"turns":5},{"damage":1,"enemies":"Red Slaver","floor":12,"turns":5},{"damage":6,"enemies":"Looter","floor":14,"turns":3},{"damage":41,"enemies":"Hexaghost","floor":16,"turns":17},{"damage":9,"enemies":"Shell Parasite","floor":18,"turns":12},{"damage":8,"enemies":"3 Byrds","floor":20,"turns":9},{"damage":0,"enemies":"Centurion and Healer","floor":22,"turns":7},{"damage":29,"enemies":"Slavers","floor":24,"turns":8},{"damage":0,"enemies":"Book of Stabbing","floor":28,"turns":11},{"damage":0,"enemies":"Snake Plant","floor":29,"turns":8},{"damage":0,"enemies":"Champ","floor":33,"turns":9},{"damage":0,"enemies":"Orb Walker","floor":35,"turns":4},{"damage":6,"enemies":"3 Shapes","floor":36,"turns":6},{"damage":0,"enemies":"Transient","floor":38,"turns":5},{"damage":1,"enemies":"Maw","floor":39,"turns":10},{"damage":45,"enemies":"Reptomancer","floor":41,"turns":2}],"seed_played":"-4377709967389526272","potions_obtained":[{"floor":1.0,"key":"BloodPotion"},{"floor":3.0,"key":"BlessingOfTheForge"},{"floor":14,"key":"Fruit Juice"},{"floor":16,"key":"Explosive Potion"},{"floor":20,"key":"DistilledChaos"},{"floor":22,"key":"Energy Potion"},{"floor":33,"key":"Fire Potion"},{"floor":39,"key":"LiquidBronze"}],"is_trial":false,"path_per_floor":["M","M","M","M","M","R","E","R","T","M","M","M","R","M","R","B",null,"M","?","M","$","M","R","E","?","T","R","E","M","R","$","R","B",null,"M","M","$","M","M","R","E"],"character_chosen":"IRONCLAD","items_purchased":["Matryoshka","Ghostly Armor","Evolve","Spot Weakness","BlessingOfTheForge"],"campfire_rested":1,"item_purchase_floors":[21,21,31,37,37],"current_hp_per_floor":[80,76,73,68,57,57,47,47,47,30,30,29,53,52,52,11,67,58,58,50,50,67,67,38,38,38,38,38,38,38,38,38,38,41,42,36,36,36,35,35,0,0],"gold":83,"neow_bonus":"BOSS_RELIC","is_daily":false,"chose_seed":false,"campfire_upgraded":8,"win_rate":0.0,"timestamp":1609463589,"path_taken":["M","M","M","?","M","R","E","R","T","M","M","?","R","M","R","BOSS","M","?","M","$","M","R","E","?","T","R","E","M","R","?","R","BOSS","M","M","$","?","M","R","E"],"items_purchased_type":["Relic","Card","Card","Card","Potion"],"build_version":"2020-12-22","purchased_purges":1,"victory":false,"max_hp_per_floor":[80,80,80,80,80,80,80,80,80,80,80,80,80,85,85,85,85,85,85,85,85,85,85,85,42,42,42,42,42,42,42,42,42,42,42,42,42,42,42,42,42,42],"card_choices":[{"not_picked":["Perfected Strike","Body Slam"],"picked":"Flex","floor":1.0},{"not_picked":["Clash","Twin Strike","Iron Wave"],"picked":"SKIP","floor":2.0},{"not_picked":["Havoc","Metallicize"],"picked":"Ghostly Armor","floor":3.0},{"not_picked":["Blood for Blood","Body Slam","Sword Boomerang"],"picked":"SKIP","floor":4.0},{"not_picked":["Feel No Pain","Clothesline","Body Slam"],"picked":"SKIP","floor":5.0},{"not_picked":["Fire Breathing","Power Through"],"picked":"Barricade","floor":7},{"not_picked":["Perfected Strike","Twin Strike"],"picked":"Disarm","floor":10},{"not_picked":["Warcry","Flex"],"picked":"Armaments","floor":11},{"not_picked":["Seeing Red","Evolve"],"picked":"Intimidate","floor":12},{"not_picked":["Reckless Charge","Flex"],"picked":"Shockwave","floor":14},{"not_picked":["Impervious","Berserk"],"picked":"Limit Break","floor":16},{"not_picked":["Dual Wield","True Grit"],"picked":"Shrug It Off+1","floor":18},{"not_picked":["Cleave","Clash+1"],"picked":"Heavy Blade+1","floor":20},{"not_picked":["Iron Wave","Intimidate"],"picked":"Headbutt+1","floor":22},{"not_picked":["Anger","Shrug It Off+1"],"picked":"Entrench","floor":24},{"not_picked":["Twin Strike+1","Iron Wave+1","Corruption"],"picked":"SKIP","floor":28},{"not_picked":["Clothesline+1","Clash+1"],"picked":"Body Slam+1","floor":29},{"not_picked":["Demon Form","Double Tap"],"picked":"Offering","floor":33},{"not_picked":["Armaments","Headbutt+1","Perfected Strike+1"],"picked":"SKIP","floor":35},{"not_picked":["Havoc+1","Pommel Strike+1"],"picked":"Dropkick+1","floor":36},{"not_picked":["Rupture+1","Cleave+1","Sever Soul+1"],"picked":"SKIP","floor":38},{"not_picked":["Anger+1","Carnage+1"],"picked":"Armaments+1","floor":39}],"player_experience":666382,"relics_obtained":[{"floor":7,"key":"Lantern"},{"floor":9,"key":"Art of War"},{"floor":17,"key":"Smiling Mask"},{"floor":17,"key":"Sundial"},{"floor":17,"key":"CaptainsWheel"},{"floor":24,"key":"Toy Ornithopter"},{"floor":26,"key":"StrikeDummy"},{"floor":26,"key":"Orichalcum"},{"floor":28,"key":"Molten Egg 2"}],"event_choices":[{"damage_healed":0,"gold_gain":0,"player_choice":"Read","damage_taken":0,"max_hp_gain":0,"max_hp_loss":0,"event_name":"The Library","floor":19,"gold_loss":0,"cards_obtained":["Body Slam"]},{"damage_healed":0,"gold_gain":0,"player_choice":"Became a Ghost","damage_taken":0,"max_hp_gain":0,"max_hp_loss":43,"event_name":"Ghosts","floor":25,"gold_loss":0,"cards_obtained":["Ghostly","Ghostly","Ghostly","Ghostly","Ghostly"]}],"is_beta":false,"boss_relics":[{"not_picked":["Busted Crown","Ectoplasm"],"picked":"Calling Bell"},{"not_picked":["Coffee Dripper","SacredBark"],"picked":"Mark of Pain"}],"items_purged_floors":[21],"is_endless":false,"potions_floor_spawned":[1,3,14,16,20,22,33,39],"killed_by":"Reptomancer","ascension_level":5}}