{"host":"k5r1bw2xsm891wjv","time":1609517174,"event":{"mods":["Act Like it!","BaseMod","Downfall","Minty Spire (QoL Compilation)","StSLib"],"gold_per_floor":[99,118,134,149,162,195,248,265,40,40,75,75,22,33,48,147,147,147,167,178,43,60,78,102,102,102,119,147,147,161,181,194,299,299,299,311,114,114,164,215,239,239,239,257,123,140,151,163,180,180,180,180],"floor_reached":50,"playtime":8145,"items_purged":["hexamod:ThirdSeal"],"score":532,"play_id":"22457362-5d77-4cca-8b3d-f7efb9dd8b2b","local_time":"20210101110614","is_ascension_mode":false,"campfire_choices":[{"floor":1,"key":"RECALL"},{"data":"hexamod:GhostflameInferno","floor":9,"key":"SMITH"},{"floor":12,"key":"REST"},{"data":"hexamod:FastForward","floor":18,"key":"SMITH"},{"data":"hexamod:SoulSteal","floor":25,"key":"SMITH"},{"data":"hexamod:TimeOfNeed","floor":35,"key":"SMITH"},{"floor":43,"key":"REST"}],"circlet_count":0,"master_deck":["hexamod:Strike","hexamod:Strike","hexamod:Defend","hexamod:Defend","hexamod:Sear","hexamod:Float","hexamod:PhantomFireball","hexamod:GhostShield","hexamod:InspiringFlames","hexamod:FirstSeal","hexamod:GhostflameInferno+1","hexamod:SoulSteal+1","hexamod:SkipABeat","hexamod:FastForward+1","hexamod:GhostOfSpireFuture","hexamod:Firestarter","hexamod:EmpoweredFlame","hexamod:ThermalTransfer","hexamod:VolcanoVisage","hexamod:ChargedBarrage","hexamod:RecurringNightmare","hexamod:TimeWarp","hexamod:FastForward+1","hexamod:NightmareGuise","hexamod:Hexaguard","hexamod:GhostflameInferno+1","hexamod:HeatCrush","hexamod:Incineration","hexamod:ExtraCrispy+1","hexamod:TimeOfNeed+1","hexamod:GhostflameBarrier+1","hexamod:CrushingStance+1","hexamod:NightmareStrike+1","hexamod:FastForward","hexamod:SpectralAdrenaline+1","hexamod:SpectersWail+1","expansioncontent:CaCaw","Parasite"],"relics":["hexamod:SpiritBrand","The Courier","downfall:HeartBlessingRed","downfall:HeartBlessingGreen","downfall:HeartBlessingBlue","Oddly Smooth Stone","Runic Pyramid","Bag of Marbles","Ornamental Fan","Art of War","Astrolabe","Bronze Scales","Du-Vu Doll","Ice Cream","Akabeko","Lantern"],"acts_visited":["Exordium","TheCity","TheBeyond"],"potions_floor_usage":[6,11,28,28,36,40,40,46,49,50],"damage_taken":[{"damage":0,"enemies":"2 Louse","floor":2,"turns":3},{"damage":1,"enemies":"Cultist","floor":3,"turns":4},{"damage":0,"enemies":"Small Slimes","floor":4,"turns":2},{"damage":16,"enemies":"Exordium Thugs","floor":5,"turns":7},{"damage":3,"enemies":"Gremlin Nob","floor":6,"turns":5},{"damage":0,"enemies":"3 Louse","floor":8,"turns":2},{"damage":12,"enemies":"3 Sentries","floor":11,"turns":6},{"damage":0,"enemies":"downfall:FleeingMerchant","floor":13,"turns":4},{"damage":10,"enemies":"Exordium Wildlife","floor":14,"turns":4},{"damage":0,"enemies":"Blue Slaver","floor":15,"turns":2},{"damage":15,"enemies":"downfall:Watcher","floor":16,"turns":12},{"damage":0,"enemies":"3 Byrds","floor":19,"turns":4},{"damage":4,"enemies":"Shell Parasite","floor":20,"turns":5},{"damage":0,"enemies":"downfall:FleeingMerchant","floor":21,"turns":4},{"damage":7,"enemies":"Centurion and Healer","floor":22,"turns":6},{"damage":0,"enemies":"Cultist and Chosen","floor":23,"turns":6},{"damage":5,"enemies":"Snecko","floor":27,"turns":4},{"damage":14,"enemies":"Book of Stabbing","floor":28,"turns":5},{"damage":12,"enemies":"Centurion and Healer","floor":30,"turns":8},{"damage":0,"enemies":"Cultist and Chosen","floor":31,"turns":5},{"damage":12,"enemies":"3 Cultists","floor":32,"turns":5},{"damage":12,"enemies":"downfall:Defect","floor":33,"turns":9},{"damage":0,"enemies":"3 Shapes","floor":36,"turns":5},{"damage":12,"enemies":"downfall:FleeingMerchant","floor":37,"turns":4},{"damage":25,"enemies":"Mind Bloom Boss Battle","floor":39,"turns":6},{"damage":37,"enemies":"2 Orb Walkers","floor":40,"turns":5},{"damage":7,"enemies":"3 Darklings","floor":44,"turns":4},{"damage":0,"enemies":"downfall:FleeingMerchant","floor":45,"turns":4},{"damage":44,"enemies":"Writhing Mass","floor":46,"turns":5},{"damage":10,"enemies":"Transient","floor":47,"turns":5},{"damage":8,"enemies":"Sphere and 2 Shapes","floor":48,"turns":5},{"damage":26,"enemies":"Writhing Mass","floor":49,"turns":4},{"damage":9,"enemies":"downfall:Ironclad","floor":50,"turns":9}],"seed_played":"6771673820932103150","potions_obtained":[{"floor":4,"key":"GamblersBrew"},{"floor":5,"key":"Block Potion"},{"floor":11,"key":"DuplicationPotion"},{"floor":14,"key":"SpeedPotion"},{"floor":16,"key":"ColorlessPotion"},{"floor":19,"key":"AttackPotion"},{"floor":28,"key":"hexamod:DoubleChargePotion"},{"floor":30,"key":"FairyPotion"},{"floor":31,"key":"hexamod:EctoCoolerPotion"},{"floor":36,"key":"Fire Potion"},{"floor":40,"key":"Swift Potion"},{"floor":47,"key":"Fire Potion"},{"floor":49,"key":"Dexterity Potion"}],"is_trial":false,"path_per_floor":["R","M","M","M","M","E","T","M","R","?","E","R","$","M","M","B",null,"R","M","M","$","M","M","T","R","T","M","E","?","M","M","M","B",null,"R","M","$","?","?","?","T","?","R","M","$","M","M","M","M","B"],"character_chosen":"THE_SPIRIT","items_purchased":["hexamod:Firestarter","hexamod:TimeWarp","Bronze Scales","Lantern"],"campfire_rested":2,"item_purchase_floors":[13,21,37,45],"current_hp_per_floor":[77,77,76,76,60,64,64,64,74,74,69,87,87,84,84,69,87,87,87,87,87,87,87,87,87,87,87,80,80,75,75,70,58,87,87,87,82,82,64,27,27,27,53,46,53,16,6,33,7,0,0,0],"gold":180,"neow_bonus":"TEN_PERCENT_HP_BONUS","is_daily":false,"chose_seed":false,"campfire_upgraded":4,"win_rate":0.0,"timestamp":1609517174,"path_taken":["R","M","M","M","M","E","T","M","R","?","E","R","$","M","M","BOSS","R","M","M","$","?","M","T","R","?","M","E","?","M","M","M","BOSS","R","M","$","?","?","?","T","?","R","M","$","M","M","?","M","BOSS"],"items_purchased_type":["Card","Card","Relic","Relic"],"build_version":"2020-12-22","purchased_purges":1,"victory":false,"max_hp_per_floor":[77,77,77,77,77,77,77,77,87,87,87,87,87,87,87,87,87,87,87,87,87,87,87,87,87,87,87,87,87,87,87,87,87,87,87,87,87,87,87,87,87,87,87,87,87,87,87,87,87,87,87,87],"card_choices":[{"not_picked":["hexamod:HauntingEcho","hexamod:NightmareStrike"],"picked":"hexamod:PhantomFireball","floor":2},{"not_picked":["hexamod:HauntingEcho","hexamod:SwordOfDarkness"],"picked":"hexamod:GhostShield","floor":3},{"not_picked":["hexamod:BacktrackSmack","hexamod:AdvancingGuard"],"picked":"hexamod:InspiringFlames","floor":4},{"not_picked":["hexamod:Haunt","hexamod:GhostShield"],"picked":"hexamod:FirstSeal","floor":5},{"not_picked":["hexamod:SkipABeat","hexamod:Firestarter"],"picked":"hexamod:GhostflameInferno","floor":6},{"not_picked":["hexamod:SwordOfDarkness","hexamod:SpectersWail"],"picked":"hexamod:SoulSteal","floor":8},{"not_picked":["hexamod:SoulSteal","hexamod:HeatMetal"],"picked":"hexamod:FastForward","floor":11},{"not_picked":["hexamod:Haunt","hexamod:NightmareGuise"],"picked":"hexamod:GhostOfSpireFuture","floor":13},{"not_picked":["hexamod:RecurringNightmare","hexamod:SpectralAdrenaline"],"picked":"hexamod:EmpoweredFlame","floor":14},{"not_picked":["hexamod:GhostflameBarrier","hexamod:AdvancingGuard"],"picked":"hexamod:ThermalTransfer","floor":15},{"not_picked":["hexamod:FifthSeal","hexamod:SearingWound"],"picked":"hexamod:VolcanoVisage","floor":16},{"not_picked":["hexamod:Incineration","hexamod:PhantomCloak"],"picked":"hexamod:ChargedBarrage","floor":19},{"not_picked":["hexamod:SpectralAdrenaline","hexamod:GhostOfSpirePresent+1","hexamod:BacktrackSmack"],"picked":"SKIP","floor":20},{"not_picked":["hexamod:NightmareGuise","hexamod:ChargedBarrage"],"picked":"hexamod:RecurringNightmare","floor":21},{"not_picked":["hexamod:GhostOfSpirePast","hexamod:ThermalTransfer"],"picked":"hexamod:FastForward+1","floor":22},{"not_picked":["hexamod:NecessarySacrifice+1","hexamod:AdvancingGuard","hexamod:CatchUp"],"picked":"SKIP","floor":23},{"not_picked":["hexamod:ShieldOfDarkness","hexamod:InspiringFlames"],"picked":"hexamod:NightmareGuise","floor":27},{"not_picked":["hexamod:HeatCrush","hexamod:SoulSteal+1"],"picked":"hexamod:Hexaguard","floor":28},{"not_picked":["hexamod:FirstSeal","hexamod:CatchUp"],"picked":"hexamod:HeatCrush","floor":30},{"not_picked":["hexamod:BurningTouch","hexamod:Again"],"picked":"hexamod:Incineration","floor":31},{"not_picked":["hexamod:RainOfEmbers+1","hexamod:InspiringFlames"],"picked":"hexamod:ExtraCrispy+1","floor":32},{"not_picked":["hexamod:FifthSeal","hexamod:UnleashSpirits"],"picked":"hexamod:TimeOfNeed","floor":33},{"not_picked":["hexamod:RainOfEmbers","hexamod:BacktrackSmack"],"picked":"hexamod:NightmareStrike+1","floor":36},{"not_picked":["hexamod:PhantomFireball+1","hexamod:GhostOfSpireFuture"],"picked":"hexamod:FastForward","floor":36},{"not_picked":["hexamod:Firestarter+1","hexamod:SixthSeal"],"picked":"hexamod:SpectralAdrenaline+1","floor":37},{"not_picked":["hexamod:BurningTouch","hexamod:GhostShield+1"],"picked":"hexamod:SpectersWail+1","floor":39},{"not_picked":["expansioncontent:PrepareCrush","expansioncontent:Chronoboost"],"picked":"expansioncontent:CaCaw","floor":42},{"not_picked":["hexamod:SwordOfDarkness","hexamod:InspiringFlames+1","hexamod:HauntingEcho"],"picked":"SKIP","floor":44},{"not_picked":["hexamod:BacktrackSmack+1","hexamod:EmpoweredFlame","hexamod:WildfireWeapon"],"picked":"SKIP","floor":45},{"not_picked":["hexamod:RadiantFlame","hexamod:HauntingEcho","hexamod:InspiringFlames+1"],"picked":"SKIP","floor":46},{"not_picked":["hexamod:Firestarter","hexamod:ThermalTransfer","hexamod:SpectersWail+1"],"picked":"SKIP","floor":47},{"not_picked":["hexamod:Incineration+1","hexamod:ExtraCrispy+1","hexamod:HeatCrush"],"picked":"SKIP","floor":48},{"not_picked":["hexamod:ThermalTransfer+1","hexamod:Haunt","hexamod:SwordOfDarkness"],"picked":"SKIP","floor":49}],"player_experience":272217,"relics_obtained":[{"floor":6,"key":"The Courier"},{"floor":11,"key":"Oddly Smooth Stone"},{"floor":24,"key":"Bag of Marbles"},{"floor":26,"key":"Ornamental Fan"},{"floor":28,"key":"Art of War"},{"floor":39,"key":"Du-Vu Doll"},{"floor":40,"key":"Ice Cream"},{"floor":41,"key":"Akabeko"}],"event_choices":[{"damage_healed":0,"gold_gain":0,"cards_transformed":["hexamod:Strike"],"player_choice":"Transformed","damage_taken":0,"max_hp_gain":0,"max_hp_loss":0,"event_name":"Transmorgrifier","floor":10,"gold_loss":0,"cards_obtained":["hexamod:SkipABeat"]},{"damage_healed":0,"gold_gain":0,"player_choice":"Copied","damage_taken":0,"max_hp_gain":0,"max_hp_loss":0,"event_name":"Duplicator","floor":29,"gold_loss":0,"cards_obtained":["hexamod:GhostflameInferno"]},{"damage_healed":0,"gold_gain":0,"player_choice":"Fight","damage_taken":0,"max_hp_gain":0,"max_hp_loss":0,"event_name":"Mysterious Sphere","floor":40,"gold_loss":0}],"is_beta":false,"boss_relics":[{"not_picked":["Runic Dome","Pandora\u0027s Box"],"picked":"Runic Pyramid"},{"not_picked":["Tiny House","Black Star"],"picked":"Astrolabe"}],"items_purged_floors":[37],"is_endless":false,"potions_floor_spawned":[4,5,11,14,16,19,28,30,31,32,33,36,40,47,49],"killed_by":"downfall:Ironclad","ascension_level":0}}