{"host":"at64dhdf9kc8hjax","time":1609468496,"event":{"mods":["Act Like it!","BaseMod","Dota2Spire","Friendly Minions","Gensokyo","Highlight Path","Minty Spire (QoL Compilation)","Quick Restart","RumiaBox-露米娅的神秘盒子","Spicy Shops","StSLib","SuperFastMode","【遗物卡牌】REMEMod"],"gold_per_floor":[109,128,128,143,159,159,176,211,211,230,230,230,230,245,245,340,340,360,360,373,389,488,515,515,515,515,515,533,533,10,10,10,10,10],"floor_reached":33,"playtime":1741,"items_purged":["Decay","Strike_G"],"score":463,"play_id":"fafb1d52-82e6-419c-8b4e-09853c591f4d","local_time":"20210101103456","is_ascension_mode":true,"campfire_choices":[{"data":"Calculated Gamble","floor":6.0,"key":"SMITH"},{"data":"Prepared","floor":12.0,"key":"SMITH"},{"data":"Eviscerate","floor":15.0,"key":"SMITH"},{"data":"Venomology","floor":25.0,"key":"SMITH"},{"data":"Underhanded Strike","floor":27.0,"key":"SMITH"},{"data":"Survivor","floor":29.0,"key":"SMITH"},{"floor":32.0,"key":"REST"}],"circlet_count":0,"master_deck":["AscendersBane","Strike_G","Strike_G","Defend_G","Defend_G","Defend_G","Defend_G","Defend_G","Survivor+1","Neutralize","REME_GreenPollution","Neutralize","Calculated Gamble+1","Prepared+1","Underhanded Strike+1","Eviscerate+1","Venomology+1","Well Laid Plans","Sadistic Nature"],"relics":["Ring of the Snake","REME_ComplimentaryCards","Art of War","MagicDraw3","Dota2Spire:Bloodstone","Bronze Scales","REME_PoisonedDagger","Sling","MutagenicStrength"],"acts_visited":["Exordium","TheCity"],"potions_floor_usage":[33,33],"damage_taken":[{"damage":0.0,"enemies":"2 Louse","floor":1.0,"turns":3.0},{"damage":2.0,"enemies":"Cultist","floor":2.0,"turns":4.0},{"damage":4.0,"enemies":"Small Slimes","floor":4.0,"turns":4.0},{"damage":2.0,"enemies":"2 Fungi Beasts","floor":5.0,"turns":3.0},{"damage":0.0,"enemies":"Gremlin Gang","floor":7.0,"turns":3.0},{"damage":0.0,"enemies":"3 Sentries","floor":8.0,"turns":2.0},{"damage":8.0,"enemies":"Large Slime","floor":10.0,"turns":5.0},{"damage":0.0,"enemies":"Looter","floor":14.0,"turns":2.0},{"damage":31.0,"enemies":"The Guardian","floor":16.0,"turns":7.0},{"damage":25.0,"enemies":"3 Byrds","floor":18.0,"turns":3.0},{"damage":8.0,"enemies":"Chosen","floor":20.0,"turns":4.0},{"damage":22.0,"enemies":"Snecko","floor":21.0,"turns":5.0},{"damage":49.0,"enemies":"Book of Stabbing","floor":23.0,"turns":6.0},{"damage":13.0,"enemies":"Chosen and Byrds","floor":28.0,"turns":4.0},{"damage":69,"enemies":"Champ","floor":33,"turns":9}],"seed_played":"2441466188896740178","potions_obtained":[{"floor":4.0,"key":"Strength Potion"},{"floor":5.0,"key":"ColorlessPotion"},{"floor":14.0,"key":"AttackPotion"},{"floor":21.0,"key":"Fruit Juice"},{"floor":23.0,"key":"Regen Potion"}],"is_trial":false,"path_per_floor":["M","M","?","M","M","R","M","E","T","M","?","R","?","M","R","B",null,"M","?","M","M","?","E","?","R","T","R","M","R","$","?","R","B"],"character_chosen":"THE_SILENT","items_purchased":["Sadistic Nature","Sling"],"campfire_rested":1,"item_purchase_floors":[30,30],"current_hp_per_floor":[70,68,68,64,62,62,62,62,62,54,54,54,47,47,47,16,62,37,87,79,57,57,8,8,8,8,8,19,19,24,24,51,0,0],"gold":10,"neow_bonus":"TEN_PERCENT_HP_BONUS","is_daily":false,"chose_seed":false,"campfire_upgraded":6,"win_rate":0.0,"timestamp":1609468496,"path_taken":["M","M","?","M","M","R","M","E","T","?","?","R","?","M","R","BOSS","M","?","?","M","?","E","?","R","T","R","M","R","$","?","R","BOSS"],"items_purchased_type":["Card","Relic"],"build_version":"2020-12-22","purchased_purges":2,"victory":false,"max_hp_per_floor":[77,77,77,77,77,77,77,77,77,77,77,77,77,77,77,77,77,77,87,87,87,87,87,87,87,87,87,87,87,92,92,92,92,92],"card_choices":[{"not_picked":["Bane","Dash","Predator"],"picked":"SKIP","floor":1.0},{"not_picked":["Leg Sweep","PiercingWail","Bane"],"picked":"SKIP","floor":2.0},{"not_picked":["Blade Dance","Cloak And Dagger","Dodge and Roll"],"picked":"SKIP","floor":4.0},{"not_picked":["Backflip","Expertise"],"picked":"Calculated Gamble","floor":5.0},{"not_picked":["Acrobatics","Dagger Spray"],"picked":"Prepared","floor":7.0},{"not_picked":["Masterful Stab","Cloak And Dagger"],"picked":"Underhanded Strike","floor":8.0},{"not_picked":["Outmaneuver","Grand Finale"],"picked":"Eviscerate","floor":10.0},{"not_picked":["Sucker Punch","Dodge and Roll","Predator"],"picked":"SKIP","floor":14.0},{"not_picked":["Bullet Time","Envenom"],"picked":"Venomology","floor":16.0},{"not_picked":["PiercingWail","Dagger Spray","Backflip+1"],"picked":"SKIP","floor":18.0},{"not_picked":["Poisoned Stab","Underhanded Strike"],"picked":"Well Laid Plans","floor":20.0},{"not_picked":["Infinite Blades","Underhanded Strike","Caltrops"],"picked":"SKIP","floor":21.0},{"not_picked":["All Out Attack+1","Dagger Throw","Infinite Blades"],"picked":"SKIP","floor":23.0},{"not_picked":["Bane+1","Slice+1","Sucker Punch"],"picked":"SKIP","floor":28.0}],"player_experience":216056,"relics_obtained":[{"floor":8.0,"key":"Art of War"},{"floor":9.0,"key":"MagicDraw3"},{"floor":23.0,"key":"Bronze Scales"},{"floor":26.0,"key":"REME_PoisonedDagger"}],"event_choices":[{"damage_healed":0.0,"max_hp_gain":0.0,"max_hp_loss":0.0,"gold_gain":0.0,"event_name":"Match and Keep!","player_choice":"2 cards matched","floor":3.0,"gold_loss":0.0,"damage_taken":0.0,"cards_obtained":["Die Die Die","Neutralize"]},{"cards_removed":["Strike_G"],"damage_healed":0.0,"max_hp_gain":0.0,"max_hp_loss":0.0,"gold_gain":0.0,"event_name":"Living Wall","player_choice":"Forget","floor":11.0,"gold_loss":0.0,"damage_taken":0.0},{"cards_removed":["Strike_G"],"damage_healed":0.0,"max_hp_gain":0.0,"max_hp_loss":0.0,"gold_gain":0.0,"event_name":"Golden Wing","player_choice":"Card Removal","floor":13.0,"gold_loss":0.0,"damage_taken":7.0},{"cards_removed":["Die Die Die"],"damage_healed":40.0,"max_hp_gain":10.0,"max_hp_loss":0.0,"gold_gain":0.0,"event_name":"Bonfire Elementals","player_choice":"Offered Rare","floor":19.0,"gold_loss":0.0,"damage_taken":0.0},{"damage_healed":0.0,"max_hp_gain":0.0,"max_hp_loss":0.0,"gold_gain":99.0,"event_name":"Nest","player_choice":"Stole From Cult","floor":22.0,"gold_loss":0.0,"damage_taken":0.0},{"damage_healed":0.0,"max_hp_gain":0.0,"max_hp_loss":0.0,"gold_gain":0.0,"event_name":"Forgotten Altar","player_choice":"Smashed Altar","floor":24.0,"gold_loss":0.0,"damage_taken":0.0,"cards_obtained":["Decay"]},{"damage_healed":0.0,"max_hp_gain":0.0,"max_hp_loss":0.0,"gold_gain":0.0,"event_name":"Drug Dealer","player_choice":"Inject Mutagens","floor":31.0,"gold_loss":0.0,"damage_taken":0.0,"relics_obtained":["MutagenicStrength"]}],"is_beta":false,"boss_relics":[{"not_picked":["Philosopher\u0027s Stone","Runic Dome"],"picked":"Dota2Spire:Bloodstone"}],"items_purged_floors":[30,30],"is_endless":false,"potions_floor_spawned":[4,5,14,21,23],"killed_by":"Champ","ascension_level":10}}