{"host":"foq4mrde4mssg7vt","time":1609504365,"event":{"mods":["AchievementEnabler","BaseMod","Colored Map","Colored Powertips","Highlight Path","Minty Spire (QoL Compilation)","Relic Stats","everything is the same but u backflip on backflip"],"gold_per_floor":[99,99,99,99,99,99,99,99,99,99,99,99,99,99,99,99,99,99,49,49,49,49,49,49,49,49,49,49,3,3,3,3,3,3,3,3,3,3,3,3,3,3,3,3,3,3,3],"floor_reached":46,"playtime":1936,"items_purged":["Strike_R"],"score":1008,"play_id":"837d65b3-2d99-4f21-ae8f-5327a35817b8","local_time":"20210101203245","is_ascension_mode":true,"campfire_choices":[{"data":"True Grit","floor":8.0,"key":"SMITH"},{"data":"Bash","floor":13.0,"key":"SMITH"},{"data":"Twin Strike","floor":15.0,"key":"SMITH"},{"data":"Flame Barrier","floor":23.0,"key":"SMITH"},{"data":"Limit Break","floor":28.0,"key":"SMITH"},{"data":"Shrug It Off","floor":32.0,"key":"SMITH"},{"data":"Demon Form","floor":40.0,"key":"SMITH"}],"circlet_count":0,"master_deck":["AscendersBane","Strike_R","Strike_R","Strike_R","Defend_R","Defend_R","Defend_R","Defend_R","Bash+1","Twin Strike+1","Battle Trance","True Grit+1","Flame Barrier+1","Pommel Strike","Demon Form+1","Double Tap","Cleave","Limit Break+1","Shrug It Off+1","Feed+1","Heavy Blade","Shrug It Off"],"relics":["Ectoplasm","Orichalcum","Ornamental Fan","Oddly Smooth Stone","Art of War","Blood Vial","Smiling Mask","Coffee Dripper","Enchiridion","PreservedInsect","Ancient Tea Set","Letter Opener","SlaversCollar","Unceasing Top","Ice Cream","Potion Belt"],"acts_visited":["Exordium","TheCity","TheBeyond"],"potions_floor_usage":[],"damage_taken":[{"damage":0.0,"enemies":"2 Louse","floor":1.0,"turns":3.0},{"damage":7.0,"enemies":"Jaw Worm","floor":2.0,"turns":3.0},{"damage":0.0,"enemies":"Small Slimes","floor":4.0,"turns":2.0},{"damage":1.0,"enemies":"2 Fungi Beasts","floor":5.0,"turns":3.0},{"damage":16.0,"enemies":"Gremlin Nob","floor":6.0,"turns":3.0},{"damage":2.0,"enemies":"Gremlin Nob","floor":7.0,"turns":3.0},{"damage":2.0,"enemies":"Red Slaver","floor":10.0,"turns":2.0},{"damage":4.0,"enemies":"Lagavulin","floor":11.0,"turns":5.0},{"damage":0.0,"enemies":"3 Sentries","floor":14.0,"turns":6.0},{"damage":0.0,"enemies":"Slime Boss","floor":16.0,"turns":6.0},{"damage":0.0,"enemies":"Chosen","floor":18.0,"turns":3.0},{"damage":17.0,"enemies":"Slavers","floor":24.0,"turns":5.0},{"damage":1.0,"enemies":"Spheric Guardian","floor":25.0,"turns":3.0},{"damage":6.0,"enemies":"Snake Plant","floor":27.0,"turns":3.0},{"damage":9.0,"enemies":"Centurion and Healer","floor":30.0,"turns":7.0},{"damage":15.0,"enemies":"Automaton","floor":33.0,"turns":7.0},{"damage":23.0,"enemies":"3 Darklings","floor":35.0,"turns":8.0},{"damage":28.0,"enemies":"Orb Walker","floor":37.0,"turns":5.0},{"damage":8.0,"enemies":"Transient","floor":38.0,"turns":5.0},{"damage":11.0,"enemies":"Nemesis","floor":41.0,"turns":3.0},{"damage":9.0,"enemies":"Maw","floor":42.0,"turns":5.0},{"damage":0.0,"enemies":"Sphere and 2 Shapes","floor":44.0,"turns":9.0},{"damage":3.0,"enemies":"Giant Head","floor":45.0,"turns":6.0},{"damage":23,"enemies":"Transient","floor":46,"turns":4}],"seed_played":"-1922517988757792565","potions_obtained":[{"floor":1.0,"key":"SkillPotion"},{"floor":5.0,"key":"Fire Potion"},{"floor":7.0,"key":"LiquidMemories"},{"floor":30.0,"key":"LiquidBronze"},{"floor":33.0,"key":"ColorlessPotion"},{"floor":41.0,"key":"Energy Potion"}],"is_trial":false,"path_per_floor":["M","M","?","M","M","E","?","R","T","M","E","T","R","E","R","B",null,"M","$","?","?","?","R","E","M","T","M","R","$","M","?","R","B",null,"M","?","M","M","T","R","E","M","T","M","E","M"],"character_chosen":"IRONCLAD","items_purchased":["Shrug It Off"],"campfire_rested":0,"item_purchase_floors":[29],"current_hp_per_floor":[68,61,61,61,60,44,42,42,42,40,36,36,36,38,38,40,66,68,68,68,52,57,57,42,43,43,39,39,39,32,32,32,19,61,43,43,21,15,15,15,10,3,3,9,12,0,0],"gold":3,"neow_bonus":"BOSS_RELIC","is_daily":false,"chose_seed":false,"campfire_upgraded":7,"win_rate":0.0,"timestamp":1609504365,"path_taken":["M","M","?","M","M","E","?","R","T","M","E","?","R","E","R","BOSS","M","$","?","?","?","R","E","?","T","M","R","$","M","?","R","BOSS","M","?","?","M","?","R","E","M","T","M","E","M"],"items_purchased_type":["Card"],"build_version":"2020-12-22","purchased_purges":1,"victory":false,"max_hp_per_floor":[75,75,75,75,75,75,75,75,75,75,75,75,75,75,75,75,75,75,75,75,75,75,75,75,75,75,75,75,75,75,75,75,75,75,78,78,82,82,82,82,86,86,86,90,94,94,94],"relic_stats":{"Blood Vial":32,"counters":[24,109],"Ornamental Fan":[156],"Ectoplasm":656,"PreservedInsect":180,"Art of War":[9],"Letter Opener":[180],"Orichalcum":[84],"Smiling Mask":25,"obtain_stats":[{"Ice Cream":43,"Potion Belt":45,"Oddly Smooth Stone":9,"Enchiridion":21,"PreservedInsect":24,"Letter Opener":31,"Orichalcum":6,"Smiling Mask":14,"Ancient Tea Set":26,"Burning Blood":0,"Blood Vial":12,"SlaversCollar":34,"Ornamental Fan":7,"Ectoplasm":0,"Art of War":11,"Coffee Dripper":17,"Unceasing Top":41},{"Ice Cream":21,"Potion Belt":23,"Oddly Smooth Stone":6,"Enchiridion":11,"PreservedInsect":12,"Letter Opener":15,"Orichalcum":5,"Smiling Mask":9,"Ancient Tea Set":13,"Burning Blood":0,"Blood Vial":8,"SlaversCollar":16,"Ornamental Fan":6,"Ectoplasm":0,"Art of War":8,"Coffee Dripper":10,"Unceasing Top":20},{"Ice Cream":90,"Potion Belt":105,"Oddly Smooth Stone":17,"Enchiridion":39,"PreservedInsect":44,"Letter Opener":57,"Orichalcum":14,"Smiling Mask":30,"Ancient Tea Set":47,"Burning Blood":0,"Blood Vial":24,"SlaversCollar":64,"Ornamental Fan":17,"Ectoplasm":0,"Art of War":24,"Coffee Dripper":36,"Unceasing Top":85}],"Unceasing Top":[6]},"card_choices":[{"not_picked":["Power Through","Entrench"],"picked":"Perfected Strike","floor":1.0},{"not_picked":["Blood for Blood","Shrug It Off"],"picked":"Twin Strike","floor":2.0},{"not_picked":["Thunderclap","Combust"],"picked":"Anger","floor":4.0},{"not_picked":["Wild Strike","Armaments","Anger"],"picked":"SKIP","floor":5.0},{"not_picked":["Twin Strike","Iron Wave"],"picked":"Battle Trance","floor":6.0},{"not_picked":["Cleave","Twin Strike"],"picked":"True Grit","floor":7.0},{"not_picked":["Bloodletting","Thunderclap"],"picked":"Flame Barrier","floor":10.0},{"not_picked":["Searing Blow","Entrench"],"picked":"Pommel Strike","floor":11.0},{"not_picked":["Iron Wave","Sentinel","Dropkick"],"picked":"SKIP","floor":14.0},{"not_picked":["Corruption","Limit Break"],"picked":"Demon Form","floor":16.0},{"not_picked":["Battle Trance+1","Clash","Iron Wave"],"picked":"SKIP","floor":18.0},{"not_picked":["Power Through","Pummel","True Grit"],"picked":"SKIP","floor":24.0},{"not_picked":["Clash","Anger"],"picked":"Cleave","floor":25.0},{"not_picked":["Sword Boomerang","Metallicize+1"],"picked":"Limit Break","floor":27.0},{"not_picked":["Anger+1","Iron Wave","Twin Strike"],"picked":"SKIP","floor":30.0},{"not_picked":["Juggernaut","Bludgeon"],"picked":"Feed","floor":33.0},{"not_picked":["Havoc","Perfected Strike","Twin Strike"],"picked":"SKIP","floor":35.0},{"not_picked":["Havoc","Blood for Blood+1","Dark Embrace+1"],"picked":"SKIP","floor":37.0},{"not_picked":["Ghostly Armor+1","Intimidate"],"picked":"Heavy Blade","floor":38.0},{"not_picked":["Heavy Blade","Rupture","Fire Breathing+1"],"picked":"SKIP","floor":41.0},{"not_picked":["Sever Soul","Blood for Blood"],"picked":"Shrug It Off","floor":42.0},{"not_picked":["Thunderclap","Rupture+1","True Grit"],"picked":"SKIP","floor":44.0},{"not_picked":["Clothesline","Iron Wave+1","Cleave+1"],"picked":"SKIP","floor":45.0}],"player_experience":356408,"relics_obtained":[{"floor":6.0,"key":"Orichalcum"},{"floor":7.0,"key":"Ornamental Fan"},{"floor":9.0,"key":"Oddly Smooth Stone"},{"floor":11.0,"key":"Art of War"},{"floor":12.0,"key":"Blood Vial"},{"floor":14.0,"key":"Smiling Mask"},{"floor":21.0,"key":"Enchiridion"},{"floor":24.0,"key":"PreservedInsect"},{"floor":26.0,"key":"Ancient Tea Set"},{"floor":41.0,"key":"Unceasing Top"},{"floor":43.0,"key":"Ice Cream"},{"floor":45.0,"key":"Potion Belt"}],"event_choices":[{"damage_healed":0.0,"max_hp_gain":0.0,"max_hp_loss":0.0,"gold_gain":0.0,"event_name":"The Cleric","player_choice":"Leave","floor":3.0,"gold_loss":0.0,"damage_taken":0.0},{"damage_healed":0.0,"max_hp_gain":0.0,"max_hp_loss":0.0,"gold_gain":30.0,"event_name":"Dead Adventurer","player_choice":"Searched \u00273\u0027 times","floor":7.0,"gold_loss":0.0,"damage_taken":0.0},{"damage_healed":0.0,"max_hp_gain":0.0,"max_hp_loss":0.0,"gold_gain":0.0,"cards_transformed":["Perfected Strike","Strike_R"],"event_name":"Drug Dealer","player_choice":"Became Test Subject","floor":20.0,"gold_loss":0.0,"damage_taken":0.0,"cards_obtained":["Anger","Double Tap"]},{"damage_healed":0.0,"max_hp_gain":0.0,"max_hp_loss":0.0,"gold_gain":0.0,"event_name":"Cursed Tome","player_choice":"Obtained Book","floor":21.0,"gold_loss":0.0,"damage_taken":16.0},{"cards_removed":["Anger"],"damage_healed":5.0,"max_hp_gain":0.0,"max_hp_loss":0.0,"gold_gain":0.0,"event_name":"Bonfire Elementals","player_choice":"Offered Common","floor":22.0,"gold_loss":0.0,"damage_taken":0.0},{"cards_removed":["Anger"],"damage_healed":5.0,"max_hp_gain":0.0,"max_hp_loss":0.0,"gold_gain":0.0,"event_name":"Bonfire Elementals","player_choice":"Offered Special","floor":22.0,"gold_loss":0.0,"damage_taken":0.0},{"cards_removed":["Anger"],"damage_healed":0.0,"max_hp_gain":0.0,"max_hp_loss":0.0,"gold_gain":0.0,"event_name":"WeMeetAgain","player_choice":"Gave Card","floor":31.0,"gold_loss":0.0,"damage_taken":0.0,"relics_obtained":["Letter Opener"]},{"damage_healed":0.0,"max_hp_gain":0.0,"max_hp_loss":0.0,"gold_gain":0.0,"event_name":"Accursed Blacksmith","player_choice":"Forge","floor":36.0,"gold_loss":0.0,"damage_taken":0.0,"cards_upgraded":["Feed"]}],"is_beta":false,"boss_relics":[{"not_picked":["Velvet Choker","Fusion Hammer"],"picked":"Coffee Dripper"},{"not_picked":["Busted Crown","Mark of Pain"],"picked":"SlaversCollar"}],"items_purged_floors":[19],"is_endless":false,"potions_floor_spawned":[1,5,7,11,30,33,35,41,42],"killed_by":"Transient","ascension_level":14}}