{"host":"qvm8mnkwg7phaqzl","time":1609497158,"event":{"mods":["2.2 Compatiblity","A Magickal Journey","Act Like it!","Aspiration","Astrologer","Bard","BaseMod","Beaked The Cultist","Better Altar","Better Match","Better Note","Better Sensory Stone","Better Skull","Better Third Choice","CCEM","CapriCore","CatGirl Mod","Chen","Colored Map","Conspire","DeckTracker","Downfall","Elementarium","Friendly Minions","Gensokyo","GifTheSpireLib","Gremlin Mod","Halation","Hubris","Koishi","Marisa（霧雨　魔理沙）","Mathematician","Minty Spire (QoL Compilation)","Onozuka Komachi Mod","Potionbrewer","Random Character Button","Rare Cards Sparkle","Reimu（博??梦）","Replay The Spire","Somnambulant","StSLib","The Accelerator","The Administrix","The Alterego","The Blackbeard","The Bladedancer","The Bug Knight","The Caster","The Construct","The Cursed","The Disciple","The Druid","The Elementalist","The Factory","The Florist","The Forsaken","The Gatherer","The Hierophant","The Immortal","The Judge","The Juggle","The Jungle","The Marked","The Mystic","The Necromancer","The Poker Player","The Problem Sleuth","The Runesmith","The Sage","The Servant 0.9.4","The Spell Scribe","The Valiant","The Witch","TheArtist","TheFirefly","Wandering Minibosses","Yakumo Yukari mod","Youmu（魂魄妖梦）","Yuyuko","vexMod","yUi"],"gold_per_floor":[99,110,128,128,138,8,56,56,106,121,76,76,76,76,76,145,171,21,37,37,37,52,82,99,24,24,35,53,158,158,158,175,195,211,50,50,77,132,159,179,204,204,204,204,204,120,120,130,147,247,247,247,259,276,289,313,25,106,106,106,106,133,143,172,172,272,304,323,337,337,337,372,222,222,222],"floor_reached":54,"playtime":11009,"items_purged":["Pain","Guardian:Defend_Guardian","Guardian:Defend_Guardian","Guardian:Defend_Guardian"],"score":1532,"play_id":"3af47f1c-3a35-4b6e-962d-2a3a95369e32","local_time":"20210101043238","is_ascension_mode":false,"campfire_choices":[{"floor":1,"key":"RECALL"},{"data":"Guardian:PrismaticBeam","floor":8,"key":"SMITH"},{"data":"Guardian:CurlUp","floor":13,"key":"SMITH"},{"data":"Guardian:CrystalBeam","floor":12,"key":"SMITH"},{"data":"Guardian:Clone","floor":12,"key":"SMITH"},{"data":"Guardian:Suspension","floor":17,"key":"SMITH"},{"data":"Guardian:AncientConstruct","floor":16,"key":"SMITH"},{"data":"Guardian:SphericShield","floor":21,"key":"SMITH"},{"data":"Guardian:Preprogram","floor":26,"key":"SMITH"},{"data":"Guardian:SentryBeam","floor":28,"key":"SMITH"},{"data":"Guardian:ExploitGems","floor":30,"key":"SMITH"},{"data":"Guardian:TwinSlam","floor":31,"key":"SMITH"},{"data":"Guardian:ExploitGems","floor":36,"key":"SMITH"},{"data":"Guardian:ChargeUp","floor":41,"key":"SMITH"},{"data":"Guardian:Reroute","floor":43,"key":"SMITH"},{"data":"Guardian:ChargeCore","floor":52,"key":"SMITH"}],"circlet_count":0,"master_deck":["Guardian:Strike_Guardian","Guardian:Strike_Guardian","Guardian:Strike_Guardian","Guardian:Strike_Guardian","Guardian:Defend_Guardian","Guardian:CurlUp+1","Guardian:TwinSlam+1","Guardian:PrismaticBeam+1","Guardian:CrystalBeam+1","Guardian:Reroute+1","Guardian:Clone+1","Guardian:AncientConstruct+1","Guardian:ChargeCore+1","Guardian:Suspension+1","Guardian:ChargeUp+1","Guardian:SentryBeam+1","Guardian:SphericShield+1","Guardian:PrismaticBarrier+1","Guardian:Preprogram+1","Guardian:ExploitGems+1","Guardian:ExploitGems+1","Guardian:ExploitGems"],"relics":["Guardian:ModeShifter","NeowsBlessing","Gensokyo:LunaticRedEyes","halation:LettersToHer","halation:PinkSoulGem","Gensokyo:PortableGap","Vajra","Replay:Bottled Flurry","downfall:HeartBlessingRed","downfall:HeartBlessingBlue","Happy Flower","downfall:HeartBlessingGreen","theSleuth:AffinityCrow","Gremlin Food","Replay:Rubber Ducky","ReplayTheSpireMod:Lightbulb","sagemod:Red_Beast_Statue","aspiration:RitualStick","TentaclePot:ReiMu","conspire:TopHat","aspiration:RunicSpoon","hubris:MedicalManual","CCEMRelics:PorcelainBowl","hubris:DisguiseKit","Ancient Tea Set","Sundial","Pantograph","Blood Vial","downfall:GremlinWheel","Regal Pillow","CrazyTorch:ReiMu","HollowMod:StagPassRelic"],"acts_visited":["Gensokyo:Gensokyo","TheCity","TheBeyond","TheEnding"],"potions_floor_usage":[15,19,25,34,34,41,48],"damage_taken":[{"damage":0,"enemies":"Gensokyo:Python","floor":2,"turns":1},{"damage":0,"enemies":"Gensokyo:2_Kodama","floor":3,"turns":1},{"damage":1,"enemies":"Gensokyo:Gryphon","floor":5,"turns":1},{"damage":2,"enemies":"downfall:FleeingMerchant","floor":6,"turns":4},{"damage":0,"enemies":"Gensokyo:LivingMonolith","floor":10,"turns":3},{"damage":0,"enemies":"Gensokyo:5_Fairies","floor":13,"turns":5},{"damage":0,"enemies":"Gensokyo:Gryphon_and_Rabbit","floor":14,"turns":3},{"damage":0,"enemies":"Gensokyo:Aya","floor":15,"turns":2},{"damage":0,"enemies":"Gensokyo:Kitsune","floor":16,"turns":2},{"damage":0,"enemies":"Gensokyo:2_Rabbits","floor":17,"turns":2},{"damage":0,"enemies":"Gensokyo:VengefulSpirit","floor":18,"turns":3},{"damage":14,"enemies":"downfall:Defect","floor":19,"turns":5},{"damage":0,"enemies":"conspire:FuzzyDice","floor":22,"turns":4},{"damage":0,"enemies":"3 Cultists","floor":23,"turns":5},{"damage":0,"enemies":"Centurion and Healer","floor":24,"turns":4},{"damage":0,"enemies":"downfall:FleeingMerchant","floor":25,"turns":6},{"damage":0,"enemies":"Sentry and Sphere","floor":26,"turns":4},{"damage":0,"enemies":"conspire:Head Lice","floor":27,"turns":5},{"damage":0,"enemies":"downfall:FleeingMerchant","floor":32,"turns":4},{"damage":0,"enemies":"conspire:HollyBat","floor":32,"turns":5},{"damage":0,"enemies":"3 Cultists","floor":33,"turns":4},{"damage":10,"enemies":"downfall:Silent","floor":34,"turns":4},{"damage":0,"enemies":"3 Shapes","floor":37,"turns":3},{"damage":0,"enemies":"3 Darklings","floor":38,"turns":3},{"damage":0,"enemies":"4 Shapes","floor":39,"turns":3},{"damage":0,"enemies":"beaked:SuperParasite","floor":40,"turns":4},{"damage":0,"enemies":"Spire Growth","floor":41,"turns":2},{"damage":0,"enemies":"Reptomancer","floor":42,"turns":3},{"damage":0,"enemies":"Reptomancer","floor":44,"turns":2},{"damage":0,"enemies":"beaked:SuperParasite","floor":45,"turns":4},{"damage":0,"enemies":"Jaw Worm Horde","floor":46,"turns":2},{"damage":0,"enemies":"Transient","floor":47,"turns":5},{"damage":0,"enemies":"downfall:Watcher","floor":48,"turns":5},{"damage":0,"enemies":"downfall:CharBossMerchant","floor":50,"turns":6},{"damage":0,"enemies":"downfall:NeowBoss","floor":53,"turns":12}],"seed_played":"-3886344404960674264","potions_obtained":[{"floor":2,"key":"Doom Potion"},{"floor":10,"key":"potionbrewer:FreezingPotion"},{"floor":13,"key":"CultistPotion"},{"floor":16,"key":"Energy Potion"},{"floor":22,"key":"potionbrewer:StunPotion"},{"floor":27,"key":"potionbrewer:InfectionPotion"},{"floor":33,"key":"Guardian:DefensiveModePotion"},{"floor":39,"key":"CultistPotion"},{"floor":40,"key":"SpeedPotion"},{"floor":45,"key":"Swift Potion"}],"is_trial":false,"path_per_floor":["R","M","M","?","M","$","T","R","?","M","COS","?","R","?","T","T","T","R","M","R","?","M","E","M","R","R","M","M","B",null,"R","M","M","M","$","R","T","T","T","M","E","R","?","R","?","$","R","M","M","B",null,"R_BF","M","M","M","?","$","T","T","T","R","E","M","E","R","?","E","M","M","B",null,"E","$","R","B",null],"character_chosen":"GUARDIAN","items_purchased":["Guardian:Gem_Red","Guardian:Gem_Lightblue","TentaclePot:ReiMu","conspire:TopHat","Guardian:Gem_Synthetic","CCEMRelics:PorcelainBowl"],"campfire_rested":0,"item_purchase_floors":[6,25,32,32,41,41],"current_hp_per_floor":[80,80,80,80,79,77,77,77,77,77,77,77,77,69,66,63,63,73,70,70,67,67,64,64,61,61,61,61,47,61,61,61,61,61,58,58,55,52,52,52,49,46,46,46,37,37,37,37,37,27,40,40,40,40,40,24,24,24,24,24,24,24,24,22,22,22,22,22,22,22,22,22,22,22,22],"gold":222,"neow_bonus":"THREE_ENEMY_KILL","is_daily":false,"chose_seed":false,"campfire_upgraded":15,"win_rate":0.0,"timestamp":1609497158,"path_taken":["R","M","M","?","M","$","T","R","?","M","COS","?","R","?","T","T","T","R","M","R","?","M","E","?","R","R","M","M","BOSS","R","M","M","M","$","R","T","T","T","M","E","R","?","R","?","$","R","M","M","BOSS","R_BF","M","M","M","?","$","T","T","T","R","E","M","E","R","?","E","?","M","BOSS","E","$","R","BOSS"],"items_purchased_type":["Card","Card","Relic","Relic","Card","Relic"],"build_version":"2020-12-22","purchased_purges":4,"victory":true,"max_hp_per_floor":[80,80,80,80,80,80,80,80,80,80,80,80,80,69,66,63,63,73,70,70,67,67,64,64,61,61,61,61,61,61,61,61,61,61,58,58,55,52,52,52,49,46,46,46,43,40,40,40,40,40,40,40,40,40,40,37,37,34,31,28,25,25,25,22,22,22,22,22,22,22,22,22,22,22,22],"card_choices":[{"not_picked":["Guardian:DonusPower","Guardian:Emergency"],"picked":"Guardian:PrismaticBeam","floor":2},{"not_picked":["Guardian:Recover","Guardian:SentryBeam"],"picked":"Guardian:CrystalBeam","floor":3},{"not_picked":["Guardian:Incinerate","Guardian:Planning"],"picked":"Guardian:Reroute","floor":5},{"not_picked":["Guardian:ArmoredProtocol","Guardian:BronzeOrb"],"picked":"Guardian:Clone","floor":6},{"not_picked":["Guardian:Gem_Lightblue","Guardian:Gem_Cyan"],"picked":"Guardian:Gem_Green","floor":10},{"not_picked":["Guardian:Suspension","Guardian:StasisField"],"picked":"Guardian:Gem_Red","floor":13},{"not_picked":["Guardian:TimeSifter","Guardian:SphericShield"],"picked":"Guardian:AncientConstruct","floor":14},{"not_picked":["Guardian:VentSteam","Guardian:Gem_Green"],"picked":"Guardian:ChargeCore","floor":14},{"not_picked":["Guardian:DecasProtection","Guardian:Recover"],"picked":"Guardian:Suspension","floor":15},{"not_picked":["Guardian:GuardianWhirl","Guardian:Clone"],"picked":"Guardian:Gem_Blue","floor":16},{"not_picked":["Guardian:Clone","Guardian:Incinerate"],"picked":"Guardian:ChargeUp","floor":17},{"not_picked":["Guardian:Harden","Guardian:ShieldCharger"],"picked":"Guardian:SentryBeam","floor":18},{"not_picked":["Guardian:FastForward","Guardian:StasisStrike"],"picked":"Guardian:SphericShield","floor":19},{"not_picked":["Guardian:TemporalShield+1","Guardian:BronzeArmor","Guardian:Harden"],"picked":"SKIP","floor":22},{"not_picked":["Guardian:Gem_Green","Guardian:TimeBomb"],"picked":"Guardian:Gem_Cyan","floor":23},{"not_picked":["Guardian:Gem_Blue","Guardian:WalkerClaw+1"],"picked":"Guardian:PrismaticBarrier+1","floor":24},{"not_picked":["Guardian:FastForward","Guardian:TemporalShield"],"picked":"Guardian:Preprogram","floor":25},{"not_picked":["Guardian:WalkerClaw","Guardian:DonusPower"],"picked":"Guardian:Gem_Red","floor":26},{"not_picked":["Guardian:Gem_Red","Guardian:Gem_Lightblue"],"picked":"Guardian:ExploitGems","floor":27},{"not_picked":["Guardian:Reroute+1","Guardian:StasisField"],"picked":"Guardian:Gem_Cyan","floor":32},{"not_picked":["Guardian:Preprogram+1","Guardian:ShieldCharger","Guardian:Emergency"],"picked":"SKIP","floor":32},{"not_picked":["Guardian:Suspension","Guardian:Gem_Fragmented"],"picked":"Guardian:Gem_Red","floor":33},{"not_picked":["Guardian:FastForward","Guardian:AncientConstruct"],"picked":"Guardian:ExploitGems","floor":34},{"not_picked":["Guardian:WalkerClaw","Guardian:RollAttack","Guardian:Harden"],"picked":"SKIP","floor":37},{"not_picked":["Guardian:TemporalShield","Guardian:PiercingHide"],"picked":"Guardian:Gem_Blue","floor":38},{"not_picked":["Guardian:PrismaticBarrier+1","Guardian:PiercingHide+1"],"picked":"Guardian:Gem_Lightblue","floor":39},{"not_picked":["Guardian:ConstructionForm","Guardian:PrimingBeam+1","Guardian:PrismaticBarrier+1","Armaments"],"picked":"SKIP","floor":40},{"not_picked":["Guardian:TemporalStrike+1","Guardian:Gem_Blue","Anger"],"picked":"Guardian:Gem_Red","floor":41},{"not_picked":["Guardian:ShieldSpikes+1","Guardian:ShieldCharger","ReplayTheSpireMod:Stacked"],"picked":"Guardian:ExploitGems","floor":42},{"not_picked":["Guardian:Suspension","Guardian:PrismaticBarrier+1","conspire:ExplosiveBarrier"],"picked":"Guardian:Gem_Red","floor":45},{"not_picked":["Guardian:ChargeCore+1","Guardian:Incinerate","Guardian:GuardianWhirl+1","Anger"],"picked":"SKIP","floor":46},{"not_picked":["Guardian:TemporalShield+1","Guardian:FloatingOrbs","Guardian:Suspension+1","conspire:Charge"],"picked":"SKIP","floor":47},{"not_picked":["Guardian:GuardianWhirl","Guardian:ChargeUp","Dual Wield"],"picked":"Guardian:Gem_Purple","floor":50}],"player_experience":608605,"relics_obtained":[{"floor":7,"key":"halation:LettersToHer"},{"floor":13,"key":"halation:LettersToHer"},{"floor":13,"key":"Vajra"},{"floor":12,"key":"halation:LettersToHer"},{"floor":12,"key":"Replay:Bottled Flurry"},{"floor":11,"key":"halation:LettersToHer"},{"floor":15,"key":"Happy Flower"},{"floor":27,"key":"halation:LettersToHer"},{"floor":27,"key":"Gremlin Food"},{"floor":26,"key":"halation:LettersToHer"},{"floor":26,"key":"Replay:Rubber Ducky"},{"floor":25,"key":"halation:LettersToHer"},{"floor":25,"key":"ReplayTheSpireMod:Lightbulb"},{"floor":27,"key":"sagemod:Red_Beast_Statue"},{"floor":40,"key":"hubris:MedicalManual"},{"floor":42,"key":"halation:LettersToHer"},{"floor":42,"key":"hubris:DisguiseKit"},{"floor":41,"key":"halation:LettersToHer"},{"floor":41,"key":"Ancient Tea Set"},{"floor":40,"key":"halation:LettersToHer"},{"floor":40,"key":"Sundial"},{"floor":40,"key":"Pantograph"},{"floor":42,"key":"Blood Vial"},{"floor":44,"key":"downfall:GremlinWheel"},{"floor":45,"key":"Regal Pillow"},{"floor":50,"key":"CrazyTorch:ReiMu"},{"floor":52,"key":"HollowMod:StagPassRelic"}],"event_choices":[{"damage_healed":0,"gold_gain":0,"player_choice":"Leave","damage_taken":0,"max_hp_gain":0,"max_hp_loss":0,"event_name":"conspire:Investor","floor":13,"gold_loss":0},{"damage_healed":0,"gold_gain":0,"player_choice":"Ignored","damage_taken":0,"max_hp_gain":0,"max_hp_loss":0,"event_name":"Ghosts","floor":29,"gold_loss":0},{"damage_healed":0,"gold_gain":0,"player_choice":"Relic","damage_taken":0,"max_hp_gain":0,"max_hp_loss":0,"event_name":"Wheel of Change","floor":52,"gold_loss":0}],"is_beta":false,"boss_relics":[{"not_picked":["ChewingGum","downfall:Hecktoplasm"],"picked":"theSleuth:AffinityCrow"},{"not_picked":["hubris:RunicObelisk","hubris:CrackedHourglass"],"picked":"aspiration:RunicSpoon"}],"items_purged_floors":[6,25,32,51],"is_endless":false,"potions_floor_spawned":[2,10,13,16,17,22,24,27,33,39,40,45],"ascension_level":0}}