{"host":"68ryiucqar8jyfi2","time":1609522301,"event":{"mods":["2.2 Compatiblity","Act Like it!","Aspiration","BaseMod","Better Match","Better Note","Better Skull","Better Third Choice","CCEM","CapriCore","Curses Come First","Defuse TimeMaze Blight","Displayed Cursed Tome","Emptier Cage","Energized Spire","Friendly Minions","GifTheSpireLib","HexUI Lib","Hubris","Hyrulean Relics","Infinite Spire","Minty Spire (QoL Compilation)","Permanent Neow","RNG Fix","Replay The Spire","Robot Space Explorer","StSLib","Stuff the Spire","The Blue Laboratory","Trackpad","Transform Curses","Uncapped","Wandering Minibosses"],"gold_per_floor":[118,118,118,128,144,144,136,168,191,203,215,253,271,295,307,410,422,434,446,458,470,1293,1328,1340,1288,1300,1320,1348,1294,1306,1334,1416,1413,1413],"floor_reached":33,"playtime":1038,"items_purged":[],"score":334,"play_id":"aacb4f60-a209-4f90-8cf8-3b1a8dbd1801","local_time":"20210101173141","daily_mods":["Vintage","Heirloom","Flight"],"is_ascension_mode":false,"campfire_choices":[{"data":"Zap","floor":6,"key":"SMITH"},{"data":"Dualcast","floor":11,"key":"SMITH"},{"floor":15,"key":"REST"}],"circlet_count":0,"master_deck":["Strike_B","Strike_B","Strike_B","Defend_B","Defend_B","Defend_B","Defend_B","Zap+1","Dualcast+1"],"relics":["Cracked Core","trackpad:ToughGloves","Iron Hammer","hubris:CrystalStatue","Lantern","trackpad:ByrdBGone","zeldaRelics:CourageTriforce","MawBank","StuffTheSpire:ForceGauntlet","Prayer Wheel","hubris:RGBLights","energizedSpire:RedRose","aspiration:SeaSaltIceCream","wanderingMiniBosses:MasterThiefsPresence","zeldaRelics:WisdomTriforce","Omamori","CCEMRelics:Barrel","zeldaRelics:PowerPiece"],"acts_visited":["Exordium","TheCity"],"potions_floor_usage":[10,14,32,32],"damage_taken":[{"damage":5,"enemies":"Small Slimes","floor":1,"turns":4},{"damage":0,"enemies":"Cultist","floor":4,"turns":2},{"damage":0,"enemies":"2 Louse","floor":5,"turns":1},{"damage":7,"enemies":"Blue Slaver","floor":7,"turns":5},{"damage":15,"enemies":"Gremlin Nob","floor":8,"turns":3},{"damage":1,"enemies":"2 Fungi Beasts","floor":10,"turns":4},{"damage":0,"enemies":"Gremlin Gang","floor":13,"turns":4},{"damage":0,"enemies":"3 Louse","floor":14,"turns":2},{"damage":42,"enemies":"Slime Boss","floor":16,"turns":11},{"damage":17,"enemies":"Shell Parasite","floor":18,"turns":7},{"damage":5,"enemies":"3 Byrds","floor":22,"turns":3},{"damage":4,"enemies":"Replay:Snechameleon","floor":23,"turns":3},{"damage":9,"enemies":"Centurion and Healer","floor":25,"turns":6},{"damage":0,"enemies":"Snake Plant","floor":27,"turns":2},{"damage":14,"enemies":"Nightmare","floor":28,"turns":8},{"damage":0,"enemies":"3 Cultists","floor":29,"turns":7},{"damage":19,"enemies":"Book of Stabbing","floor":31,"turns":5},{"damage":0,"enemies":"Colosseum Slavers","floor":32,"turns":3},{"damage":5,"enemies":"Colosseum Nobs","floor":32,"turns":4},{"damage":19,"enemies":"Champ","floor":33,"turns":4}],"seed_played":"1305673723425428778","potions_obtained":[{"floor":8,"key":"Block Potion"},{"floor":10,"key":"blueLaboratory:StoneskinPotion"},{"floor":13,"key":"blueLaboratory:PhilterOfMotion"},{"floor":16,"key":"blueLaboratory:BottledHope"},{"floor":22,"key":"blueLaboratory:FruitPreserves"},{"floor":28,"key":"GamblersBrew"}],"is_trial":true,"path_per_floor":["M","?","?","M","M","R","M","E","T","M","R","T","M","M","R","B",null,"M","AVR","?","?","M","E","?","M","T","M","NM","M","?","E","R","B"],"character_chosen":"DEFECT","items_purchased":[],"campfire_rested":1,"item_purchase_floors":[],"current_hp_per_floor":[70,70,70,70,70,70,63,48,48,47,47,47,47,47,69,27,75,58,58,58,58,53,49,52,43,43,43,29,29,29,10,34,15,15],"gold":1413,"neow_bonus":"","is_daily":false,"chose_seed":false,"campfire_upgraded":2,"win_rate":0.0,"timestamp":1609522301,"path_taken":["M","?","?","M","M","R","?","E","T","M","R","?","?","?","R","BOSS","M","AVR","?","?","?","E","?","?","T","M","NM","?","?","E","R","BOSS"],"items_purchased_type":[],"build_version":"2020-12-22","purchased_purges":0,"victory":false,"max_hp_per_floor":[75,75,75,75,75,75,75,75,75,75,75,75,75,75,75,75,75,75,75,75,75,75,75,78,78,78,78,78,78,78,78,78,78,78],"card_choices":[{"not_picked":["ReplayTheSpireMod:Reroute Power","Sweeping Beam","Gash"],"picked":"SKIP","floor":8},{"not_picked":["StuffTheSpire:EventHorizon","ReplayRNGCard"],"picked":"ReplayTheSpireMod:Fabricate Wheel","floor":16},{"not_picked":["StuffTheSpire:GlassShard","BasicCrystalCard","Skim+1"],"picked":"SKIP","floor":23},{"not_picked":["Coolheaded+1","Streamline","Gash"],"picked":"SKIP","floor":28},{"not_picked":["Rip and Tear","Hyperbeam","Steam"],"picked":"SKIP","floor":31}],"player_experience":193423,"relics_obtained":[{"floor":1,"key":"Iron Hammer"},{"floor":4,"key":"hubris:CrystalStatue"},{"floor":5,"key":"Lantern"},{"floor":7,"key":"trackpad:ByrdBGone"},{"floor":8,"key":"zeldaRelics:CouragePiece"},{"floor":9,"key":"zeldaRelics:CouragePiece"},{"floor":10,"key":"MawBank"},{"floor":12,"key":"zeldaRelics:CouragePiece"},{"floor":14,"key":"StuffTheSpire:ForceGauntlet"},{"floor":18,"key":"hubris:RGBLights"},{"floor":22,"key":"aspiration:SeaSaltIceCream"},{"floor":23,"key":"zeldaRelics:WisdomPiece"},{"floor":25,"key":"Omamori"},{"floor":26,"key":"zeldaRelics:WisdomPiece"},{"floor":27,"key":"CCEMRelics:Barrel"},{"floor":28,"key":"zeldaRelics:WisdomPiece"},{"floor":31,"key":"zeldaRelics:PowerPiece"}],"event_choices":[{"cards_removed":["Strike_B"],"damage_healed":0,"gold_gain":0,"player_choice":"Card Removal","damage_taken":0,"max_hp_gain":0,"max_hp_loss":0,"event_name":"Wheel of Change","floor":20,"gold_loss":0},{"damage_healed":0,"gold_gain":0,"player_choice":"Ignored","damage_taken":0,"max_hp_gain":0,"max_hp_loss":0,"event_name":"betterNote:BetterNote","floor":21,"gold_loss":0,"cards_obtained":["RobotSpaceExplorer:Counterblock"]},{"damage_healed":0,"gold_gain":0,"player_choice":"Got Potions","damage_taken":0,"max_hp_gain":0,"max_hp_loss":0,"event_name":"Lab","floor":30,"gold_loss":0},{"damage_healed":0,"gold_gain":0,"player_choice":"Fight","damage_taken":0,"max_hp_gain":0,"max_hp_loss":0,"event_name":"Colosseum","floor":32,"gold_loss":0},{"damage_healed":0,"gold_gain":0,"player_choice":"Fought Nobs","damage_taken":0,"max_hp_gain":0,"max_hp_loss":0,"event_name":"Colosseum","floor":32,"gold_loss":0}],"is_beta":false,"boss_relics":[{"not_picked":["Velvet Choker","StuffTheSpire:ModemDavis","aspiration:FutureDiary"]}],"items_purged_floors":[],"is_endless":true,"potions_floor_spawned":[8,10,13,16,22,23,27,28,32],"killed_by":"Champ","ascension_level":0}}