{"host":"okln270zkafj6dck","time":1609497173,"event":{"mods":["BaseMod","Minty Spire (QoL Compilation)","Permanent Neow","Quick Restart","Relic Stats","StSLib","SuperFastMode"],"gold_per_floor":[157,69,119,119,119,144,144,156,156,167,167,251,318,356,356,429,429,449,460,460,499,516,516,535,535,559,569,569,595,520,531,531,610,610,620,620,302,319,383,383,383],"floor_reached":40,"playtime":1575,"items_purged":["Pain","Strike_G"],"score":994,"play_id":"79268d3b-798d-4156-be8a-7f720049178d","local_time":"20210101023253","is_ascension_mode":true,"campfire_choices":[{"floor":7.0,"key":"REST"},{"data":"HandOfGreed","floor":11.0,"key":"SMITH"},{"data":"Catalyst","floor":15.0,"key":"SMITH"},{"floor":23.0,"key":"REST"},{"floor":25.0,"key":"REST"},{"floor":28.0,"key":"REST"},{"data":"Noxious Fumes","floor":32.0,"key":"SMITH"}],"circlet_count":0,"master_deck":["AscendersBane","Strike_G","Strike_G","Defend_G","Defend_G","Defend_G","Defend_G","Defend_G","Survivor","Neutralize","HandOfGreed+1","Deadly Poison","Noxious Fumes+1","Crippling Poison","Catalyst+1","Well Laid Plans","PiercingWail","Night Terror","Bouncing Flask","Leg Sweep","Tools of the Trade","Bouncing Flask","Concentrate+1","Footwork","PiercingWail","Predator","Adrenaline","Deadly Poison+1","Thinking Ahead","Acrobatics","Backflip"],"relics":["Ring of the Snake","Mummified Hand","WarpedTongs","Happy Flower","Pear","Bottled Tornado","Snecko Eye","Boot","Meat on the Bone","Philosopher\u0027s Stone","OrangePellets"],"acts_visited":["Exordium","TheCity","TheBeyond"],"potions_floor_usage":[35,40,40],"damage_taken":[{"damage":0.0,"enemies":"2 Louse","floor":1.0,"turns":4.0},{"damage":15.0,"enemies":"Small Slimes","floor":3.0,"turns":7.0},{"damage":17.0,"enemies":"Gremlin Nob","floor":6.0,"turns":4.0},{"damage":0.0,"enemies":"Cultist","floor":8.0,"turns":3.0},{"damage":4.0,"enemies":"Large Slime","floor":10.0,"turns":6.0},{"damage":17.0,"enemies":"3 Sentries","floor":12.0,"turns":7.0},{"damage":8.0,"enemies":"3 Louse","floor":13.0,"turns":6.0},{"damage":2.0,"enemies":"Exordium Wildlife","floor":14.0,"turns":4.0},{"damage":1.0,"enemies":"Hexaghost","floor":16.0,"turns":7.0},{"damage":32.0,"enemies":"Shell Parasite","floor":18.0,"turns":4.0},{"damage":4.0,"enemies":"Chosen","floor":19.0,"turns":2.0},{"damage":12.0,"enemies":"Snake Plant","floor":21.0,"turns":4.0},{"damage":4.0,"enemies":"Chosen and Byrds","floor":22.0,"turns":3.0},{"damage":1.0,"enemies":"Cultist and Chosen","floor":24.0,"turns":4.0},{"damage":33.0,"enemies":"Shelled Parasite and Fungi","floor":27.0,"turns":6.0},{"damage":8.0,"enemies":"Gremlin Leader","floor":29.0,"turns":6.0},{"damage":3.0,"enemies":"Centurion and Healer","floor":31.0,"turns":5.0},{"damage":9.0,"enemies":"Automaton","floor":33.0,"turns":8.0},{"damage":26,"enemies":"3 Shapes","floor":35,"turns":4},{"damage":5,"enemies":"3 Darklings","floor":38,"turns":3},{"damage":2,"enemies":"4 Shapes","floor":39,"turns":6},{"damage":37,"enemies":"Reptomancer","floor":40,"turns":3}],"seed_played":"7053533958175785813","potions_obtained":[{"floor":1.0,"key":"Weak Potion"},{"floor":3.0,"key":"SteroidPotion"},{"floor":10.0,"key":"LiquidMemories"},{"floor":14.0,"key":"CunningPotion"},{"floor":18.0,"key":"Energy Potion"},{"floor":19.0,"key":"ColorlessPotion"},{"floor":24.0,"key":"Energy Potion"},{"floor":27.0,"key":"PowerPotion"},{"floor":39,"key":"SpeedPotion"}],"is_trial":false,"path_per_floor":["M","$","M","?","?","E","R","M","T","M","R","E","M","M","R","B",null,"M","M","?","M","M","R","M","R","T","M","R","E","$","M","R","B",null,"M","?","$","M","M","E"],"character_chosen":"THE_SILENT","items_purchased":["Noxious Fumes","OrangePellets","Acrobatics"],"campfire_rested":4,"item_purchase_floors":[2,37,37],"current_hp_per_floor":[59,59,44,39,39,22,40,40,50,46,46,29,21,19,19,18,57,25,21,21,9,5,26,25,46,46,13,34,26,26,35,35,38,62,36,31,31,38,36,0,0],"gold":383,"neow_bonus":"RANDOM_COLORLESS_2","is_daily":false,"chose_seed":false,"campfire_upgraded":3,"win_rate":0.0,"timestamp":1609497173,"path_taken":["M","$","M","?","?","E","R","M","T","M","R","E","M","M","R","BOSS","M","M","?","M","M","R","M","R","T","M","R","E","$","M","R","BOSS","M","?","$","M","M","E"],"items_purchased_type":["Card","Relic","Card"],"build_version":"2020-12-22","purchased_purges":2,"victory":false,"max_hp_per_floor":[60,60,60,60,60,60,60,60,70,70,70,70,70,70,70,70,70,70,70,70,70,70,70,70,70,70,70,70,70,70,70,70,70,70,70,70,70,70,70,70,70],"relic_stats":{"OrangePellets":[3],"Happy Flower":[30],"counters":[22,106],"Mummified Hand":[81],"Snecko Eye":[80,98,89,90],"Boot":[6],"obtain_stats":[{"OrangePellets":37,"Pear":9,"Happy Flower":6,"Mummified Hand":4,"Snecko Eye":17,"Philosopher\u0027s Stone":34,"Bottled Tornado":12,"Boot":26,"Ring of the Snake":0,"WarpedTongs":5,"Meat on the Bone":29},{"OrangePellets":19,"Pear":4,"Happy Flower":3,"Mummified Hand":2,"Snecko Eye":9,"Philosopher\u0027s Stone":18,"Bottled Tornado":6,"Boot":14,"Ring of the Snake":0,"WarpedTongs":2,"Meat on the Bone":16},{"OrangePellets":94,"Pear":18,"Happy Flower":15,"Mummified Hand":11,"Snecko Eye":48,"Philosopher\u0027s Stone":90,"Bottled Tornado":31,"Boot":65,"Ring of the Snake":0,"WarpedTongs":11,"Meat on the Bone":77}],"Ring of the Snake":[44],"WarpedTongs":[95],"Meat on the Bone":36},"card_choices":[{"not_picked":["Secret Weapon","Panache"],"picked":"HandOfGreed","floor":0.0},{"not_picked":["Riddle With Holes","Acrobatics"],"picked":"Deadly Poison","floor":1.0},{"not_picked":["Prepared","Dagger Spray"],"picked":"Crippling Poison","floor":3.0},{"not_picked":["Slice","Tactician"],"picked":"Catalyst","floor":6.0},{"not_picked":["Cloak And Dagger","Accuracy","Choke"],"picked":"SKIP","floor":8.0},{"not_picked":["Quick Slash","Deflect"],"picked":"Well Laid Plans","floor":10.0},{"not_picked":["A Thousand Cuts","Flechettes"],"picked":"PiercingWail","floor":12.0},{"not_picked":["Prepared","Predator","Backflip"],"picked":"SKIP","floor":13.0},{"not_picked":["Dodge and Roll","Predator","Cloak And Dagger"],"picked":"SKIP","floor":14.0},{"not_picked":["Grand Finale","Adrenaline"],"picked":"Night Terror","floor":16.0},{"not_picked":["Outmaneuver","Deadly Poison"],"picked":"Bouncing Flask","floor":18.0},{"not_picked":["Outmaneuver","Backflip+1"],"picked":"Leg Sweep","floor":19.0},{"not_picked":["Caltrops","Slice"],"picked":"Concentrate+1","floor":21.0},{"not_picked":["Underhanded Strike","Reflex","Dagger Spray"],"picked":"SKIP","floor":22.0},{"not_picked":["Leg Sweep+1","Endless Agony"],"picked":"Footwork","floor":24.0},{"not_picked":["Finisher","Heel Hook+1","Quick Slash"],"picked":"SKIP","floor":27.0},{"not_picked":["Tools of the Trade","Bane"],"picked":"PiercingWail","floor":29.0},{"not_picked":["Prepared+1","Poisoned Stab"],"picked":"Predator","floor":31.0},{"not_picked":["Night Terror","Storm of Steel"],"picked":"Adrenaline","floor":33.0},{"not_picked":["Choke","Prepared+1"],"picked":"Deadly Poison+1","floor":35},{"not_picked":["Purity","Swift Strike"],"picked":"Thinking Ahead","floor":36},{"not_picked":["Dodge and Roll","Dagger Throw"],"picked":"Backflip","floor":38},{"not_picked":["All Out Attack","Poisoned Stab","Quick Slash"],"picked":"SKIP","floor":39}],"player_experience":70630,"relics_obtained":[{"floor":6.0,"key":"Happy Flower"},{"floor":9.0,"key":"Pear"},{"floor":12.0,"key":"Bottled Tornado"},{"floor":26.0,"key":"Boot"},{"floor":29.0,"key":"Meat on the Bone"}],"event_choices":[{"damage_healed":0.0,"max_hp_gain":0.0,"max_hp_loss":0.0,"gold_gain":0.0,"event_name":"Scrap Ooze","player_choice":"Success","floor":4.0,"gold_loss":0.0,"damage_taken":5.0,"relics_obtained":["Mummified Hand"]},{"damage_healed":0.0,"max_hp_gain":0.0,"max_hp_loss":0.0,"gold_gain":0.0,"event_name":"Accursed Blacksmith","player_choice":"Rummage","floor":5.0,"gold_loss":0.0,"damage_taken":0.0,"relics_obtained":["WarpedTongs"],"cards_obtained":["Pain"]},{"damage_healed":0.0,"max_hp_gain":0.0,"max_hp_loss":0.0,"gold_gain":0.0,"cards_transformed":["Strike_G","Strike_G"],"event_name":"Drug Dealer","player_choice":"Became Test Subject","floor":20.0,"gold_loss":0.0,"damage_taken":0.0,"cards_obtained":["Tools of the Trade","Bouncing Flask"]},{"damage_healed":0,"gold_gain":0,"player_choice":"Memory 2","damage_taken":5,"max_hp_gain":0,"max_hp_loss":0,"event_name":"SensoryStone","floor":36,"gold_loss":0}],"is_beta":false,"boss_relics":[{"not_picked":["SacredBark","Cursed Key"],"picked":"Snecko Eye"},{"not_picked":["WristBlade","SlaversCollar"],"picked":"Philosopher\u0027s Stone"}],"items_purged_floors":[30,37],"is_endless":false,"potions_floor_spawned":[1,3,10,14,18,19,24,27,31,39],"killed_by":"Reptomancer","ascension_level":20}}