{"host":"j204k34h42bd6fas","time":1609476010,"event":{"mods":["Aspiration","BaseMod","Colored Map","Colored Powertips","Conspire","Energized Spire","Hubris","Infinite Spire","JesterMod","Mimic Mod","Minty Spire (QoL Compilation)","Rare Cards Sparkle","Relic Stats","Replay The Spire","Say the Spire","StSLib","The Cursed","The Marked"],"gold_per_floor":[109,7,25,38,38,65,65,82,114,114,126,144,83,109,109,109,109],"floor_reached":16,"playtime":459,"items_purged":[],"score":146,"play_id":"4544be92-3f6f-49c4-9fa0-30a9e5023c43","local_time":"20201231234010","is_ascension_mode":true,"campfire_choices":[{"data":"Whirlwind","floor":15,"key":"SMITH"}],"circlet_count":0,"master_deck":["Strike_R","Strike_R","Strike_R","Strike_R","Strike_R","Defend_R","Defend_R","Defend_R","Defend_R","Bash","Perfected Strike","Combust+1","Perfected Strike","Warcry","Shockwave","Whirlwind+1","Sword Boomerang","Decay","Inflame","Feel No Pain","Inflame","Inflame","Spot Weakness"],"relics":["Burning Blood","NeowsBlessing","Pen Nib","Orrery","aspiration:HatOfInfinitePower","PreservedInsect","conspire:DeflatedDodgeball"],"acts_visited":["Exordium"],"potions_floor_usage":[14,16],"damage_taken":[{"damage":3,"enemies":"conspire:RoseBush","floor":1,"turns":1},{"damage":0,"enemies":"Cultist","floor":3,"turns":1},{"damage":0,"enemies":"Jaw Worm","floor":4,"turns":1},{"damage":33,"enemies":"3 Sentries","floor":6,"turns":4},{"damage":0,"enemies":"Gremlin Gang","floor":8,"turns":1},{"damage":7,"enemies":"Red Slaver","floor":9,"turns":4},{"damage":14,"enemies":"Red Slaver","floor":11,"turns":2},{"damage":1,"enemies":"Looter","floor":12,"turns":2},{"damage":2,"enemies":"Lagavulin","floor":14,"turns":2},{"damage":58,"enemies":"Slime Boss","floor":16,"turns":7}],"seed_played":"-7556513535286637334","potions_obtained":[{"floor":1,"key":"Regen Potion"},{"floor":3,"key":"Explosive Potion"}],"is_trial":false,"path_per_floor":["M","$","M","M","$","E","?","M","MIM","?","M","M","$","E","R","B"],"character_chosen":"IRONCLAD","items_purchased":["Combust","Perfected Strike","Pen Nib","Orrery","Inflame"],"campfire_rested":0,"item_purchase_floors":[2,2,5,5,13],"current_hp_per_floor":[75,75,80,80,60,33,33,39,38,38,30,35,35,39,39,0,0],"gold":109,"neow_bonus":"THREE_ENEMY_KILL","is_daily":false,"chose_seed":false,"campfire_upgraded":1,"win_rate":0.0,"timestamp":1609476010,"path_taken":["M","$","M","?","?","E","?","?","MIM","?","?","M","$","E","R","BOSS"],"items_purchased_type":["Card","Card","Relic","Relic","Card"],"build_version":"2020-12-22","purchased_purges":0,"victory":false,"max_hp_per_floor":[80,80,80,80,80,80,80,80,80,80,80,80,80,80,80,80,80],"relic_stats":{"counters":[10,25],"Pen Nib":[3],"PreservedInsect":28,"obtain_stats":[{"NeowsBlessing":0,"Orrery":5,"Pen Nib":5,"PreservedInsect":9,"conspire:DeflatedDodgeball":14,"aspiration:HatOfInfinitePower":6,"Burning Blood":0},{"NeowsBlessing":0,"Orrery":3,"Pen Nib":3,"PreservedInsect":6,"conspire:DeflatedDodgeball":9,"aspiration:HatOfInfinitePower":4,"Burning Blood":0},{"NeowsBlessing":0,"Orrery":3,"Pen Nib":3,"PreservedInsect":12,"conspire:DeflatedDodgeball":18,"aspiration:HatOfInfinitePower":7,"Burning Blood":0}],"Burning Blood":47},"card_choices":[{"not_picked":["Metallicize","Shrug It Off"],"picked":"Perfected Strike","floor":1},{"not_picked":["Heavy Blade","True Grit"],"picked":"Warcry","floor":3},{"not_picked":["Abandon","True Grit"],"picked":"Shockwave","floor":4},{"not_picked":["Cleave","Fire Breathing"],"picked":"Whirlwind","floor":5},{"not_picked":["Berserk","Armaments"],"picked":"Sword Boomerang","floor":5},{"not_picked":["Heavy Blade","Sword Boomerang","ReplayTheSpireMod:Strike From Hell"],"picked":"SKIP","floor":6},{"not_picked":["Havoc","Heavy Blade","Sword Boomerang"],"picked":"SKIP","floor":8},{"not_picked":["Pummel","Sentinel"],"picked":"Inflame","floor":9},{"not_picked":["True Grit","Metallicize"],"picked":"Feel No Pain","floor":11},{"not_picked":["Havoc","Anger","Headbutt"],"picked":"SKIP","floor":12},{"not_picked":["Infernal Blade","Shockwave"],"picked":"Spot Weakness","floor":14}],"player_experience":315401,"relics_obtained":[{"floor":6,"key":"aspiration:HatOfInfinitePower"},{"floor":9,"key":"PreservedInsect"},{"floor":14,"key":"conspire:DeflatedDodgeball"}],"event_choices":[{"damage_healed":0,"gold_gain":0,"player_choice":"Cursed","damage_taken":0,"max_hp_gain":0,"max_hp_loss":0,"event_name":"Wheel of Change","floor":7,"gold_loss":0,"cards_obtained":["Decay"]},{"damage_healed":0,"gold_gain":0,"player_choice":"Upgraded","damage_taken":0,"max_hp_gain":0,"max_hp_loss":0,"event_name":"Upgrade Shrine","floor":10,"gold_loss":0,"cards_upgraded":["Combust"]}],"is_beta":false,"boss_relics":[],"items_purged_floors":[],"is_endless":false,"potions_floor_spawned":[1,3],"killed_by":"Slime Boss","ascension_level":6}}