{"host":"wg33yb1rgt3nbe17","time":1609459341,"event":{"mods":["AchievementEnabler","BaseMod","Colored Map","Downfall","Minty Spire (QoL Compilation)","Permanent Neow","Relic Stats","StSLib"],"gold_per_floor":[117,132,28,3,78,105,116,143,189,189,189,215,229,246,246,323,323,336,336,57,57,72,100,100,111,135,154,154,25,53,72,72,72,72],"floor_reached":33,"playtime":1297,"items_purged":["Pain"],"score":700,"play_id":"f90eb71d-6bfa-46f2-a715-78bdfd72e973","local_time":"20201231190221","is_ascension_mode":true,"campfire_choices":[{"data":"Uppercut","floor":10,"key":"SMITH"},{"data":"Sword Boomerang","floor":15,"key":"SMITH"},{"floor":24,"key":"REST"},{"floor":32,"key":"REST"}],"circlet_count":0,"master_deck":["AscendersBane","Defend_R","Defend_R","Defend_R","Defend_R","Bash","Pummel","Uppercut+1","Headbutt","Whirlwind","Pummel","Feed","Sword Boomerang+1","Anger","Intimidate","Double Tap","Spot Weakness","Bite","Bite","Bite","Bite","Bite","Metallicize","Metamorphosis","Armaments+1","Metallicize","Injury","Ghostly Armor","Doubt","Iron Wave"],"relics":["Burning Blood","NeowsBlessing","Shuriken","Red Skull","Tiny Chest","Oddly Smooth Stone","Sundial","Cursed Key","WarpedTongs","Vajra","Toy Ornithopter","Bottled Tornado","MealTicket"],"acts_visited":["Exordium","TheCity"],"potions_floor_usage":[16,25,30,33],"damage_taken":[{"damage":0,"enemies":"Small Slimes","floor":1,"turns":1},{"damage":0,"enemies":"Cultist","floor":2,"turns":1},{"damage":0,"enemies":"Lagavulin","floor":6,"turns":1},{"damage":0,"enemies":"2 Louse","floor":7,"turns":1},{"damage":26,"enemies":"Gremlin Nob","floor":8,"turns":4},{"damage":30,"enemies":"Lagavulin","floor":12,"turns":5},{"damage":28,"enemies":"Exordium Thugs","floor":13,"turns":3},{"damage":10,"enemies":"Red Slaver","floor":14,"turns":2},{"damage":24,"enemies":"Hexaghost","floor":16,"turns":5},{"damage":29,"enemies":"Spheric Guardian","floor":18,"turns":4},{"damage":23,"enemies":"2 Thieves","floor":22,"turns":4},{"damage":39,"enemies":"Slavers","floor":23,"turns":3},{"damage":45,"enemies":"Snake Plant","floor":25,"turns":3},{"damage":18,"enemies":"Centurion and Healer","floor":27,"turns":4},{"damage":0,"enemies":"Gremlin Leader","floor":30,"turns":3},{"damage":13,"enemies":"Snecko","floor":31,"turns":4},{"damage":91,"enemies":"Automaton","floor":33,"turns":6}],"seed_played":"9075549563749660762","potions_obtained":[{"floor":7,"key":"Swift Potion"},{"floor":8,"key":"champ:CounterPotion"},{"floor":12,"key":"CultistPotion"},{"floor":13,"key":"Regen Potion"},{"floor":18,"key":"sneckomod:MuddlingPotion"},{"floor":23,"key":"Fruit Juice"}],"is_trial":false,"path_per_floor":["M","M","?","$","?","E","M","E","T","R","?","E","M","M","R","B",null,"M","?","$","?","M","E","R","M","T","M","T","$","E","M","R","B"],"character_chosen":"IRONCLAD","items_purchased":["Headbutt","Metallicize","Metamorphosis","ColorlessPotion"],"campfire_rested":2,"item_purchase_floors":[4,20,20,29],"current_hp_per_floor":[74,75,75,75,64,70,75,55,55,55,60,39,20,16,16,12,68,45,45,45,45,38,16,34,15,15,19,19,19,38,40,60,0,0],"gold":72,"neow_bonus":"THREE_ENEMY_KILL","is_daily":false,"chose_seed":false,"campfire_upgraded":2,"win_rate":0.0,"timestamp":1609459341,"path_taken":["M","M","?","?","?","E","M","E","T","R","?","E","M","M","R","BOSS","M","?","$","?","M","E","R","M","T","M","?","$","E","M","R","BOSS"],"items_purchased_type":["Card","Card","Card","Potion"],"build_version":"2020-12-22","purchased_purges":1,"victory":false,"max_hp_per_floor":[75,75,75,75,75,75,75,75,75,75,80,83,86,86,86,86,86,86,60,60,60,60,60,60,65,65,68,68,68,68,68,68,68,68],"relic_stats":{"counters":[17,54],"Shuriken":[25],"Sundial":[0],"Tiny Chest":1,"MealTicket":0,"Cursed Key":2,"obtain_stats":[{"NeowsBlessing":0,"Oddly Smooth Stone":9,"Vajra":23,"Bottled Tornado":28,"Cursed Key":17,"Burning Blood":0,"WarpedTongs":21,"Shuriken":3,"Sundial":12,"Tiny Chest":8,"MealTicket":30,"Red Skull":6,"Toy Ornithopter":26},{"NeowsBlessing":0,"Oddly Smooth Stone":5,"Vajra":12,"Bottled Tornado":14,"Cursed Key":9,"Burning Blood":0,"WarpedTongs":10,"Shuriken":2,"Sundial":6,"Tiny Chest":5,"MealTicket":15,"Red Skull":3,"Toy Ornithopter":13},{"NeowsBlessing":0,"Oddly Smooth Stone":8,"Vajra":34,"Bottled Tornado":41,"Cursed Key":23,"Burning Blood":0,"WarpedTongs":27,"Shuriken":2,"Sundial":13,"Tiny Chest":8,"MealTicket":44,"Red Skull":3,"Toy Ornithopter":37}],"Burning Blood":90,"Toy Ornithopter":10,"WarpedTongs":[27]},"card_choices":[{"not_picked":["Thunderclap","Rampage"],"picked":"Pummel","floor":1},{"not_picked":["Rampage","Warcry"],"picked":"Uppercut","floor":2},{"not_picked":["Entrench","Clothesline"],"picked":"Whirlwind","floor":6},{"not_picked":["Shrug It Off","Armaments"],"picked":"Pummel","floor":7},{"not_picked":["Headbutt","Anger"],"picked":"Feed","floor":8},{"not_picked":["Shrug It Off","Iron Wave"],"picked":"Sword Boomerang","floor":12},{"not_picked":["True Grit","Brutality"],"picked":"Anger","floor":13},{"not_picked":["Pommel Strike","Perfected Strike"],"picked":"Intimidate","floor":14},{"not_picked":["Barricade","Exhume"],"picked":"Double Tap","floor":16},{"not_picked":["Rupture+1","Warcry"],"picked":"Spot Weakness","floor":18},{"not_picked":["Searing Blow","Dropkick","Sever Soul"],"picked":"SKIP","floor":22},{"not_picked":["Warcry","Dark Embrace"],"picked":"Armaments+1","floor":23},{"not_picked":["Carnage","Second Wind+1"],"picked":"Metallicize","floor":25},{"not_picked":["Headbutt","Uppercut"],"picked":"Ghostly Armor","floor":27},{"not_picked":["Anger+1","Rupture"],"picked":"Iron Wave","floor":30},{"not_picked":["Perfected Strike","Headbutt","Twin Strike"],"picked":"SKIP","floor":31}],"player_experience":623030,"relics_obtained":[{"floor":6,"key":"Red Skull"},{"floor":8,"key":"Tiny Chest"},{"floor":9,"key":"Oddly Smooth Stone"},{"floor":12,"key":"Sundial"},{"floor":23,"key":"Vajra"},{"floor":26,"key":"Toy Ornithopter"},{"floor":28,"key":"Bottled Tornado"},{"floor":30,"key":"MealTicket"}],"event_choices":[{"damage_healed":0,"gold_gain":0,"player_choice":"Paid Gold","damage_taken":0,"relics_obtained":["Shuriken"],"max_hp_gain":0,"max_hp_loss":0,"event_name":"WeMeetAgain","floor":3,"gold_loss":104},{"damage_healed":0,"gold_gain":75,"player_choice":"Gather Gold","damage_taken":11,"max_hp_gain":0,"max_hp_loss":0,"event_name":"World of Goop","floor":5,"gold_loss":0},{"damage_healed":0,"gold_gain":0,"player_choice":"Donut","damage_taken":0,"max_hp_gain":5,"max_hp_loss":0,"event_name":"Big Fish","floor":11,"gold_loss":0},{"damage_healed":0,"gold_gain":0,"player_choice":"Became a vampire","damage_taken":0,"max_hp_gain":0,"max_hp_loss":26,"event_name":"Vampires","floor":19,"gold_loss":0,"cards_obtained":["Bite","Bite","Bite","Bite","Bite"]},{"damage_healed":0,"gold_gain":0,"player_choice":"Rummage","damage_taken":0,"relics_obtained":["WarpedTongs"],"max_hp_gain":0,"max_hp_loss":0,"event_name":"Accursed Blacksmith","floor":21,"gold_loss":0,"cards_obtained":["Pain"]}],"is_beta":false,"boss_relics":[{"not_picked":["Sozu","SlaversCollar"],"picked":"Cursed Key"}],"items_purged_floors":[29],"is_endless":false,"potions_floor_spawned":[7,8,12,13,18,23],"killed_by":"Automaton","ascension_level":18}}