{"host":"9ndbo4kgsfoemf7y","time":1609493036,"event":{"mods":["AchievementEnabler","BaseMod","Colored Map","DeckTracker","Keyboard Shortcuts","Minty Spire (QoL Compilation)","Permanent Neow","Quick Restart","Relic Stats","StSLib","SuperFastMode"],"gold_per_floor":[367,367,367,384,5,32,32,32,86,86,96,171,189,209,209,304,304,318,337,262,162,162,162,162],"floor_reached":23,"playtime":516,"items_purged":["Strike_B","Defend_B"],"score":227,"play_id":"c44171ae-d743-4864-8bc5-57c219934ced","local_time":"20210101182356","is_ascension_mode":true,"campfire_choices":[{"data":"Dualcast","floor":7.0,"key":"SMITH"},{"data":"Melter","floor":10.0,"key":"SMITH"},{"data":"Doom and Gloom","floor":15,"key":"SMITH"}],"circlet_count":0,"master_deck":["Defend_B","Defend_B","Defend_B","Zap","Dualcast+1","Doom and Gloom+1","Melter+1","Cold Snap","Stack","Sweeping Beam","Buffer","Cold Snap"],"relics":["Cracked Core","FaceOfCleric","Calipers","Bag of Preparation","Pen Nib","Empty Cage"],"acts_visited":["Exordium","TheCity"],"potions_floor_usage":[23,23],"damage_taken":[{"damage":2.0,"enemies":"Jaw Worm","floor":1.0,"turns":4.0},{"damage":10.0,"enemies":"2 Louse","floor":4.0,"turns":3.0},{"damage":8.0,"enemies":"Gremlin Nob","floor":6.0,"turns":3.0},{"damage":0.0,"enemies":"Cultist","floor":11.0,"turns":2.0},{"damage":7.0,"enemies":"Blue Slaver","floor":13.0,"turns":3.0},{"damage":1,"enemies":"Looter","floor":14,"turns":2},{"damage":11,"enemies":"Slime Boss","floor":16,"turns":7},{"damage":33,"enemies":"2 Thieves","floor":18,"turns":4},{"damage":12,"enemies":"Shell Parasite","floor":19,"turns":3},{"damage":47,"enemies":"Book of Stabbing","floor":23,"turns":4}],"seed_played":"7426734222926083244","potions_obtained":[{"floor":4.0,"key":"EntropicBrew"},{"floor":13.0,"key":"ColorlessPotion"},{"floor":18,"key":"PotionOfCapacity"}],"is_trial":false,"path_per_floor":["M","?","?","M","$","E","R","?","T","R","M","?","M","M","R","B",null,"M","M","?","$","?","E"],"character_chosen":"DEFECT","items_purchased":["Calipers"],"campfire_rested":0,"item_purchase_floors":[5],"current_hp_per_floor":[73,78,78,69,69,62,62,55,55,55,56,45,39,39,39,29,86,54,43,43,43,43,0,0],"gold":162,"neow_bonus":"TWO_FIFTY_GOLD","is_daily":false,"chose_seed":false,"campfire_upgraded":3,"win_rate":0.0,"timestamp":1609493036,"path_taken":["M","?","?","?","$","E","R","?","T","R","M","?","M","M","R","BOSS","M","M","?","$","?","E"],"items_purchased_type":["Relic"],"build_version":"2020-12-22","purchased_purges":2,"victory":false,"max_hp_per_floor":[75,80,80,81,81,82,82,82,82,82,83,83,84,85,85,86,86,87,88,88,88,88,88,88],"relic_stats":{"FaceOfCleric":8,"counters":[10,35],"Pen Nib":[3],"Bag of Preparation":[14],"obtain_stats":[{"Calipers":5,"FaceOfCleric":3,"Pen Nib":9,"Bag of Preparation":6,"Cracked Core":0,"Empty Cage":17},{"Calipers":2,"FaceOfCleric":1,"Pen Nib":3,"Bag of Preparation":3,"Cracked Core":0,"Empty Cage":7},{"Calipers":7,"FaceOfCleric":4,"Pen Nib":10,"Bag of Preparation":10,"Cracked Core":0,"Empty Cage":24}]},"card_choices":[{"not_picked":["Tempest","Leap","Hello World"],"picked":"SKIP","floor":1.0},{"not_picked":["Rebound","Turbo"],"picked":"Doom and Gloom","floor":4.0},{"not_picked":["Sunder","Leap"],"picked":"Melter","floor":6.0},{"not_picked":["Go for the Eyes","Stack"],"picked":"Cold Snap","floor":11.0},{"not_picked":["Gash","Go for the Eyes"],"picked":"Stack","floor":13.0},{"not_picked":["Turbo","Blizzard"],"picked":"Sweeping Beam","floor":14},{"not_picked":["Fission","Echo Form"],"picked":"Buffer","floor":16},{"not_picked":["Leap","Barrage"],"picked":"Cold Snap","floor":18},{"not_picked":["Force Field","Static Discharge","Barrage"],"picked":"SKIP","floor":19}],"player_experience":767176,"relics_obtained":[{"floor":6.0,"key":"Bag of Preparation"},{"floor":9.0,"key":"Pen Nib"}],"event_choices":[{"damage_healed":0.0,"max_hp_gain":5.0,"max_hp_loss":0.0,"gold_gain":0.0,"event_name":"Big Fish","player_choice":"Donut","floor":2.0,"gold_loss":0.0,"damage_taken":0.0},{"damage_healed":0.0,"max_hp_gain":0.0,"max_hp_loss":0.0,"gold_gain":0.0,"event_name":"FaceTrader","player_choice":"Trade","floor":3.0,"gold_loss":0.0,"damage_taken":0.0,"relics_obtained":["FaceOfCleric"]},{"cards_removed":["Strike_B"],"damage_healed":0.0,"max_hp_gain":0.0,"max_hp_loss":0.0,"gold_gain":0.0,"event_name":"Golden Wing","player_choice":"Card Removal","floor":8.0,"gold_loss":0.0,"damage_taken":7.0},{"damage_healed":0.0,"max_hp_gain":0.0,"max_hp_loss":0.0,"gold_gain":75.0,"event_name":"World of Goop","player_choice":"Gather Gold","floor":12.0,"gold_loss":0.0,"damage_taken":11.0},{"cards_removed":["Injury"],"damage_healed":0,"gold_gain":0,"player_choice":"Gave Gold","damage_taken":0,"max_hp_gain":0,"max_hp_loss":0,"event_name":"Beggar","floor":20,"gold_loss":75},{"damage_healed":0,"gold_gain":0,"player_choice":"Ignored","damage_taken":0,"max_hp_gain":0,"max_hp_loss":0,"event_name":"Vampires","floor":22,"gold_loss":0}],"is_beta":false,"boss_relics":[{"not_picked":["Calling Bell","Snecko Eye"],"picked":"Empty Cage"}],"items_purged_floors":[5,21],"is_endless":false,"potions_floor_spawned":[4,13,18],"killed_by":"Book of Stabbing","ascension_level":4}}