{"host":"bf9sa99gaumonoeu","time":1609459774,"event":{"mods":["AchievementEnabler","Act Like it!","BaseMod","Colored Map","Colored Powertips","Downfall","Friendly Minions","Gensokyo","Hermit","Jorbs\u0027s Wanderer Trilogy","Marisa????????","Minty Spire (QoL Compilation)","Remilia??????","Replay The Spire","Shop Mod","StSLib","The Animator","The Bug Knight","The Cursed","The Disciple","The Hierophant","The Senshi","The Servant 0.9.4"],"gold_per_floor":[270,47,47,76,105,105,121,169,169,189,205,205,237,248,248,348,348,369,38,67,89,110,110,142,142,142,142,309,85,85,85,85,85,85],"floor_reached":33,"playtime":2985,"items_purged":["animator:Defend","animator:Strike"],"score":295,"play_id":"1365afbd-d8e8-42c4-a49f-af6f4cb6a946","local_time":"20201231220934","is_ascension_mode":true,"campfire_choices":[{"data":"animator:Shichika","floor":6,"key":"SMITH"},{"data":"animator:Witch","floor":12,"key":"SMITH"},{"floor":15,"key":"REST"},{"data":"animator:Nanami","floor":23,"key":"SMITH"},{"floor":27,"key":"REST"},{"floor":30,"key":"REST"},{"data":"animator:LimeBell","floor":32,"key":"SMITH"}],"circlet_count":0,"master_deck":["animator:Strike_Kancolle","animator:Defend_Kancolle+1","animator:Strike+1","animator:Strike","animator:Defend","animator:Defend","animator:Shimakaze","animator:Priestess","animator:Witch+1","animator:RinTohsaka","animator:Benimaru","animator:Shichika+1","animator:Spearman","animator:Viivi","animator:Arpeggio","animator:Saber","animator:HighElfArcher","animator:Millim","animator:Saber","animator:AcuraAkari","animator:LimeBell+1","animator:Kaijin","animator:Alexander","animator:Caster","animator:Nanami+1","animator:Rimuru","animator:Lancer","animator:Kaijin+1","animator:UneriGinkaku+1","animator:ShinjiMatou","animator:Archer","animator:Archer"],"relics":["animator:LivingPicture","animator:TheMissingPiece","Gensokyo:Justice","Anchor","Replay:Bottled Snecko","Sozu","Strawberry","Matryoshka","PreservedInsect"],"acts_visited":["Exordium","Gensokyo:Gensokyo"],"potions_floor_usage":[13,13,16,16,21],"damage_taken":[{"damage":4,"enemies":"Gensokyo:Python","floor":1,"turns":4},{"damage":9,"enemies":"Gensokyo:Gryphon","floor":4,"turns":5},{"damage":0,"enemies":"Gensokyo:2_Kodama","floor":5,"turns":4},{"damage":0,"enemies":"Gensokyo:VengefulSpirit","floor":7,"turns":4},{"damage":8,"enemies":"Gensokyo:Cirno","floor":8,"turns":6},{"damage":0,"enemies":"Gensokyo:Kitsune","floor":10,"turns":3},{"damage":0,"enemies":"Gensokyo:3_Kodama","floor":11,"turns":3},{"damage":16,"enemies":"Gensokyo:Aya","floor":13,"turns":4},{"damage":0,"enemies":"Gensokyo:Python_and_Kodama","floor":14,"turns":3},{"damage":24,"enemies":"Gensokyo:Kokoro","floor":16,"turns":7},{"damage":4,"enemies":"Gensokyo:Chomper","floor":18,"turns":3},{"damage":10,"enemies":"Gensokyo:AngelMirror","floor":20,"turns":4},{"damage":12,"enemies":"Gensokyo:Monolith_and_Dog","floor":21,"turns":5},{"damage":21,"enemies":"Gensokyo:Slime_Group","floor":22,"turns":5},{"damage":18,"enemies":"Gensokyo:Mirror_and_Dog","floor":24,"turns":4},{"damage":52,"enemies":"Gensokyo:Eternal_Rivals","floor":33,"turns":6}],"seed_played":"474160964548077751","potions_obtained":[{"floor":1,"key":"Energy Potion"},{"floor":7,"key":"Ancient Potion"},{"floor":13,"key":"AttackPotion"},{"floor":14,"key":"SpeedPotion"}],"is_trial":false,"path_per_floor":["M","$","?","M","M","R","M","E","T","M","M","R","E","M","R","B",null,"M","$","M","M","M","R","M","?","T","R","?","$","R","?","R","B"],"character_chosen":"THE_ANIMATOR","items_purchased":["animator:Witch","animator:RinTohsaka","Strawberry","animator:LimeBell","animator:Kaijin","animator:Alexander","animator:ShinjiMatou","animator:Archer"],"campfire_rested":3,"item_purchase_floors":[2,2,19,19,19,19,29,29],"current_hp_per_floor":[62,62,62,53,53,53,53,45,45,45,45,45,29,30,50,26,67,64,71,61,49,28,28,10,26,26,48,30,30,52,52,52,0,0],"gold":85,"neow_bonus":"RANDOM_COLORLESS","is_daily":false,"chose_seed":false,"campfire_upgraded":4,"win_rate":0.0,"timestamp":1609459774,"path_taken":["M","$","?","M","M","R","M","E","T","M","M","R","E","M","R","BOSS","M","$","M","M","M","R","M","?","T","R","?","$","R","?","R","BOSS"],"items_purchased_type":["Card","Card","Relic","Card","Card","Card","Card","Card"],"build_version":"2020-12-22","purchased_purges":2,"victory":false,"max_hp_per_floor":[66,66,66,66,66,66,66,66,66,66,66,66,66,67,67,67,67,68,75,75,75,75,75,75,75,75,75,75,75,75,75,75,75,75],"card_choices":[{"not_picked":["animator:MamizouFutatsuiwa","animator:Shimakaze"],"picked":"animator:Zero","floor":0},{"not_picked":["animator:Shuna","animator:Guy"],"picked":"animator:Priestess","floor":1},{"not_picked":["animator:SilverFang","animator:SakuraMatou"],"picked":"animator:Benimaru","floor":4},{"not_picked":["animator:Kuribayashi","animator:Melzalgald"],"picked":"animator:Shichika","floor":5},{"not_picked":["animator:CowGirl","animator:LizardPriest"],"picked":"animator:Spearman","floor":7},{"not_picked":["animator:ChaikaBohdan","animator:Hitei"],"picked":"animator:Viivi","floor":8},{"not_picked":["animator:RinTohsaka","animator:Priestess"],"picked":"animator:Arpeggio","floor":10},{"not_picked":["animator:MumenRider","animator:Sonic"],"picked":"animator:Saber","floor":11},{"not_picked":["animator:GuildGirl","animator:Priestess"],"picked":"animator:HighElfArcher","floor":13},{"not_picked":["animator:Melzalgald","animator:Viivi"],"picked":"animator:Millim","floor":14},{"not_picked":["animator:Gilgamesh","animator:Saitama"],"picked":"animator:Saber","floor":16},{"not_picked":["animator:CowGirl","animator:Konayuki"],"picked":"animator:AcuraAkari","floor":18},{"not_picked":["animator:Emonzaemon","animator:CowGirl+1","animator:Konayuki"],"picked":"SKIP","floor":20},{"not_picked":["animator:Assassin","animator:Rider"],"picked":"animator:Caster","floor":21},{"not_picked":["animator:Alexander","animator:ZankiKiguchi"],"picked":"animator:Nanami","floor":22},{"not_picked":["animator:Rider","animator:Layla+1"],"picked":"animator:Rimuru","floor":24},{"not_picked":["animator:Tatsumaki","animator:Rider"],"picked":"animator:Lancer","floor":28},{"not_picked":["animator:ChaikaBohdan","animator:AcuraAkari"],"picked":"animator:Kaijin+1","floor":28},{"not_picked":["animator:AcuraAkari","animator:ZankiKiguchi"],"picked":"animator:UneriGinkaku+1","floor":28}],"player_experience":647644,"relics_obtained":[{"floor":8,"key":"Anchor"},{"floor":9,"key":"Replay:Bottled Snecko"},{"floor":13,"key":"Replay:Multitool"},{"floor":26,"key":"Matryoshka"},{"floor":28,"key":"PreservedInsect"}],"event_choices":[],"is_beta":false,"boss_relics":[{"not_picked":["Empty Cage","Runic Dome"],"picked":"Sozu"}],"items_purged_floors":[2,29],"is_endless":false,"potions_floor_spawned":[1,7,13,14,18,22],"killed_by":"Gensokyo:Eternal_Rivals","ascension_level":3}}