{"host":"kkkdj8c1ka6utak0","time":1609464557,"event":{"mods":["AchievementEnabler","BaseMod","Downfall","Hermit","Infinite Spire","Minty Spire (QoL Compilation)","Replay The Spire","Shop Mod","StSLib","The Animator","The Bug Knight"],"gold_per_floor":[109,119,119,45,45,74,87,112,112,112,112,127,127,127,127,127,127],"floor_reached":16,"playtime":1239,"items_purged":[],"score":133,"play_id":"57058109-5297-4fe8-8479-4c23e5a48e13","local_time":"20201231202917","is_ascension_mode":false,"campfire_choices":[{"floor":10,"key":"REST"},{"floor":15,"key":"REST"}],"circlet_count":0,"master_deck":["HollowMod:NailStrikeStart","HollowMod:NailStrikeStart","HollowMod:NailStrikeStart","HollowMod:QuickDashStart","HollowMod:QuickDashStart","HollowMod:QuickDashStart","HollowMod:QuickDashStart","HollowMod:FocusHealStart+1","HollowMod:PogoStrike","HollowMod:PureNailStrike","HollowMod:HuntersJournal","HollowMod:NewGlowingWomb","HollowMod:VengefulVoid","HollowMod:TaintedHusks","HollowMod:NewInfectedGuardian","HollowMod:ShapeofUnn","HollowMod:ZotesMagnificence","HollowMod:NewGlowingWomb"],"relics":["HollowMod:VesselMask","NeowsBlessing","Akabeko","The Courier","Replay:Rubber Ducky","Bronze Scales"],"acts_visited":["Exordium"],"potions_floor_usage":[8,12],"damage_taken":[{"damage":0.0,"enemies":"Small Slimes","floor":1.0,"turns":1.0},{"damage":0.0,"enemies":"Cultist","floor":2.0,"turns":1.0},{"damage":0,"enemies":"Gremlin Nob","floor":6,"turns":1},{"damage":23,"enemies":"Jaw Worm","floor":7,"turns":3},{"damage":38,"enemies":"Replay:BlueRogue","floor":8,"turns":6},{"damage":12,"enemies":"3 Louse","floor":12,"turns":3},{"damage":68,"enemies":"Hexaghost","floor":16,"turns":9}],"seed_played":"5437196317891593846","potions_obtained":[{"floor":6,"key":"Fire Potion"},{"floor":8,"key":"Fire Potion"}],"is_trial":false,"path_per_floor":["M","M","?","$","?","E","M","E","T","R","?","M","?","?","R","B"],"character_chosen":"THE_BUGKNIGHT","items_purchased":["HollowMod:VengefulVoid","HollowMod:TaintedHusks"],"campfire_rested":2,"item_purchase_floors":[4,4],"current_hp_per_floor":[75,75,75,75,75,75,62,36,36,58,58,52,34,34,56,0,0],"gold":127,"neow_bonus":"THREE_ENEMY_KILL","is_daily":false,"chose_seed":false,"campfire_upgraded":0,"win_rate":0.0,"timestamp":1609464557,"path_taken":["M","M","?","$","?","E","?","E","T","R","?","M","?","?","R","BOSS"],"items_purchased_type":["Card","Card"],"build_version":"2020-12-22","purchased_purges":0,"victory":false,"max_hp_per_floor":[75,75,75,75,75,75,75,75,75,75,75,75,75,75,75,75,75],"card_choices":[{"not_picked":["HollowMod:GoodIntentions","HollowMod:DesolateDive"],"picked":"HollowMod:PureNailStrike","floor":1.0},{"not_picked":["HollowMod:SharpenedNail","HollowMod:NewJinnsSoul"],"picked":"HollowMod:HuntersJournal","floor":2},{"not_picked":["HollowMod:CoiledNail","HollowMod:SiblingsShadow"],"picked":"HollowMod:NewInfectedGuardian","floor":6},{"not_picked":["HollowMod:InfectedAttack","HollowMod:RecoilStrike"],"picked":"HollowMod:ShapeofUnn","floor":7},{"not_picked":["HollowMod:GreatSlash","HollowMod:HornetsHelp"],"picked":"HollowMod:ZotesMagnificence","floor":8},{"not_picked":["HollowMod:NewJinnsSoul","HollowMod:DescendingDark"],"picked":"HollowMod:NewGlowingWomb","floor":12}],"player_experience":344213,"relics_obtained":[{"floor":6,"key":"Akabeko"},{"floor":8,"key":"The Courier"},{"floor":9,"key":"Replay:Rubber Ducky"}],"event_choices":[{"damage_healed":0,"gold_gain":0,"cards_transformed":["HollowMod:NailStrikeStart"],"player_choice":"Change","damage_taken":0,"max_hp_gain":0,"max_hp_loss":0,"event_name":"Living Wall","floor":3,"gold_loss":0,"cards_obtained":["HollowMod:NewGlowingWomb"]},{"damage_healed":0,"gold_gain":0,"player_choice":"Forge","damage_taken":0,"max_hp_gain":0,"max_hp_loss":0,"event_name":"Accursed Blacksmith","floor":5,"gold_loss":0,"cards_upgraded":["HollowMod:FocusHealStart"]},{"damage_healed":0,"gold_gain":0,"player_choice":"Success","damage_taken":18,"relics_obtained":["Bronze Scales"],"max_hp_gain":0,"max_hp_loss":0,"event_name":"Scrap Ooze","floor":13,"gold_loss":0}],"is_beta":false,"boss_relics":[],"items_purged_floors":[],"is_endless":false,"potions_floor_spawned":[6,8],"killed_by":"Hexaghost","ascension_level":0}}