{"host":"2461dio7vetlq1z3","time":1609510731,"event":{"mods":["2.2 Compatiblity","AchievementEnabler","BaseMod","Better Third Choice","Friendly Minions","Hubris","Minty Spire (QoL Compilation)","Relic Stats","Spicy Shops","StSLib","Waifu the Spire"],"gold_per_floor":[116,116,131,207,40,68,68,79,79,79,110,110,110,139,139,217,217,228,228,248,266,4,32,32,58,111,111,111],"floor_reached":27,"playtime":881,"items_purged":["Pain","hubris:Despair"],"score":584,"play_id":"1d3c3803-f1b3-40c6-b21b-b00fbfd3fa35","local_time":"20210101151851","is_ascension_mode":true,"campfire_choices":[{"data":"Capacitor","floor":7,"key":"SMITH"},{"data":"Sweeping Beam","floor":10,"key":"SMITH"},{"floor":13,"key":"REST"},{"data":"Static Discharge","floor":15,"key":"SMITH"},{"floor":24,"key":"REST"}],"circlet_count":0,"master_deck":["AscendersBane","Strike_B","Strike_B","Strike_B","Defend_B","Defend_B","Defend_B","Defend_B","Zap","Dualcast","Ball Lightning","Ball Lightning","Capacitor+1","Cold Snap","Sweeping Beam+1","Ball Lightning","Static Discharge+1","Biased Cognition","Amplify","Conserve Battery+1","Electrodynamics","Reinforced Body","Hologram","Creative AI"],"relics":["Cracked Core","NeowsBlessing","WarpedTongs","StrikeDummy","hubris:TinFlute","Pen Nib","Orichalcum","Anchor","Fusion Hammer","Bag of Preparation","Centennial Puzzle","Shuriken","Blood Vial"],"acts_visited":["Exordium","TheCity"],"potions_floor_usage":[11,14,16,23,25],"damage_taken":[{"damage":0,"enemies":"Small Slimes","floor":1,"turns":1},{"damage":0,"enemies":"Cultist","floor":3,"turns":1},{"damage":0,"enemies":"Gremlin Nob","floor":6,"turns":1},{"damage":12,"enemies":"Jaw Worm","floor":8,"turns":2},{"damage":30,"enemies":"Lagavulin","floor":11,"turns":6},{"damage":6,"enemies":"3 Sentries","floor":14,"turns":3},{"damage":12,"enemies":"Slime Boss","floor":16,"turns":5},{"damage":3,"enemies":"Spheric Guardian","floor":18,"turns":3},{"damage":19,"enemies":"Shell Parasite","floor":20,"turns":3},{"damage":0,"enemies":"Centurion and Healer","floor":21,"turns":2},{"damage":13,"enemies":"Slavers","floor":23,"turns":3},{"damage":33,"enemies":"Gremlin Leader","floor":25,"turns":5},{"damage":14,"enemies":"Sentry and Sphere","floor":27,"turns":2}],"seed_played":"5759568053470948257","potions_obtained":[{"floor":6,"key":"ColorlessPotion"},{"floor":8,"key":"LiquidBronze"},{"floor":11,"key":"Swift Potion"},{"floor":14,"key":"ColorlessPotion"},{"floor":16,"key":"Dexterity Potion"},{"floor":18,"key":"EssenceOfSteel"},{"floor":25,"key":"Block Potion"}],"is_trial":false,"path_per_floor":["M","?","M","T","$","E","R","M","T","R","E","?","R","E","R","B",null,"M","?","M","M","$","E","R","E","T","M"],"character_chosen":"DEFECT","items_purchased":["Capacitor","Cold Snap","Bag of Preparation"],"campfire_rested":2,"item_purchase_floors":[5,5,22],"current_hp_per_floor":[64,64,64,64,64,64,64,52,52,52,22,15,36,30,30,18,58,55,55,36,36,36,23,44,11,11,0,0],"gold":111,"neow_bonus":"THREE_ENEMY_KILL","is_daily":false,"chose_seed":false,"campfire_upgraded":3,"win_rate":0.0,"timestamp":1609510731,"path_taken":["M","?","?","?","?","E","R","M","T","R","E","?","R","E","R","BOSS","M","?","M","M","$","E","R","E","T","M"],"items_purchased_type":["Card","Card","Relic"],"build_version":"2020-12-22","purchased_purges":2,"victory":false,"max_hp_per_floor":[71,71,71,71,71,71,71,71,71,71,71,71,71,71,71,71,71,71,71,71,71,71,71,71,71,71,71,71],"relic_stats":{"Blood Vial":2,"Centennial Puzzle":[6],"counters":[13,37],"Shuriken":[0],"Pen Nib":[5],"Bag of Preparation":[6],"Orichalcum":[54],"obtain_stats":[{"NeowsBlessing":0,"Pen Nib":9,"Bag of Preparation":22,"Orichalcum":11,"WarpedTongs":2,"Blood Vial":26,"Anchor":14,"Centennial Puzzle":23,"Shuriken":25,"Fusion Hammer":17,"Cracked Core":0,"StrikeDummy":4,"hubris:TinFlute":6},{"NeowsBlessing":0,"Pen Nib":4,"Bag of Preparation":10,"Orichalcum":5,"WarpedTongs":1,"Blood Vial":12,"Anchor":6,"Centennial Puzzle":11,"Shuriken":12,"Fusion Hammer":7,"Cracked Core":0,"StrikeDummy":2,"hubris:TinFlute":3},{"NeowsBlessing":0,"Pen Nib":5,"Bag of Preparation":27,"Orichalcum":11,"WarpedTongs":1,"Blood Vial":35,"Anchor":14,"Centennial Puzzle":30,"Shuriken":35,"Fusion Hammer":19,"Cracked Core":0,"StrikeDummy":2,"hubris:TinFlute":3}],"WarpedTongs":[33]},"card_choices":[{"not_picked":["Compile Driver","Go for the Eyes"],"picked":"Ball Lightning","floor":1},{"not_picked":["Go for the Eyes","Beam Cell"],"picked":"Ball Lightning","floor":3},{"not_picked":["Leap","Hello World"],"picked":"Sweeping Beam","floor":6},{"not_picked":["Conserve Battery","Turbo"],"picked":"Ball Lightning","floor":8},{"not_picked":["Multi-Cast","Stack"],"picked":"Static Discharge","floor":11},{"not_picked":["Coolheaded","Reinforced Body"],"picked":"Biased Cognition","floor":14},{"not_picked":["Creative AI","Reboot"],"picked":"Amplify","floor":16},{"not_picked":["Beam Cell","Gash"],"picked":"Conserve Battery+1","floor":18},{"not_picked":["Recycle","Barrage"],"picked":"Reinforced Body","floor":20},{"not_picked":["Steam","Darkness"],"picked":"Hologram","floor":21},{"not_picked":["Doom and Gloom","Sweeping Beam+1"],"picked":"Creative AI","floor":23},{"not_picked":["Aggregate","Streamline","Compile Driver"],"picked":"SKIP","floor":25}],"player_experience":979057,"relics_obtained":[{"floor":4,"key":"StrikeDummy"},{"floor":6,"key":"hubris:TinFlute"},{"floor":9,"key":"Pen Nib"},{"floor":11,"key":"Orichalcum"},{"floor":14,"key":"Anchor"},{"floor":23,"key":"Centennial Puzzle"},{"floor":25,"key":"Shuriken"},{"floor":26,"key":"Blood Vial"}],"event_choices":[{"damage_healed":0,"gold_gain":0,"player_choice":"Rummage","damage_taken":0,"relics_obtained":["WarpedTongs"],"max_hp_gain":0,"max_hp_loss":0,"event_name":"Accursed Blacksmith","floor":2,"gold_loss":0,"cards_obtained":["Pain"]},{"cards_removed":["Strike_B"],"damage_healed":0,"gold_gain":0,"player_choice":"Card Removal","damage_taken":7,"max_hp_gain":0,"max_hp_loss":0,"event_name":"Golden Wing","floor":12,"gold_loss":0},{"damage_healed":0,"gold_gain":0,"player_choice":"2 cards matched","damage_taken":0,"max_hp_gain":0,"max_hp_loss":0,"event_name":"Match and Keep!","floor":19,"gold_loss":0,"cards_obtained":["hubris:Despair","Electrodynamics"]}],"is_beta":false,"boss_relics":[{"not_picked":["hubris:HollowSoul","Empty Cage"],"picked":"Fusion Hammer"}],"items_purged_floors":[5,22],"is_endless":false,"potions_floor_spawned":[6,8,11,14,16,18,25],"killed_by":"Sentry and Sphere","ascension_level":20}}