{"host":"st1kg310ms6sytc5","time":1609509211,"event":{"mods":["Act Like it!","BaseMod","CapriCore","Downfall","Gensokyo","Minty Spire (QoL Compilation)","StSLib","SuperFastMode","[IsaacMod]ÒÔÈö¼âËþ"],"gold_per_floor":[119,219,234,248,266,266,294,34,60,60,88,88,88],"floor_reached":12,"playtime":334,"items_purged":[],"score":91,"play_id":"f7d7660f-4434-4619-8d54-d32dbd781c01","local_time":"20210101215331","is_ascension_mode":true,"campfire_choices":[{"data":"Dagger Spray","floor":6.0,"key":"SMITH"}],"circlet_count":0,"master_deck":["Strike_G","Strike_G","Strike_G","Strike_G","Strike_G","Defend_G","Defend_G+1","Defend_G","Defend_G","Defend_G","Survivor","Neutralize","Dagger Spray+1","Crippling Poison+1","Terror","Prepared","Gensokyo:RustyChest","Cloak And Dagger+1","Calculated Gamble"],"relics":["Ring of the Snake","HushsDoor","BloodDonationMachine","NeowsBlessing","Tiny Chest","ClockworkSouvenir","Potion Belt","Orichalcum","War Paint"],"acts_visited":["Gensokyo:Gensokyo"],"potions_floor_usage":[12,12],"damage_taken":[{"damage":0.0,"enemies":"Gensokyo:Python","floor":1.0,"turns":1.0},{"damage":0.0,"enemies":"Gensokyo:Gryphon","floor":3.0,"turns":1.0},{"damage":0.0,"enemies":"Gensokyo:2_Kodama","floor":4.0,"turns":1.0},{"damage":8.0,"enemies":"Gensokyo:VengefulSpirit","floor":5.0,"turns":5.0},{"damage":26.0,"enemies":"Gensokyo:Mamizou","floor":7.0,"turns":10.0},{"damage":35.0,"enemies":"Gensokyo:Cirno","floor":11.0,"turns":8.0},{"damage":8,"enemies":"Gensokyo:Mamizou","floor":12,"turns":5}],"seed_played":"-5428657050901331147","potions_obtained":[{"floor":1.0,"key":"champ:CounterPotion"},{"floor":4.0,"key":"Weak Potion"},{"floor":7.0,"key":"PowerPotion"},{"floor":11.0,"key":"Energy Potion"}],"is_trial":false,"path_per_floor":["M","?","M","M","M","R","E","COS","T","$","E","?"],"character_chosen":"THE_SILENT","items_purchased":[],"campfire_rested":0,"item_purchase_floors":[],"current_hp_per_floor":[70,70,70,70,62,62,36,36,36,36,1,0,0],"gold":88,"neow_bonus":"THREE_ENEMY_KILL","is_daily":false,"chose_seed":false,"campfire_upgraded":1,"win_rate":0.0,"timestamp":1609509211,"path_taken":["M","?","M","M","M","R","E","COS","T","$","E","?"],"items_purchased_type":[],"build_version":"2020-12-22","purchased_purges":0,"victory":false,"max_hp_per_floor":[70,70,70,70,70,70,70,70,70,70,70,70,70],"card_choices":[{"not_picked":["Cloak And Dagger","Dodge and Roll"],"picked":"Dagger Spray","floor":1.0},{"not_picked":["Backstab","Backflip"],"picked":"Crippling Poison","floor":3.0},{"not_picked":["All Out Attack","Dagger Throw"],"picked":"Terror","floor":4.0},{"not_picked":["Cloak And Dagger","Caltrops"],"picked":"Prepared","floor":5.0},{"not_picked":["Riddle With Holes","Backflip","Underhanded Strike"],"picked":"SKIP","floor":7.0},{"not_picked":["Dagger Spray+1","Skewer+1"],"picked":"Cloak And Dagger+1","floor":11.0},{"not_picked":["Catalyst","Die Die Die"],"picked":"Calculated Gamble","floor":11.0}],"player_experience":1531351,"relics_obtained":[{"floor":7.0,"key":"Tiny Chest"},{"floor":9.0,"key":"Potion Belt"},{"floor":11.0,"key":"Orichalcum"}],"event_choices":[],"is_beta":false,"boss_relics":[],"items_purged_floors":[],"is_endless":false,"potions_floor_spawned":[1,4,7,11],"killed_by":"Gensokyo:Mamizou","ascension_level":1}}