{"host":"0azimyi6n3ugndj4","time":1609541669,"event":{"mods":["2.2 Compatiblity","BaseMod","Bestiary","Conspire","Curses Come First","Defuse TimeMaze Blight","Hermit","Hyrulean Relics","Infinite Spire","Minty Spire (QoL Compilation)","Relic Stats","Replay The Spire","StSLib","SuperFastMode","The Cursed","Uncapped","¡¼?Úª?ø«¡½REMEMod"],"gold_per_floor":[144,177,177,177,177,267,357,432,457,457,493,493,173,173,173,386,386,368,413,303,303,263,347,347,398,398,428,527,582,612,669,669,885,885,930,930,930,930,978,1125,369,369,369,458,458,512,512,560,560,796,796,796],"floor_reached":51,"playtime":1413,"items_purged":[],"score":1763,"play_id":"008d667d-9eb0-4578-8170-9d7875c17dcf","local_time":"20210102075429","daily_mods":["SealedDeck","Hoarder","Insanity","Chimera","Specialized","Vintage","ControlledChaos","Allstar","Diverse","Colorless Cards","Heirloom","Time Dilation","Flight","Elite Swarm","Lethality","Midas","Binary"],"is_ascension_mode":true,"campfire_choices":[{"floor":15,"key":"REST"},{"floor":32,"key":"REST"},{"floor":49,"key":"REST"}],"circlet_count":0,"master_deck":["Wraith Form v2","Echo Form+1","DevaForm","AscendersBane","Bash","Survivor","Zap","Strike_R","Strike_G","Strike_B","Defend_R","Defend_G","Defend_P","EmptyBody","Bloodletting","Infernal Blade","MentalFortress","hermit:Snipe","Clash","hermit:Dive","TheCursedMod:WearCloak","TheCursedMod:Wield","hermit:Scavenge","TheCursedMod:TacticalStrike","TheCursedMod:Wield","Wild Strike","Heavy Blade","Replay:ManipulateFuture","Anger","hermit:Roulette","Life Link","hermit:ItchyTrigger","TheCursedMod:AshesToAshes","hermit:Manifest","conspire:ExplosiveBarrier","SignatureMove","Loop","hermit:Coalescence","hermit:ItchyTrigger","Deadly Poison","CrushJoints","Ball Lightning","FIFO Queue","Conserve Battery","Dagger Spray","Stack","Warcry","Deadly Poison","ReplayTheSpireMod:Muscle Training","ReplaySolidLightProjector","White Noise","TheCursedMod:BlessingInDisguise","TheCursedMod:Torture","Trip","Sweeping Beam","EmptyMind","Conserve Battery","Warcry","Outmaneuver","Ghostly Armor","hermit:WideOpen","hermit:BodyArmor","Clash","REME_TheoryOfElimination","REME_TheoryOfElimination","REME_TheoryOfElimination","REME_TheoryOfElimination","REME_TheoryOfElimination","REME_TheoryOfElimination","REME_TheoryOfElimination","REME_TheoryOfElimination","REME_TheoryOfElimination","REME_TheoryOfElimination","REME_TheoryOfElimination","REME_TheoryOfElimination","REME_TheoryOfElimination","REME_TheoryOfElimination","REME_TheoryOfElimination","Evaluate","Evaluate","Evaluate","WheelKick","WheelKick","Barrage","Barrage","Barrage","Wallop","Wallop","Wallop","Riddle With Holes","Riddle With Holes","Riddle With Holes","conspire:Rain","conspire:Rain","conspire:Rain","TheCursedMod:CursedMace","TheCursedMod:CursedMace","TheCursedMod:CursedMace","TheCursedMod:CursedMace","TheCursedMod:CursedMace","TheCursedMod:CursedMace","hermit:Manifest","hermit:Manifest","hermit:Manifest","Perfected Strike","Perfected Strike","Perfected Strike","Backstab","Backstab","Backstab","Pot Of Greed","Pot Of Greed","Pot Of Greed","Pot Of Greed","Pot Of Greed","Pot Of Greed","Pot Of Greed","Pot Of Greed","Pot Of Greed","Pot Of Greed","Pot Of Greed","Pot Of Greed","Pot Of Greed","Pot Of Greed","Pot Of Greed","Pot Of Greed","Pot Of Greed","Pot Of Greed","Pot Of Greed","Pot Of Greed","Pot Of Greed","Pot Of Greed","Pot Of Greed","Pot Of Greed","Pot Of Greed","Pot Of Greed","Pot Of Greed","Pot Of Greed","Pot Of Greed","Pot Of Greed","Replay:Fractal Strike","Replay:Fractal Strike","Replay:Fractal Strike","conspire:NecroticWound","conspire:NecroticWound","conspire:NecroticWound","Regret","Regret","Regret","ReplayTheSpireMod:Faulty Equipment","ReplayTheSpireMod:Faulty Equipment","ReplayTheSpireMod:Faulty Equipment","Clumsy","Clumsy","Clumsy","Madness","Madness","Madness","Madness","Madness","Madness"],"relics":["zeldaRelics:GreenHat","Frozen Eye","Busted Crown","REME_ComplimentaryCards","FossilizedHelix","Chameleon Ring","Singing Bowl","infinitespire:Cubic Diamond","Replay:Accelerometer","zeldaRelics:CourageTriforce","infinitespire:Satchel","Mango","Tiny Chest","Toolbox","Black Star","Eternal Feather","infinitespire:BottledMercury","zeldaRelics:WisdomTriforce","Replay:Bottled Flurry","zeldaRelics:PowerTriforce","conspire:Flyswatter","Red Mask","Replay:Kaleidoscope","hermit:RyeStalk","Cursed Key","Grinning Jar","ReplayTheSpireMod:Ninjato","MealTicket","Pet Ghost","Chemical X","Ginger","Blue Candle","zeldaRelics:Navi","Snack Pack","ReplayTheSpireMod:Lightbulb","Calipers","Unceasing Top","infinitespire:Eraser","Bag of Marbles"],"acts_visited":["Exordium","TheCity","TheBeyond"],"potions_floor_usage":[19,19,19,33,33,40,51,51,51],"damage_taken":[{"damage":0,"enemies":"Cultist","floor":1,"turns":2},{"damage":0,"enemies":"Small Slimes","floor":2,"turns":1},{"damage":1,"enemies":"Lagavulin","floor":6,"turns":4},{"damage":5,"enemies":"conspire:MimicChest","floor":7,"turns":4},{"damage":0,"enemies":"Jaw Worm","floor":11,"turns":1},{"damage":66,"enemies":"The Guardian","floor":16,"turns":7},{"damage":35,"enemies":"2 Thieves","floor":18,"turns":5},{"damage":37,"enemies":"3 Byrds","floor":19,"turns":5},{"damage":8,"enemies":"Nightmare","floor":23,"turns":6},{"damage":0,"enemies":"3 Cultists","floor":25,"turns":2},{"damage":17,"enemies":"Sentry and Sphere","floor":27,"turns":5},{"damage":34,"enemies":"Masked Bandits","floor":28,"turns":4},{"damage":1,"enemies":"Centurion and Healer","floor":31,"turns":8},{"damage":100,"enemies":"Champ","floor":33,"turns":10},{"damage":13,"enemies":"3 Shapes","floor":35,"turns":3},{"damage":0,"enemies":"Orb Walker","floor":39,"turns":1},{"damage":46,"enemies":"Giant Head","floor":40,"turns":6},{"damage":38,"enemies":"Nemesis","floor":44,"turns":3},{"damage":5,"enemies":"Transient","floor":46,"turns":6},{"damage":21,"enemies":"Writhing Mass","floor":48,"turns":4},{"damage":63,"enemies":"Donu and Deca","floor":50,"turns":12},{"damage":101,"enemies":"Awakened One","floor":51,"turns":5}],"seed_played":"3746583649277838089","potions_obtained":[{"floor":2,"key":"PowerPotion"},{"floor":6,"key":"Languid Potion"},{"floor":10,"key":"Toxic Potion"},{"floor":10,"key":"LifebloodPotion"},{"floor":16,"key":"FearPotion"},{"floor":19,"key":"EssenceOfSteel"},{"floor":22,"key":"LiquidMemories"},{"floor":22,"key":"Cursed Concoction"},{"floor":24,"key":"Flashbang"},{"floor":24,"key":"Fire Potion"},{"floor":27,"key":"LifebloodPotion"},{"floor":33,"key":"Explosive Potion"},{"floor":35,"key":"REME_GoldPotion"},{"floor":50,"key":"infinitespire:BlackPotion"}],"is_trial":true,"path_per_floor":["M","M","?","?","?","E","?","?","T","R","M","?","$","T","R","B",null,"M","M","?","T","?","NM","R","M","T","M","?","T","?","M","R","B",null,"M","?","T","?","M","E","$","T","T","E","T","M","?","M","R","B","B"],"character_chosen":"HERMIT","items_purchased":["Tiny Chest","Toolbox","Chemical X","Ginger","Blue Candle"],"campfire_rested":3,"item_purchase_floors":[13,13,41,41,41],"current_hp_per_floor":[64,64,64,64,54,54,50,40,41,42,57,63,64,65,96,31,85,51,15,16,17,18,11,78,111,112,96,63,64,27,27,118,19,95,83,54,55,134,135,90,106,107,108,75,76,78,53,37,145,89,0,0],"gold":796,"neow_bonus":"","is_daily":false,"chose_seed":false,"campfire_upgraded":0,"win_rate":0.0,"timestamp":1609541669,"path_taken":["M","?","?","?","?","E","?","?","T","R","?","?","$","?","R","BOSS","M","?","?","?","?","NM","R","M","T","?","?","?","?","?","R","BOSS","M","?","?","?","?","E","$","?","T","E","?","?","?","M","R","BOSS","BOSS"],"items_purchased_type":["Relic","Relic","Relic","Relic","Relic"],"build_version":"2020-12-22","purchased_purges":0,"victory":false,"max_hp_per_floor":[71,71,71,71,72,73,74,75,76,77,92,98,99,100,101,102,103,104,105,106,107,108,109,110,111,112,113,114,115,116,117,118,119,120,121,122,123,134,135,136,137,138,139,140,141,142,143,144,145,146,147,147],"relic_stats":{"Singing Bowl":0,"counters":[22,104],"Blue Candle":[25],"Eternal Feather":228,"Ginger":[2],"Cursed Key":4,"Busted Crown":34,"Tiny Chest":4,"MealTicket":15,"Black Star":3,"Chemical X":[1],"obtain_stats":[{"Replay:Accelerometer":5,"infinitespire:BottledMercury":19,"Calipers":44,"Singing Bowl":2,"Mango":11,"infinitespire:Cubic Diamond":4,"Ginger":41,"Cursed Key":34,"zeldaRelics:WisdomTriforce":23,"Pet Ghost":40,"Frozen Eye":0,"hermit:RyeStalk":31,"Chameleon Ring":1,"Toolbox":13,"zeldaRelics:Navi":42,"Tiny Chest":13,"MealTicket":40,"zeldaRelics:CouragePiece":6,"Replay:Bottled Flurry":25,"Red Mask":28,"Chemical X":41,"infinitespire:Eraser":46,"zeldaRelics:PowerPiece":26,"zeldaRelics:GreenHat":4,"zeldaRelics:WisdomPiece":21,"ReplayTheSpireMod:Ninjato":39,"Blue Candle":41,"Eternal Feather":18,"Replay:Kaleidoscope":30,"zeldaRelics:PowerTriforce":37,"zeldaRelics:CourageTriforce":14,"Busted Crown":0,"infinitespire:Satchel":7,"Black Star":17,"Snack Pack":43,"Bag of Marbles":48,"Grinning Jar":35,"ReplayTheSpireMod:Lightbulb":44,"hermit:Momento":0,"FossilizedHelix":0,"Unceasing Top":45,"REME_ComplimentaryCards":0,"conspire:Flyswatter":27},{"Replay:Accelerometer":2,"infinitespire:BottledMercury":8,"Calipers":18,"Singing Bowl":2,"Mango":5,"infinitespire:Cubic Diamond":2,"Ginger":17,"Cursed Key":14,"zeldaRelics:WisdomTriforce":9,"Pet Ghost":17,"Frozen Eye":0,"hermit:RyeStalk":13,"Chameleon Ring":1,"Toolbox":5,"zeldaRelics:Navi":17,"Tiny Chest":5,"MealTicket":17,"zeldaRelics:CouragePiece":3,"Replay:Bottled Flurry":10,"Red Mask":12,"Chemical X":17,"infinitespire:Eraser":19,"zeldaRelics:PowerPiece":10,"zeldaRelics:GreenHat":2,"zeldaRelics:WisdomPiece":8,"ReplayTheSpireMod:Ninjato":16,"Blue Candle":17,"Eternal Feather":7,"Replay:Kaleidoscope":12,"zeldaRelics:PowerTriforce":15,"zeldaRelics:CourageTriforce":5,"Busted Crown":0,"infinitespire:Satchel":4,"Black Star":6,"Snack Pack":17,"Bag of Marbles":20,"Grinning Jar":15,"ReplayTheSpireMod:Lightbulb":18,"hermit:Momento":0,"FossilizedHelix":0,"Unceasing Top":18,"REME_ComplimentaryCards":0,"conspire:Flyswatter":11},{"Replay:Accelerometer":3,"infinitespire:BottledMercury":29,"Calipers":77,"Singing Bowl":3,"Mango":12,"infinitespire:Cubic Diamond":3,"Ginger":74,"Cursed Key":64,"zeldaRelics:WisdomTriforce":35,"Pet Ghost":74,"Frozen Eye":0,"hermit:RyeStalk":54,"Chameleon Ring":2,"Toolbox":12,"zeldaRelics:Navi":74,"Tiny Chest":12,"MealTicket":74,"zeldaRelics:CouragePiece":7,"Replay:Bottled Flurry":37,"Red Mask":46,"Chemical X":74,"infinitespire:Eraser":83,"zeldaRelics:PowerPiece":37,"zeldaRelics:GreenHat":3,"zeldaRelics:WisdomPiece":29,"ReplayTheSpireMod:Ninjato":68,"Blue Candle":74,"Eternal Feather":24,"Replay:Kaleidoscope":46,"zeldaRelics:PowerTriforce":67,"zeldaRelics:CourageTriforce":12,"Busted Crown":0,"infinitespire:Satchel":11,"Black Star":19,"Snack Pack":74,"Bag of Marbles":87,"Grinning Jar":67,"ReplayTheSpireMod:Lightbulb":77,"hermit:Momento":0,"FossilizedHelix":0,"Unceasing Top":77,"REME_ComplimentaryCards":0,"conspire:Flyswatter":42}],"Unceasing Top":[1]},"card_choices":[{"not_picked":["infinitespire:Starlight","ReplayTheSpireMod:Haul"],"picked":"Replay:Fractal Strike","floor":36}],"player_experience":1488315,"relics_obtained":[{"floor":1,"key":"Chameleon Ring"},{"floor":2,"key":"Singing Bowl"},{"floor":6,"key":"zeldaRelics:CouragePiece"},{"floor":7,"key":"infinitespire:Satchel"},{"floor":9,"key":"zeldaRelics:CouragePiece"},{"floor":11,"key":"Mango"},{"floor":14,"key":"zeldaRelics:CouragePiece"},{"floor":18,"key":"Eternal Feather"},{"floor":19,"key":"infinitespire:BottledMercury"},{"floor":21,"key":"zeldaRelics:WisdomPiece"},{"floor":23,"key":"zeldaRelics:WisdomPiece"},{"floor":23,"key":"zeldaRelics:WisdomPiece"},{"floor":25,"key":"Replay:Bottled Flurry"},{"floor":26,"key":"zeldaRelics:PowerPiece"},{"floor":27,"key":"conspire:Flyswatter"},{"floor":28,"key":"Red Mask"},{"floor":29,"key":"zeldaRelics:PowerPiece"},{"floor":30,"key":"Replay:Kaleidoscope"},{"floor":31,"key":"hermit:RyeStalk"},{"floor":35,"key":"Grinning Jar"},{"floor":37,"key":"zeldaRelics:PowerPiece"},{"floor":39,"key":"ReplayTheSpireMod:Ninjato"},{"floor":40,"key":"MealTicket"},{"floor":40,"key":"Pet Ghost"},{"floor":42,"key":"zeldaRelics:Navi"},{"floor":43,"key":"Snack Pack"},{"floor":44,"key":"ReplayTheSpireMod:Lightbulb"},{"floor":44,"key":"Calipers"},{"floor":45,"key":"Unceasing Top"},{"floor":46,"key":"infinitespire:Eraser"},{"floor":48,"key":"Bag of Marbles"}],"event_choices":[{"damage_healed":0,"gold_gain":0,"player_choice":"Success","damage_taken":11,"relics_obtained":["Replay:Accelerometer"],"max_hp_gain":0,"max_hp_loss":0,"event_name":"Scrap Ooze","floor":5,"gold_loss":0},{"damage_healed":0,"gold_gain":75,"player_choice":"Gather Gold","damage_taken":11,"max_hp_gain":0,"max_hp_loss":0,"event_name":"World of Goop","floor":8,"gold_loss":0},{"damage_healed":0,"gold_gain":0,"player_choice":"Donut","damage_taken":0,"max_hp_gain":5,"max_hp_loss":0,"event_name":"Big Fish","floor":12,"gold_loss":0},{"cards_removed":["Eruption"],"damage_healed":0,"gold_gain":0,"player_choice":"Upgrade and Remove","damage_taken":0,"max_hp_gain":0,"max_hp_loss":0,"event_name":"Designer","floor":20,"gold_loss":110,"cards_upgraded":["Echo Form"]},{"damage_healed":0,"gold_gain":0,"player_choice":"Bought 3 Potions","damage_taken":0,"max_hp_gain":0,"max_hp_loss":0,"event_name":"The Woman in Blue","floor":22,"gold_loss":0},{"damage_healed":0,"gold_gain":0,"player_choice":"Fought Bandits","damage_taken":0,"max_hp_gain":0,"max_hp_loss":0,"event_name":"Masked Bandits","floor":28,"gold_loss":0},{"cards_removed":["Demon Form"],"damage_healed":68,"gold_gain":0,"player_choice":"Offered Rare","damage_taken":0,"max_hp_gain":10,"max_hp_loss":0,"event_name":"Bonfire Elementals","floor":38,"gold_loss":0},{"damage_healed":0,"gold_gain":0,"player_choice":"Embrace Madness","damage_taken":26,"max_hp_gain":0,"max_hp_loss":0,"event_name":"Winding Halls","floor":47,"gold_loss":0,"cards_obtained":["Madness","Madness"]}],"is_beta":false,"boss_relics":[{"not_picked":["SacredBark","REME_ChargedStone"],"picked":"Black Star"},{"not_picked":["infinitespire:Cupcake","Replay:Wanted Poster"],"picked":"Cursed Key"}],"items_purged_floors":[],"is_endless":true,"potions_floor_spawned":[2,6,16,18,19,27,31,33,35,39,50],"killed_by":"Awakened One","ascension_level":20}}