{"host":"6pfj0wha12yu6wq3","time":1609486172,"event":{"mods":["BaseMod","Colored Map","Colored Powertips","Curses Come First","DeckTracker","Minty Spire (QoL Compilation)","RNG Fix","Relic Sorter","Relic Stats","StSLib","ojb\u0027s Better Paths Mod","ojb\u0027s Info Mod"],"gold_per_floor":[114,114,127,127,127,161,161,191,191,171,188,216,216,235,235,308,308,327,347,347,262,273,302,302,302],"floor_reached":24,"playtime":970,"items_purged":[],"score":518,"play_id":"81a3dbbc-fa4a-4a3c-8a48-a8e2db2f5596","local_time":"20210101022932","is_ascension_mode":true,"campfire_choices":[{"data":"Riddle With Holes","floor":7.0,"key":"SMITH"},{"data":"Noxious Fumes","floor":13.0,"key":"SMITH"},{"data":"Noxious Fumes","floor":15.0,"key":"SMITH"}],"circlet_count":0,"master_deck":["AscendersBane","Strike_G","Strike_G","Strike_G","Strike_G","Strike_G","Defend_G","Defend_G","Defend_G","Defend_G","Defend_G","Survivor","Neutralize","All Out Attack","Leg Sweep","Riddle With Holes+1","Noxious Fumes+1","Noxious Fumes+1","Acrobatics","Infinite Blades","Night Terror","Cloak And Dagger","Acrobatics","Catalyst","Well Laid Plans"],"relics":["Ring of the Snake","NeowsBlessing","Du-Vu Doll","Happy Flower","Bottled Tornado","PreservedInsect","Coffee Dripper","Enchiridion","Bag of Marbles","Ancient Tea Set"],"acts_visited":["Exordium","TheCity"],"potions_floor_usage":[16,23,23],"damage_taken":[{"damage":0.0,"enemies":"Cultist","floor":1.0,"turns":1.0},{"damage":0.0,"enemies":"Jaw Worm","floor":3.0,"turns":1.0},{"damage":0.0,"enemies":"3 Sentries","floor":6.0,"turns":1.0},{"damage":6.0,"enemies":"Lagavulin","floor":8.0,"turns":6.0},{"damage":0.0,"enemies":"Small Slimes","floor":11.0,"turns":2.0},{"damage":14.0,"enemies":"Gremlin Nob","floor":12.0,"turns":4.0},{"damage":1.0,"enemies":"Exordium Thugs","floor":14.0,"turns":4.0},{"damage":17,"enemies":"Slime Boss","floor":16,"turns":7},{"damage":33,"enemies":"2 Thieves","floor":18,"turns":4},{"damage":13,"enemies":"Shell Parasite","floor":19,"turns":7},{"damage":6,"enemies":"3 Cultists","floor":22,"turns":5},{"damage":13,"enemies":"Book of Stabbing","floor":23,"turns":4},{"damage":31,"enemies":"Shelled Parasite and Fungi","floor":24,"turns":1}],"seed_played":"3617979418039746845","potions_obtained":[{"floor":3.0,"key":"CultistPotion"},{"floor":8.0,"key":"Dexterity Potion"},{"floor":10.0,"key":"Weak Potion"},{"floor":14.0,"key":"FairyPotion"},{"floor":18,"key":"Strength Potion"},{"floor":22,"key":"Energy Potion"}],"is_trial":false,"path_per_floor":["M","?","M","?","?","E","R","E","T","?","M","E","R","M","R","B",null,"M","M","?","?","M","E","M"],"character_chosen":"THE_SILENT","items_purchased":[],"campfire_rested":0,"item_purchase_floors":[],"current_hp_per_floor":[59,59,59,64,64,64,64,58,58,58,58,44,44,43,43,26,60,27,14,21,21,15,2,0,0],"gold":302,"neow_bonus":"THREE_ENEMY_KILL","is_daily":false,"chose_seed":false,"campfire_upgraded":3,"win_rate":0.0,"timestamp":1609486172,"path_taken":["M","?","?","?","?","E","R","E","T","?","M","E","R","M","R","BOSS","M","M","?","?","M","E","M"],"items_purchased_type":[],"build_version":"2020-12-22","purchased_purges":0,"victory":false,"max_hp_per_floor":[66,66,66,71,71,71,71,71,71,71,71,71,71,71,71,71,71,71,71,71,71,71,71,71,71],"relic_stats":{"Happy Flower":[12],"counters":[13,47],"PreservedInsect":43,"obtain_stats":[{"Du-Vu Doll":6,"NeowsBlessing":0,"Happy Flower":8,"Enchiridion":20,"PreservedInsect":12,"Coffee Dripper":17,"Bag of Marbles":21,"Bottled Tornado":9,"Ancient Tea Set":23,"Ring of the Snake":0},{"Du-Vu Doll":3,"NeowsBlessing":0,"Happy Flower":4,"Enchiridion":10,"PreservedInsect":6,"Coffee Dripper":8,"Bag of Marbles":10,"Bottled Tornado":4,"Ancient Tea Set":12,"Ring of the Snake":0},{"Du-Vu Doll":3,"NeowsBlessing":0,"Happy Flower":9,"Enchiridion":37,"PreservedInsect":15,"Coffee Dripper":26,"Bag of Marbles":37,"Bottled Tornado":9,"Ancient Tea Set":46,"Ring of the Snake":0}],"Ring of the Snake":[26]},"card_choices":[{"not_picked":["Slice","Prepared"],"picked":"All Out Attack","floor":1.0},{"not_picked":["Calculated Gamble","Outmaneuver"],"picked":"Leg Sweep","floor":3.0},{"not_picked":["Quick Slash","Skewer"],"picked":"Riddle With Holes","floor":6.0},{"not_picked":["PiercingWail","All Out Attack"],"picked":"Noxious Fumes","floor":8.0},{"not_picked":["Leg Sweep","Bane"],"picked":"Noxious Fumes","floor":11.0},{"not_picked":["Setup","Cloak And Dagger"],"picked":"Acrobatics","floor":12.0},{"not_picked":["Backflip","Dodge and Roll"],"picked":"Infinite Blades","floor":14.0},{"not_picked":["Doppelganger","Die Die Die"],"picked":"Night Terror","floor":16},{"not_picked":["Sucker Punch","Slice"],"picked":"Cloak And Dagger","floor":18},{"not_picked":["Finisher","All Out Attack"],"picked":"Acrobatics","floor":19},{"not_picked":["Die Die Die","Predator"],"picked":"Catalyst","floor":22},{"not_picked":["Poisoned Stab","Predator"],"picked":"Well Laid Plans","floor":23}],"player_experience":55734,"relics_obtained":[{"floor":6.0,"key":"Du-Vu Doll"},{"floor":8.0,"key":"Happy Flower"},{"floor":9.0,"key":"Bottled Tornado"},{"floor":12.0,"key":"PreservedInsect"},{"floor":20,"key":"Enchiridion"},{"floor":23,"key":"Ancient Tea Set"}],"event_choices":[{"damage_healed":0.0,"max_hp_gain":0.0,"max_hp_loss":0.0,"gold_gain":0.0,"event_name":"Liars Game","player_choice":"Ignored","floor":2.0,"gold_loss":0.0,"damage_taken":0.0},{"damage_healed":0.0,"max_hp_gain":5.0,"max_hp_loss":0.0,"gold_gain":0.0,"event_name":"Big Fish","player_choice":"Donut","floor":4.0,"gold_loss":0.0,"damage_taken":0.0},{"damage_healed":0.0,"max_hp_gain":0.0,"max_hp_loss":0.0,"gold_gain":0.0,"event_name":"Match and Keep!","player_choice":"0 cards matched","floor":5.0,"gold_loss":0.0,"damage_taken":0.0,"cards_obtained":[]},{"damage_healed":0.0,"max_hp_gain":0.0,"max_hp_loss":0.0,"gold_gain":0.0,"event_name":"The Woman in Blue","player_choice":"Bought 1 Potion","floor":10.0,"gold_loss":0.0,"damage_taken":0.0},{"damage_healed":0,"gold_gain":0,"player_choice":"Obtained Book","damage_taken":21,"max_hp_gain":0,"max_hp_loss":0,"event_name":"Cursed Tome","floor":20,"gold_loss":0},{"damage_healed":0,"gold_gain":0,"player_choice":"Obtained Relic","damage_taken":0,"relics_obtained":["Bag of Marbles"],"max_hp_gain":0,"max_hp_loss":0,"event_name":"Addict","floor":21,"gold_loss":85}],"is_beta":false,"boss_relics":[{"not_picked":["Ring of the Serpent","Runic Dome"],"picked":"Coffee Dripper"}],"items_purged_floors":[],"is_endless":false,"potions_floor_spawned":[3,8,14,18,22],"killed_by":"Shelled Parasite and Fungi","ascension_level":20}}