{"host":"q8niu1x2pgv94o1d","time":1609500982,"event":{"mods":["AchievementEnabler","BaseMod","Colored Map","Colored Powertips","Minty Spire (QoL Compilation)","StSLib"],"gold_per_floor":[113,113,188,338,46,92,122,122,122,212,293,355,367,445,457,620,632,712,724,748,760,837,849,911,923,988,417,459,459,459],"floor_reached":29,"playtime":2571,"items_purged":["Doubt","Defend_P"],"score":607,"play_id":"bd3eeff4-b88a-464c-9f97-53ff26f300e6","local_time":"20210101123622","is_ascension_mode":true,"campfire_choices":[{"data":"HandOfGreed","floor":8.0,"key":"SMITH"},{"data":"Vigilance","floor":13.0,"key":"SMITH"},{"data":"EmptyMind","floor":15.0,"key":"SMITH"},{"data":"Ragnarok","floor":23.0,"key":"SMITH"},{"floor":25,"key":"REST"}],"circlet_count":0,"master_deck":["AscendersBane","Strike_P","Defend_P","Eruption+1","Vigilance+1","CutThroughFate","HandOfGreed+1","EmptyMind+1","FearNoEvil","JustLucky","Ragnarok+1","Indignation+1","Evaluate+1","CarveReality+1","WreathOfFlame","MentalFortress","Evaluate+1","Worship+1","CrushJoints","Devotion"],"relics":["PureWater","NeowsBlessing","Boot","MawBank","Bottled Lightning","Shuriken","Astrolabe","Red Mask","Sundial","Centennial Puzzle"],"acts_visited":["Exordium","TheCity"],"potions_floor_usage":[24,28],"damage_taken":[{"damage":0.0,"enemies":"Jaw Worm","floor":1.0,"turns":1.0},{"damage":0.0,"enemies":"Lagavulin","floor":6.0,"turns":3.0},{"damage":0.0,"enemies":"Small Slimes","floor":7.0,"turns":1.0},{"damage":7.0,"enemies":"3 Sentries","floor":10.0,"turns":4.0},{"damage":0.0,"enemies":"2 Louse","floor":11.0,"turns":3.0},{"damage":0.0,"enemies":"Gremlin Nob","floor":12.0,"turns":2.0},{"damage":2.0,"enemies":"2 Fungi Beasts","floor":14.0,"turns":3.0},{"damage":24.0,"enemies":"Slime Boss","floor":16.0,"turns":10.0},{"damage":11.0,"enemies":"3 Byrds","floor":18.0,"turns":5.0},{"damage":0.0,"enemies":"Shell Parasite","floor":20.0,"turns":2.0},{"damage":12.0,"enemies":"Cultist and Chosen","floor":22.0,"turns":4.0},{"damage":0,"enemies":"Masked Bandits","floor":24,"turns":2},{"damage":27,"enemies":"3 Cultists","floor":28,"turns":4},{"damage":12,"enemies":"Gremlin Leader","floor":29,"turns":2}],"seed_played":"-8414775029409034413","potions_obtained":[{"floor":1.0,"key":"SmokeBomb"},{"floor":7.0,"key":"Ancient Potion"},{"floor":10.0,"key":"AttackPotion"},{"floor":16.0,"key":"AttackPotion"},{"floor":18.0,"key":"StancePotion"},{"floor":22.0,"key":"StancePotion"}],"is_trial":false,"path_per_floor":["M","?","?","?","$","E","M","R","T","E","M","E","R","M","R","B",null,"M","?","M","?","M","R","?","R","T","$","M","E"],"character_chosen":"WATCHER","items_purchased":["HandOfGreed","Sundial","Centennial Puzzle","SteroidPotion"],"campfire_rested":1,"item_purchase_floors":[5,27,27,27],"current_hp_per_floor":[61,61,50,50,50,50,50,50,50,43,43,43,43,41,41,17,55,44,44,44,44,32,32,32,52,52,52,25,13,13],"gold":459,"neow_bonus":"THREE_ENEMY_KILL","is_daily":false,"chose_seed":false,"campfire_upgraded":4,"win_rate":0.0,"timestamp":1609500982,"path_taken":["M","?","?","?","$","E","M","R","T","E","M","E","R","M","R","BOSS","M","?","M","?","?","R","?","R","T","$","M","E"],"items_purchased_type":["Card","Relic","Relic","Potion"],"build_version":"2020-12-22","purchased_purges":2,"victory":false,"max_hp_per_floor":[68,68,68,68,68,68,68,68,68,68,68,68,68,68,68,68,68,68,68,68,68,68,68,68,68,68,68,68,68,68],"card_choices":[{"not_picked":["FlyingSleeves","WreathOfFlame"],"picked":"CutThroughFate","floor":1.0},{"not_picked":["Halt","Swivel"],"picked":"EmptyMind","floor":6.0},{"not_picked":["ClearTheMind","JustLucky","Consecrate"],"picked":"SKIP","floor":7.0},{"not_picked":["ClearTheMind","JustLucky","Consecrate"],"picked":"SKIP","floor":7.0},{"not_picked":["Evaluate","ThirdEye"],"picked":"FearNoEvil","floor":10.0},{"not_picked":["ReachHeaven","Fasting2","Worship"],"picked":"SKIP","floor":11.0},{"not_picked":["ThirdEye","SashWhip"],"picked":"JustLucky","floor":12.0},{"not_picked":["Protect","Halt","EmptyBody"],"picked":"SKIP","floor":14.0},{"not_picked":["Judgement","Establishment"],"picked":"Ragnarok","floor":16.0},{"not_picked":["Study","ClearTheMind","SashWhip"],"picked":"SKIP","floor":18.0},{"not_picked":["Halt","PathToVictory","ClearTheMind"],"picked":"SKIP","floor":20.0},{"not_picked":["PathToVictory+1","Protect"],"picked":"Worship+1","floor":22.0},{"not_picked":["WindmillStrike","Consecrate"],"picked":"CrushJoints","floor":24},{"not_picked":["FearNoEvil","Evaluate"],"picked":"Devotion","floor":28}],"player_experience":1722083,"relics_obtained":[{"floor":6.0,"key":"Boot"},{"floor":9.0,"key":"MawBank"},{"floor":10.0,"key":"Bottled Lightning"},{"floor":12.0,"key":"Shuriken"},{"floor":24,"key":"Red Mask"}],"event_choices":[{"damage_healed":0.0,"max_hp_gain":0.0,"max_hp_loss":0.0,"gold_gain":0.0,"event_name":"Living Wall","player_choice":"Grow","floor":2.0,"gold_loss":0.0,"damage_taken":0.0,"cards_upgraded":["Eruption"]},{"damage_healed":0.0,"max_hp_gain":0.0,"max_hp_loss":0.0,"gold_gain":75.0,"event_name":"World of Goop","player_choice":"Gather Gold","floor":3.0,"gold_loss":0.0,"damage_taken":11.0},{"damage_healed":0.0,"max_hp_gain":0.0,"max_hp_loss":0.0,"gold_gain":150.0,"event_name":"Liars Game","player_choice":"AGREE","floor":4.0,"gold_loss":0.0,"damage_taken":0.0,"cards_obtained":["Doubt"]},{"damage_healed":0.0,"max_hp_gain":0.0,"max_hp_loss":0.0,"gold_gain":0.0,"cards_transformed":["Defend_P","Strike_P"],"event_name":"Drug Dealer","player_choice":"Became Test Subject","floor":19.0,"gold_loss":0.0,"damage_taken":0.0,"cards_obtained":["WreathOfFlame","MentalFortress"]},{"damage_healed":0.0,"max_hp_gain":0.0,"max_hp_loss":0.0,"gold_gain":0.0,"event_name":"Duplicator","player_choice":"Copied","floor":21.0,"gold_loss":0.0,"damage_taken":0.0,"cards_obtained":["Evaluate"]},{"damage_healed":0,"gold_gain":0,"player_choice":"Fought Bandits","damage_taken":0,"max_hp_gain":0,"max_hp_loss":0,"event_name":"Masked Bandits","floor":24,"gold_loss":0}],"is_beta":false,"boss_relics":[{"not_picked":["Snecko Eye","SacredBark"],"picked":"Astrolabe"}],"items_purged_floors":[5,27],"is_endless":false,"potions_floor_spawned":[1,7,10,16,18,22],"killed_by":"Gremlin Leader","ascension_level":20}}