{"host":"2lvuisjyit3p3u01","time":1609508087,"event":{"mods":["Act Like it!","BaseMod","Bestiary","Better Synergies","CapriCore","Colored Map","Colored Powertips","Duelist Mod","GifTheSpireLib","Minty Spire (QoL Compilation)","Quick Restart","Replay The Spire","StSLib"],"gold_per_floor":[144,144,724,738,754,754,456,456,456,456,531,561,581,581,581,855,855,871,871,887,192,192,192,192,192,210,230,230,230,244,989,1000,506,56,1312,1162,1664,1664,1664,2605,1911,1911,2864,2882,2905,2905,3474,3491,3491,3491,3491,3491],"floor_reached":53,"playtime":2348,"items_purged":["Decay","theDuelist:CastleWalls","theDuelist:CaveDragon"],"score":817,"play_id":"f1f3e2c8-778d-4838-b905-c22286119a5b","local_time":"20210101153447","is_ascension_mode":false,"campfire_choices":[{"data":"theDuelist:DinnerParty","floor":6,"key":"SMITH"},{"data":"theDuelist:ChimeratechOverdragon","floor":8,"key":"SMITH"},{"data":"theDuelist:EvilMind","floor":10,"key":"SMITH"},{"floor":15,"key":"REST"},{"data":"theDuelist:DragonRavine","floor":25,"key":"SMITH"},{"data":"theDuelist:StardustDragon","floor":29,"key":"SMITH"},{"data":"theDuelist:TyrantWing","floor":34,"key":"SMITH"},{"data":"theDuelist:FiveHeaded","floor":42,"key":"SMITH"},{"data":"theDuelist:BusterDrake","floor":46,"key":"SMITH"},{"data":"theDuelist:DragonCaptureJar","floor":51,"key":"SMITH"}],"circlet_count":0,"master_deck":["theDuelist:BabyDragon+1","theDuelist:CastleWalls","theDuelist:CaveDragon+1","theDuelist:CaveDragon+1","theDuelist:DinnerParty+1","theDuelist:LesserDragon+1","theDuelist:LesserDragon+1","theDuelist:Sparks","theDuelist:YamataDragon+1","theDuelist:EvilMind+1","theDuelist:BigFire","theDuelist:TwinBarrelDragon+1","theDuelist:YamataDragon+1","theDuelist:SilverDragon+1","theDuelist:BabyDragon+1","theDuelist:TwinHeadedFire+1","theDuelist:ChimeratechOverdragon+1","theDuelist:DragonCaptureJar+1","theDuelist:ForbiddenLance","theDuelist:StardustDragon+1","theDuelist:AncientGearGadjiltron","theDuelist:DragonRavine+1","theDuelist:TyrantWing+1","theDuelist:FiveHeaded+1","theDuelist:BusterDrake+1"],"relics":["theDuelist:MillenniumPuzzle","theDuelist:CardPoolRelic","theDuelist:CardPoolBasicRelic","theDuelist:BoosterPackPoolRelic","theDuelist:CardPoolAddRelic","theDuelist:CardPoolMinusRelic","theDuelist:CardPoolSaveRelic","theDuelist:CardPoolOptionsRelic","Replay:Rubber Ducky","Orrery","Turnip","theDuelist:GamblerChip","ReplayTheSpireMod:Ninjato","Magic Flower","Charon\u0027s Ashes","theDuelist:GoldenScale","theDuelist:MillenniumPrayerbook","Centennial Puzzle","Replay:Bronze Core","theDuelist:MillenniumArmor","theDuelist:ShopToken","Pear","Bag of Marbles","Bag of Preparation","Meat on the Bone"],"acts_visited":["Exordium","TheCity","TheBeyond"],"potions_floor_usage":[12,13,16,35,35,35,43,52,52],"damage_taken":[{"damage":1,"enemies":"2 Louse","floor":1,"turns":2},{"damage":6,"enemies":"Cultist","floor":3,"turns":4},{"damage":0,"enemies":"Small Slimes","floor":4,"turns":2},{"damage":6,"enemies":"2 Fungi Beasts","floor":5,"turns":3},{"damage":9,"enemies":"3 Sentries","floor":12,"turns":4},{"damage":8,"enemies":"Exordium Wildlife","floor":13,"turns":3},{"damage":65,"enemies":"The Guardian","floor":16,"turns":10},{"damage":10,"enemies":"Shell Parasite","floor":18,"turns":3},{"damage":3,"enemies":"3 Byrds","floor":20,"turns":4},{"damage":0,"enemies":"3 Cultists","floor":26,"turns":4},{"damage":15,"enemies":"Snake Plant","floor":27,"turns":4},{"damage":0,"enemies":"Sentry and Sphere","floor":30,"turns":2},{"damage":20,"enemies":"Centurion and Healer","floor":31,"turns":2},{"damage":3,"enemies":"Cultist and Chosen","floor":32,"turns":3},{"damage":11,"enemies":"Automaton","floor":35,"turns":5},{"damage":5,"enemies":"3 Darklings","floor":37,"turns":3},{"damage":19,"enemies":"3 Shapes","floor":40,"turns":3},{"damage":10,"enemies":"Giant Head","floor":43,"turns":6},{"damage":14,"enemies":"Maw","floor":44,"turns":4},{"damage":0,"enemies":"Reptomancer","floor":47,"turns":4},{"damage":0,"enemies":"Spire Growth","floor":48,"turns":2},{"damage":2,"enemies":"Donu and Deca","floor":52,"turns":4}],"seed_played":"-185955739423534116","potions_obtained":[{"floor":1,"key":"FearPotion"},{"floor":3,"key":"theDuelist:LavaBottle"},{"floor":12,"key":"theDuelist:FlamingBottle"},{"floor":18,"key":"theDuelist:StunPotion"},{"floor":20,"key":"theDuelist:BabyPotion"},{"floor":40,"key":"theDuelist:DragonOrbPlusBottle"},{"floor":47,"key":"theDuelist:BigTributeBottle"}],"is_trial":false,"path_per_floor":["M","?","M","M","M","R","$","R","T","R","?","E","M","?","R","B",null,"M","?","M","$","T","PTL","PTL","R","M","M","T","R","M","M","M","$","R","B",null,"M","?","?","M","$","R","E","M","T","R","E","M","?","?","R","B",null],"character_chosen":"THE_DUELIST","items_purchased":["Replay:Rubber Ducky","Orrery","ReplayTheSpireMod:Ninjato","Magic Flower","theDuelist:DragonRavine","PowerPotion","theDuelist:MillenniumPrayerbook","Centennial Puzzle","theDuelist:MillenniumArmor","theDuelist:ShopToken","Pear","theDuelist:BusterDrake","DistilledChaos"],"campfire_rested":1,"item_purchase_floors":[7,7,21,21,21,21,33,33,41,41,41,41,41],"current_hp_per_floor":[87,87,81,81,75,75,75,75,75,75,64,55,47,47,73,40,120,110,110,107,107,107,107,107,107,107,92,92,92,92,86,83,83,83,72,129,124,124,124,105,115,115,105,91,91,91,91,91,91,91,91,175],"gold":3491,"neow_bonus":"TEN_PERCENT_HP_BONUS","is_daily":false,"chose_seed":false,"campfire_upgraded":9,"win_rate":0.0,"timestamp":1609508087,"path_taken":["M","?","?","M","M","R","$","R","T","R","?","E","M","?","R","BOSS","M","?","M","$","?","PTL","PTL","R","?","M","T","R","M","M","M","$","R","BOSS","M","?","?","?","$","R","E","M","T","R","E","M","?","?","R","BOSS"],"items_purchased_type":["Relic","Relic","Relic","Relic","Card","Potion","Relic","Relic","Relic","Relic","Relic","Card","Potion"],"build_version":"2020-12-22","purchased_purges":3,"victory":true,"max_hp_per_floor":[88,88,88,88,88,88,88,88,88,88,88,88,88,88,88,120,120,120,120,120,120,120,120,120,120,120,120,120,120,120,129,129,129,129,129,129,129,129,129,129,139,139,139,139,139,139,139,139,139,139,139,196],"card_choices":[{"not_picked":["theDuelist:SpiralSpearStrike","theDuelist:Earthquake","theDuelist:DefenseZone","theDuelist:Dracocension"],"picked":"theDuelist:EvilMind","floor":1},{"not_picked":["theDuelist:PurplePainOni","theDuelist:RainbowOverdragon","theDuelist:MagicalStone","theDuelist:ImperialOrder"],"picked":"theDuelist:BigFire","floor":3},{"not_picked":["theDuelist:CyberValley","theDuelist:BlackPtera","theDuelist:Beatraptor","theDuelist:DarkDriceratops"],"picked":"theDuelist:TwinBarrelDragon","floor":4},{"not_picked":["theDuelist:CyberDragonNachster","theDuelist:AncientPixieDragon","theDuelist:DefenseZone","theDuelist:SphereChaos"],"picked":"theDuelist:YamataDragon","floor":5},{"not_picked":["theDuelist:BusterBlader","theDuelist:FrostflameDragon","theDuelist:ViceDragon","theDuelist:EyeTimaeus"],"picked":"theDuelist:SilverDragon","floor":7},{"not_picked":["theDuelist:CyberValley","theDuelist:CyberDragonVier","theDuelist:Earthquake","theDuelist:RedEyes"],"picked":"theDuelist:BabyDragon","floor":7},{"not_picked":["theDuelist:TwinBarrelDragon","theDuelist:DarkHorus","theDuelist:BlackPtera","theDuelist:Hydrogeddon"],"picked":"theDuelist:TwinHeadedFire","floor":7},{"not_picked":["theDuelist:RedEyesZombie","theDuelist:AncientGearGadjiltron"],"picked":"theDuelist:ChimeratechOverdragon","floor":7},{"not_picked":["theDuelist:MiraculousDescent","theDuelist:JurassicImpact","theDuelist:DefenseDraw","theDuelist:CyberneticOverflow"],"picked":"theDuelist:DragonCaptureJar","floor":7},{"not_picked":["theDuelist:RedHeadedOni","theDuelist:LordD","theDuelist:LeviaDragon","theDuelist:Frostosaurus"],"picked":"theDuelist:UltraEvolutionPill","floor":12},{"not_picked":["theDuelist:BattleguardKing","theDuelist:BigFire","theDuelist:Hinotama","theDuelist:RainbowOverdragon"],"picked":"theDuelist:ForbiddenLance","floor":13},{"not_picked":["theDuelist:SliferSky","theDuelist:Scapegoat","theDuelist:OceanDragonLord","theDuelist:BlasterDragonInfernos"],"picked":"theDuelist:StardustDragon","floor":16},{"not_picked":["theDuelist:TrihornedDragon+1","theDuelist:MadFlameKaiju","theDuelist:GiantRex","theDuelist:BlackTyranno","theDuelist:BarrelDragon"],"picked":"SKIP","floor":18},{"not_picked":["theDuelist:Kabazauls","theDuelist:BlackPtera","theDuelist:TwinHeadedFire","theDuelist:BeserkDragon"],"picked":"theDuelist:AncientGearGadjiltron","floor":20},{"not_picked":["theDuelist:TailSwipe","theDuelist:SurvivalFittest","theDuelist:GaiaDragonChamp"],"picked":"SKIP","floor":26},{"not_picked":["theDuelist:WaterDragon","theDuelist:TailSwipe","theDuelist:DragonMastery","theDuelist:DoomkaiserDragon","theDuelist:ChimeratechOverdragon+1"],"picked":"SKIP","floor":27},{"not_picked":["theDuelist:TrihornedDragon","theDuelist:MadSwordBeast","theDuelist:BlackTyranno","theDuelist:MadFlameKaiju","theDuelist:BarrelDragon"],"picked":"SKIP","floor":30},{"not_picked":["theDuelist:ScrapIronScarecrow","theDuelist:SafeZone","theDuelist:DragonCaptureJar","theDuelist:BackupSoldier"],"picked":"theDuelist:TyrantWing","floor":31},{"not_picked":["theDuelist:BlackBrutdrago","theDuelist:TornadoDragon","theDuelist:Pyrorex","theDuelist:Vandalgyon"],"picked":"theDuelist:CaveDragon","floor":32},{"not_picked":["theDuelist:VoidOgreDragon","theDuelist:LostWorld","theDuelist:DefensiveTactics","theDuelist:ChimeratechOverdragon"],"picked":"theDuelist:FiveHeaded","floor":35},{"not_picked":["theDuelist:MadFlameKaiju+1","theDuelist:Kabazauls+1","theDuelist:Carboneddon","theDuelist:BlackVeloci+1","theDuelist:Anthrosaurus+1"],"picked":"SKIP","floor":37},{"not_picked":["theDuelist:MadFlameKaiju+1","theDuelist:GiantRex+1","theDuelist:BlackVeloci+1","theDuelist:Babycerasaurus+1","theDuelist:Lancephorhynchus+1"],"picked":"SKIP","floor":40},{"not_picked":["theDuelist:BlackPtera+1","theDuelist:CoralDragon","theDuelist:BabyDragon","theDuelist:Kabazauls","theDuelist:CyberEltanin"],"picked":"SKIP","floor":43},{"not_picked":["theDuelist:TwinHeadedFire+1","theDuelist:TwinBarrelDragon","theDuelist:SilverDragon+1","theDuelist:CaveDragon","theDuelist:GoldSarcophagus+1"],"picked":"SKIP","floor":44},{"not_picked":["Madness","Mayhem","Thinking Ahead+1","Violence"],"picked":"SKIP","floor":47},{"not_picked":["theDuelist:CyberValley+1","theDuelist:AquaDolphin","theDuelist:BabyDragon","theDuelist:MoltenDestruction+1","theDuelist:BlackBrutdrago+1"],"picked":"SKIP","floor":48}],"player_experience":229300,"relics_obtained":[{"floor":12,"key":"Turnip"},{"floor":22,"key":"Charon\u0027s Ashes"},{"floor":28,"key":"theDuelist:GoldenScale"},{"floor":43,"key":"Bag of Marbles"},{"floor":45,"key":"Bag of Preparation"},{"floor":47,"key":"Meat on the Bone"}],"event_choices":[{"damage_healed":0,"gold_gain":0,"player_choice":"Cursed","damage_taken":0,"max_hp_gain":0,"max_hp_loss":0,"event_name":"Wheel of Change","floor":2,"gold_loss":0,"cards_obtained":["Decay"]},{"damage_healed":0,"gold_gain":75,"player_choice":"Gather Gold","damage_taken":11,"max_hp_gain":0,"max_hp_loss":0,"event_name":"World of Goop","floor":11,"gold_loss":0},{"damage_healed":0,"gold_gain":0,"player_choice":"Grow","damage_taken":0,"max_hp_gain":0,"max_hp_loss":0,"event_name":"Living Wall","floor":14,"gold_loss":0,"cards_upgraded":["theDuelist:UltraEvolutionPill"]},{"damage_healed":0,"gold_gain":0,"player_choice":"Ignored","damage_taken":0,"max_hp_gain":0,"max_hp_loss":0,"event_name":"NoteForYourself","floor":19,"gold_loss":0},{"damage_healed":0,"gold_gain":0,"player_choice":"Leave","duelist":true,"damage_taken":0,"max_hp_gain":0,"max_hp_loss":0,"event_name":"Relic Duplicator","floor":38,"gold_loss":0},{"damage_healed":0,"gold_gain":0,"player_choice":"Ignored","damage_taken":0,"max_hp_gain":0,"max_hp_loss":0,"event_name":"Tomb of Lord Red Mask","floor":39,"gold_loss":0},{"cards_removed":["theDuelist:StormSparks"],"damage_healed":0,"gold_gain":0,"player_choice":"Removed Attack","damage_taken":0,"max_hp_gain":0,"max_hp_loss":0,"event_name":"Falling","floor":49,"gold_loss":0},{"damage_healed":0,"gold_gain":0,"player_choice":"Memory 1","damage_taken":0,"max_hp_gain":0,"max_hp_loss":0,"event_name":"SensoryStone","floor":50,"gold_loss":0}],"is_beta":false,"boss_relics":[{"not_picked":["Runic Pyramid","ReplayTheSpireMod:DimensionalGlitch"],"picked":"theDuelist:GamblerChip"},{"not_picked":["Pandora\u0027s Box","Snecko Eye"],"picked":"Replay:Bronze Core"}],"items_purged_floors":[21,33,41],"is_endless":false,"potions_floor_spawned":[1,3,12,18,20,26,30,40,47],"ascension_level":0}}