{"host":"tzyzz5n7hg2ni9q2","time":1609494311,"event":{"mods":["BaseMod","Minty Spire (QoL Compilation)","Quick Restart"],"gold_per_floor":[109,125,125,75,0,34,59,90,129,154,180,192,204,228,240,353,365,389,414,437,399,425,437,465,505,517,561,848,877,232,245,245,344,344,362,362,114,114,132,132,132,132,184,204,232,242,253,268,268,268,268],"floor_reached":50,"playtime":2380,"items_purged":["Strike_R","Regret"],"score":545,"play_id":"27ceecc4-bfa8-48a9-a1de-278e5471bb4c","local_time":"20210101104511","is_ascension_mode":false,"campfire_choices":[{"data":"Disarm","floor":12.0,"key":"SMITH"},{"floor":15.0,"key":"RECALL"},{"data":"Limit Break","floor":23.0,"key":"SMITH"},{"floor":32.0,"key":"REST"},{"data":"Creative AI","floor":40.0,"key":"SMITH"},{"data":"True Grit","floor":42.0,"key":"SMITH"},{"floor":49.0,"key":"REST"}],"circlet_count":0,"master_deck":["Defend_R","Defend_R","Defend_R","Defend_R","Bash+1","Headbutt","Seeing Red","Shrug It Off","Disarm+1","Limit Break+1","Cleave","Warcry+1","Shrug It Off+1","True Grit+1","Battle Trance+1","Sadistic Nature","Trip","Creative AI+1","Sadistic Nature","FollowUp+1","True Grit+1","Trip+1"],"relics":["Burning Blood","MawBank","Vajra","Sozu","Tiny Chest","Thread and Needle","Bag of Marbles","Orichalcum","PrismaticShard","Empty Cage","Paper Frog","Darkstone Periapt","InkBottle"],"acts_visited":["Exordium","TheCity","TheBeyond"],"potions_floor_usage":[],"damage_taken":[{"damage":0.0,"enemies":"Small Slimes","floor":1.0,"turns":3.0},{"damage":8.0,"enemies":"Jaw Worm","floor":2.0,"turns":5.0},{"damage":53.0,"enemies":"3 Sentries","floor":6.0,"turns":10.0},{"damage":0.0,"enemies":"Cultist","floor":7.0,"turns":3.0},{"damage":8.0,"enemies":"Lots of Slimes","floor":8.0,"turns":5.0},{"damage":4.0,"enemies":"Looter","floor":10.0,"turns":4.0},{"damage":4.0,"enemies":"Red Slaver","floor":11.0,"turns":5.0},{"damage":0.0,"enemies":"2 Fungi Beasts","floor":14.0,"turns":6.0},{"damage":4.0,"enemies":"The Guardian","floor":16.0,"turns":17.0},{"damage":7.0,"enemies":"Shell Parasite","floor":18.0,"turns":7.0},{"damage":12.0,"enemies":"Chosen","floor":19.0,"turns":8.0},{"damage":0.0,"enemies":"Snecko","floor":20.0,"turns":5.0},{"damage":5.0,"enemies":"Cultist and Chosen","floor":22.0,"turns":5.0},{"damage":15.0,"enemies":"Snake Plant","floor":24.0,"turns":6.0},{"damage":18.0,"enemies":"Book of Stabbing","floor":25.0,"turns":7.0},{"damage":40.0,"enemies":"Slavers","floor":27.0,"turns":7.0},{"damage":13.0,"enemies":"Snecko","floor":29.0,"turns":6.0},{"damage":5.0,"enemies":"Centurion and Healer","floor":31.0,"turns":5.0},{"damage":37.0,"enemies":"Collector","floor":33.0,"turns":10.0},{"damage":1.0,"enemies":"Orb Walker","floor":35.0,"turns":6.0},{"damage":20.0,"enemies":"3 Darklings","floor":39.0,"turns":5.0},{"damage":7.0,"enemies":"Jaw Worm Horde","floor":44.0,"turns":6.0},{"damage":25.0,"enemies":"Nemesis","floor":45.0,"turns":7.0},{"damage":13.0,"enemies":"Maw","floor":46.0,"turns":10.0},{"damage":3.0,"enemies":"3 Darklings","floor":47.0,"turns":7.0},{"damage":9.0,"enemies":"Transient","floor":48.0,"turns":5.0},{"damage":54,"enemies":"Donu and Deca","floor":50,"turns":6}],"seed_played":"8647791787160334121","potions_obtained":[{"floor":2.0,"key":"EntropicBrew"},{"floor":6.0,"key":"PowerPotion"},{"floor":7.0,"key":"SteroidPotion"},{"floor":14.0,"key":"Swift Potion"}],"is_trial":false,"path_per_floor":["M","M","?","?","$","E","M","M","T","M","M","R","$","M","R","B",null,"M","M","M","?","M","R","M","E","T","E","?","M","$","M","R","B",null,"M","?","$","T","M","R","?","R","T","M","E","M","M","M","R","B"],"character_chosen":"IRONCLAD","items_purchased":["Sadistic Nature","Trip","Orichalcum","PrismaticShard","Paper Frog"],"campfire_rested":2,"item_purchase_floors":[30,30,30,30,37],"current_hp_per_floor":[80,78,78,78,78,31,37,35,35,37,39,39,39,45,45,47,80,79,73,79,79,80,80,71,59,59,25,25,18,18,19,43,12,80,80,80,80,80,66,66,66,66,66,65,46,39,42,39,63,9,9],"gold":268,"neow_bonus":"THREE_CARDS","is_daily":false,"chose_seed":false,"campfire_upgraded":4,"win_rate":0.0,"timestamp":1609494311,"path_taken":["M","M","?","?","?","E","M","M","T","M","M","R","$","M","R","BOSS","M","?","?","?","M","R","?","E","T","E","?","?","$","M","R","BOSS","M","?","$","?","M","R","?","R","T","M","E","M","?","M","R","BOSS"],"items_purchased_type":["Card","Card","Relic","Relic","Relic"],"build_version":"2020-12-22","purchased_purges":2,"victory":false,"max_hp_per_floor":[80,80,80,80,80,80,80,80,80,80,80,80,80,80,80,80,80,80,80,80,80,80,80,80,80,80,80,80,80,80,80,80,80,80,80,80,80,80,80,80,80,80,80,80,80,80,80,80,80,80,80],"card_choices":[{"not_picked":["Clothesline","Sword Boomerang"],"picked":"Headbutt","floor":0.0},{"not_picked":["Anger","Thunderclap","Headbutt"],"picked":"SKIP","floor":1.0},{"not_picked":["Headbutt","Rupture","Warcry"],"picked":"SKIP","floor":2.0},{"not_picked":["Havoc","Reckless Charge"],"picked":"Seeing Red","floor":6.0},{"not_picked":["Rage","Bloodletting"],"picked":"Shrug It Off","floor":7.0},{"not_picked":["Twin Strike","Warcry","Blood for Blood"],"picked":"SKIP","floor":8.0},{"not_picked":["Twin Strike","Fire Breathing"],"picked":"Disarm","floor":10.0},{"not_picked":["Clothesline","Armaments","Warcry"],"picked":"SKIP","floor":11.0},{"not_picked":["Pommel Strike","Perfected Strike","Wild Strike"],"picked":"SKIP","floor":14.0},{"not_picked":["Reaper","Corruption"],"picked":"Limit Break","floor":16.0},{"not_picked":["Warcry","Clothesline+1","Thunderclap"],"picked":"SKIP","floor":18.0},{"not_picked":["Combust","Iron Wave"],"picked":"Cleave","floor":19.0},{"not_picked":["Perfected Strike","Armaments","Iron Wave"],"picked":"SKIP","floor":20.0},{"not_picked":["Intimidate","Dual Wield+1"],"picked":"Warcry+1","floor":22.0},{"not_picked":["Searing Blow","Flex"],"picked":"Shrug It Off+1","floor":24.0},{"not_picked":["Headbutt","Combust"],"picked":"True Grit","floor":25.0},{"not_picked":["Power Through","Armaments+1"],"picked":"Battle Trance+1","floor":27.0},{"not_picked":["Blood for Blood","Limit Break","Flex"],"picked":"SKIP","floor":29.0},{"not_picked":["Swift Strike","Dagger Spray+1","Gash+1"],"picked":"SKIP","floor":31.0},{"not_picked":["ConjureBlade","Electrodynamics"],"picked":"Creative AI","floor":33.0},{"not_picked":["Acrobatics","SashWhip","Combust"],"picked":"SKIP","floor":35.0},{"not_picked":["Mind Blast","Discovery"],"picked":"Sadistic Nature","floor":36.0},{"not_picked":["Study","Metallicize"],"picked":"FollowUp+1","floor":39.0},{"not_picked":["Intimidate","Cleave+1","Armaments+1"],"picked":"SKIP","floor":44.0},{"not_picked":["Feed","LikeWater+1","PathToVictory+1"],"picked":"SKIP","floor":45.0},{"not_picked":["Thunderclap","InnerPeace"],"picked":"True Grit+1","floor":46.0},{"not_picked":["Swivel+1","Acrobatics+1","FlyingSleeves+1"],"picked":"SKIP","floor":47.0},{"not_picked":["Consecrate+1","Twin Strike+1"],"picked":"Trip+1","floor":48.0}],"player_experience":212390,"relics_obtained":[{"floor":6.0,"key":"MawBank"},{"floor":9.0,"key":"Vajra"},{"floor":25.0,"key":"Tiny Chest"},{"floor":26.0,"key":"Thread and Needle"},{"floor":27.0,"key":"Bag of Marbles"},{"floor":38.0,"key":"Darkstone Periapt"},{"floor":45.0,"key":"InkBottle"}],"event_choices":[{"damage_healed":0.0,"max_hp_gain":0.0,"max_hp_loss":0.0,"gold_gain":0.0,"event_name":"Living Wall","player_choice":"Grow","floor":3.0,"gold_loss":0.0,"damage_taken":0.0,"cards_upgraded":["Bash"]},{"cards_removed":["Strike_R"],"damage_healed":0.0,"max_hp_gain":0.0,"max_hp_loss":0.0,"gold_gain":0.0,"event_name":"The Cleric","player_choice":"Card Removal","floor":4.0,"gold_loss":50.0,"damage_taken":0.0},{"damage_healed":0.0,"max_hp_gain":0.0,"max_hp_loss":0.0,"gold_gain":0.0,"event_name":"The Joust","player_choice":"Bet on Murderer","floor":21.0,"gold_loss":50.0,"damage_taken":0.0},{"damage_healed":0.0,"max_hp_gain":0.0,"max_hp_loss":0.0,"gold_gain":275.0,"event_name":"Golden Shrine","player_choice":"Desecrate","floor":28.0,"gold_loss":0.0,"damage_taken":0.0,"cards_obtained":["Regret"]},{"damage_healed":0.0,"max_hp_gain":0.0,"max_hp_loss":0.0,"gold_gain":0.0,"event_name":"SensoryStone","player_choice":"Memory 1","floor":36.0,"gold_loss":0.0,"damage_taken":0.0},{"cards_removed":["Strike_R"],"damage_healed":0.0,"max_hp_gain":0.0,"max_hp_loss":0.0,"gold_gain":0.0,"event_name":"Purifier","player_choice":"Purged","floor":41.0,"gold_loss":0.0,"damage_taken":0.0}],"is_beta":false,"boss_relics":[{"not_picked":["Black Star","Runic Cube"],"picked":"Sozu"},{"not_picked":["Philosopher\u0027s Stone","Runic Pyramid"],"picked":"Empty Cage"}],"items_purged_floors":[5,30],"is_endless":false,"potions_floor_spawned":[2,6,7,14,20,22,31,35,39,45],"killed_by":"Donu and Deca","ascension_level":0}}