{"host":"ds28d883r3sz42zs","time":1609544805,"event":{"mods":["2.2 Compatiblity","AchievementEnabler","Act Like it!","BaseMod","Bestiary","Better Match","Better Sensory Stone","Better Third Choice","Better-Laid Plans","BetterRewards","Block Reminder","Challenge The Spire","Colored Map","Colored Powertips","DeckTracker","Defuse TimeMaze Blight","Disable Question Mark Monsters","Displayed Cursed Tome","Emptier Cage","GifTheSpireLib","Gold Saver","Hallownest","Infinite Spire","Jedi Mod","Minty Spire (QoL Compilation)","Permanent Neow","Practice Mode","Quick Restart","Random Character Button","Rare Cards Sparkle","Relic Filter","Relic Sorter","Relic Stats","SacredBarkPlus","Shop Mod","StSLib","SuperFastMode","The Bug Knight","Uncapped","Unknown Chances"],"gold_per_floor":[217,232,232,245,245,168,168,168,168,168,1,1,1,1,1,1,1,1,0,0,0,0,0],"floor_reached":22,"playtime":974,"items_purged":["Strike_B"],"score":387,"play_id":"ac8501f8-3511-44c3-b6a1-f741926221c8","local_time":"20210101184645","is_ascension_mode":true,"campfire_choices":[{"data":"Beam Cell","floor":10.0,"key":"SMITH"},{"data":"Hologram","floor":13.0,"key":"SMITH"},{"data":"Flash of Steel","floor":15.0,"key":"SMITH"}],"circlet_count":0,"master_deck":["AscendersBane","Strike_B","Strike_B","Defend_B","Defend_B","Defend_B","Defend_B","jedi:sharpshooter+1","All For One+1","jedi:hex+1","Beam Cell+1","Hologram+1","Compile Driver","Flash of Steel+1","BootSequence","Echo Form","Turbo","Self Repair+1","RitualDagger","BootSequence"],"relics":["Astrolabe","Golden Idol","jedi:ominousloannote","jedi:heavyjacket","Akabeko","Potion Belt","infinitespire:ShieldingShard","HornCleat","Runic Pyramid"],"acts_visited":["Exordium","TheCity"],"potions_floor_usage":[],"damage_taken":[{"damage":3.0,"enemies":"2 Louse","floor":1.0,"turns":4.0},{"damage":7.0,"enemies":"Jaw Worm","floor":2.0,"turns":3.0},{"damage":0.0,"enemies":"Cultist","floor":4.0,"turns":2.0},{"damage":8.0,"enemies":"Blue Slaver","floor":7.0,"turns":4.0},{"damage":10.0,"enemies":"3 Sentries","floor":8.0,"turns":9.0},{"damage":0.0,"enemies":"Large Slime","floor":12.0,"turns":3.0},{"damage":0.0,"enemies":"Gremlin Nob","floor":14.0,"turns":3.0},{"damage":13.0,"enemies":"Slime Boss","floor":16.0,"turns":9.0},{"damage":0,"enemies":"Chosen","floor":18,"turns":3},{"damage":0,"enemies":"2 Thieves","floor":19,"turns":3},{"damage":0,"enemies":"Centurion and Healer","floor":21,"turns":6}],"seed_played":"-6314883327779869292","potions_obtained":[{"floor":4.0,"key":"AttackPotion"},{"floor":8.0,"key":"BlessingOfTheForge"},{"floor":12.0,"key":"Ancient Potion"},{"floor":16.0,"key":"PowerPotion"},{"floor":18,"key":"PowerPotion"}],"is_trial":false,"path_per_floor":["M","M","?","M","?","$","M","E","T","R","$","M","R","E","R","B",null,"M","M","?","M","?"],"character_chosen":"DEFECT","items_purchased":["jedi:ominousloannote","jedi:heavyjacket","Akabeko","Compile Driver","Flash of Steel","BootSequence"],"campfire_rested":0,"item_purchase_floors":[6,6,6,6,11,11],"current_hp_per_floor":[61,54,54,54,54,54,46,36,36,36,36,36,36,36,36,23,54,54,54,48,58,0,0],"gold":0,"neow_bonus":"BOSS_RELIC","is_daily":false,"chose_seed":false,"campfire_upgraded":3,"win_rate":0.0,"timestamp":1609544805,"path_taken":["M","M","?","M","?","?","?","E","T","R","?","M","R","E","R","BOSS","M","M","?","M","?"],"items_purchased_type":["Relic","Relic","Relic","Card","Card","Card"],"build_version":"2020-12-22","purchased_purges":1,"victory":false,"max_hp_per_floor":[71,71,71,71,64,64,64,64,64,64,64,64,64,64,64,64,64,64,64,64,64,64,64],"relic_stats":{"counters":[11,49],"Golden Idol":53,"Astrolabe":["jedi:sharpshooter","All For One","jedi:hex"],"obtain_stats":[{"Potion Belt":8,"jedi:heavyjacket":6,"infinitespire:ShieldingShard":9,"HornCleat":14,"Golden Idol":5,"jedi:ominousloannote":6,"Astrolabe":0,"Cracked Core":0,"Akabeko":6,"Runic Pyramid":17},{"Potion Belt":5,"jedi:heavyjacket":3,"infinitespire:ShieldingShard":5,"HornCleat":7,"Golden Idol":3,"jedi:ominousloannote":3,"Astrolabe":0,"Cracked Core":0,"Akabeko":3,"Runic Pyramid":8},{"Potion Belt":22,"jedi:heavyjacket":9,"infinitespire:ShieldingShard":22,"HornCleat":28,"Golden Idol":9,"jedi:ominousloannote":9,"Astrolabe":0,"Cracked Core":0,"Akabeko":9,"Runic Pyramid":37}]},"card_choices":[{"not_picked":["jedi:hex","Rebound","Leap"],"picked":"SKIP","floor":1.0},{"not_picked":["Barrage","Steam Power"],"picked":"Beam Cell","floor":2.0},{"not_picked":["Static Discharge","Cold Snap"],"picked":"Hologram","floor":4.0},{"not_picked":["Coolheaded","Cold Snap","jedi:BurstLightning"],"picked":"SKIP","floor":7.0},{"not_picked":["Melter","Ball Lightning","Darkness"],"picked":"SKIP","floor":8.0},{"not_picked":["Lockon","Heatsinks","jedi:BurstLightning"],"picked":"SKIP","floor":12.0},{"not_picked":["Fusion","Beam Cell"],"picked":"Echo Form","floor":14.0},{"not_picked":["jedi:BurstLightning","Capacitor+1"],"picked":"Turbo","floor":18},{"not_picked":["Reinforced Body","Chill"],"picked":"Self Repair+1","floor":19},{"not_picked":["Aggregate","BootSequence","Double Energy"],"picked":"SKIP","floor":21},{"not_picked":["Aggregate","Double Energy"],"picked":"BootSequence","floor":21}],"player_experience":758859,"relics_obtained":[{"floor":8.0,"key":"Potion Belt"},{"floor":9.0,"key":"infinitespire:ShieldingShard"},{"floor":14.0,"key":"HornCleat"}],"event_choices":[{"damage_healed":0.0,"max_hp_gain":0.0,"max_hp_loss":0.0,"gold_gain":0.0,"event_name":"betterThird:BetterSerpent","player_choice":"Ignored","floor":3.0,"gold_loss":0.0,"damage_taken":232.0},{"damage_healed":0.0,"max_hp_gain":0.0,"max_hp_loss":7.0,"gold_gain":0.0,"event_name":"Golden Idol","player_choice":"Lose Max HP","floor":5.0,"gold_loss":0.0,"damage_taken":0.0,"relics_obtained":["Golden Idol"]},{"damage_healed":0,"gold_gain":0,"player_choice":"Dagger","damage_taken":6,"max_hp_gain":0,"max_hp_loss":0,"event_name":"betterThird:BetterNest","floor":20,"gold_loss":0,"cards_obtained":["RitualDagger"]}],"is_beta":false,"boss_relics":[{"not_picked":["Pandora\u0027s Box","SlaversCollar"],"picked":"Runic Pyramid"}],"items_purged_floors":[6],"is_endless":false,"potions_floor_spawned":[4,8,12,16,18],"ascension_level":15}}