{"host":"j0vzbnzm6n2ctevn","time":1609490932,"event":{"mods":["AchievementEnabler","BaseMod","Minty Spire (QoL Compilation)","Quick Restart","Shop Mod","Spicy Shops","StSLib"],"gold_per_floor":[111,111,36,53,66,66,94,114,168,168,248,280,280,296,296,397,397,411,336,336,346,371,371,371],"floor_reached":23,"playtime":795,"items_purged":["Strike_R"],"score":239,"play_id":"451ccf47-e707-4b23-9606-d986284d0b68","local_time":"20210101164852","is_ascension_mode":true,"campfire_choices":[{"floor":6.0,"key":"REST"},{"data":"Armaments","floor":10.0,"key":"SMITH"},{"data":"Flex","floor":13.0,"key":"SMITH"},{"floor":15.0,"key":"REST"}],"circlet_count":0,"master_deck":["Strike_R","Strike_R","Defend_R","Defend_R","Defend_R","Defend_R","Bash","Clash","Rage","Flex+1","Thunderclap+1","Armaments+1","Twin Strike+1","Carnage+1","Barricade","Flame Barrier","Dual Wield"],"relics":["Burning Blood","Incense Burner","Molten Egg 2","Ancient Tea Set","Letter Opener","Bag of Marbles","Runic Pyramid","Dream Catcher"],"acts_visited":["Exordium","TheCity"],"potions_floor_usage":[16,16],"damage_taken":[{"damage":7.0,"enemies":"Jaw Worm","floor":1.0,"turns":3.0},{"damage":1.0,"enemies":"Cultist","floor":4.0,"turns":3.0},{"damage":0.0,"enemies":"Small Slimes","floor":5.0,"turns":3.0},{"damage":35.0,"enemies":"Lagavulin","floor":7.0,"turns":8.0},{"damage":9.0,"enemies":"3 Louse","floor":8.0,"turns":4.0},{"damage":23.0,"enemies":"3 Sentries","floor":12.0,"turns":9.0},{"damage":0.0,"enemies":"Blue Slaver","floor":14.0,"turns":2.0},{"damage":28,"enemies":"Hexaghost","floor":16,"turns":6},{"damage":12,"enemies":"Shell Parasite","floor":18,"turns":5},{"damage":15,"enemies":"Spheric Guardian","floor":21,"turns":5},{"damage":69,"enemies":"Book of Stabbing","floor":23,"turns":5}],"seed_played":"-9192219366440008718","potions_obtained":[{"floor":4.0,"key":"FearPotion"},{"floor":5.0,"key":"Strength Potion"},{"floor":7.0,"key":"DistilledChaos"},{"floor":21,"key":"Ancient Potion"}],"is_trial":false,"path_per_floor":["M","?","$","M","M","R","E","M","T","R","T","E","R","M","R","B",null,"M","?","?","M","T","E"],"character_chosen":"IRONCLAD","items_purchased":[],"campfire_rested":2,"item_purchase_floors":[],"current_hp_per_floor":[55,55,55,60,66,80,51,48,48,48,48,31,31,37,61,39,80,74,74,74,65,65,0,0],"gold":371,"neow_bonus":"ONE_RARE_RELIC","is_daily":false,"chose_seed":false,"campfire_upgraded":2,"win_rate":0.0,"timestamp":1609490932,"path_taken":["M","?","$","M","M","R","E","?","T","R","?","E","R","M","R","BOSS","M","?","?","M","?","E"],"items_purchased_type":[],"build_version":"2020-12-22","purchased_purges":1,"victory":false,"max_hp_per_floor":[80,80,80,80,80,80,80,80,80,80,80,80,80,80,80,80,80,80,80,80,80,80,80,80],"card_choices":[{"not_picked":["Warcry","Havoc"],"picked":"Clash","floor":1.0},{"not_picked":["Shrug It Off","Headbutt"],"picked":"Rage","floor":4.0},{"not_picked":["Clothesline","Battle Trance"],"picked":"Flex","floor":5.0},{"not_picked":["Armaments","Impervious"],"picked":"Thunderclap+1","floor":7.0},{"not_picked":["Feel No Pain","Sever Soul+1"],"picked":"Armaments","floor":8.0},{"not_picked":["Iron Wave+1","Wild Strike+1"],"picked":"Twin Strike+1","floor":12.0},{"not_picked":["Fiend Fire+1","Armaments"],"picked":"Carnage+1","floor":14.0},{"not_picked":["Juggernaut","Offering"],"picked":"Barricade","floor":16},{"not_picked":["Sword Boomerang+1","Iron Wave+1"],"picked":"Flame Barrier","floor":18},{"not_picked":["Carnage+1","Warcry"],"picked":"Dual Wield","floor":21}],"player_experience":90036,"relics_obtained":[{"floor":7.0,"key":"Molten Egg 2"},{"floor":9.0,"key":"Ancient Tea Set"},{"floor":11.0,"key":"Letter Opener"},{"floor":12.0,"key":"Bag of Marbles"},{"floor":22,"key":"Dream Catcher"}],"event_choices":[{"damage_healed":0.0,"max_hp_gain":0.0,"max_hp_loss":0.0,"gold_gain":0.0,"event_name":"The Woman in Blue","player_choice":"Bought 0 Potions","floor":2.0,"gold_loss":0.0,"damage_taken":0.0},{"cards_removed":["Strike_R"],"damage_healed":0,"gold_gain":0,"player_choice":"Gave Gold","damage_taken":0,"max_hp_gain":0,"max_hp_loss":0,"event_name":"Beggar","floor":19,"gold_loss":75},{"cards_removed":["Strike_R"],"damage_healed":0,"gold_gain":0,"player_choice":"Elegance","damage_taken":0,"max_hp_gain":0,"max_hp_loss":0,"event_name":"Back to Basics","floor":20,"gold_loss":0}],"is_beta":false,"boss_relics":[{"not_picked":["Runic Dome","Sozu"],"picked":"Runic Pyramid"}],"items_purged_floors":[3],"is_endless":false,"potions_floor_spawned":[4,5,7,12,21],"killed_by":"Book of Stabbing","ascension_level":4}}