{"host":"t7mx8yfj1no5p62f","time":1609520177,"event":{"mods":["BaseMod","Colored Map","Colored Powertips","Minty Spire (QoL Compilation)","Relic Stats","StSLib"],"gold_per_floor":[13,23,23,35,49,49,49,49,49,76,5,5,5,5,5,79,79,91,107,107,107,107],"floor_reached":21,"playtime":575,"items_purged":[],"score":354,"play_id":"3da5929c-7053-4630-9310-25018528fd66","local_time":"20210101115617","is_ascension_mode":true,"campfire_choices":[{"data":"Defragment","floor":6,"key":"SMITH"},{"data":"Lockon","floor":8,"key":"SMITH"},{"floor":12,"key":"REST"},{"data":"Ball Lightning","floor":15,"key":"SMITH"}],"circlet_count":0,"master_deck":["AscendersBane","Defend_B","Defend_B","Defend_B","Defend_B","Zap","Dualcast","Skim","Lockon+1","Defragment+1","Gash","Stack","Ball Lightning+1","Echo Form","Rainbow+1","Buffer","Hologram"],"relics":["Cracked Core","Mummified Hand","Runic Pyramid"],"acts_visited":["Exordium","TheCity"],"potions_floor_usage":[4,16,21],"damage_taken":[{"damage":4,"enemies":"Jaw Worm","floor":1,"turns":4},{"damage":1,"enemies":"Cultist","floor":2,"turns":3},{"damage":0,"enemies":"2 Louse","floor":4,"turns":3},{"damage":18,"enemies":"Large Slime","floor":5,"turns":5},{"damage":36,"enemies":"Gremlin Nob","floor":10,"turns":4},{"damage":9,"enemies":"Hexaghost","floor":16,"turns":6},{"damage":19,"enemies":"2 Thieves","floor":18,"turns":5},{"damage":0,"enemies":"Chosen","floor":19,"turns":5},{"damage":40,"enemies":"Snake Plant","floor":21,"turns":2}],"seed_played":"-9183961805192220928","potions_obtained":[{"floor":1,"key":"DistilledChaos"},{"floor":2,"key":"LiquidBronze"},{"floor":10,"key":"Explosive Potion"},{"floor":16,"key":"SteroidPotion"},{"floor":18,"key":"Ancient Potion"}],"is_trial":false,"path_per_floor":["M","M","?","M","M","R","?","R","T","E","?","R","?","$","R","B",null,"M","M","?","M"],"character_chosen":"DEFECT","items_purchased":[],"campfire_rested":1,"item_purchase_floors":[],"current_hp_per_floor":[60,59,59,59,41,41,41,41,41,5,5,26,26,26,26,17,58,39,39,39,0,0],"gold":107,"neow_bonus":"TRANSFORM_TWO_CARDS","is_daily":false,"chose_seed":false,"campfire_upgraded":3,"win_rate":0.0,"timestamp":1609520177,"path_taken":["M","M","?","M","?","R","?","R","T","E","?","R","?","?","R","BOSS","M","M","?","?"],"items_purchased_type":[],"build_version":"2020-12-22","purchased_purges":0,"victory":false,"max_hp_per_floor":[71,71,71,71,71,71,71,71,71,71,71,71,71,71,71,71,71,71,71,71,71,71],"relic_stats":{"counters":[9,37],"Mummified Hand":[11],"obtain_stats":[{"Mummified Hand":10,"Cracked Core":0,"Runic Pyramid":17},{"Mummified Hand":5,"Cracked Core":0,"Runic Pyramid":6},{"Mummified Hand":19,"Cracked Core":0,"Runic Pyramid":25}]},"card_choices":[{"not_picked":["Genetic Algorithm","Capacitor"],"picked":"Defragment","floor":1},{"not_picked":["BootSequence","Barrage"],"picked":"Gash","floor":2},{"not_picked":["Conserve Battery","FTL"],"picked":"Ball Lightning","floor":4},{"not_picked":["Aggregate","Go for the Eyes"],"picked":"Echo Form","floor":5},{"not_picked":["Double Energy","Coolheaded"],"picked":"Rainbow","floor":10},{"not_picked":["Core Surge","Creative AI"],"picked":"Buffer","floor":16},{"not_picked":["Doom and Gloom","Steam Power"],"picked":"Hologram","floor":18},{"not_picked":["Sweeping Beam","White Noise","Loop"],"picked":"SKIP","floor":19}],"player_experience":1626942,"relics_obtained":[{"floor":10,"key":"Mummified Hand"}],"event_choices":[{"damage_healed":0,"gold_gain":0,"cards_transformed":["Strike_B"],"player_choice":"Transformed","damage_taken":0,"max_hp_gain":0,"max_hp_loss":0,"event_name":"Transmorgrifier","floor":3,"gold_loss":0,"cards_obtained":["Stack"]},{"damage_healed":0,"gold_gain":0,"player_choice":"Ignored","damage_taken":0,"max_hp_gain":0,"max_hp_loss":0,"event_name":"Liars Game","floor":7,"gold_loss":0},{"damage_healed":0,"gold_gain":0,"player_choice":"Left Gold","damage_taken":0,"max_hp_gain":0,"max_hp_loss":0,"event_name":"World of Goop","floor":11,"gold_loss":71},{"damage_healed":0,"gold_gain":0,"player_choice":"Grow","damage_taken":0,"max_hp_gain":0,"max_hp_loss":0,"event_name":"Living Wall","floor":13,"gold_loss":0,"cards_upgraded":["Rainbow"]},{"cards_removed":["Strike_B"],"damage_healed":0,"gold_gain":0,"player_choice":"Card Removal","damage_taken":0,"max_hp_gain":0,"max_hp_loss":0,"event_name":"Wheel of Change","floor":20,"gold_loss":0}],"is_beta":false,"boss_relics":[{"not_picked":["FrozenCore","Sozu"],"picked":"Runic Pyramid"}],"items_purged_floors":[],"is_endless":false,"potions_floor_spawned":[1,2,10,16,18],"killed_by":"Snake Plant","ascension_level":20}}