{"host":"ln76an1o32p2wxtf","time":1609503218,"event":{"mods":["AchievementEnabler","Act Like it!","BaseMod","BetterRewards","Colored Powertips","Energized Spire","GifTheSpireLib","Infinite Spire","Minty Spire (QoL Compilation)","Shop Mod","StSLib"],"gold_per_floor":[116,116,141,155,155,155,199,199,225,249,249,292,308,331,331,331,331],"floor_reached":16,"playtime":1296,"items_purged":[],"score":118,"play_id":"fb245eb4-b259-49eb-bad3-a7f8267cf8ed","local_time":"20210101201338","is_ascension_mode":true,"campfire_choices":[{"floor":6,"key":"REST"},{"floor":8,"key":"REST"},{"floor":11,"key":"RECALL"},{"data":"Establishment","floor":15,"key":"SMITH"}],"circlet_count":0,"master_deck":["Strike_P","Strike_P","Strike_P","Strike_P","Defend_P","Defend_P","Defend_P","Defend_P","Eruption","Vigilance","JustLucky","infinitespire:Collect","Establishment+1","Protect","Wireheading","Nirvana"],"relics":["PureWater","Golden Idol","infinitespire:Beetle Shell","The Courier"],"acts_visited":["Exordium"],"potions_floor_usage":[12],"damage_taken":[{"damage":1,"enemies":"2 Louse","floor":1,"turns":4},{"damage":1,"enemies":"Jaw Worm","floor":3,"turns":5},{"damage":0,"enemies":"Cultist","floor":4,"turns":2},{"damage":32,"enemies":"Gremlin Nob","floor":7,"turns":4},{"damage":0,"enemies":"Large Slime","floor":10,"turns":4},{"damage":2,"enemies":"Lagavulin","floor":12,"turns":4},{"damage":12,"enemies":"Blue Slaver","floor":13,"turns":4},{"damage":0,"enemies":"Red Slaver","floor":14,"turns":3},{"damage":43,"enemies":"Hexaghost","floor":16,"turns":11}],"seed_played":"-1460799808478635015","potions_obtained":[{"floor":3,"key":"ColorlessPotion"},{"floor":4,"key":"EssenceOfSteel"},{"floor":10,"key":"Ancient Potion"},{"floor":12,"key":"Weak Potion"}],"is_trial":false,"path_per_floor":["M","?","M","M","?","R","E","R","T","M","R","E","M","M","R","B"],"character_chosen":"WATCHER","items_purchased":[],"campfire_rested":2,"item_purchase_floors":[],"current_hp_per_floor":[78,59,58,58,40,63,31,54,54,54,54,52,40,40,40,0,0],"gold":331,"neow_bonus":"TEN_PERCENT_HP_BONUS","is_daily":false,"chose_seed":false,"campfire_upgraded":1,"win_rate":0.0,"timestamp":1609503218,"path_taken":["M","?","M","M","?","R","E","R","T","M","R","E","M","M","R","BOSS"],"items_purchased_type":[],"build_version":"2020-12-22","purchased_purges":0,"victory":false,"max_hp_per_floor":[79,79,79,79,79,79,79,79,79,79,79,79,79,79,79,79,79],"card_choices":[{"not_picked":["EmptyMind","Crescendo","FollowUp"],"picked":"SKIP","floor":1},{"not_picked":["WreathOfFlame","FlyingSleeves","ThirdEye"],"picked":"SKIP","floor":3},{"not_picked":["EmptyBody","Halt"],"picked":"JustLucky","floor":4},{"not_picked":["infinitespire:Gouge","infinitespire:Menacing"],"picked":"infinitespire:Collect","floor":5},{"not_picked":["DeceiveReality","FearNoEvil","FlurryOfBlows"],"picked":"SKIP","floor":7},{"not_picked":["FlurryOfBlows","WreathOfFlame"],"picked":"Establishment","floor":10},{"not_picked":["Crescendo","Prostrate"],"picked":"Protect","floor":12},{"not_picked":["Wallop","Vengeance"],"picked":"Wireheading","floor":13},{"not_picked":["BowlingBash","SashWhip"],"picked":"Nirvana","floor":14}],"player_experience":674415,"relics_obtained":[{"floor":7,"key":"infinitespire:Beetle Shell"},{"floor":12,"key":"The Courier"}],"event_choices":[{"damage_healed":0,"gold_gain":0,"player_choice":"Take Damage","damage_taken":19,"relics_obtained":["Golden Idol"],"max_hp_gain":0,"max_hp_loss":0,"event_name":"Golden Idol","floor":2,"gold_loss":0}],"is_beta":false,"boss_relics":[],"items_purged_floors":[],"is_endless":false,"potions_floor_spawned":[3,4,10,12],"killed_by":"Hexaghost","ascension_level":1}}