{"host":"9sqwgc7o3s0c6ttp","time":1609491633,"event":{"mods":["AchievementEnabler","Act Like it!","Arknights The Spire","Aspiration","BaseMod","CapriCore","Colored Map","Colored Powertips","Dota2Spire","Friendly Minions","Gensokyo","HololiveMod","Infinite Spire","Minty Spire (QoL Compilation)","Pale of the Ancients","Replay The Spire","StSLib","Waifu the Spire","WarShipGirlsR/??á´Ò³R mod"],"gold_per_floor":[119,119,119,49,65,65,100,100,100,113,113,113,141,25,25,130,130,150,74,34,284,298,575,575,603,685,565,585,585,611,625,625,725,725,739,759,759,564,307,307,307,332,332,348,348,348,360,360,360,360],"floor_reached":51,"playtime":2024,"items_purged":["Clumsy","Parasite"],"score":943,"play_id":"169c2267-222d-44a7-81ea-62360ca350f7","local_time":"20210101180033","is_ascension_mode":true,"campfire_choices":[{"data":"ats:Emotion Absorption","floor":6.0,"key":"SMITH"},{"data":"ats:Rapid Magazine","floor":8.0,"key":"SMITH"},{"data":"ats:Flexible Camouflage","floor":15.0,"key":"SMITH"},{"data":"ats:Healing Strengthening","floor":24.0,"key":"SMITH"},{"floor":29.0,"key":"REST"},{"data":"ats:Revitalization","floor":32,"key":"SMITH"},{"data":"ats:Soul Rend","floor":40,"key":"SMITH"},{"floor":46,"key":"REST"},{"floor":49,"key":"REST"}],"circlet_count":0,"master_deck":["ats:Strike C","ats:Strike G","ats:Strike V+1","ats:Defend+1","ats:Emotion Absorption+1","ats:Poison Spread","Expertise","Die Die Die+1","Doppelganger+1","ats:Leaping Hammer","ats:Rapid Magazine+1","ats:Thorns","ats:Revitalization+1","ats:Flexible Camouflage+1","ats:Shadow Assault+1","ats:Soul Absorption+1","ats:Healing Strengthening+1","ats:Curse Doll+1","ats:Powerful Strike","ats:Composite Medical Shells","ats:Soul Rend+1","ats:Assault Order+1","Gensokyo:Shovel","ats:Consecutive Shot Auto+1","ats:Thermite Blade+1","ats:Cat Scratch"],"relics":["ats:Sanity","Gensokyo:NagashiBinaDoll","ats:Originium","aspiration:TomeofQuesting","Dota2Spire:DivineRapier","Gensokyo:Mercy","Pet Ghost","ReplayTheSpireMod:CursedCoin","Bronze Scales","Dota2Spire:Bloodstone","Incense Burner","Dota2Spire:ShivaGuard","ats:Military Tradition","Gensokyo:SpiderMask","ats:Lavender","Sozu","Gensokyo:EmptyGrave","Guide Book","ats:Snipe","infinitespire:Golems Mask","Bottled Tornado","ats:Berate"],"acts_visited":["Gensokyo:Gensokyo","Gensokyo:Gensokyoer","Gensokyo:Gensokyoest"],"potions_floor_usage":[33],"damage_taken":[{"damage":11.0,"enemies":"Gensokyo:2_Kodama","floor":1.0,"turns":4.0},{"damage":6.0,"enemies":"Gensokyo:Gryphon","floor":5.0,"turns":3.0},{"damage":10.0,"enemies":"Gensokyo:Mamizou","floor":7.0,"turns":7.0},{"damage":0.0,"enemies":"Gensokyo:3_Fairies","floor":10.0,"turns":3.0},{"damage":23.0,"enemies":"Gensokyo:Aya","floor":13.0,"turns":4.0},{"damage":45.0,"enemies":"Gensokyo:Kokoro","floor":16.0,"turns":11.0},{"damage":7.0,"enemies":"Gensokyo:Chomper","floor":18.0,"turns":3.0},{"damage":8.0,"enemies":"Gensokyo:3_Dogs","floor":22.0,"turns":4.0},{"damage":17.0,"enemies":"Gensokyo:Reisen","floor":23.0,"turns":7.0},{"damage":48.0,"enemies":"Gensokyo:Koishi","floor":25.0,"turns":5.0},{"damage":0.0,"enemies":"Gensokyo:Chomper_and_Gloop","floor":28.0,"turns":3.0},{"damage":7.0,"enemies":"Gensokyo:Reisen","floor":30.0,"turns":5.0},{"damage":0,"enemies":"Gensokyo:Swordslinger","floor":31,"turns":3},{"damage":32,"enemies":"Gensokyo:Eiki","floor":33,"turns":4},{"damage":1,"enemies":"Gensokyo:3_Bats","floor":35,"turns":2},{"damage":14,"enemies":"Gensokyo:3_Boulders","floor":36,"turns":4},{"damage":65,"enemies":"Gensokyo:Marisa","floor":42,"turns":4},{"damage":0,"enemies":"Gensokyo:AtlasGolem","floor":44,"turns":3},{"damage":0,"enemies":"Gensokyo:Sharpion","floor":47,"turns":2},{"damage":0,"enemies":"Gensokyo:Scarlet_Devils","floor":50,"turns":5}],"seed_played":"2708164913727043198","potions_obtained":[{"floor":7.0,"key":"SneckoOil"},{"floor":13.0,"key":"SteroidPotion"},{"floor":16.0,"key":"ats:Emergency Sanity Potion"},{"floor":18.0,"key":"CultistPotion"},{"floor":31,"key":"Block Potion"}],"is_trial":false,"path_per_floor":["M","?","?","?","M","R","E","R","T","M","?","?","E","$","R","B",null,"M","COS","?","?","M","E","R","E","T","?","M","R","E","M","R","B",null,"M","M","?","COS","$","R","?","E","T","M","?","R","M","?","R","B",null],"character_chosen":"DOCTOR_CLASS","items_purchased":["ats:Flexible Camouflage","ReplayTheSpireMod:CursedCoin","Bronze Scales","ats:Snipe"],"campfire_rested":3,"item_purchase_floors":[14,14,14,39],"current_hp_per_floor":[61,61,61,61,55,55,45,45,45,45,67,67,44,44,44,7,72,65,65,65,65,61,51,51,7,7,7,9,29,26,31,31,23,68,67,54,54,54,54,60,60,2,2,13,13,31,39,39,57,60],"gold":360,"neow_bonus":"TRANSFORM_CARD","is_daily":false,"chose_seed":false,"campfire_upgraded":6,"win_rate":0.0,"timestamp":1609491633,"path_taken":["M","?","?","?","M","R","E","R","T","M","?","?","E","$","R","BOSS","M","COS","?","?","M","E","R","E","T","?","M","R","E","M","R","BOSS","M","M","?","COS","?","R","?","E","T","M","?","R","?","?","R","BOSS"],"items_purchased_type":["Card","Relic","Relic","Relic"],"build_version":"2020-12-22","purchased_purges":2,"victory":true,"max_hp_per_floor":[72,72,72,72,72,72,72,72,72,72,72,72,72,72,72,72,72,72,72,72,68,68,68,68,68,68,68,68,68,68,68,68,68,68,68,68,63,63,60,60,60,60,60,60,60,60,60,60,60,60],"card_choices":[{"not_picked":["ats:Cat Scratch","ats:Support Order"],"picked":"ats:Poison Spread","floor":1.0},{"not_picked":["ats:Explosion Area Strengthen","ats:Curse Doll"],"picked":"ats:Leaping Hammer","floor":5.0},{"not_picked":["ats:Consecutive Shot Auto","ats:Childhood Dance"],"picked":"ats:Rapid Magazine","floor":7.0},{"not_picked":["ats:Revitalization","ats:Childhood Dance"],"picked":"ats:Thorns","floor":10.0},{"not_picked":["ats:Apocalypse","ats:Childhood Dance"],"picked":"ats:Revitalization","floor":13.0},{"not_picked":["ats:Wolf Pack","ats:Roar Of Ursus"],"picked":"ats:Shadow Assault","floor":16.0},{"not_picked":["ats:Beaten Up","ats:Burning Ground"],"picked":"ats:Soul Absorption+1","floor":18.0},{"not_picked":["ats:Revitalization","ats:Shell Defense"],"picked":"ats:Healing Strengthening","floor":22.0},{"not_picked":["ats:Explosion Area Strengthen+1","ats:Hook Shot","ats:Guardian Obelisk"],"picked":"SKIP","floor":23.0},{"not_picked":["ats:Cat Scratch+1","ats:Leaping Hammer"],"picked":"ats:Curse Doll+1","floor":25.0},{"not_picked":["ats:Consecutive Shot Auto","ats:Shell Defense"],"picked":"ats:Powerful Strike","floor":28.0},{"not_picked":["ats:Poison Spread","ats:LN2 Cannon+1","ats:Thermite Blade"],"picked":"SKIP","floor":30.0},{"not_picked":["ats:Hammer On","ats:Ignite+1"],"picked":"ats:Composite Medical Shells","floor":31},{"not_picked":["ats:Wolf Pack","ats:Echo Reverb"],"picked":"ats:Soul Rend","floor":33},{"not_picked":["ats:Very Hot Blade","ats:Sword Rain+1"],"picked":"ats:Steam Pump","floor":35},{"not_picked":["ats:Leaping Hammer+1","ats:Ignite+1"],"picked":"ats:Assault Order+1","floor":36},{"not_picked":["ats:Flexible Camouflage","ats:Poison Spread"],"picked":"ats:Consecutive Shot Auto+1","floor":42},{"not_picked":["ats:Assault Order","ats:Hammer On"],"picked":"ats:Thermite Blade+1","floor":44},{"not_picked":["ats:Revitalization","ats:Consecutive Shot Auto+1"],"picked":"ats:Cat Scratch","floor":47}],"player_experience":306916,"relics_obtained":[{"floor":7.0,"key":"ats:Originium"},{"floor":7.0,"key":"aspiration:TomeofQuesting"},{"floor":9.0,"key":"Dota2Spire:DivineRapier"},{"floor":13.0,"key":"ats:Originium"},{"floor":13.0,"key":"Pet Ghost"},{"floor":23.0,"key":"ats:Originium"},{"floor":23.0,"key":"Incense Burner"},{"floor":25.0,"key":"Dota2Spire:ShivaGuard"},{"floor":26.0,"key":"ats:Military Tradition"},{"floor":30.0,"key":"ats:Lavender"},{"floor":42,"key":"infinitespire:Golems Mask"},{"floor":43,"key":"Bottled Tornado"}],"event_choices":[],"is_beta":false,"boss_relics":[{"not_picked":["Replay:Bronze Core","Kintsugi"],"picked":"Dota2Spire:Bloodstone"},{"not_picked":["SacredBark","Calling Bell"],"picked":"Sozu"}],"items_purged_floors":[14,39],"is_endless":false,"potions_floor_spawned":[7,13,16,18,31,35],"ascension_level":1}}