{"host":"mvq3y0vr4azttkc6","time":1609521614,"event":{"mods":["BaseMod","Colored Powertips","Marisa????????","Minty Spire (QoL Compilation)","Replay The Spire","StSLib","The Cursed"],"gold_per_floor":[110,110,110,110,110,110,136,148,184,230,262,304,391,422,434,546,558,580,592,629,641,666,703,725,762,798,810,822,834,872,230,230,326,326,339,354,368,388,407,407,439,455,455,455,468,493,409,429,429,429],"floor_reached":51,"playtime":4782,"items_purged":[],"score":1157,"play_id":"bbdf57f9-97b6-4da8-b6bd-fdbeeb4d52ee","local_time":"20210101202014","is_ascension_mode":true,"campfire_choices":[{"data":"AsteroidBelt","floor":6,"key":"SMITH"},{"data":"AsteroidBelt","floor":8,"key":"SMITH"},{"floor":15,"key":"REST"},{"data":"CasketOfStar","floor":27,"key":"SMITH"},{"floor":29,"key":"REST"},{"data":"MaximisePower","floor":32,"key":"SMITH"},{"data":"CasketOfStar","floor":40,"key":"SMITH"},{"data":"StarDustReverie","floor":44,"key":"SMITH"},{"floor":49,"key":"REST"}],"circlet_count":0,"master_deck":["Strike_MRS+1","Strike_MRS+1","Defend_MRS","Defend_MRS","Defend_MRS","MasterSpark","UpSweep","The Bomb","AsteroidBelt+1","PowerUp+1","AsteroidBelt+1","GravityBeat+1","GravityBeat+1","MaximisePower+1","GravityBeat+1","CasketOfStar+1","6A+1","DoubleSpark","MysteriousBeam","AlicesGift","Singularity","Panache","AsteroidBelt","StarDustReverie+1","CurseOfTheBell","MysteriousBeam+1","GravityBeat+1","CasketOfStar+1","GravityBeat+1","GravityBeat+1","CasketOfStar","EnergyFlow+1","Finesse+1","AsteroidBelt+1"],"relics":["MiniHakkero","Kunai","Ring of Peace","MawBank","Replay:Mystery Machine","Replay:WaspNest","Replay:Ringing Soul","Replay:Bronze Core","Whetstone","ReplayTheSpireMod:Ninjato","Regal Pillow","Replay:Rubber Ducky","AmplifyWand","Chameleon Ring","Strange Spoon","Calling Bell","Toy Ornithopter","Toxic Egg 2","TungstenRod","Bronze Scales","Replay:Bottled Eggs","ReplayTheSpireMod:TigerMarble"],"acts_visited":["Exordium","TheCity","TheBeyond"],"potions_floor_usage":[41,46,50,50],"damage_taken":[{"damage":6,"enemies":"Cultist","floor":1,"turns":4},{"damage":0,"enemies":"Gremlin Nob","floor":7,"turns":3},{"damage":0,"enemies":"Lagavulin","floor":10,"turns":6},{"damage":0,"enemies":"Jaw Worm","floor":11,"turns":3},{"damage":0,"enemies":"3 Sentries","floor":12,"turns":4},{"damage":0,"enemies":"Small Slimes","floor":14,"turns":3},{"damage":32,"enemies":"The Guardian","floor":16,"turns":9},{"damage":0,"enemies":"Shell Parasite","floor":18,"turns":6},{"damage":1,"enemies":"2 Thieves","floor":22,"turns":3},{"damage":24,"enemies":"Book of Stabbing","floor":23,"turns":5},{"damage":0,"enemies":"Cultist and Chosen","floor":24,"turns":5},{"damage":5,"enemies":"Slavers","floor":25,"turns":5},{"damage":0,"enemies":"Book of Stabbing","floor":30,"turns":4},{"damage":0,"enemies":"Automaton","floor":33,"turns":6},{"damage":0,"enemies":"3 Shapes","floor":35,"turns":2},{"damage":0,"enemies":"Orb Walker","floor":36,"turns":3},{"damage":0,"enemies":"Writhing Mass","floor":37,"turns":5},{"damage":0,"enemies":"Maw","floor":38,"turns":5},{"damage":0,"enemies":"Sphere and 2 Shapes","floor":39,"turns":5},{"damage":0,"enemies":"Giant Head","floor":41,"turns":5},{"damage":0,"enemies":"3 Darklings","floor":42,"turns":3},{"damage":0,"enemies":"Maw","floor":45,"turns":5},{"damage":9,"enemies":"Nemesis","floor":46,"turns":7},{"damage":0,"enemies":"Sphere and 2 Shapes","floor":48,"turns":2},{"damage":0,"enemies":"Time Eater","floor":50,"turns":8}],"seed_played":"-6235707406643218999","potions_obtained":[{"floor":7,"key":"CultistPotion"},{"floor":11,"key":"Energy Potion"},{"floor":14,"key":"Flashbang"},{"floor":16,"key":"SkillPotion"},{"floor":38,"key":"EssenceOfSteel"},{"floor":41,"key":"SkillPotion"},{"floor":42,"key":"EssenceOfSteel"},{"floor":46,"key":"StarNLove"}],"is_trial":false,"path_per_floor":["M","T","?","?","?","R","E","R","T","E","M","E","?","M","R","B",null,"M","?","T","?","M","E","M","E","T","R","?","R","E","$","R","B",null,"M","M","M","M","M","R","E","M","T","R","M","E","$","M","R","B",null],"character_chosen":"MARISA","items_purchased":["Chameleon Ring","Singularity","Panache","AsteroidBelt","Strange Spoon","Finesse+1"],"campfire_rested":3,"item_purchase_floors":[31,31,31,31,31,47],"current_hp_per_floor":[62,62,62,62,62,62,62,62,62,62,62,65,54,57,74,45,77,80,80,80,80,82,61,64,59,59,59,59,89,89,92,92,95,98,101,104,107,107,110,110,110,113,113,113,116,113,116,119,125,125],"gold":429,"neow_bonus":"RANDOM_COLORLESS_2","is_daily":false,"chose_seed":false,"campfire_upgraded":6,"win_rate":0.0,"timestamp":1609521614,"path_taken":["M","?","?","?","?","R","E","R","T","E","M","E","?","M","R","BOSS","M","?","?","?","?","E","M","E","T","R","?","R","E","?","R","BOSS","M","M","M","M","?","R","E","M","T","R","M","E","$","?","R","BOSS"],"items_purchased_type":["Relic","Card","Card","Card","Relic","Card"],"build_version":"2020-12-22","purchased_purges":0,"victory":true,"max_hp_per_floor":[68,68,68,68,68,68,68,68,68,68,68,71,71,74,74,77,77,80,80,80,80,83,86,89,89,89,89,89,89,89,92,92,95,98,101,104,107,107,110,110,110,113,113,113,116,119,122,125,125,125],"card_choices":[{"not_picked":["Mayhem","ReplayUltimateDefense"],"picked":"The Bomb","floor":0},{"not_picked":["PropBag","OneTimeOff"],"picked":"AsteroidBelt","floor":1},{"not_picked":["IllusionStar","ShootingEcho"],"picked":"AsteroidBelt","floor":7},{"not_picked":["SporeBomb","GrandCross"],"picked":"GravityBeat","floor":10},{"not_picked":["LuminesStrike","UnstableBomb"],"picked":"GravityBeat","floor":11},{"not_picked":["GravityBeat","ChargeUpSpray"],"picked":"MaximisePower","floor":12},{"not_picked":["GalacticHalo","IllusionStar"],"picked":"GravityBeat","floor":14},{"not_picked":["JA","SatelliteIllusion"],"picked":"CasketOfStar","floor":16},{"not_picked":["MagicChant","OpenUniverse"],"picked":"6A+1","floor":18},{"not_picked":["DragonMeteor","DarkMatter+1"],"picked":"DoubleSpark","floor":22},{"not_picked":["DeepEcoloBomb+1","BlazeAway"],"picked":"MysteriousBeam","floor":23},{"not_picked":["Occultation","GalacticHalo"],"picked":"AlicesGift","floor":24},{"not_picked":["MeteoricShower","UnstableBomb","ChargingUp"],"picked":"SKIP","floor":25},{"not_picked":["RefractionSpark","DeepEcoloBomb","GalacticHalo"],"picked":"SKIP","floor":30},{"not_picked":["SuperNova","MaximisePower"],"picked":"StarDustReverie","floor":33},{"not_picked":["ChargeUpSpray","StarlightTyphoon+1"],"picked":"MysteriousBeam+1","floor":35},{"not_picked":["LuminesStrike+1","Occultation+1"],"picked":"GravityBeat+1","floor":36},{"not_picked":["SporeBomb+1","DC"],"picked":"CasketOfStar","floor":37},{"not_picked":["OortCloud","WitchLeyline+1","WitchOfGreed+1"],"picked":"SKIP","floor":38},{"not_picked":["PropBag+1","PulseMagic+1"],"picked":"GravityBeat+1","floor":39},{"not_picked":["Acceleration+1","UnstableBomb","6A+1"],"picked":"SKIP","floor":41},{"not_picked":["Occultation+1","PowerUp+1"],"picked":"GravityBeat","floor":42},{"not_picked":["PowerUp+1","EnergyRecoil+1"],"picked":"CasketOfStar","floor":45},{"not_picked":["OpenUniverse+1","GalacticHalo+1"],"picked":"EnergyFlow+1","floor":46},{"not_picked":["UnstableBomb+1","AlicesGift+1"],"picked":"AsteroidBelt+1","floor":48}],"player_experience":92658,"relics_obtained":[{"floor":2,"key":"Kunai"},{"floor":5,"key":"Ring of Peace"},{"floor":7,"key":"MawBank"},{"floor":9,"key":"Replay:Mystery Machine"},{"floor":10,"key":"Replay:WaspNest"},{"floor":12,"key":"Replay:Ringing Soul"},{"floor":20,"key":"Whetstone"},{"floor":23,"key":"ReplayTheSpireMod:Ninjato"},{"floor":25,"key":"Regal Pillow"},{"floor":26,"key":"Replay:Rubber Ducky"},{"floor":30,"key":"AmplifyWand"},{"floor":34,"key":"Toy Ornithopter"},{"floor":34,"key":"Toxic Egg 2"},{"floor":34,"key":"TungstenRod"},{"floor":41,"key":"Bronze Scales"},{"floor":43,"key":"Replay:Bottled Eggs"},{"floor":46,"key":"ReplayTheSpireMod:TigerMarble"}],"event_choices":[{"damage_healed":0,"gold_gain":75,"player_choice":"Gather Gold","damage_taken":11,"max_hp_gain":0,"max_hp_loss":0,"event_name":"World of Goop","floor":13,"gold_loss":0},{"damage_healed":0,"gold_gain":0,"player_choice":"Ignored","damage_taken":0,"max_hp_gain":0,"max_hp_loss":0,"event_name":"Cursed Tome","floor":19,"gold_loss":0},{"damage_healed":0,"gold_gain":0,"player_choice":"Ignored","damage_taken":0,"max_hp_gain":0,"max_hp_loss":0,"event_name":"Vampires","floor":21,"gold_loss":0},{"cards_removed":["Strike_MRS"],"damage_healed":0,"gold_gain":0,"player_choice":"Elegance","damage_taken":0,"max_hp_gain":0,"max_hp_loss":0,"event_name":"Back to Basics","floor":28,"gold_loss":0}],"is_beta":false,"boss_relics":[{"not_picked":["Runic Pyramid","Tiny House"],"picked":"Replay:Bronze Core"},{"not_picked":["Black Star","Replay:Ancient Bell"],"picked":"Calling Bell"}],"items_purged_floors":[],"is_endless":false,"potions_floor_spawned":[7,11,14,16,22,33,38,41,42,46,48],"ascension_level":1}}