{"host":"ft2xazkv7v30fddt","time":1609484421,"event":{"mods":["AchievementEnabler","Act Like it!","Aspiration","Astrologer","Bard","BaseMod","Better Altar","Better Match","Better Note","Better Sensory Stone","Better Skull","CapriCore","Chen","Colored Powertips","Downfall","Elementarium","Energized Spire","Gensokyo","GifTheSpireLib","Gremlin Mod","Hallownest","Hermit","Hubris","Infinite Spire","KinomotoSakuraMod(????)","Koishi","Marisa????????","Minty Spire (QoL Compilation)","Pale of the Ancients","Permanent Neow","Potionbrewer","Prisma Mod","Replay The Spire","StSLib","Stuff the Spire","The Blackbeard","The Bladedancer","The Construct","The Cursed","The Forsaken","The Gatherer","The Hayseed","The Immortal","The Runesmith","The Servant 0.9.4","The Showman","The Vixen","TheArtist","TheSwordswoman","Wandering Minibosses","thorton","vexMod"],"gold_per_floor":[99,118,93,40,55,155,155,65,90,84,122,122,149,169,186,186,186,186],"floor_reached":16,"playtime":3335,"items_purged":["Guardian:Strike_Guardian","Guardian:Strike_Guardian"],"score":113,"play_id":"1f12ffbd-1b43-4c5d-8304-3f1c078f294a","local_time":"20210101150021","is_ascension_mode":true,"campfire_choices":[{"data":"Guardian:TwinSlam","floor":1,"key":"SMITH"},{"floor":12,"key":"REST"}],"circlet_count":0,"master_deck":["Guardian:Defend_Guardian","Guardian:Defend_Guardian","Guardian:Defend_Guardian","Guardian:Defend_Guardian","Guardian:CurlUp","Guardian:TwinSlam+1","Guardian:VentSteam","Guardian:PolyBeam","Guardian:RefractedBeam","Guardian:DonusPower+1","Guardian:Gem_Red","Guardian:Gem_Synthetic","Guardian:ChargeCore","Guardian:DecasProtection","Guardian:Orbwalk","Guardian:Gem_Orange","Guardian:Preprogram","Guardian:MultiBeam"],"relics":["Guardian:ModeShifter","infinitespire:Eraser","CeramicFish","Replay:Bottled Steam","Juzu Bracelet"],"acts_visited":["Exordium"],"potions_floor_usage":[10,11,14,16,16,16],"damage_taken":[{"damage":0,"enemies":"Cultist","floor":2,"turns":2},{"damage":0,"enemies":"downfall:FleeingMerchant","floor":4,"turns":4},{"damage":6,"enemies":"Jaw Worm","floor":5,"turns":2},{"damage":45,"enemies":"downfall:Heads","floor":6,"turns":8},{"damage":10,"enemies":"downfall:FleeingMerchant","floor":8,"turns":4},{"damage":6,"enemies":"downfall:FleeingMerchant","floor":10,"turns":4},{"damage":10,"enemies":"Lagavulin","floor":11,"turns":5},{"damage":5,"enemies":"Small Slimes","floor":13,"turns":2},{"damage":11,"enemies":"downfall:FleeingMerchant","floor":14,"turns":4},{"damage":0,"enemies":"Blue Slaver","floor":15,"turns":3},{"damage":13,"enemies":"downfall:Ironclad","floor":16,"turns":2}],"seed_played":"-4175287096903148718","potions_obtained":[{"floor":2,"key":"Dexterity Potion"},{"floor":5,"key":"Guardian:BlockOnCardUsePotion"},{"floor":11,"key":"Fire Potion"},{"floor":13,"key":"sneckomod:MuddlingPotion"},{"floor":15,"key":"champ:CounterPotion"}],"is_trial":false,"path_per_floor":["R","M","?","$","M","?","T","$","T","$","E","R","M","$","M","B"],"character_chosen":"GUARDIAN","items_purchased":["Guardian:DonusPower","Juzu Bracelet","Guardian:BlockOnCardUsePotion"],"campfire_rested":1,"item_purchase_floors":[4,14,14],"current_hp_per_floor":[80,80,80,80,74,29,29,19,19,13,3,27,22,11,11,0,0,0],"gold":186,"neow_bonus":"THREE_CARDS","is_daily":false,"chose_seed":false,"campfire_upgraded":1,"win_rate":0.0,"timestamp":1609484421,"path_taken":["R","M","?","?","M","?","T","?","?","$","E","R","?","$","M","BOSS"],"items_purchased_type":["Card","Relic","Potion"],"build_version":"2020-12-22","purchased_purges":2,"victory":false,"max_hp_per_floor":[80,80,80,80,80,80,80,80,80,80,80,80,80,80,80,80,80,80],"card_choices":[{"not_picked":["Guardian:TemporalShield","Guardian:ArmoredProtocol"],"picked":"Guardian:VentSteam","floor":0},{"not_picked":["Guardian:ChargeUp","Guardian:CrystalBeam"],"picked":"Guardian:PolyBeam","floor":2},{"not_picked":["Guardian:Preprogram","Guardian:CrystalBeam"],"picked":"Guardian:RefractedBeam","floor":4},{"not_picked":["Guardian:RefractedBeam","Guardian:Suspension"],"picked":"Guardian:Gem_Red","floor":5},{"not_picked":["Guardian:EvasiveProtocol","Guardian:Gem_Lightblue"],"picked":"Guardian:ChargeCore","floor":6},{"not_picked":["Guardian:ChargeCore","Guardian:Incinerate"],"picked":"Guardian:DecasProtection","floor":8},{"not_picked":["Guardian:Emergency","Guardian:DecasProtection"],"picked":"Guardian:Orbwalk","floor":10},{"not_picked":["Guardian:Preprogram","Guardian:Repulse"],"picked":"Guardian:Gem_Orange","floor":11},{"not_picked":["Guardian:Gem_Lightblue","Guardian:TemporalShield"],"picked":"Guardian:Preprogram","floor":13},{"not_picked":["Guardian:Gem_Blue","Guardian:Suspension"],"picked":"Guardian:MultiBeam","floor":14},{"not_picked":["Guardian:PrismaticBeam","Guardian:CrystalBeam","Guardian:DonusPower"],"picked":"SKIP","floor":15}],"player_experience":1653429,"relics_obtained":[{"floor":7,"key":"infinitespire:Eraser"},{"floor":9,"key":"CeramicFish"},{"floor":11,"key":"Replay:Bottled Steam"}],"event_choices":[],"is_beta":false,"boss_relics":[],"items_purged_floors":[8,14],"is_endless":false,"potions_floor_spawned":[2,5,11,13,15],"killed_by":"downfall:Ironclad","ascension_level":3}}