{"host":"lkyw40t68mxhwfjf","time":1609506053,"event":{"mods":["2.2 Compatiblity","Act Like it!","Arknights The Spire","BaseMod","Hallownest","HololiveMod","Hubris","Koishi","Lobotomy","Marisa¡]Ãú«B¡@Å]²z¨F¡^","Minty Spire (QoL Compilation)","Prisma Mod","Reimu¡]³Õ???¡^","Remilia¡]Á¢¦Ì²ú?¡^","Replay The Spire","RumiaBox-ÅS¦Ì?ªº¯«¯µ²°¤l","StSLib","The Animator","The Servant 0.9.4","TheSwordswoman","WarShipGirlsR/??¤Ö¤kR mod","Youmu¡]»î¾z§¯?¡^","Yuyuko"],"gold_per_floor":[118,118,137,155,172,204,204,217,217,251,251,251,166,176,176,276,276,286,300,323,142,161,161,193,205,260,271,271,291,291,307,307,307,307],"floor_reached":33,"playtime":1494,"items_purged":[],"score":281,"play_id":"73a4dac6-b503-4db3-b833-05f25ff254e0","local_time":"20210101210053","is_ascension_mode":false,"campfire_choices":[{"floor":7,"key":"RECALL"},{"data":"ats:Emotion Absorption","floor":12,"key":"SMITH"},{"floor":15,"key":"REST"},{"data":"ats:Ambush","floor":23,"key":"SMITH"},{"floor":28,"key":"REST"},{"data":"ats:Healing Strengthening","floor":30,"key":"SMITH"},{"floor":32,"key":"REST"}],"circlet_count":0,"master_deck":["ats:Strike C","ats:Strike G","ats:Strike S","ats:Armor Crushing Shot","ats:Defend","ats:Defend","ats:Defend","ats:Defend","ats:Emotion Absorption+1","ats:Neurotoxin","ats:Hammer On","ats:Poison Spread","ats:Shell Defense","ats:Assault Order","ats:Wolf Pack","ats:Healing Strengthening+1","ats:Curse Doll","ats:Magnetic Hammer","ats:Explosion Area Strengthen","ats:Ambush+1","ats:Flexible Camouflage","ats:Thorns","ats:Powerful Strike","ats:Charging Defense","ats:Apocalypse","ats:Support Order","ats:Steam Pump","ats:Rapid Magazine","ats:Chain Hook","ats:Beaten Up"],"relics":["ats:Sanity","PreservedInsect","ats:Originium","Shuriken","Calipers","hubris:ScarierMask","Art of War","ats:Military Tradition","ats:Berate"],"acts_visited":["Exordium","TheCity"],"potions_floor_usage":[24,27,33],"damage_taken":[{"damage":0,"enemies":"Cultist","floor":1,"turns":3},{"damage":12,"enemies":"2 Louse","floor":3,"turns":3},{"damage":11,"enemies":"Jaw Worm","floor":4,"turns":4},{"damage":3,"enemies":"2 Fungi Beasts","floor":5,"turns":4},{"damage":10,"enemies":"3 Sentries","floor":6,"turns":5},{"damage":0,"enemies":"Large Slime","floor":8,"turns":4},{"damage":15,"enemies":"Gremlin Nob","floor":10,"turns":5},{"damage":4,"enemies":"Blue Slaver","floor":14,"turns":5},{"damage":56,"enemies":"Hexaghost","floor":16,"turns":12},{"damage":28,"enemies":"Spheric Guardian","floor":18,"turns":6},{"damage":14,"enemies":"Shell Parasite","floor":19,"turns":7},{"damage":27,"enemies":"Centurion and Healer","floor":22,"turns":5},{"damage":23,"enemies":"Book of Stabbing","floor":24,"turns":7},{"damage":3,"enemies":"Sentry and Sphere","floor":25,"turns":4},{"damage":14,"enemies":"Chosen and Byrds","floor":27,"turns":7},{"damage":16,"enemies":"Snecko","floor":29,"turns":8},{"damage":11,"enemies":"Snake Plant","floor":31,"turns":6},{"damage":65,"enemies":"Automaton","floor":33,"turns":10}],"seed_played":"8667291130550670625","potions_obtained":[{"floor":1,"key":"Elixir"},{"floor":4,"key":"ats:Emergency Sanity Potion"},{"floor":6,"key":"LiquidMemories"},{"floor":25,"key":"Swift Potion"},{"floor":29,"key":"EssenceOfSteel"}],"is_trial":false,"path_per_floor":["M","?","M","M","M","E","R","M","T","E","?","R","$","M","R","B",null,"M","M","T","$","M","R","E","M","T","M","R","M","R","M","R","B"],"character_chosen":"DOCTOR_CLASS","items_purchased":["ats:Curse Doll","ats:Magnetic Hammer","ats:Powerful Strike","ats:Charging Defense","ats:Apocalypse"],"campfire_rested":3,"item_purchase_floors":[13,13,21,21,21],"current_hp_per_floor":[72,77,65,54,51,46,46,46,46,31,31,31,31,29,52,11,77,49,38,38,38,16,16,6,8,8,4,27,18,18,20,43,0,0],"gold":307,"neow_bonus":"RANDOM_COMMON_RELIC","is_daily":false,"chose_seed":false,"campfire_upgraded":3,"win_rate":0.0,"timestamp":1609506053,"path_taken":["M","?","M","M","M","E","R","M","T","E","?","R","$","M","R","BOSS","M","M","?","$","M","R","E","M","T","M","R","?","R","M","R","BOSS"],"items_purchased_type":["Card","Card","Card","Card","Card"],"build_version":"2020-12-22","purchased_purges":0,"victory":false,"max_hp_per_floor":[72,77,77,77,77,77,77,77,77,77,77,77,77,77,77,77,77,77,77,77,77,77,77,77,77,77,77,77,77,77,77,77,77,77],"card_choices":[{"not_picked":["ats:Apocalypse","ats:Defend Order"],"picked":"ats:Neurotoxin","floor":1},{"not_picked":["ats:Childhood Dance","ats:Defend Order"],"picked":"ats:Hammer On","floor":3},{"not_picked":["ats:Healing Drone","ats:Assault Order"],"picked":"ats:Poison Spread","floor":4},{"not_picked":["ats:Childhood Dance","ats:Thermite Blade"],"picked":"ats:Shell Defense","floor":5},{"not_picked":["ats:Shell Defense","ats:Ignite"],"picked":"ats:Assault Order","floor":6},{"not_picked":["ats:Apocalypse","ats:Consecutive Shot Auto"],"picked":"ats:Wolf Pack","floor":8},{"not_picked":["ats:Hook Shot","ats:Counter Healing Mode"],"picked":"ats:Healing Strengthening","floor":10},{"not_picked":["ats:Curse Doll","ats:Thorns"],"picked":"ats:Explosion Area Strengthen","floor":14},{"not_picked":["ats:Roar Of Ursus","ats:Rat Pack"],"picked":"ats:Ambush","floor":16},{"not_picked":["ats:Ignite","ats:Poison Spread"],"picked":"ats:Flexible Camouflage","floor":18},{"not_picked":["ats:Shell Defense","ats:Burning Ground"],"picked":"ats:Thorns","floor":19},{"not_picked":["ats:Song Of Battle+1","ats:Soul Absorption"],"picked":"ats:Support Order","floor":22},{"not_picked":["ats:Song Of Battle","ats:Ignite"],"picked":"ats:Steam Pump","floor":24},{"not_picked":["ats:Shell Defense","ats:Ignite+1","ats:Assault Order+1"],"picked":"SKIP","floor":25},{"not_picked":["ats:Guardian Obelisk","ats:Hammer On"],"picked":"ats:Rapid Magazine","floor":27},{"not_picked":["ats:Explosion Area Strengthen","ats:Spore Proliferation"],"picked":"ats:Chain Hook","floor":29},{"not_picked":["ats:Curse Doll","ats:Assault Order"],"picked":"ats:Beaten Up","floor":31}],"player_experience":388952,"relics_obtained":[{"floor":6,"key":"ats:Originium"},{"floor":6,"key":"Shuriken"},{"floor":10,"key":"ats:Originium"},{"floor":10,"key":"Calipers"},{"floor":20,"key":"Art of War"},{"floor":24,"key":"ats:Originium"},{"floor":24,"key":"ats:Military Tradition"},{"floor":26,"key":"ats:Berate"}],"event_choices":[{"damage_healed":0,"gold_gain":0,"player_choice":"Donut","damage_taken":0,"max_hp_gain":5,"max_hp_loss":0,"event_name":"Big Fish","floor":2,"gold_loss":0},{"cards_removed":["ats:Strike V"],"damage_healed":0,"gold_gain":0,"player_choice":"Card Removal","damage_taken":0,"max_hp_gain":0,"max_hp_loss":0,"event_name":"Wheel of Change","floor":11,"gold_loss":0}],"is_beta":false,"boss_relics":[{"not_picked":["ChewingGum","hubris:Stopwatch"],"picked":"hubris:ScarierMask"}],"items_purged_floors":[],"is_endless":false,"potions_floor_spawned":[1,4,6,10,25,29,31],"killed_by":"Automaton","ascension_level":0}}