{"host":"ifkniheryhug0h86","time":1609471336,"event":{"mods":["AchievementEnabler","BaseMod","Block Reminder","Colored Map","Colored Powertips","DeckTracker","Downfall","Googly Eyes","Hermit","Highlight Path","Hubris","Infinite Spire","Minty Spire (QoL Compilation)","Quick Restart","Relic Sorter","Relic Stats","Replay The Spire","StSLib","SuperFastMode","The Bladedancer","The Construct","The IronCluck","The Necromancer"],"gold_per_floor":[113,113,56,56,68,101,113,148,148,148,200,233,248,275,275,380,380,394,394,394,408,426,426,456,456,479,508,522,522],"floor_reached":28,"playtime":956,"items_purged":[],"score":358,"play_id":"659ee7e1-415f-4f2f-ac73-2bd732f7070a","local_time":"20201231222216","is_ascension_mode":true,"campfire_choices":[{"floor":10,"key":"REST"},{"floor":15,"key":"REST"},{"floor":23,"key":"REST"},{"data":"infinitespire:Collect","floor":25,"key":"SMITH"}],"circlet_count":0,"master_deck":["Strike_W","Defend_W","Defend_W","Defend_W","Defend_W","Negative_Energy_Arrows","Bone_Wall","Bone_Bullets","Summon_Undead_Army+1","Negative_Energy_Mist","Negative_Energy_Shield","Acid_Javelin","Flesh_Made_Foul","Bone_Armory+1","Blood_Curse","Summon_Undead","Hellfire","Life_Drain","infinitespire:Collect+1","Vampiric_Strike+1","Bone_Bullets+1","Skeleton_Dragon+1","Negative_Energy_Sphere+1","Scare+1","Detonate_Bones"],"relics":["Vampire_Amulet","NeowsBlessing","hubris:Icosahedron","infinitespire:Beetle Shell","hubris:AstralHammer","Onion Ring","Happy Flower","Question Card","hubris:GlazedTorus","Black Star","FossilizedHelix","Astrolabe","hubris:DeckOfHolding","Replay:Bandana","Centennial Puzzle"],"acts_visited":["Exordium","TheCity"],"potions_floor_usage":[24,28,28],"damage_taken":[{"damage":0,"enemies":"Cultist","floor":1,"turns":1},{"damage":0,"enemies":"2 Louse","floor":5,"turns":1},{"damage":0,"enemies":"Gremlin Nob","floor":6,"turns":1},{"damage":5,"enemies":"infinitespire:Voidling","floor":7,"turns":4},{"damage":41,"enemies":"Lagavulin","floor":8,"turns":8},{"damage":20,"enemies":"Replay:BlueRogue","floor":12,"turns":4},{"damage":3,"enemies":"Blue Slaver","floor":13,"turns":3},{"damage":13,"enemies":"Gremlin Nob","floor":14,"turns":4},{"damage":2,"enemies":"Slime Boss","floor":16,"turns":6},{"damage":30,"enemies":"3 Byrds","floor":18,"turns":4},{"damage":15,"enemies":"Spheric Guardian","floor":21,"turns":4},{"damage":16,"enemies":"Snake Plant","floor":22,"turns":3},{"damage":35,"enemies":"Book of Stabbing","floor":24,"turns":6},{"damage":17,"enemies":"Cultist and Chosen","floor":27,"turns":4},{"damage":54,"enemies":"Slavers","floor":28,"turns":3}],"seed_played":"-2231078501219134441","potions_obtained":[{"floor":1,"key":"Milkshake"},{"floor":8,"key":"Swift Potion"},{"floor":12,"key":"Block Potion"},{"floor":24,"key":"DistilledChaos"}],"is_trial":false,"path_per_floor":["M","?","$","?","M","E","M","E","T","R","T","E","M","E","R","B",null,"M","?","AVR","M","M","R","E","R","T","M","E"],"character_chosen":"NECROMANCER","items_purchased":["Summon_Undead_Army+1"],"campfire_rested":3,"item_purchase_floors":[3],"current_hp_per_floor":[75,75,75,75,75,75,72,33,33,55,55,37,36,25,47,53,75,51,51,51,43,39,61,49,49,49,45,0,0],"gold":522,"neow_bonus":"THREE_ENEMY_KILL","is_daily":false,"chose_seed":false,"campfire_upgraded":1,"win_rate":0.0,"timestamp":1609471336,"path_taken":["M","?","$","?","?","E","M","E","T","R","?","E","?","E","R","BOSS","M","?","AVR","M","?","R","E","R","T","M","E"],"items_purchased_type":["Card"],"build_version":"2020-12-22","purchased_purges":0,"victory":false,"max_hp_per_floor":[75,75,75,75,75,75,75,75,75,75,75,75,75,75,75,75,75,75,75,75,75,75,75,75,75,75,75,75,75],"relic_stats":{"Centennial Puzzle":[6],"Happy Flower":[13],"counters":[15,56],"Astrolabe":["Vampiric_Strike","Bone_Bullets","Skeleton_Dragon"],"Black Star":1,"Question Card":10,"obtain_stats":[{"NeowsBlessing":0,"Happy Flower":11,"Astrolabe":20,"infinitespire:Beetle Shell":6,"Question Card":12,"Replay:Bandana":24,"Centennial Puzzle":26,"hubris:Icosahedron":2,"hubris:AstralHammer":8,"Onion Ring":9,"hubris:DeckOfHolding":24,"Vampire_Amulet":0,"Black Star":17,"FossilizedHelix":20,"hubris:GlazedTorus":14},{"NeowsBlessing":0,"Happy Flower":5,"Astrolabe":10,"infinitespire:Beetle Shell":3,"Question Card":6,"Replay:Bandana":13,"Centennial Puzzle":13,"hubris:Icosahedron":1,"hubris:AstralHammer":5,"Onion Ring":5,"hubris:DeckOfHolding":13,"Vampire_Amulet":0,"Black Star":9,"FossilizedHelix":10,"hubris:GlazedTorus":8},{"NeowsBlessing":0,"Happy Flower":15,"Astrolabe":36,"infinitespire:Beetle Shell":3,"Question Card":19,"Replay:Bandana":49,"Centennial Puzzle":49,"hubris:Icosahedron":1,"hubris:AstralHammer":15,"Onion Ring":15,"hubris:DeckOfHolding":49,"Vampire_Amulet":0,"Black Star":32,"FossilizedHelix":36,"hubris:GlazedTorus":26}]},"card_choices":[{"not_picked":["Consume_Illness","Blood_Is_Power"],"picked":"Bone_Bullets","floor":1},{"not_picked":["Negative_Energy_Shield","Bone_Bullets"],"picked":"Negative_Energy_Mist","floor":5},{"not_picked":["Shackles_Of_Pain","Chill_Blood"],"picked":"Negative_Energy_Shield","floor":6},{"not_picked":["Death_Coil","Bone_Shift"],"picked":"Acid_Javelin","floor":7},{"not_picked":["Negative_Energy_Javelin","Blood_Whip"],"picked":"Flesh_Made_Foul","floor":8},{"not_picked":["Bones_to_Steel","Deaths_Shadow"],"picked":"Bone_Armory","floor":12},{"not_picked":["Death_Coil","Deaths_Shadow","Toxic_Smoke_Screen"],"picked":"Blood_Curse","floor":13},{"not_picked":["Corrupt","Summon_Vampire_Lady","Bones_to_Steel"],"picked":"Summon_Undead","floor":14},{"not_picked":["Cloudkill","Reap_The_Weak","Blood_Magic"],"picked":"Hellfire","floor":16},{"not_picked":["Violent_Necrosis","Exploit","Scare"],"picked":"Life_Drain","floor":18},{"not_picked":["Scare","Bone_Bullets+1","Shackles_Of_Pain"],"picked":"Negative_Energy_Sphere+1","floor":21},{"not_picked":["Consume_Illness","Blood_Wake","Finger_Of_Death"],"picked":"Scare+1","floor":22},{"not_picked":["Exploit","Bone_Bullets+1","Scare","Spectral_Walk+1"],"picked":"SKIP","floor":24},{"not_picked":["Exploit","Death_Coil","Blood_Curse"],"picked":"Detonate_Bones","floor":27}],"player_experience":19024,"relics_obtained":[{"floor":6,"key":"infinitespire:Beetle Shell"},{"floor":8,"key":"hubris:AstralHammer"},{"floor":9,"key":"Onion Ring"},{"floor":11,"key":"Happy Flower"},{"floor":12,"key":"Question Card"},{"floor":14,"key":"hubris:GlazedTorus"},{"floor":24,"key":"hubris:DeckOfHolding"},{"floor":24,"key":"Replay:Bandana"},{"floor":26,"key":"Centennial Puzzle"}],"event_choices":[{"damage_healed":0,"gold_gain":0,"player_choice":"Full Heal","damage_taken":0,"max_hp_gain":0,"max_hp_loss":0,"event_name":"Wheel of Change","floor":4,"gold_loss":0},{"damage_healed":0,"gold_gain":0,"player_choice":"Forge","damage_taken":0,"max_hp_gain":0,"max_hp_loss":0,"event_name":"Accursed Blacksmith","floor":19,"gold_loss":0,"cards_upgraded":["Bone_Armory"]}],"is_beta":false,"boss_relics":[{"not_picked":["Honey Jar","Velvet Choker"],"picked":"Black Star"}],"items_purged_floors":[],"is_endless":false,"potions_floor_spawned":[1,8,12,13,14,18,24],"killed_by":"Slavers","ascension_level":1}}