{"host":"gzsdmyo07u314vug","time":1609484430,"event":{"mods":["2.2 Compatiblity","BaseMod","Downfall","GifTheSpireLib","Minty Spire (QoL Compilation)","Quick Restart","Rare Cards Sparkle","Relic Stats","Replay The Spire","Shop Mod","StSLib","The Bug Knight","The Construct","The Elementalist","The Servant 0.9.4","Unceasing Turn Reminder","everything is the same but u backflip on backflip","slay the spire mod where everything is the same but ironclad has a cowboy hat","vexMod"],"gold_per_floor":[115,115,58,69,89,89,108,108,108,124,156,231,231,242,242,242,242],"floor_reached":16,"playtime":849,"items_purged":[],"score":153,"play_id":"0e78688d-7b88-4bf6-8945-fc4ac5d4a349","local_time":"20210101040030","is_ascension_mode":true,"campfire_choices":[{"data":"Reinforced Body","floor":6,"key":"SMITH"},{"data":"Dualcast","floor":8,"key":"SMITH"},{"floor":13,"key":"REST"},{"data":"Go for the Eyes","floor":15,"key":"SMITH"}],"circlet_count":0,"master_deck":["AscendersBane","Strike_B","Strike_B","Strike_B","Strike_B","Defend_B","Defend_B","Defend_B","Defend_B","Zap+1","Dualcast+1","Go for the Eyes+1","Crystallizer+1","Reinforced Body+1","Coolheaded","Cold Snap","Conserve Battery"],"relics":["Cracked Core","NeowsBlessing","Strawberry","Question Card"],"acts_visited":["Exordium"],"potions_floor_usage":[11,16,16],"damage_taken":[{"damage":0,"enemies":"Jaw Worm","floor":1,"turns":1},{"damage":0,"enemies":"2 Louse","floor":4,"turns":1},{"damage":0,"enemies":"Cultist","floor":5,"turns":1},{"damage":18,"enemies":"Exordium Thugs","floor":7,"turns":5},{"damage":14,"enemies":"Large Slime","floor":10,"turns":5},{"damage":13,"enemies":"Lagavulin","floor":11,"turns":9},{"damage":5,"enemies":"Red Slaver","floor":14,"turns":3},{"damage":42,"enemies":"Hexaghost","floor":16,"turns":16}],"seed_played":"8391729321167564370","potions_obtained":[{"floor":5,"key":"Explosive Potion"},{"floor":7,"key":"Weak Potion"},{"floor":14,"key":"champ:CounterPotion"}],"is_trial":false,"path_per_floor":["M","?","$","M","M","R","M","R","T","M","E","?","R","M","R","B"],"character_chosen":"DEFECT","items_purchased":["Crystallizer+1"],"campfire_rested":1,"item_purchase_floors":[3],"current_hp_per_floor":[68,68,68,68,68,68,50,50,57,43,30,19,43,38,38,0,0],"gold":242,"neow_bonus":"THREE_ENEMY_KILL","is_daily":false,"chose_seed":false,"campfire_upgraded":3,"win_rate":0.0,"timestamp":1609484430,"path_taken":["M","?","$","M","M","R","M","R","T","M","E","?","R","M","R","BOSS"],"items_purchased_type":["Card"],"build_version":"2020-12-22","purchased_purges":0,"victory":false,"max_hp_per_floor":[75,75,75,75,75,75,75,75,82,82,82,82,82,82,82,82,82],"relic_stats":{"counters":[8,41],"Question Card":1,"obtain_stats":[{"NeowsBlessing":0,"Strawberry":9,"Cracked Core":0,"Question Card":11},{"NeowsBlessing":0,"Strawberry":4,"Cracked Core":0,"Question Card":6},{"NeowsBlessing":0,"Strawberry":8,"Cracked Core":0,"Question Card":22}]},"card_choices":[{"not_picked":["ReplayGash","Static Discharge"],"picked":"Go for the Eyes","floor":1},{"not_picked":["Sweeping Beam","Doom and Gloom"],"picked":"Reinforced Body","floor":4},{"not_picked":["Panic Button","Doom and Gloom","Barrage"],"picked":"SKIP","floor":5},{"not_picked":["Turbo","Sweeping Beam"],"picked":"Coolheaded","floor":7},{"not_picked":["ReplayTheSpireMod:Reroute Power","Go for the Eyes"],"picked":"Cold Snap","floor":10},{"not_picked":["Double Energy","Barrage","ReplayGash"],"picked":"SKIP","floor":11},{"not_picked":["Rebound","Sweeping Beam","Go for the Eyes"],"picked":"Conserve Battery","floor":14}],"player_experience":628347,"relics_obtained":[{"floor":9,"key":"Strawberry"},{"floor":11,"key":"Question Card"}],"event_choices":[{"damage_healed":0,"gold_gain":0,"player_choice":"Grow","damage_taken":0,"max_hp_gain":0,"max_hp_loss":0,"event_name":"Living Wall","floor":2,"gold_loss":0,"cards_upgraded":["Zap"]},{"damage_healed":0,"gold_gain":75,"player_choice":"Gather Gold","damage_taken":11,"max_hp_gain":0,"max_hp_loss":0,"event_name":"World of Goop","floor":12,"gold_loss":0}],"is_beta":false,"boss_relics":[],"items_purged_floors":[],"is_endless":false,"potions_floor_spawned":[5,7,14],"killed_by":"Hexaghost","ascension_level":10}}