{"host":"minbhrtlkaoly5f0","time":1609512348,"event":{"mods":["Act Like it!","BaseMod","Colored Map","Minty Spire (QoL Compilation)","Quick Restart","StSLib"],"gold_per_floor":[119,44,119,130,80,109,109,120,174,189,189,218,218,218,218,218,218],"floor_reached":16,"playtime":371,"items_purged":["Strike_B"],"score":133,"play_id":"3d1580fb-35e5-4a42-8651-a168358cead5","local_time":"20210101224548","is_ascension_mode":false,"campfire_choices":[{"data":"Dualcast","floor":11,"key":"SMITH"},{"floor":15,"key":"REST"}],"circlet_count":0,"master_deck":["Strike_B","Strike_B","Defend_B","Defend_B","Defend_B","Zap","Dualcast+1","Sweeping Beam","Ball Lightning","All For One","Static Discharge","Self Repair","Compile Driver","Iron Wave"],"relics":["Cracked Core","NeowsBlessing","Juzu Bracelet","Ancient Tea Set","Pen Nib","Letter Opener","Golden Idol"],"acts_visited":["Exordium"],"potions_floor_usage":[],"damage_taken":[{"damage":0,"enemies":"Small Slimes","floor":1,"turns":1},{"damage":0,"enemies":"2 Louse","floor":4,"turns":1},{"damage":0,"enemies":"3 Sentries","floor":6,"turns":1},{"damage":1,"enemies":"Jaw Worm","floor":8,"turns":3},{"damage":20,"enemies":"Exordium Thugs","floor":10,"turns":3},{"damage":26,"enemies":"Lagavulin","floor":12,"turns":5},{"damage":48,"enemies":"The Guardian","floor":16,"turns":6}],"seed_played":"9184590059880191058","potions_obtained":[{"floor":4,"key":"AttackPotion"},{"floor":8,"key":"PowerPotion"}],"is_trial":false,"path_per_floor":["M","$","?","M","?","E","T","M","T","M","R","E","?","?","R","B"],"character_chosen":"DEFECT","items_purchased":[],"campfire_rested":1,"item_purchase_floors":[],"current_hp_per_floor":[75,75,64,64,64,64,64,63,63,43,43,24,24,24,44,0,0],"gold":218,"neow_bonus":"THREE_ENEMY_KILL","is_daily":false,"chose_seed":false,"campfire_upgraded":1,"win_rate":0.0,"timestamp":1609512348,"path_taken":["M","$","?","M","?","E","?","M","T","M","R","E","?","?","R","BOSS"],"items_purchased_type":[],"build_version":"2020-12-22","purchased_purges":1,"victory":false,"max_hp_per_floor":[75,75,75,75,75,75,75,75,75,75,75,75,69,69,69,69,69],"card_choices":[{"not_picked":["Compile Driver","Streamline"],"picked":"Sweeping Beam","floor":1},{"not_picked":["Redo","Beam Cell"],"picked":"Ball Lightning","floor":4},{"not_picked":["Stack","Hologram"],"picked":"All For One","floor":6},{"not_picked":["Gash","Aggregate"],"picked":"Static Discharge","floor":8},{"not_picked":["Steam Power","Streamline"],"picked":"Self Repair","floor":10},{"not_picked":["Steam","Streamline"],"picked":"Compile Driver","floor":12}],"player_experience":7615,"relics_obtained":[{"floor":6,"key":"Juzu Bracelet"},{"floor":7,"key":"Ancient Tea Set"},{"floor":9,"key":"Pen Nib"},{"floor":12,"key":"Letter Opener"}],"event_choices":[{"damage_healed":0,"gold_gain":75,"player_choice":"Gather Gold","damage_taken":11,"max_hp_gain":0,"max_hp_loss":0,"event_name":"World of Goop","floor":3,"gold_loss":0},{"cards_removed":["Defend_B"],"damage_healed":0,"gold_gain":0,"player_choice":"Card Removal","damage_taken":0,"max_hp_gain":0,"max_hp_loss":0,"event_name":"The Cleric","floor":5,"gold_loss":50},{"damage_healed":0,"gold_gain":0,"player_choice":"Lose Max HP","damage_taken":0,"relics_obtained":["Golden Idol"],"max_hp_gain":0,"max_hp_loss":6,"event_name":"Golden Idol","floor":13,"gold_loss":0},{"cards_removed":["Strike_B"],"damage_healed":0,"gold_gain":0,"player_choice":"Took Card","damage_taken":0,"max_hp_gain":0,"max_hp_loss":0,"event_name":"NoteForYourself","floor":14,"gold_loss":0,"cards_obtained":["Iron Wave"]}],"is_beta":false,"boss_relics":[],"items_purged_floors":[2],"is_endless":false,"potions_floor_spawned":[4,8],"killed_by":"The Guardian","ascension_level":0}}