{"host":"qxeepl7ydvsgmfdb","time":1609511468,"event":{"mods":["AchievementEnabler","BaseMod","Colored Powertips","Minty Spire (QoL Compilation)","Quick Restart","slay the spire mod where everything is the same but ironclad has a cowboy hat"],"gold_per_floor":[109,36,36,211,211,242,68,96,96,107,107,107,125,140,140,236,236,255,288,68,80,80,100,100,100,182,182,199,224,240,256,256,356,356,369,385,396,618,150,169,169,189,214,214,231,506,520,538,538,538,538],"floor_reached":50,"playtime":1936,"items_purged":["Doubt","Bash"],"score":582,"play_id":"c0d0f082-ed99-468d-bea4-c2407063ea49","local_time":"20210101093108","is_ascension_mode":true,"campfire_choices":[{"data":"Heavy Blade","floor":11.0,"key":"SMITH"},{"data":"Metallicize","floor":15.0,"key":"SMITH"},{"floor":24,"key":"REST"},{"floor":27,"key":"REST"},{"floor":32,"key":"REST"},{"floor":41,"key":"REST"},{"floor":44,"key":"REST"},{"floor":49,"key":"REST"}],"circlet_count":0,"master_deck":["Strike_R+1","Strike_R+1","Strike_R+1","Strike_R+1","Strike_R+1","Defend_R+1","Defend_R+1","Defend_R+1","Defend_R+1","Flex+1","Cleave+1","Flex","Anger","Heavy Blade+1","True Grit","Metallicize+1","CurseOfTheBell","Armaments","Body Slam","Flex+1","Perfected Strike","Good Instincts","Wild Strike","Regret","Inflame"],"relics":["Burning Blood","NeowsBlessing","Blood Vial","Oddly Smooth Stone","Pen Nib","Art of War","Calling Bell","Centennial Puzzle","HornCleat","TungstenRod","Red Mask","Orichalcum","Shuriken","Meat on the Bone","Ancient Tea Set","SacredBark","Bottled Tornado","Bag of Preparation"],"acts_visited":["Exordium","TheCity","TheBeyond"],"potions_floor_usage":[21,33,33,47,50,50],"damage_taken":[{"damage":0.0,"enemies":"Small Slimes","floor":1.0,"turns":1.0},{"damage":0.0,"enemies":"3 Sentries","floor":6.0,"turns":2.0},{"damage":0.0,"enemies":"Lagavulin","floor":8.0,"turns":1.0},{"damage":3.0,"enemies":"Jaw Worm","floor":10.0,"turns":2.0},{"damage":0.0,"enemies":"Cultist","floor":13.0,"turns":3.0},{"damage":11.0,"enemies":"Looter","floor":14.0,"turns":2.0},{"damage":27.0,"enemies":"Slime Boss","floor":16.0,"turns":11.0},{"damage":17.0,"enemies":"Shell Parasite","floor":18.0,"turns":6.0},{"damage":49.0,"enemies":"Masked Bandits","floor":19.0,"turns":6.0},{"damage":0,"enemies":"3 Byrds","floor":21,"turns":3},{"damage":20,"enemies":"Shelled Parasite and Fungi","floor":23,"turns":9},{"damage":13,"enemies":"3 Cultists","floor":28,"turns":5},{"damage":18,"enemies":"Cultist and Chosen","floor":30,"turns":7},{"damage":10,"enemies":"Sentry and Sphere","floor":31,"turns":4},{"damage":69,"enemies":"Champ","floor":33,"turns":14},{"damage":0,"enemies":"3 Shapes","floor":35,"turns":6},{"damage":18,"enemies":"3 Darklings","floor":36,"turns":9},{"damage":30,"enemies":"4 Shapes","floor":37,"turns":6},{"damage":40,"enemies":"Spire Growth","floor":40,"turns":7},{"damage":17,"enemies":"3 Darklings","floor":42,"turns":7},{"damage":51,"enemies":"Transient","floor":45,"turns":5},{"damage":12,"enemies":"Jaw Worm Horde","floor":47,"turns":5},{"damage":44,"enemies":"Sphere and 2 Shapes","floor":48,"turns":5},{"damage":111,"enemies":"Awakened One","floor":50,"turns":10}],"seed_played":"2317686250677790061","potions_obtained":[{"floor":8.0,"key":"PowerPotion"},{"floor":10.0,"key":"Energy Potion"},{"floor":13.0,"key":"Dexterity Potion"},{"floor":18.0,"key":"LiquidBronze"},{"floor":21,"key":"Ancient Potion"},{"floor":35,"key":"FearPotion"},{"floor":40,"key":"BloodPotion"},{"floor":47,"key":"Fruit Juice"}],"is_trial":false,"path_per_floor":["M","$","?","?","?","E","$","E","T","M","R","?","M","M","R","B",null,"M","?","$","M","?","M","R","?","T","R","M","T","M","M","R","B",null,"M","M","M","?","$","M","R","M","T","R","M","?","M","M","R","B"],"character_chosen":"IRONCLAD","items_purchased":["Cleave","Flex","Oddly Smooth Stone","Anger","Orichalcum","Bottled Tornado","Good Instincts","Wild Strike"],"campfire_rested":6,"item_purchase_floors":[2,2,7,7,20,39,39,39],"current_hp_per_floor":[80,80,64,64,64,70,70,78,78,80,80,80,80,75,75,56,80,69,28,28,36,36,24,48,48,48,72,67,67,57,55,79,29,80,80,68,58,58,58,38,62,53,53,77,46,46,64,40,67,0,0],"gold":538,"neow_bonus":"THREE_ENEMY_KILL","is_daily":false,"chose_seed":false,"campfire_upgraded":2,"win_rate":0.0,"timestamp":1609511468,"path_taken":["M","$","?","?","?","E","$","E","T","?","R","?","M","M","R","BOSS","M","?","$","M","?","M","R","?","T","R","M","?","?","M","R","BOSS","M","?","M","?","?","M","R","M","T","R","M","?","M","M","R","BOSS"],"items_purchased_type":["Card","Card","Relic","Card","Relic","Relic","Card","Card"],"build_version":"2020-12-22","purchased_purges":2,"victory":false,"max_hp_per_floor":[80,80,80,80,80,80,80,80,80,80,80,80,80,80,80,80,80,80,80,80,80,80,80,80,80,80,80,80,80,80,80,80,80,80,80,80,80,80,80,80,80,80,80,80,80,80,90,90,90,90,90],"card_choices":[{"not_picked":["Perfected Strike","Thunderclap"],"picked":"Flex","floor":1.0},{"not_picked":["Dropkick","Hemokinesis","Feel No Pain"],"picked":"SKIP","floor":6.0},{"not_picked":["Havoc","Hemokinesis"],"picked":"Heavy Blade","floor":8.0},{"not_picked":["Feel No Pain","Pommel Strike"],"picked":"True Grit","floor":10.0},{"not_picked":["Uppercut","Flame Barrier","Anger"],"picked":"SKIP","floor":13.0},{"not_picked":["Dark Embrace","Clothesline"],"picked":"Metallicize","floor":14.0},{"not_picked":["True Grit","Pommel Strike+1","Carnage"],"picked":"SKIP","floor":18.0},{"not_picked":["Sword Boomerang+1","Feel No Pain"],"picked":"Armaments","floor":19.0},{"not_picked":["Anger","Flame Barrier","Clothesline"],"picked":"SKIP","floor":21},{"not_picked":["Spot Weakness","Headbutt+1"],"picked":"Body Slam","floor":23},{"not_picked":["Combust+1","Twin Strike","Blood for Blood"],"picked":"SKIP","floor":28},{"not_picked":["Clothesline+1","Blood for Blood","Spot Weakness"],"picked":"SKIP","floor":30},{"not_picked":["Disarm","Clothesline"],"picked":"Flex+1","floor":31},{"not_picked":["Clash","Searing Blow+1","Evolve"],"picked":"SKIP","floor":35},{"not_picked":["Thunderclap","Anger"],"picked":"Perfected Strike","floor":36},{"not_picked":["Entrench+1","Headbutt","Pommel Strike"],"picked":"SKIP","floor":37},{"not_picked":["Hemokinesis","Battle Trance","Flex"],"picked":"SKIP","floor":40},{"not_picked":["Pommel Strike","Wild Strike","Twin Strike+1"],"picked":"SKIP","floor":42},{"not_picked":["Pommel Strike","Flex","Fire Breathing"],"picked":"SKIP","floor":45},{"not_picked":["Sword Boomerang","Havoc+1","Heavy Blade"],"picked":"SKIP","floor":47},{"not_picked":["Headbutt+1","Shrug It Off"],"picked":"Inflame","floor":48}],"player_experience":351703,"relics_obtained":[{"floor":6.0,"key":"Blood Vial"},{"floor":8.0,"key":"Pen Nib"},{"floor":9.0,"key":"Art of War"},{"floor":17.0,"key":"Centennial Puzzle"},{"floor":17.0,"key":"HornCleat"},{"floor":17.0,"key":"TungstenRod"},{"floor":19.0,"key":"Red Mask"},{"floor":26,"key":"Meat on the Bone"},{"floor":29,"key":"Ancient Tea Set"},{"floor":43,"key":"Bag of Preparation"}],"event_choices":[{"damage_healed":0.0,"max_hp_gain":0.0,"max_hp_loss":0.0,"gold_gain":0.0,"event_name":"Shining Light","player_choice":"Entered Light","floor":3.0,"gold_loss":0.0,"damage_taken":16.0,"cards_upgraded":["Strike_R","Defend_R"]},{"damage_healed":0.0,"max_hp_gain":0.0,"max_hp_loss":0.0,"gold_gain":175.0,"event_name":"Liars Game","player_choice":"AGREE","floor":4.0,"gold_loss":0.0,"damage_taken":0.0,"cards_obtained":["Doubt"]},{"damage_healed":0.0,"max_hp_gain":0.0,"max_hp_loss":0.0,"gold_gain":0.0,"event_name":"Accursed Blacksmith","player_choice":"Forge","floor":5.0,"gold_loss":0.0,"damage_taken":0.0,"cards_upgraded":["Cleave"]},{"damage_healed":0.0,"max_hp_gain":0.0,"max_hp_loss":0.0,"gold_gain":0.0,"event_name":"Living Wall","player_choice":"Grow","floor":12.0,"gold_loss":0.0,"damage_taken":0.0,"cards_upgraded":["Flex"]},{"damage_healed":0.0,"max_hp_gain":0.0,"max_hp_loss":0.0,"gold_gain":0.0,"event_name":"Masked Bandits","player_choice":"Fought Bandits","floor":19.0,"gold_loss":0.0,"damage_taken":0.0},{"damage_healed":0,"gold_gain":0,"player_choice":"Opened","damage_taken":0,"relics_obtained":["Shuriken"],"max_hp_gain":0,"max_hp_loss":0,"event_name":"The Mausoleum","floor":22,"gold_loss":0},{"damage_healed":0,"gold_gain":0,"player_choice":"Simplicity","damage_taken":0,"max_hp_gain":0,"max_hp_loss":0,"event_name":"Back to Basics","floor":25,"gold_loss":0,"cards_upgraded":["Strike_R","Strike_R","Strike_R","Strike_R","Defend_R","Defend_R","Defend_R"]},{"damage_healed":0,"gold_gain":222,"player_choice":"Wore Mask","damage_taken":0,"max_hp_gain":0,"max_hp_loss":0,"event_name":"Tomb of Lord Red Mask","floor":38,"gold_loss":0},{"damage_healed":0,"gold_gain":275,"player_choice":"Desecrate","damage_taken":0,"max_hp_gain":0,"max_hp_loss":0,"event_name":"Golden Shrine","floor":46,"gold_loss":0,"cards_obtained":["Regret"]}],"is_beta":false,"boss_relics":[{"not_picked":["Astrolabe","Empty Cage"],"picked":"Calling Bell"},{"not_picked":["Coffee Dripper","Sozu"],"picked":"SacredBark"}],"items_purged_floors":[20,39],"is_endless":false,"potions_floor_spawned":[8,10,13,18,21,23,35,40,47],"killed_by":"Awakened One","ascension_level":2}}