{"host":"xv6tnu9e6lzjd13s","time":1609460955,"event":{"mods":["BaseMod","Colored Powertips","Googly Eyes","Minty Spire (QoL Compilation)","Replay The Spire","StSLib"],"gold_per_floor":[115,125,125,125,140,140,167,167,167,201,48,65,79,105,105,105,105],"floor_reached":16,"playtime":758,"items_purged":["Strike_R"],"score":110,"play_id":"22a30aba-6592-4dfd-8a9a-9ee6db436b77","local_time":"20201231172915","is_ascension_mode":false,"campfire_choices":[{"data":"Body Slam","floor":6,"key":"SMITH"},{"data":"Body Slam","floor":8,"key":"SMITH"},{"floor":15,"key":"REST"}],"circlet_count":0,"master_deck":["Strike_R","Strike_R","Strike_R","Strike_R","Defend_R","Defend_R","Defend_R","Defend_R","Bash","Body Slam+1","Iron Wave","Body Slam+1","Metallicize","Flame Barrier"],"relics":["Velvet Choker","Gremlin Horn","Omamori","Bronze Scales","Onion Ring","Pen Nib"],"acts_visited":["Exordium"],"potions_floor_usage":[16,16,16],"damage_taken":[{"damage":0,"enemies":"Cultist","floor":1,"turns":2},{"damage":1,"enemies":"Jaw Worm","floor":2,"turns":3},{"damage":0,"enemies":"2 Louse","floor":5,"turns":3},{"damage":17,"enemies":"Gremlin Nob","floor":7,"turns":4},{"damage":13,"enemies":"3 Sentries","floor":10,"turns":6},{"damage":0,"enemies":"Large Slime","floor":12,"turns":4},{"damage":2,"enemies":"Exordium Thugs","floor":13,"turns":4},{"damage":77,"enemies":"Fading Forest","floor":16,"turns":11}],"seed_played":"-8411755032709448325","potions_obtained":[{"floor":2,"key":"GamblersBrew"},{"floor":5,"key":"Adrenaline Potion"},{"floor":7,"key":"Milkshake"},{"floor":10,"key":"BlessingOfTheForge"}],"is_trial":false,"path_per_floor":["M","M","$","?","M","R","E","R","T","E","$","M","M","T","R","B"],"character_chosen":"IRONCLAD","items_purchased":["Metallicize"],"campfire_rested":1,"item_purchase_floors":[11],"current_hp_per_floor":[80,79,79,79,79,79,62,62,62,49,49,49,47,47,71,0,0],"gold":105,"neow_bonus":"BOSS_RELIC","is_daily":false,"chose_seed":false,"campfire_upgraded":2,"win_rate":0.0,"timestamp":1609460955,"path_taken":["M","?","$","?","M","R","E","R","T","E","?","M","M","?","R","BOSS"],"items_purchased_type":["Card"],"build_version":"2020-12-22","purchased_purges":1,"victory":false,"max_hp_per_floor":[80,80,80,80,80,80,80,80,80,80,80,80,80,80,80,80,80],"card_choices":[{"not_picked":["Anger","ReplayTheSpireMod:Strike From Hell"],"picked":"Body Slam","floor":1},{"not_picked":["Defy Death","Second Wind","Thunderclap"],"picked":"SKIP","floor":2},{"not_picked":["Armaments","Shockwave"],"picked":"Iron Wave","floor":5},{"not_picked":["Carnage","Life Link"],"picked":"Body Slam","floor":7},{"not_picked":["Replay:Undeath\u0027s Touch","Cleave","Run Through"],"picked":"SKIP","floor":10},{"not_picked":["True Grit","Armaments"],"picked":"Flame Barrier","floor":12},{"not_picked":["Spot Weakness","Clash","Headbutt"],"picked":"SKIP","floor":13}],"player_experience":69073,"relics_obtained":[{"floor":7,"key":"Omamori"},{"floor":9,"key":"Bronze Scales"},{"floor":10,"key":"Onion Ring"},{"floor":14,"key":"Pen Nib"}],"event_choices":[{"damage_healed":0,"gold_gain":0,"player_choice":"Gave Potion","damage_taken":0,"relics_obtained":["Gremlin Horn"],"max_hp_gain":0,"max_hp_loss":0,"event_name":"WeMeetAgain","floor":4,"gold_loss":0}],"is_beta":false,"boss_relics":[],"items_purged_floors":[11],"is_endless":false,"potions_floor_spawned":[2,5,7,10],"killed_by":"Fading Forest","ascension_level":0}}