{"host":"my77oq6kb6j47rwl","time":1609527072,"event":{"mods":["BaseMod","Emptier Cage","Ironclad Rager","Minty Spire (QoL Compilation)","Quick Restart","Rare Cards Sparkle","StSLib"],"gold_per_floor":[99,99,99,99,99,99,99,99,99,99,99,99,99,99,99,99,99,39,39,39,39,39,39,13,13,13,13,13,13,13,13,13,13,13,13,13,13,13,13,13,13,13,13,13,13,13,13,13,13,13,13],"floor_reached":50,"playtime":6703,"items_purged":[],"score":856,"play_id":"55d0c48a-3565-439b-9078-400090c1b4bd","local_time":"20210101135112","is_ascension_mode":true,"campfire_choices":[{"data":"Streamline","floor":7,"key":"SMITH"},{"floor":12,"key":"REST"},{"floor":15,"key":"REST"},{"data":"Defragment","floor":23,"key":"SMITH"},{"data":"Loop","floor":25,"key":"SMITH"},{"data":"Auto Shields","floor":28,"key":"SMITH"},{"data":"Leap","floor":32,"key":"SMITH"},{"data":"Echo Form","floor":41,"key":"SMITH"},{"data":"Defragment","floor":49,"key":"SMITH"}],"circlet_count":0,"master_deck":["AscendersBane","Strike_B","Defend_B","Defend_B","Defend_B","Defend_B","Zap","Dualcast","Streamline+1","Coolheaded","Ball Lightning","Auto Shields+1","Defragment+1","Cold Snap","Seek","Conserve Battery+1","Cold Snap+1","Loop+1","Leap+1","Skim+1","Ball Lightning+1","Echo Form+1","Self Repair","Dramatic Entrance","Panache","Cold Snap+1","Discovery","Hello World","Buffer","Conserve Battery+1","Double Energy+1","Defragment+1"],"relics":["Ectoplasm","Oddly Smooth Stone","DataDisk","Letter Opener","Singing Bowl","Matryoshka","Empty Cage","Mercury Hourglass","Meat on the Bone","Sozu","Molten Egg 2","Pen Nib","Ancient Tea Set","White Beast Statue"],"acts_visited":["Exordium","TheCity","TheBeyond"],"potions_floor_usage":[33,40,50],"damage_taken":[{"damage":1,"enemies":"Cultist","floor":1,"turns":4},{"damage":4,"enemies":"Small Slimes","floor":2,"turns":4},{"damage":5,"enemies":"Jaw Worm","floor":4,"turns":3},{"damage":0,"enemies":"Exordium Wildlife","floor":5,"turns":4},{"damage":28,"enemies":"Gremlin Nob","floor":6,"turns":4},{"damage":5,"enemies":"Lagavulin","floor":8,"turns":6},{"damage":9,"enemies":"Lots of Slimes","floor":10,"turns":4},{"damage":1,"enemies":"3 Louse","floor":11,"turns":2},{"damage":17,"enemies":"3 Sentries","floor":13,"turns":6},{"damage":0,"enemies":"2 Fungi Beasts","floor":14,"turns":3},{"damage":32,"enemies":"The Guardian","floor":16,"turns":13},{"damage":16,"enemies":"2 Thieves","floor":18,"turns":4},{"damage":22,"enemies":"3 Byrds","floor":19,"turns":6},{"damage":4,"enemies":"3 Cultists","floor":20,"turns":6},{"damage":0,"enemies":"Centurion and Healer","floor":21,"turns":7},{"damage":0,"enemies":"Shelled Parasite and Fungi","floor":27,"turns":5},{"damage":10,"enemies":"3 Cultists","floor":29,"turns":5},{"damage":1,"enemies":"Centurion and Healer","floor":30,"turns":8},{"damage":0,"enemies":"Snecko","floor":31,"turns":5},{"damage":24,"enemies":"Champ","floor":33,"turns":12},{"damage":13,"enemies":"3 Darklings","floor":35,"turns":4},{"damage":22,"enemies":"3 Shapes","floor":37,"turns":3},{"damage":15,"enemies":"Spire Growth","floor":38,"turns":6},{"damage":11,"enemies":"Reptomancer","floor":40,"turns":7},{"damage":23,"enemies":"4 Shapes","floor":42,"turns":4},{"damage":23,"enemies":"Sphere and 2 Shapes","floor":44,"turns":4},{"damage":34,"enemies":"Giant Head","floor":45,"turns":9},{"damage":8,"enemies":"Maw","floor":46,"turns":7},{"damage":22,"enemies":"Transient","floor":47,"turns":5},{"damage":15,"enemies":"Writhing Mass","floor":48,"turns":6},{"damage":72,"enemies":"Awakened One","floor":50,"turns":6}],"seed_played":"9113025887284680888","potions_obtained":[{"floor":4,"key":"FocusPotion"},{"floor":5,"key":"LiquidBronze"},{"floor":6,"key":"DuplicationPotion"},{"floor":33,"key":"Explosive Potion"}],"is_trial":false,"path_per_floor":["M","M","T","M","M","E","R","E","T","M","M","R","E","M","R","B",null,"M","M","M","M","?","R","$","R","T","M","R","M","M","M","R","B",null,"M","?","M","M","?","E","R","M","T","M","E","M","M","M","R","B"],"character_chosen":"DEFECT","items_purchased":["Leap"],"campfire_rested":2,"item_purchase_floors":[24],"current_hp_per_floor":[67,63,63,58,58,30,30,25,25,18,19,42,25,25,48,16,63,47,25,21,23,23,23,23,23,23,37,37,41,52,52,52,40,74,61,56,48,52,52,60,60,63,63,61,48,61,58,69,69,0,0],"gold":13,"neow_bonus":"BOSS_RELIC","is_daily":false,"chose_seed":false,"campfire_upgraded":7,"win_rate":0.0,"timestamp":1609527072,"path_taken":["M","M","?","M","M","E","R","E","T","?","M","R","E","M","R","BOSS","M","M","M","?","?","R","?","R","T","M","R","M","M","M","R","BOSS","M","?","M","M","?","E","R","M","T","M","E","M","?","M","R","BOSS"],"items_purchased_type":["Card"],"build_version":"2020-12-22","purchased_purges":0,"victory":false,"max_hp_per_floor":[75,75,75,75,75,75,75,75,75,77,79,79,79,79,79,79,79,79,79,79,81,81,81,81,81,81,83,83,85,85,85,85,85,85,85,85,87,87,87,87,87,87,87,89,91,93,93,93,93,93,93],"card_choices":[{"not_picked":["Conserve Battery","Force Field"],"picked":"Streamline","floor":1},{"not_picked":["Rebound","Beam Cell"],"picked":"Coolheaded","floor":2},{"not_picked":["Rip and Tear","Turbo"],"picked":"Ball Lightning","floor":4},{"not_picked":["Recycle","Coolheaded","Heatsinks"],"picked":"SKIP","floor":5},{"not_picked":["Double Energy","Melter"],"picked":"Auto Shields","floor":6},{"not_picked":["Streamline","Hello World","Beam Cell"],"picked":"SKIP","floor":8},{"not_picked":["Buffer","Double Energy","Rip and Tear"],"picked":"Singing Bowl","floor":10},{"not_picked":["Scrape","Redo","Stack"],"picked":"Singing Bowl","floor":11},{"not_picked":["Compile Driver","Ball Lightning"],"picked":"Defragment","floor":13},{"not_picked":["Go for the Eyes","Chaos"],"picked":"Cold Snap","floor":14},{"not_picked":["All For One","Buffer"],"picked":"Seek","floor":16},{"not_picked":["Darkness","Genetic Algorithm"],"picked":"Conserve Battery+1","floor":18},{"not_picked":["Steam","Doom and Gloom+1"],"picked":"Cold Snap+1","floor":19},{"not_picked":["Gash","Static Discharge"],"picked":"Loop","floor":20},{"not_picked":["Redo","Compile Driver+1","Scrape"],"picked":"Singing Bowl","floor":21},{"not_picked":["Compile Driver+1","Consume","Steam"],"picked":"Singing Bowl","floor":27},{"not_picked":["Beam Cell","Stack","Glacier"],"picked":"Singing Bowl","floor":29},{"not_picked":["Rebound","Sweeping Beam"],"picked":"Skim+1","floor":30},{"not_picked":["Leap","Conserve Battery"],"picked":"Ball Lightning+1","floor":31},{"not_picked":["Amplify","Buffer"],"picked":"Echo Form","floor":33},{"not_picked":["Hologram+1","Compile Driver"],"picked":"Self Repair","floor":35},{"not_picked":["Dark Shackles","Chrysalis"],"picked":"Dramatic Entrance","floor":36},{"not_picked":["Magnetism","The Bomb"],"picked":"Panache","floor":36},{"not_picked":["Redo","Gash","Consume+1"],"picked":"Singing Bowl","floor":37},{"not_picked":["Beam Cell+1","Ball Lightning+1"],"picked":"Cold Snap+1","floor":38},{"not_picked":["Glacier","Hologram+1"],"picked":"Buffer","floor":40},{"not_picked":["White Noise+1","Gash+1"],"picked":"Conserve Battery+1","floor":42},{"not_picked":["Cold Snap+1","Self Repair","Sweeping Beam+1"],"picked":"Singing Bowl","floor":44},{"not_picked":["Darkness+1","Stack+1","Reboot"],"picked":"Singing Bowl","floor":45},{"not_picked":["Rebound+1","Reinforced Body+1","Redo+1"],"picked":"Singing Bowl","floor":46},{"not_picked":["Redo","Turbo+1"],"picked":"Double Energy+1","floor":47},{"not_picked":["Storm","Ball Lightning+1"],"picked":"Defragment","floor":48}],"player_experience":986091,"relics_obtained":[{"floor":3,"key":"Oddly Smooth Stone"},{"floor":6,"key":"DataDisk"},{"floor":8,"key":"Letter Opener"},{"floor":9,"key":"Singing Bowl"},{"floor":13,"key":"Matryoshka"},{"floor":26,"key":"Mercury Hourglass"},{"floor":26,"key":"Meat on the Bone"},{"floor":40,"key":"Molten Egg 2"},{"floor":43,"key":"Pen Nib"},{"floor":43,"key":"Ancient Tea Set"},{"floor":45,"key":"White Beast Statue"}],"event_choices":[{"damage_healed":0,"gold_gain":0,"player_choice":"Ignored","damage_taken":0,"max_hp_gain":0,"max_hp_loss":0,"event_name":"N\u0027loth","floor":22,"gold_loss":0},{"damage_healed":0,"gold_gain":0,"player_choice":"Memory 2","damage_taken":5,"max_hp_gain":0,"max_hp_loss":0,"event_name":"SensoryStone","floor":36,"gold_loss":0},{"damage_healed":0,"gold_gain":0,"player_choice":"2 cards matched","damage_taken":0,"max_hp_gain":0,"max_hp_loss":0,"event_name":"Match and Keep!","floor":39,"gold_loss":0,"cards_obtained":["Discovery","Hello World"]}],"is_beta":false,"boss_relics":[{"not_picked":["Velvet Choker","Runic Dome"],"picked":"Empty Cage"},{"not_picked":["SlaversCollar","Cursed Key"],"picked":"Sozu"}],"items_purged_floors":[],"is_endless":false,"potions_floor_spawned":[4,5,6,13,14,16,19,21,29,30,31,33,42,44,45,46,47,48],"killed_by":"Awakened One","ascension_level":11}}