{"host":"tmf10eeko6je6wes","time":1609469714,"event":{"mods":["AchievementEnabler","BaseMod","Better Altar","Better Match","Better Note","Better Sensory Stone","Better Skull","Better Third Choice","Colored Map","Colored Powertips","Curses Come First","DeckTracker","Highlight Path","Minty Spire (QoL Compilation)","Permanent Neow","Quick Restart","Relic Sorter","Relic Stats","Shop Mod","StSLib","SuperFastMode","Synergy Search"],"gold_per_floor":[217,217,237,248,260,260,275,275,330,330,34,43,63,89,89,201,201,223,223,273,299,23,72,72,93,93,93,93],"floor_reached":27,"playtime":807,"items_purged":[],"score":207,"play_id":"54b06b98-15d0-40fa-8951-d78e1fb30717","local_time":"20201231215514","is_ascension_mode":false,"campfire_choices":[{"floor":6,"key":"REST"},{"data":"ForeignInfluence","floor":8,"key":"SMITH"},{"data":"Conclude","floor":10,"key":"SMITH"},{"data":"Prostrate","floor":15,"key":"SMITH"},{"floor":24,"key":"REST"}],"circlet_count":0,"master_deck":["Strike_P","Strike_P","Strike_P","Strike_P","Defend_P","Defend_P","Defend_P","Defend_P","Eruption","Vigilance","Conclude+1","Prostrate+1","JustLucky","LikeWater","ForeignInfluence+1","Pain","Vengeance","ClearTheMind","MasterReality+1","EmptyBody","Evaluate","SashWhip","Establishment","Prostrate"],"relics":["PureWater","Potion Belt","Akabeko","CeramicFish","WarpedTongs","Runic Pyramid","Bottled Tornado","Toxic Egg 2"],"acts_visited":["Exordium","TheCity"],"potions_floor_usage":[18,18],"damage_taken":[{"damage":3,"enemies":"2 Louse","floor":1,"turns":3},{"damage":8,"enemies":"Cultist","floor":3,"turns":5},{"damage":0,"enemies":"Small Slimes","floor":4,"turns":2},{"damage":3,"enemies":"Looter","floor":5,"turns":3},{"damage":0,"enemies":"3 Louse","floor":7,"turns":2},{"damage":0,"enemies":"2 Fungi Beasts","floor":13,"turns":2},{"damage":0,"enemies":"Gremlin Gang","floor":14,"turns":1},{"damage":35,"enemies":"Slime Boss","floor":16,"turns":6},{"damage":34,"enemies":"3 Byrds","floor":18,"turns":4},{"damage":5,"enemies":"Chosen","floor":21,"turns":6},{"damage":31,"enemies":"Centurion and Healer","floor":23,"turns":8},{"damage":21,"enemies":"Snake Plant","floor":25,"turns":4},{"damage":6,"enemies":"Book of Stabbing","floor":27,"turns":1}],"seed_played":"6871343896486227298","potions_obtained":[{"floor":1,"key":"Ambrosia"},{"floor":7,"key":"Strength Potion"},{"floor":13,"key":"Energy Potion"},{"floor":21,"key":"AttackPotion"},{"floor":25,"key":"FearPotion"}],"is_trial":false,"path_per_floor":["M","?","M","M","M","R","M","R","T","R","$","?","M","M","R","B",null,"M","?","?","M","$","M","R","M","T","E"],"character_chosen":"WATCHER","items_purchased":["Akabeko","CeramicFish","Bottled Tornado","SashWhip"],"campfire_rested":2,"item_purchase_floors":[11,11,22,22],"current_hp_per_floor":[69,69,61,61,58,72,72,72,72,72,72,72,72,72,72,37,72,38,38,38,33,33,2,23,2,2,0,0],"gold":93,"neow_bonus":"HUNDRED_GOLD","is_daily":false,"chose_seed":false,"campfire_upgraded":3,"win_rate":0.0,"timestamp":1609469714,"path_taken":["M","?","M","?","M","R","M","R","T","R","$","?","M","?","R","BOSS","M","?","?","M","$","?","R","M","T","E"],"items_purchased_type":["Relic","Relic","Relic","Card"],"build_version":"2020-12-22","purchased_purges":0,"victory":false,"max_hp_per_floor":[72,72,72,72,72,72,72,72,72,72,72,72,72,72,72,72,72,72,72,72,72,72,72,72,72,72,72,72],"relic_stats":{"counters":[13,47],"CeramicFish":81,"obtain_stats":[{"Potion Belt":9,"CeramicFish":11,"PureWater":0,"Bottled Tornado":22,"Toxic Egg 2":26,"Akabeko":11,"WarpedTongs":12,"Runic Pyramid":17},{"Potion Belt":5,"CeramicFish":5,"PureWater":0,"Bottled Tornado":10,"Toxic Egg 2":12,"Akabeko":5,"WarpedTongs":5,"Runic Pyramid":8},{"Potion Belt":15,"CeramicFish":15,"PureWater":0,"Bottled Tornado":34,"Toxic Egg 2":46,"Akabeko":15,"WarpedTongs":15,"Runic Pyramid":24}],"WarpedTongs":[32]},"card_choices":[{"not_picked":["Tantrum","BowlingBash"],"picked":"Conclude","floor":1},{"not_picked":["Pray","ThirdEye"],"picked":"Prostrate","floor":3},{"not_picked":["FlurryOfBlows","CutThroughFate"],"picked":"JustLucky","floor":4},{"not_picked":["Protect","Vengeance"],"picked":"LikeWater","floor":5},{"not_picked":["FlurryOfBlows","Consecrate"],"picked":"ForeignInfluence","floor":7},{"not_picked":["Collect","CrushJoints"],"picked":"Vengeance","floor":13},{"not_picked":["CarveReality","BowlingBash"],"picked":"ClearTheMind","floor":14},{"not_picked":["Vault","Brilliance"],"picked":"MasterReality","floor":16},{"not_picked":["ClearTheMind","Pray"],"picked":"EmptyBody","floor":18},{"not_picked":["FollowUp","SashWhip"],"picked":"Evaluate","floor":21},{"not_picked":["Prostrate+1","CrushJoints"],"picked":"Establishment","floor":23},{"not_picked":["BowlingBash","CutThroughFate"],"picked":"Prostrate","floor":25}],"player_experience":39989,"relics_obtained":[{"floor":9,"key":"Potion Belt"},{"floor":26,"key":"Toxic Egg 2"}],"event_choices":[{"damage_healed":0,"gold_gain":0,"player_choice":"Ignored","damage_taken":0,"max_hp_gain":0,"max_hp_loss":0,"event_name":"Purifier","floor":2,"gold_loss":0},{"damage_healed":0,"gold_gain":0,"player_choice":"Rummage","damage_taken":0,"relics_obtained":["WarpedTongs"],"max_hp_gain":0,"max_hp_loss":0,"event_name":"Accursed Blacksmith","floor":12,"gold_loss":0,"cards_obtained":["Pain"]},{"damage_healed":0,"gold_gain":0,"player_choice":"Upgraded","damage_taken":0,"max_hp_gain":0,"max_hp_loss":0,"event_name":"Upgrade Shrine","floor":19,"gold_loss":0,"cards_upgraded":["MasterReality"]},{"damage_healed":0,"gold_gain":100,"player_choice":"Bet on Murderer","damage_taken":0,"max_hp_gain":0,"max_hp_loss":0,"event_name":"The Joust","floor":20,"gold_loss":50}],"is_beta":false,"boss_relics":[{"not_picked":["Velvet Choker","Black Star"],"picked":"Runic Pyramid"}],"items_purged_floors":[],"is_endless":false,"potions_floor_spawned":[1,7,13,21,25],"killed_by":"Book of Stabbing","ascension_level":0}}