{"host":"8wq2kaef3mxk27dm","time":1609535881,"event":{"mods":["Act Like it!","Aspiration","Astrologer","BaseMod","CCEM","Colored Map","Friendly Minions","Gensokyo","GifTheSpireLib","GungeonMod","HololiveMod","Hubris","Jorbs\u0027s Wanderer Trilogy","Lobotomy","Marisa????????","Minty Spire (QoL Compilation)","Prisma Mod","StSLib","Stuff the Spire","The Animator","The Blackbeard","The Bug Knight","The Disciple","The Hierophant","The Problem Sleuth","The Runesmith","The Senshi","The Wild Card","TheArtist","Wandering Minibosses"],"gold_per_floor":[110,110,39,54,72,104,104,104,104],"floor_reached":8,"playtime":664,"items_purged":[],"score":59,"play_id":"dae60f51-69ac-46f4-a4c7-6055596ee5f3","local_time":"20210101151801","is_ascension_mode":true,"campfire_choices":[{"floor":7,"key":"REST"}],"circlet_count":0,"master_deck":["theWildCard:BasicStrike","theWildCard:BasicStrike","theWildCard:BasicStrike","theWildCard:BasicStrike","theWildCard:BasicDefend","theWildCard:BasicDefend","theWildCard:BasicDefend","theWildCard:BasicDefend","theWildCard:CallToAdventure","theWildCard:Arsene","theWildCard:MagicalMight","theWildCard:Metatron","theWildCard:UnderLockAndKey","theWildCard:Attunement","theWildCard:MagicalMight"],"relics":["theWildCard:VelvetContract","Omamori"],"acts_visited":["Exordium"],"potions_floor_usage":[6,6],"damage_taken":[{"damage":0,"enemies":"2 Louse","floor":1,"turns":2},{"damage":3,"enemies":"Cultist","floor":4,"turns":3},{"damage":0,"enemies":"Jaw Worm","floor":5,"turns":3},{"damage":13,"enemies":"Gremlin Nob","floor":6,"turns":3},{"damage":64,"enemies":"HollowMod:MossKnight","floor":8,"turns":9}],"seed_played":"4228655190530070714","potions_obtained":[{"floor":0,"key":"LiquidBronze"},{"floor":0,"key":"GamblersBrew"},{"floor":0,"key":"Weak Potion"},{"floor":4,"key":"ColorlessPotion"}],"is_trial":false,"path_per_floor":["M","?","$","M","M","E","R","E"],"character_chosen":"THE_WILD_CARD","items_purchased":["theWildCard:Metatron"],"campfire_rested":1,"item_purchase_floors":[3],"current_hp_per_floor":[60,60,60,57,57,44,60,0,0],"gold":104,"neow_bonus":"THREE_SMALL_POTIONS","is_daily":false,"chose_seed":false,"campfire_upgraded":0,"win_rate":0.0,"timestamp":1609535881,"path_taken":["M","?","?","?","M","E","R","E"],"items_purchased_type":["Card"],"build_version":"2020-12-22","purchased_purges":0,"victory":false,"max_hp_per_floor":[60,60,60,60,60,60,60,60,60],"card_choices":[{"not_picked":["theWildCard:Providence","theWildCard:Impatience"],"picked":"theWildCard:MagicalMight","floor":1},{"not_picked":["theWildCard:SeveringSlash","theWildCard:StingingStrike"],"picked":"theWildCard:UnderLockAndKey","floor":4},{"not_picked":["theWildCard:ArchaicAssault","theWildCard:MagicMettle"],"picked":"theWildCard:Attunement","floor":5},{"not_picked":["theWildCard:Patience","theWildCard:SeveringSlash"],"picked":"theWildCard:MagicalMight","floor":6}],"player_experience":208432,"relics_obtained":[{"floor":6,"key":"Omamori"}],"event_choices":[{"damage_healed":0,"gold_gain":0,"player_choice":"Bought 0 Potions","damage_taken":0,"max_hp_gain":0,"max_hp_loss":0,"event_name":"The Woman in Blue","floor":2,"gold_loss":0}],"is_beta":false,"boss_relics":[],"items_purged_floors":[],"is_endless":false,"potions_floor_spawned":[4],"killed_by":"HollowMod:MossKnight","ascension_level":1}}