{"host":"6pfj0wha12yu6wq3","time":1609490821,"event":{"mods":["BaseMod","Colored Map","Colored Powertips","Curses Come First","DeckTracker","Minty Spire (QoL Compilation)","RNG Fix","Relic Sorter","Relic Stats","StSLib","ojb\u0027s Better Paths Mod","ojb\u0027s Info Mod"],"gold_per_floor":[109,119,137,137,150,150,0,10,35,48,48,80,80,112,112,188,188,205,205,225,53,68,95,95,95,122,122,134,176,176,22,22,106,106,125,125,152,163,38,67,85,111,182,182,182],"floor_reached":44,"playtime":2652,"items_purged":["Pain","Strike_G","Strike_G"],"score":970,"play_id":"4568f591-8c58-4279-a11f-90263e750163","local_time":"20210101034701","is_ascension_mode":true,"campfire_choices":[{"data":"Poisoned Stab","floor":6,"key":"SMITH"},{"data":"Bouncing Flask","floor":13,"key":"SMITH"},{"data":"Terror","floor":15,"key":"SMITH"},{"floor":24,"key":"REST"},{"data":"Night Terror","floor":27,"key":"SMITH"},{"floor":30,"key":"REST"},{"data":"Well Laid Plans","floor":32,"key":"SMITH"}],"circlet_count":0,"master_deck":["AscendersBane","Defend_G","Defend_G","Defend_G","Defend_G","Defend_G","Survivor","Neutralize","Backstab","Quick Slash","Poisoned Stab+1","Bouncing Flask+1","Leg Sweep","All Out Attack","Terror+1","Night Terror+1","Catalyst+1","Corpse Explosion+1","Dodge and Roll+1","PiercingWail","Well Laid Plans+1","Cloak And Dagger+1","Acrobatics+1","Noxious Fumes","Escape Plan+1","Malaise","Discovery","Apotheosis","Panacea","Acrobatics","Outmaneuver"],"relics":["Ring of the Snake","NeowsBlessing","WarpedTongs","Happy Flower","Omamori","Centennial Puzzle","Astrolabe","ClockworkSouvenir","Art of War","Toy Ornithopter","CeramicFish","Cursed Key","Darkstone Periapt"],"acts_visited":["Exordium","TheCity","TheBeyond"],"potions_floor_usage":[14,18,23,29,33,44],"damage_taken":[{"damage":0,"enemies":"Small Slimes","floor":1,"turns":1},{"damage":0,"enemies":"Jaw Worm","floor":2,"turns":1},{"damage":0,"enemies":"Cultist","floor":3,"turns":1},{"damage":2,"enemies":"Looter","floor":5,"turns":4},{"damage":0,"enemies":"Gremlin Gang","floor":8,"turns":5},{"damage":0,"enemies":"3 Louse","floor":10,"turns":2},{"damage":3,"enemies":"Lagavulin","floor":12,"turns":5},{"damage":4,"enemies":"Gremlin Nob","floor":14,"turns":3},{"damage":21,"enemies":"Hexaghost","floor":16,"turns":7},{"damage":2,"enemies":"Shell Parasite","floor":18,"turns":3},{"damage":2,"enemies":"3 Byrds","floor":20,"turns":4},{"damage":3,"enemies":"3 Cultists","floor":22,"turns":4},{"damage":48,"enemies":"Slavers","floor":23,"turns":6},{"damage":0,"enemies":"Centurion and Healer","floor":28,"turns":4},{"damage":19,"enemies":"Gremlin Leader","floor":29,"turns":6},{"damage":16,"enemies":"Automaton","floor":33,"turns":8},{"damage":0,"enemies":"3 Shapes","floor":35,"turns":6},{"damage":6,"enemies":"3 Darklings","floor":38,"turns":2},{"damage":3,"enemies":"Spire Growth","floor":40,"turns":4},{"damage":3,"enemies":"Writhing Mass","floor":41,"turns":6},{"damage":25,"enemies":"Sphere and 2 Shapes","floor":42,"turns":7},{"damage":30,"enemies":"Giant Head","floor":44,"turns":4}],"seed_played":"-236970336714082751","potions_obtained":[{"floor":2,"key":"AttackPotion"},{"floor":3,"key":"Dexterity Potion"},{"floor":12,"key":"Energy Potion"},{"floor":14,"key":"Swift Potion"},{"floor":22,"key":"Fruit Juice"},{"floor":23,"key":"LiquidMemories"},{"floor":33,"key":"FearPotion"}],"is_trial":false,"path_per_floor":["M","M","M","?","M","R","$","M","T","M","?","E","R","E","R","B",null,"M","?","M","$","M","E","R","?","T","R","M","E","R","$","R","B",null,"M","?","?","M","$","M","M","M","T","E"],"character_chosen":"THE_SILENT","items_purchased":["Bouncing Flask","ClockworkSouvenir","PowerPotion"],"campfire_rested":2,"item_purchase_floors":[7,21,31],"current_hp_per_floor":[59,59,59,59,57,57,57,57,57,57,57,54,54,50,50,29,57,55,55,53,53,50,2,21,21,21,21,21,7,26,26,26,15,53,53,53,43,37,37,34,31,6,6,0,0],"gold":182,"neow_bonus":"THREE_ENEMY_KILL","is_daily":false,"chose_seed":false,"campfire_upgraded":5,"win_rate":0.0,"timestamp":1609490821,"path_taken":["M","M","?","?","M","R","$","M","T","M","?","E","R","E","R","BOSS","M","?","M","$","?","E","R","?","T","R","M","E","R","$","R","BOSS","M","?","?","M","$","M","M","?","T","E"],"items_purchased_type":["Card","Relic","Potion"],"build_version":"2020-12-22","purchased_purges":3,"victory":false,"max_hp_per_floor":[66,66,66,66,66,66,66,66,66,66,66,66,66,66,66,66,66,66,66,66,66,66,66,66,66,66,66,66,66,66,66,66,66,66,66,66,66,66,66,66,66,66,66,71,71],"relic_stats":{"Darkstone Periapt":0,"Centennial Puzzle":[33],"Happy Flower":[27],"counters":[22,93],"Astrolabe":["Catalyst","Corpse Explosion","Dodge and Roll"],"CeramicFish":63,"Art of War":[16],"Cursed Key":1,"obtain_stats":[{"Darkstone Periapt":36,"NeowsBlessing":0,"Happy Flower":9,"Astrolabe":17,"CeramicFish":29,"Omamori":12,"Cursed Key":34,"WarpedTongs":4,"ClockworkSouvenir":21,"Centennial Puzzle":14,"Art of War":23,"Toy Ornithopter":26,"Ring of the Snake":0},{"Darkstone Periapt":17,"NeowsBlessing":0,"Happy Flower":5,"Astrolabe":9,"CeramicFish":15,"Omamori":7,"Cursed Key":16,"WarpedTongs":3,"ClockworkSouvenir":11,"Centennial Puzzle":8,"Art of War":13,"Toy Ornithopter":13,"Ring of the Snake":0},{"Darkstone Periapt":70,"NeowsBlessing":0,"Happy Flower":12,"Astrolabe":29,"CeramicFish":56,"Omamori":19,"Cursed Key":64,"WarpedTongs":3,"ClockworkSouvenir":36,"Centennial Puzzle":22,"Art of War":46,"Toy Ornithopter":46,"Ring of the Snake":0}],"Toy Ornithopter":15,"Ring of the Snake":[44],"WarpedTongs":[76]},"card_choices":[{"not_picked":["Prepared","Skewer"],"picked":"Backstab","floor":1},{"not_picked":["Outmaneuver","Bane"],"picked":"Quick Slash","floor":2},{"not_picked":["PiercingWail","Blur","Deflect"],"picked":"SKIP","floor":3},{"not_picked":["Setup","Concentrate"],"picked":"Poisoned Stab","floor":5},{"not_picked":["Dodge and Roll","Accuracy"],"picked":"Leg Sweep","floor":8},{"not_picked":["Blur","Eviscerate"],"picked":"All Out Attack","floor":10},{"not_picked":["Deflect","Infinite Blades","Acrobatics"],"picked":"SKIP","floor":12},{"not_picked":["Dodge and Roll","Flechettes"],"picked":"Terror","floor":14},{"not_picked":["Tools of the Trade","Glass Knife"],"picked":"Night Terror","floor":16},{"not_picked":["Poisoned Stab","Prepared"],"picked":"PiercingWail","floor":18},{"not_picked":["Escape Plan+1","Setup"],"picked":"Cloak And Dagger+1","floor":20},{"not_picked":["Glass Knife","PiercingWail"],"picked":"Acrobatics+1","floor":22},{"not_picked":["Blade Dance","Bane"],"picked":"Noxious Fumes","floor":23},{"not_picked":["Deadly Poison","Bane","Dodge and Roll"],"picked":"SKIP","floor":28},{"not_picked":["Phantasmal Killer","Endless Agony+1"],"picked":"Escape Plan+1","floor":29},{"not_picked":["Venomology","After Image"],"picked":"Malaise","floor":33},{"not_picked":["Flying Knee+1","Predator","Bouncing Flask"],"picked":"SKIP","floor":35},{"not_picked":["Blind","Finesse"],"picked":"Discovery","floor":37},{"not_picked":["Transmutation","Bandage Up"],"picked":"Apotheosis","floor":37},{"not_picked":["Apotheosis","Madness"],"picked":"Panacea","floor":37},{"not_picked":["Caltrops","Bane","Backstab"],"picked":"SKIP","floor":38},{"not_picked":["Flying Knee","Blur"],"picked":"Acrobatics","floor":40},{"not_picked":["Bane","Distraction","Deadly Poison"],"picked":"SKIP","floor":41},{"not_picked":["Bouncing Flask","Masterful Stab"],"picked":"Outmaneuver","floor":42}],"player_experience":58628,"relics_obtained":[{"floor":9,"key":"Happy Flower"},{"floor":12,"key":"Omamori"},{"floor":14,"key":"Centennial Puzzle"},{"floor":23,"key":"Art of War"},{"floor":26,"key":"Toy Ornithopter"},{"floor":29,"key":"CeramicFish"}],"event_choices":[{"damage_healed":0,"gold_gain":0,"player_choice":"Rummage","damage_taken":0,"relics_obtained":["WarpedTongs"],"max_hp_gain":0,"max_hp_loss":0,"event_name":"Accursed Blacksmith","floor":4,"gold_loss":0,"cards_obtained":["Pain"]},{"damage_healed":0,"gold_gain":0,"player_choice":"Ignored","damage_taken":0,"max_hp_gain":0,"max_hp_loss":0,"event_name":"Liars Game","floor":11,"gold_loss":0},{"damage_healed":0,"gold_gain":0,"player_choice":"Read","damage_taken":0,"max_hp_gain":0,"max_hp_loss":0,"event_name":"The Library","floor":19,"gold_loss":0,"cards_obtained":["Well Laid Plans"]},{"damage_healed":0,"gold_gain":0,"player_choice":"Ignored","damage_taken":0,"max_hp_gain":0,"max_hp_loss":0,"event_name":"Vampires","floor":25,"gold_loss":0},{"damage_healed":0,"gold_gain":0,"player_choice":"Gave Potion","damage_taken":0,"relics_obtained":["Darkstone Periapt"],"max_hp_gain":0,"max_hp_loss":0,"event_name":"WeMeetAgain","floor":36,"gold_loss":0},{"damage_healed":0,"gold_gain":0,"player_choice":"Memory 3","damage_taken":10,"max_hp_gain":0,"max_hp_loss":0,"event_name":"SensoryStone","floor":37,"gold_loss":0}],"is_beta":false,"boss_relics":[{"not_picked":["HoveringKite","Ring of the Serpent"],"picked":"Astrolabe"},{"not_picked":["Sozu","Velvet Choker"],"picked":"Cursed Key"}],"items_purged_floors":[7,31,39],"is_endless":false,"potions_floor_spawned":[2,3,12,14,22,23,33],"killed_by":"Giant Head","ascension_level":20}}