{"host":"sc0o2qwpf9j16a4i","time":1609507272,"event":{"mods":["AchievementEnabler","BaseMod","BetterRewards","Block Reminder","Colored Map","Colored Powertips","Custom Start","Highlight Path","Minty Spire (QoL Compilation)","Relic Stats"],"gold_per_floor":[111,121,139,139,53,53,84,84,84,97,140,140,140,155,155,248,248,261,275,275,190,58,73,73,112,157,157,1,1,39,53,53,53,53],"floor_reached":33,"playtime":955,"items_purged":["Defend_G","Doubt"],"score":661,"play_id":"db6bd281-c888-4db4-8405-41568a0a83d8","local_time":"20210101152112","is_ascension_mode":true,"campfire_choices":[{"data":"Noxious Fumes","floor":6,"key":"SMITH"},{"floor":13,"key":"REST"},{"data":"Malaise","floor":15,"key":"SMITH"},{"data":"Malaise","floor":24,"key":"SMITH"},{"floor":27,"key":"REST"},{"data":"Malaise","floor":29,"key":"SMITH"},{"data":"Acrobatics","floor":32,"key":"SMITH"}],"circlet_count":0,"master_deck":["AscendersBane","Defend_G","Defend_G","Defend_G","Defend_G","Survivor","Neutralize+1","Flying Knee+1","Dagger Throw+1","Poisoned Stab+1","Noxious Fumes+1","Bouncing Flask","Malaise+1","Malaise+1","Dash","Malaise+1","Dodge and Roll","Caltrops","Bite","Bite","Bite","Bite","Bite","Acrobatics+1","PiercingWail+1"],"relics":["Ring of the Snake","PreservedInsect","Golden Idol","Mummified Hand","Whetstone","Cursed Key","Sundial","Turnip","HornCleat"],"acts_visited":["Exordium","TheCity"],"potions_floor_usage":[7,25,30,30],"damage_taken":[{"damage":6,"enemies":"Small Slimes","floor":1,"turns":5},{"damage":0,"enemies":"Jaw Worm","floor":2,"turns":4},{"damage":0,"enemies":"2 Louse","floor":3,"turns":3},{"damage":22,"enemies":"3 Sentries","floor":7,"turns":7},{"damage":17,"enemies":"Large Slime","floor":10,"turns":5},{"damage":9,"enemies":"Lagavulin","floor":11,"turns":6},{"damage":1,"enemies":"Blue Slaver","floor":14,"turns":5},{"damage":8,"enemies":"Hexaghost","floor":16,"turns":9},{"damage":1,"enemies":"Spheric Guardian","floor":18,"turns":5},{"damage":16,"enemies":"3 Byrds","floor":19,"turns":6},{"damage":6,"enemies":"Snake Plant","floor":23,"turns":5},{"damage":14,"enemies":"Book of Stabbing","floor":25,"turns":6},{"damage":0,"enemies":"Slavers","floor":30,"turns":5},{"damage":3,"enemies":"Shelled Parasite and Fungi","floor":31,"turns":6},{"damage":55,"enemies":"Collector","floor":33,"turns":8}],"seed_played":"-4029644249453164770","potions_obtained":[{"floor":1,"key":"Explosive Potion"},{"floor":3,"key":"Swift Potion"},{"floor":14,"key":"Poison Potion"},{"floor":23,"key":"Block Potion"}],"is_trial":false,"path_per_floor":["M","M","M","?","$","R","E","?","T","M","E","?","R","M","R","B",null,"M","M","?","?","$","M","R","E","T","R","$","R","E","M","R","B"],"character_chosen":"THE_SILENT","items_purchased":["Noxious Fumes","Acrobatics","PowerPotion"],"campfire_rested":2,"item_purchase_floors":[5,22,28],"current_hp_per_floor":[53,53,53,53,53,53,31,31,31,14,5,5,23,22,22,14,49,48,32,32,32,32,32,32,28,28,40,40,40,42,42,42,0,0],"gold":53,"neow_bonus":"UPGRADE_CARD","is_daily":false,"chose_seed":false,"campfire_upgraded":5,"win_rate":0.0,"timestamp":1609507272,"path_taken":["M","M","M","?","$","R","E","?","T","M","E","?","R","M","R","BOSS","M","M","?","?","$","M","R","E","T","R","$","R","E","M","R","BOSS"],"items_purchased_type":["Card","Card","Potion"],"build_version":"2020-12-22","purchased_purges":2,"victory":false,"max_hp_per_floor":[66,66,66,66,66,66,66,60,60,60,60,60,60,60,60,60,60,60,60,42,42,42,42,42,42,42,42,42,42,42,42,42,42,42],"relic_stats":{"counters":[15,85],"Golden Idol":62,"Mummified Hand":[16],"Sundial":[4],"PreservedInsect":125,"Turnip":[7],"Whetstone":["Flying Knee","Dagger Throw"],"Cursed Key":1,"obtain_stats":[{"HornCleat":30,"Golden Idol":8,"Mummified Hand":9,"Sundial":21,"PreservedInsect":7,"Turnip":25,"Whetstone":11,"Cursed Key":17,"Ring of the Snake":0},{"HornCleat":13,"Golden Idol":4,"Mummified Hand":4,"Sundial":10,"PreservedInsect":4,"Turnip":12,"Whetstone":6,"Cursed Key":8,"Ring of the Snake":0},{"HornCleat":71,"Golden Idol":19,"Mummified Hand":19,"Sundial":55,"PreservedInsect":19,"Turnip":66,"Whetstone":30,"Cursed Key":44,"Ring of the Snake":0}],"Ring of the Snake":[30]},"card_choices":[{"not_picked":["Slice","Dodge and Roll"],"picked":"Flying Knee","floor":1},{"not_picked":["Underhanded Strike","Deflect"],"picked":"Dagger Throw","floor":2},{"not_picked":["Quick Slash","Acrobatics"],"picked":"Poisoned Stab","floor":3},{"not_picked":["Dagger Spray","Dash"],"picked":"Bouncing Flask","floor":7},{"not_picked":["Acrobatics","Noxious Fumes"],"picked":"Malaise","floor":10},{"not_picked":["Masterful Stab","Poisoned Stab"],"picked":"Malaise","floor":11},{"not_picked":["Acrobatics","Blade Dance"],"picked":"Dash","floor":14},{"not_picked":["After Image","Tools of the Trade"],"picked":"Malaise","floor":16},{"not_picked":["Poisoned Stab","Finisher+1"],"picked":"Dodge and Roll","floor":18},{"not_picked":["Poisoned Stab","Blade Dance"],"picked":"Caltrops","floor":19},{"not_picked":["Blade Dance","Reflex","Bane"],"picked":"SKIP","floor":23},{"not_picked":["Predator","Blade Dance"],"picked":"PiercingWail+1","floor":25},{"not_picked":["Heel Hook","Underhanded Strike","Dagger Throw"],"picked":"SKIP","floor":30},{"not_picked":["Endless Agony","Underhanded Strike","Dagger Throw"],"picked":"SKIP","floor":31}],"player_experience":469853,"relics_obtained":[{"floor":7,"key":"PreservedInsect"},{"floor":9,"key":"Mummified Hand"},{"floor":11,"key":"Whetstone"},{"floor":25,"key":"Turnip"},{"floor":30,"key":"HornCleat"}],"event_choices":[{"damage_healed":0,"gold_gain":0,"player_choice":"Grow","damage_taken":0,"max_hp_gain":0,"max_hp_loss":0,"event_name":"Living Wall","floor":4,"gold_loss":0,"cards_upgraded":["Poisoned Stab"]},{"damage_healed":0,"gold_gain":0,"player_choice":"Lose Max HP","damage_taken":0,"relics_obtained":["Golden Idol"],"max_hp_gain":0,"max_hp_loss":6,"event_name":"Golden Idol","floor":8,"gold_loss":0},{"damage_healed":0,"gold_gain":0,"player_choice":"Ignored","damage_taken":0,"max_hp_gain":0,"max_hp_loss":0,"event_name":"Liars Game","floor":12,"gold_loss":0},{"damage_healed":0,"gold_gain":0,"player_choice":"Became a vampire","damage_taken":0,"max_hp_gain":0,"max_hp_loss":18,"event_name":"Vampires","floor":20,"gold_loss":0,"cards_obtained":["Bite","Bite","Bite","Bite","Bite"]},{"damage_healed":0,"gold_gain":0,"player_choice":"Obtained Relic","damage_taken":0,"relics_obtained":["Sundial"],"max_hp_gain":0,"max_hp_loss":0,"event_name":"Addict","floor":21,"gold_loss":85}],"is_beta":false,"boss_relics":[{"not_picked":["Pandora\u0027s Box","Astrolabe"],"picked":"Cursed Key"}],"items_purged_floors":[22,28],"is_endless":false,"potions_floor_spawned":[1,3,14,18,23],"killed_by":"Collector","ascension_level":20}}