{"host":"7pe9xwx78c6nlay8","time":1609523695,"event":{"mods":["BaseMod","Minty Spire (QoL Compilation)"],"gold_per_floor":[113,123,123,123,123,161,176,176,176,215,228,228,32,50,50,141,141,157,82,105,105,153,153,193,193,193,231,231,251,266,297,297,393,393,409,409,425,425,425],"floor_reached":38,"playtime":1279,"items_purged":["Strike_P"],"score":949,"play_id":"7e285cc0-2581-48e6-b1f5-5f8e5863d0a4","local_time":"20210102015455","is_ascension_mode":true,"campfire_choices":[{"data":"Eruption","floor":8.0,"key":"SMITH"},{"data":"Mayhem","floor":15.0,"key":"SMITH"},{"data":"DevaForm","floor":23.0,"key":"SMITH"},{"data":"Ghostly","floor":25.0,"key":"SMITH"},{"floor":28.0,"key":"REST"},{"floor":32.0,"key":"REST"}],"circlet_count":0,"master_deck":["AscendersBane","Strike_P","Strike_P","Strike_P","Defend_P+1","Defend_P","Eruption+1","Vigilance+1","ThirdEye","Evaluate","CarveReality","FollowUp","TalkToTheHand","Mayhem+1","DevaForm+1","FollowUp","Prostrate","Ghostly","Ghostly","Ghostly+1","Consecrate","TalkToTheHand","FollowUp","Devotion","Judgement","CurseOfTheBell","Writhe","ForeignInfluence"],"relics":["PureWater","NeowsBlessing","Golden Idol","The Courier","Bronze Scales","Bag of Marbles","Letter Opener","Sozu","Lantern","Ornamental Fan","Shuriken","Bottled Lightning","CaptainsWheel","Calling Bell","Strawberry","Matryoshka","Ice Cream"],"acts_visited":["Exordium","TheCity","TheBeyond"],"potions_floor_usage":[33],"damage_taken":[{"damage":0.0,"enemies":"Jaw Worm","floor":1.0,"turns":1.0},{"damage":0.0,"enemies":"Small Slimes","floor":2.0,"turns":2.0},{"damage":0.0,"enemies":"Lagavulin","floor":6.0,"turns":2.0},{"damage":0.0,"enemies":"Cultist","floor":7.0,"turns":2.0},{"damage":0.0,"enemies":"Gremlin Nob","floor":10.0,"turns":2.0},{"damage":0.0,"enemies":"Red Slaver","floor":11.0,"turns":4.0},{"damage":0.0,"enemies":"Exordium Thugs","floor":14.0,"turns":3.0},{"damage":20.0,"enemies":"Slime Boss","floor":16.0,"turns":6.0},{"damage":23.0,"enemies":"Spheric Guardian","floor":18.0,"turns":5.0},{"damage":7.0,"enemies":"Shell Parasite","floor":20.0,"turns":4.0},{"damage":0.0,"enemies":"Gremlin Leader","floor":24.0,"turns":6.0},{"damage":11.0,"enemies":"Slavers","floor":27.0,"turns":4.0},{"damage":4.0,"enemies":"Snecko","floor":29.0,"turns":5.0},{"damage":0.0,"enemies":"Shelled Parasite and Fungi","floor":30.0,"turns":6.0},{"damage":0.0,"enemies":"Gremlin Leader","floor":31.0,"turns":6.0},{"damage":20,"enemies":"Automaton","floor":33,"turns":8},{"damage":13,"enemies":"3 Shapes","floor":35,"turns":8},{"damage":19,"enemies":"Orb Walker","floor":37,"turns":4},{"damage":14,"enemies":"Jaw Worm Horde","floor":38,"turns":2}],"seed_played":"629448300804684791","potions_obtained":[{"floor":1.0,"key":"Ancient Potion"},{"floor":6.0,"key":"SteroidPotion"},{"floor":10.0,"key":"Weak Potion"},{"floor":11.0,"key":"Fire Potion"},{"floor":14.0,"key":"PowerPotion"},{"floor":16.0,"key":"LiquidMemories"}],"is_trial":false,"path_per_floor":["M","M","?","?","?","E","M","R","T","E","M","T","$","M","R","B",null,"M","?","M","?","T","R","E","R","T","E","R","M","M","E","R","B",null,"M","?","M","M"],"character_chosen":"WATCHER","items_purchased":["Mayhem"],"campfire_rested":2,"item_purchase_floors":[13],"current_hp_per_floor":[61,61,54,34,34,34,34,34,34,34,34,34,34,34,34,14,50,27,27,20,20,20,20,20,20,20,9,18,14,14,14,23,3,31,18,26,7,0,0],"gold":425,"neow_bonus":"THREE_ENEMY_KILL","is_daily":false,"chose_seed":false,"campfire_upgraded":4,"win_rate":0.0,"timestamp":1609523695,"path_taken":["M","M","?","?","?","E","?","R","T","E","M","?","$","?","R","BOSS","M","?","M","?","?","R","E","R","T","E","R","?","M","E","R","BOSS","M","?","M","M"],"items_purchased_type":["Card"],"build_version":"2020-12-22","purchased_purges":1,"victory":false,"max_hp_per_floor":[68,68,68,68,62,62,62,62,62,62,62,62,62,62,62,62,62,62,62,62,31,31,31,31,31,31,31,31,31,31,31,31,31,38,38,38,38,38,38],"card_choices":[{"not_picked":["DeceiveReality","Halt","Sanctity"],"picked":"SKIP","floor":1.0},{"not_picked":["Worship","Evaluate"],"picked":"ThirdEye","floor":2.0},{"not_picked":["Crescendo","Brilliance"],"picked":"Evaluate","floor":6.0},{"not_picked":["CrushJoints","FlyingSleeves"],"picked":"CarveReality","floor":7.0},{"not_picked":["BattleHymn","ThirdEye"],"picked":"FollowUp","floor":10.0},{"not_picked":["WaveOfTheHand","BattleHymn"],"picked":"TalkToTheHand","floor":11.0},{"not_picked":["ClearTheMind","Collect","Evaluate"],"picked":"SKIP","floor":14.0},{"not_picked":["SpiritShield","Wish"],"picked":"DevaForm","floor":16.0},{"not_picked":["Vengeance","Prostrate"],"picked":"FollowUp","floor":18.0},{"not_picked":["BowlingBash+1","FollowUp"],"picked":"Prostrate","floor":20.0},{"not_picked":["LikeWater","Collect"],"picked":"Consecrate","floor":24.0},{"not_picked":["PathToVictory","CutThroughFate"],"picked":"TalkToTheHand","floor":27.0},{"not_picked":["ClearTheMind","SandsOfTime"],"picked":"FollowUp","floor":29.0},{"not_picked":["SashWhip","FlurryOfBlows","ClearTheMind"],"picked":"SKIP","floor":30.0},{"not_picked":["Establishment","Indignation"],"picked":"Devotion","floor":31.0},{"not_picked":["Scrawl","Devotion"],"picked":"Judgement","floor":33},{"not_picked":["Vengeance+1","Halt","EmptyFist"],"picked":"SKIP","floor":35},{"not_picked":["EmptyBody+1","Sanctity+1"],"picked":"ForeignInfluence","floor":37}],"player_experience":1595816,"relics_obtained":[{"floor":6.0,"key":"The Courier"},{"floor":9.0,"key":"Bronze Scales"},{"floor":10.0,"key":"Bag of Marbles"},{"floor":12.0,"key":"Letter Opener"},{"floor":22.0,"key":"Lantern"},{"floor":24.0,"key":"Ornamental Fan"},{"floor":26.0,"key":"Shuriken"},{"floor":27.0,"key":"Bottled Lightning"},{"floor":31.0,"key":"CaptainsWheel"},{"floor":34,"key":"Strawberry"},{"floor":34,"key":"Matryoshka"},{"floor":34,"key":"Ice Cream"}],"event_choices":[{"cards_removed":["Defend_P"],"damage_healed":0.0,"max_hp_gain":0.0,"max_hp_loss":0.0,"gold_gain":0.0,"event_name":"Golden Wing","player_choice":"Card Removal","floor":3.0,"gold_loss":0.0,"damage_taken":7.0},{"damage_healed":0.0,"max_hp_gain":0.0,"max_hp_loss":0.0,"gold_gain":0.0,"event_name":"Shining Light","player_choice":"Entered Light","floor":4.0,"gold_loss":0.0,"damage_taken":20.0,"cards_upgraded":["Vigilance","Defend_P"]},{"damage_healed":0.0,"max_hp_gain":0.0,"max_hp_loss":6.0,"gold_gain":0.0,"event_name":"Golden Idol","player_choice":"Lose Max HP","floor":5.0,"gold_loss":0.0,"damage_taken":0.0,"relics_obtained":["Golden Idol"]},{"cards_removed":["Defend_P"],"damage_healed":0.0,"max_hp_gain":0.0,"max_hp_loss":0.0,"gold_gain":0.0,"event_name":"Beggar","player_choice":"Gave Gold","floor":19.0,"gold_loss":75.0,"damage_taken":0.0},{"damage_healed":0.0,"max_hp_gain":0.0,"max_hp_loss":31.0,"gold_gain":0.0,"event_name":"Ghosts","player_choice":"Became a Ghost","floor":21.0,"gold_loss":0.0,"damage_taken":0.0,"cards_obtained":["Ghostly","Ghostly","Ghostly"]},{"damage_healed":8,"gold_gain":0,"player_choice":"Writhe","damage_taken":0,"max_hp_gain":0,"max_hp_loss":0,"event_name":"Winding Halls","floor":36,"gold_loss":0,"cards_obtained":["Writhe"]}],"is_beta":false,"boss_relics":[{"not_picked":["Snecko Eye","Ectoplasm"],"picked":"Sozu"},{"not_picked":["Coffee Dripper","Runic Dome"],"picked":"Calling Bell"}],"items_purged_floors":[13],"is_endless":false,"potions_floor_spawned":[1,6,10,11,14,16,20,27,30,35,37],"killed_by":"Jaw Worm Horde","ascension_level":15}}