{"host":"gj3450u0c4def4mj","time":1609471357,"event":{"mods":["2.2 Compatiblity","Act Like it!","BaseMod","Gensokyo","Koishi","Minty Spire (QoL Compilation)","Permanent Neow","StSLib"],"gold_per_floor":[118,23,35,55,67,102,133,157,195,67,79,105,117,146,158,275,287,316,352,377,404,264,264,297,119,119,135,135,135],"floor_reached":28,"playtime":1787,"items_purged":[],"score":308,"play_id":"e3cae953-d9db-4c66-98eb-479eb5cfa345","local_time":"20201231222237","is_ascension_mode":true,"campfire_choices":[{"data":"Koishi:FreudianInstinct","floor":13,"key":"SMITH"},{"floor":15,"key":"REST"},{"data":"Koishi:Ego","floor":23,"key":"SMITH"}],"circlet_count":0,"master_deck":["Koishi:BasicStrike","Koishi:BasicStrike","Koishi:BasicStrike","Koishi:BasicStrike","Koishi:BasicDefend","Koishi:BasicDefend","Koishi:BasicDefend","Koishi:BasicDefend","Koishi:Provoke","Koishi:HauntingSlash+1","Koishi:YoukaiPolygraph","Koishi:FreudianInstinct","Koishi:Prune","Koishi:BloodcurdlingScream","Koishi:SubconsciousSweep","Koishi:DNAsFlaw","Koishi:FreudianInstinct+1","Koishi:IdleWhim","Koishi:SubterraneanRose","Koishi:Ego+1","CurseOfTheBell","Koishi:HeartfeltFancy+1","Koishi:UnconsciousUprising","Koishi:PredatoryInstincts","Koishi:LastRemote","Koishi:SubconsciousSweep","Gensokyo:DepletedGenerator","Gensokyo:TarnishedGold","Gensokyo:Shovel","Gensokyo:RustyChest","Koishi:Ego+1","Koishi:SubterraneanRose"],"relics":["Koishi:ImaginaryFriend","MawBank","Tiny Chest","Ice Cream","Calling Bell","Dream Catcher","Koishi:LettersToReimu","Incense Burner","Bronze Scales","Prayer Wheel","Boot"],"acts_visited":["Gensokyo:Gensokyo","Gensokyo:Gensokyoer"],"potions_floor_usage":[18,21,28,28],"damage_taken":[{"damage":2,"enemies":"Gensokyo:2_Kodama","floor":1,"turns":5},{"damage":2,"enemies":"Gensokyo:Python","floor":3,"turns":4},{"damage":9,"enemies":"Gensokyo:Gryphon","floor":4,"turns":4},{"damage":2,"enemies":"Gensokyo:Kitsune","floor":5,"turns":3},{"damage":30,"enemies":"Gensokyo:Cirno","floor":6,"turns":5},{"damage":4,"enemies":"Gensokyo:2_Rabbits","floor":7,"turns":4},{"damage":7,"enemies":"Gensokyo:CorruptedTreant","floor":8,"turns":5},{"damage":0,"enemies":"Gensokyo:5_Fairies","floor":12,"turns":4},{"damage":8,"enemies":"Gensokyo:Kitsune","floor":14,"turns":3},{"damage":15,"enemies":"Gensokyo:Reimu","floor":16,"turns":12},{"damage":8,"enemies":"Gensokyo:AngelMirror","floor":18,"turns":3},{"damage":24,"enemies":"Gensokyo:3_Dogs","floor":20,"turns":4},{"damage":28,"enemies":"Gensokyo:Slime_Group","floor":21,"turns":6},{"damage":6,"enemies":"Gensokyo:Reisen","floor":24,"turns":14},{"damage":13,"enemies":"Gensokyo:Wraith","floor":27,"turns":4},{"damage":18,"enemies":"Gensokyo:Swordslinger","floor":28,"turns":2}],"seed_played":"3574407439971738275","potions_obtained":[{"floor":3,"key":"Fire Potion"},{"floor":4,"key":"EssenceOfSteel"},{"floor":12,"key":"FairyPotion"},{"floor":20,"key":"SteroidPotion"},{"floor":21,"key":"DuplicationPotion"},{"floor":24,"key":"Swift Potion"}],"is_trial":false,"path_per_floor":["M","$","M","M","M","E","M","M","T","?","?","M","R","M","R","B",null,"M","T","M","M","$","R","E","COS","T","M","M"],"character_chosen":"KOISHI","items_purchased":["Koishi:FreudianInstinct","Koishi:Prune","Koishi:PredatoryInstincts","Koishi:LastRemote"],"campfire_rested":1,"item_purchase_floors":[2,2,22,22],"current_hp_per_floor":[56,56,56,51,51,23,21,16,16,16,22,22,22,16,35,28,57,49,49,27,23,23,23,29,29,29,18,0,0],"gold":135,"neow_bonus":"UPGRADE_CARD","is_daily":false,"chose_seed":false,"campfire_upgraded":2,"win_rate":0.0,"timestamp":1609471357,"path_taken":["M","$","M","M","M","E","M","?","T","?","?","?","R","M","R","BOSS","M","?","M","M","$","R","E","COS","T","M","M"],"items_purchased_type":["Card","Card","Card","Card"],"build_version":"2020-12-22","purchased_purges":0,"victory":false,"max_hp_per_floor":[60,60,60,60,60,60,60,60,60,60,66,66,66,66,66,66,66,66,66,66,66,66,66,66,66,66,66,66,66],"card_choices":[{"not_picked":["Koishi:ParalyzingFear","Koishi:PhantomStrike"],"picked":"Koishi:YoukaiPolygraph","floor":1},{"not_picked":["Koishi:SpiritedAway","Koishi:Prune"],"picked":"Koishi:BloodcurdlingScream","floor":3},{"not_picked":["Koishi:PhantomStrike","Koishi:ParalyzingFear"],"picked":"Koishi:SubconsciousSweep","floor":4},{"not_picked":["Koishi:FleetingPhantom","Koishi:UnansweredLove"],"picked":"Koishi:DNAsFlaw","floor":5},{"not_picked":["Koishi:PerfectMindControl","Koishi:ReleaseOfTheId"],"picked":"Koishi:FreudianInstinct","floor":6},{"not_picked":["Koishi:FleetingPhantom","Koishi:PhantomBarrier"],"picked":"Koishi:IdleWhim","floor":7},{"not_picked":["Koishi:UnansweredLove","Koishi:HeartfeltFancy"],"picked":"Koishi:SubterraneanRose","floor":8},{"not_picked":["Koishi:MindNumbingTerror","Koishi:DreadfulBlow","Koishi:UnansweredLove"],"picked":"SKIP","floor":12},{"not_picked":["Koishi:StingingMind","Koishi:PhantomBarrier","Koishi:VengefulSpirit"],"picked":"SKIP","floor":14},{"not_picked":["Koishi:SuperEgo","Koishi:RuptureMind"],"picked":"Koishi:Ego","floor":16},{"not_picked":["Koishi:PhantomBarrier","Koishi:PhantomStrike+1","Koishi:EmbryosDream"],"picked":"SKIP","floor":18},{"not_picked":["Koishi:Whimsy","Koishi:Catatonia+1"],"picked":"Koishi:HeartfeltFancy+1","floor":20},{"not_picked":["Koishi:JumpScare","Koishi:PhantomStrike"],"picked":"Koishi:UnconsciousUprising","floor":21},{"not_picked":["Koishi:RacingHeart","Koishi:BloodcurdlingScream"],"picked":"Koishi:SubconsciousSweep","floor":24},{"not_picked":["Koishi:PhantomStrike+1","Koishi:EmbryosDream+1"],"picked":"Koishi:Ego+1","floor":27},{"not_picked":["Koishi:HeartAttack","Koishi:RacingHeart"],"picked":"Koishi:SubterraneanRose","floor":27},{"not_picked":["Koishi:DreadfulBlow+1","Koishi:PhantomBarrier","Koishi:ParalyzingFear"],"picked":"SKIP","floor":27}],"player_experience":78389,"relics_obtained":[{"floor":6,"key":"MawBank"},{"floor":9,"key":"Tiny Chest"},{"floor":17,"key":"Dream Catcher"},{"floor":17,"key":"Koishi:LettersToReimu"},{"floor":17,"key":"Incense Burner"},{"floor":19,"key":"Bronze Scales"},{"floor":24,"key":"Prayer Wheel"},{"floor":26,"key":"Boot"}],"event_choices":[],"is_beta":false,"boss_relics":[{"not_picked":["Busted Crown","Coffee Dripper"],"picked":"Calling Bell"}],"items_purged_floors":[],"is_endless":false,"potions_floor_spawned":[3,4,12,20,21,24],"killed_by":"Gensokyo:Swordslinger","ascension_level":6}}