{"host":"yiit85oc4oi3nqs8","time":1609523843,"event":{"mods":["AchievementEnabler","BaseMod","Better Third Choice","Block Reminder","Card Forge","DeckTracker","Highlight Path","Keyboard Shortcuts","Minty Spire (QoL Compilation)","MonsterHotkey","Quick Restart","Random Character Button","Relic Stats","StSLib"],"gold_per_floor":[113,130,150,165,181,208,208,208,263,263,275,275,275,275,275,373,373,384,397,397,414,449,475,475,506,532,532,551,571,571,582,582,678,678,678],"floor_reached":34,"playtime":1133,"items_purged":[],"score":644,"play_id":"7eefbbca-5df5-48a0-b9b5-05d585a144ba","local_time":"20210102025723","is_ascension_mode":false,"campfire_choices":[{"floor":7,"key":"RECALL"},{"floor":10,"key":"REST"},{"floor":12,"key":"REST"},{"floor":15,"key":"REST"},{"floor":24,"key":"REST"},{"floor":27,"key":"REST"},{"floor":32,"key":"REST"}],"circlet_count":0,"master_deck":["Feed+1","Intimidate+1","Shockwave+1","Intimidate+1","Heel Hook+1","Heel Hook+1"],"relics":["Ring of the Snake","Hammer of Thor","Seething Fire","Anvil of the Gods","Ice Cream","Philosopher\u0027s Stone","Red Mask","Frozen Egg 2","Smiling Mask","Blood Vial","WristBlade"],"acts_visited":["Exordium","TheCity","TheBeyond"],"potions_floor_usage":[],"damage_taken":[{"damage":0,"enemies":"Cultist","floor":1,"turns":1},{"damage":0,"enemies":"Small Slimes","floor":2,"turns":1},{"damage":0,"enemies":"2 Louse","floor":3,"turns":1},{"damage":0,"enemies":"Exordium Thugs","floor":4,"turns":1},{"damage":0,"enemies":"Large Slime","floor":5,"turns":1},{"damage":0,"enemies":"Lagavulin","floor":6,"turns":1},{"damage":0,"enemies":"Red Slaver","floor":11,"turns":1},{"damage":0,"enemies":"Slime Boss","floor":16,"turns":1},{"damage":0,"enemies":"3 Byrds","floor":18,"turns":1},{"damage":0,"enemies":"2 Thieves","floor":19,"turns":1},{"damage":0,"enemies":"Cultist and Chosen","floor":21,"turns":1},{"damage":0,"enemies":"Masked Bandits","floor":22,"turns":1},{"damage":0,"enemies":"Book of Stabbing","floor":23,"turns":1},{"damage":0,"enemies":"Slavers","floor":25,"turns":1},{"damage":0,"enemies":"3 Cultists","floor":28,"turns":1},{"damage":0,"enemies":"Centurion and Healer","floor":29,"turns":1},{"damage":0,"enemies":"Shelled Parasite and Fungi","floor":31,"turns":1},{"damage":0,"enemies":"Champ","floor":33,"turns":1}],"seed_played":"-8073590203461601968","potions_obtained":[{"floor":1,"key":"LiquidBronze"},{"floor":6,"key":"SpeedPotion"},{"floor":11,"key":"Explosive Potion"},{"floor":23,"key":"Strength Potion"}],"is_trial":false,"path_per_floor":["M","M","M","M","M","E","R","$","T","R","M","R","?","$","R","B",null,"M","M","$","M","?","E","R","E","T","R","M","M","?","M","R","B",null],"character_chosen":"THE_SILENT","items_purchased":[],"campfire_rested":6,"item_purchase_floors":[],"current_hp_per_floor":[77,81,85,89,93,97,97,97,97,97,101,101,101,101,101,105,105,109,113,113,117,121,125,125,129,129,129,133,137,137,141,141,145,145,145],"gold":678,"neow_bonus":"TEN_PERCENT_HP_BONUS","is_daily":false,"chose_seed":false,"campfire_upgraded":0,"win_rate":0.0,"timestamp":1609523843,"path_taken":["M","M","M","M","M","E","R","?","T","R","M","R","?","$","R","BOSS","M","M","$","M","?","E","R","E","T","R","M","M","?","M","R","BOSS"],"items_purchased_type":[],"build_version":"2020-12-22","purchased_purges":0,"victory":false,"max_hp_per_floor":[77,81,85,89,93,97,97,97,97,97,101,101,101,101,101,105,105,109,113,113,117,121,125,125,129,129,129,133,137,137,141,141,145,145,145],"relic_stats":{"Blood Vial":0,"counters":[18,18],"Smiling Mask":0,"obtain_stats":[{"Ice Cream":6,"Blood Vial":26,"WristBlade":34,"Anvil of the Gods":0,"Philosopher\u0027s Stone":17,"Hammer of Thor":0,"Red Mask":22,"Seething Fire":0,"Frozen Egg 2":23,"Smiling Mask":25,"Ring of the Snake":0},{"Ice Cream":6,"Blood Vial":14,"WristBlade":18,"Anvil of the Gods":0,"Philosopher\u0027s Stone":8,"Hammer of Thor":0,"Red Mask":12,"Seething Fire":0,"Frozen Egg 2":13,"Smiling Mask":14,"Ring of the Snake":0},{"Ice Cream":6,"Blood Vial":14,"WristBlade":18,"Anvil of the Gods":0,"Philosopher\u0027s Stone":8,"Hammer of Thor":0,"Red Mask":12,"Seething Fire":0,"Frozen Egg 2":13,"Smiling Mask":14,"Ring of the Snake":0}],"Ring of the Snake":[25]},"card_choices":[{"not_picked":["Footwork","Masterful Stab","Poisoned Stab"],"picked":"SKIP","floor":1},{"not_picked":["Deadly Poison","Footwork","Heel Hook"],"picked":"SKIP","floor":2},{"not_picked":["Dagger Throw","Catalyst","Underhanded Strike"],"picked":"SKIP","floor":3},{"not_picked":["Deadly Poison","Dagger Throw","Escape Plan"],"picked":"SKIP","floor":4},{"not_picked":["Dagger Throw","Eviscerate","Underhanded Strike"],"picked":"SKIP","floor":5},{"not_picked":["Envenom","Prepared","Dash"],"picked":"SKIP","floor":6},{"not_picked":["PiercingWail","Dodge and Roll","Well Laid Plans"],"picked":"SKIP","floor":11},{"not_picked":["Prepared","Acrobatics","Dagger Spray"],"picked":"SKIP","floor":18},{"not_picked":["Dodge and Roll","Poisoned Stab","Tactician"],"picked":"SKIP","floor":19},{"not_picked":["Backflip","Distraction","Prepared"],"picked":"SKIP","floor":21},{"not_picked":["Quick Slash","Expertise+1","Acrobatics"],"picked":"SKIP","floor":23},{"not_picked":["Storm of Steel","Wraith Form v2+1","Blade Dance"],"picked":"SKIP","floor":25},{"not_picked":["Dagger Spray","Reflex","Predator+1"],"picked":"SKIP","floor":28},{"not_picked":["Flechettes","Bouncing Flask+1","Blur"],"picked":"SKIP","floor":29},{"not_picked":["Acrobatics","Deflect","Dash"],"picked":"SKIP","floor":31}],"player_experience":432662,"relics_obtained":[{"floor":6,"key":"Ice Cream"},{"floor":22,"key":"Red Mask"},{"floor":23,"key":"Frozen Egg 2"},{"floor":25,"key":"Smiling Mask"},{"floor":26,"key":"Blood Vial"}],"event_choices":[{"cards_removed":["Heel Hook"],"damage_healed":0,"gold_gain":0,"player_choice":"Card Removal","damage_taken":0,"max_hp_gain":0,"max_hp_loss":0,"event_name":"Wheel of Change","floor":13,"gold_loss":0},{"damage_healed":0,"gold_gain":0,"player_choice":"Fought Bandits","damage_taken":0,"max_hp_gain":0,"max_hp_loss":0,"event_name":"Masked Bandits","floor":22,"gold_loss":0},{"damage_healed":45,"gold_gain":0,"player_choice":"Heal","damage_taken":0,"max_hp_gain":0,"max_hp_loss":0,"event_name":"The Library","floor":30,"gold_loss":0}],"is_beta":false,"boss_relics":[{"not_picked":["SacredBark","Astrolabe"],"picked":"Philosopher\u0027s Stone"},{"not_picked":["Pandora\u0027s Box","Tiny House"],"picked":"WristBlade"}],"items_purged_floors":[],"is_endless":false,"potions_floor_spawned":[1,6,11,18,21,23,29,33],"ascension_level":0}}