{"host":"6pfj0wha12yu6wq3","time":1609491156,"event":{"mods":["BaseMod","Colored Map","Colored Powertips","Curses Come First","DeckTracker","Minty Spire (QoL Compilation)","RNG Fix","Relic Sorter","Relic Stats","StSLib","ojb\u0027s Better Paths Mod","ojb\u0027s Info Mod"],"gold_per_floor":[119,139,139,25,41,41,41],"floor_reached":6,"playtime":327,"items_purged":[],"score":72,"play_id":"fec5bad5-2330-435d-bf5b-e4f00be33c3b","local_time":"20210101035236","is_ascension_mode":true,"campfire_choices":[],"circlet_count":0,"master_deck":["AscendersBane","Strike_G","Strike_G","Strike_G","Strike_G","Defend_G","Defend_G","Defend_G","Defend_G","Defend_G","Survivor","Neutralize","CurseOfTheBell","Sucker Punch","Endless Agony","Backstab","Dagger Spray","Backstab"],"relics":["Calling Bell","Oddly Smooth Stone","Blue Candle","Gambling Chip"],"acts_visited":["Exordium"],"potions_floor_usage":[6],"damage_taken":[{"damage":10,"enemies":"Cultist","floor":1,"turns":5},{"damage":2,"enemies":"Jaw Worm","floor":2,"turns":6},{"damage":0,"enemies":"2 Louse","floor":5,"turns":2},{"damage":47,"enemies":"Gremlin Nob","floor":6,"turns":4}],"seed_played":"6106067017559948428","potions_obtained":[{"floor":5,"key":"BlessingOfTheForge"}],"is_trial":false,"path_per_floor":["M","M","?","$","M","E"],"character_chosen":"THE_SILENT","items_purchased":["Backstab","Dagger Spray"],"campfire_rested":0,"item_purchase_floors":[4,4],"current_hp_per_floor":[49,47,40,40,40,0,0],"gold":41,"neow_bonus":"BOSS_RELIC","is_daily":false,"chose_seed":false,"campfire_upgraded":0,"win_rate":0.0,"timestamp":1609491156,"path_taken":["M","M","?","$","M","E"],"items_purchased_type":["Card","Card"],"build_version":"2020-12-22","purchased_purges":0,"victory":false,"max_hp_per_floor":[66,66,66,66,66,66,66],"relic_stats":{"counters":[4,17],"Blue Candle":[2],"Gambling Chip":[9],"obtain_stats":[{"Calling Bell":0,"Blue Candle":0,"Gambling Chip":0,"Oddly Smooth Stone":0,"Ring of the Snake":0},{"Calling Bell":0,"Blue Candle":0,"Gambling Chip":0,"Oddly Smooth Stone":0,"Ring of the Snake":0},{"Calling Bell":0,"Blue Candle":0,"Gambling Chip":0,"Oddly Smooth Stone":0,"Ring of the Snake":0}]},"card_choices":[{"not_picked":["Outmaneuver","Escape Plan"],"picked":"Sucker Punch","floor":1},{"not_picked":["Quick Slash","Eviscerate"],"picked":"Endless Agony","floor":2},{"not_picked":["Prepared","Underhanded Strike"],"picked":"Backstab","floor":5}],"player_experience":61280,"relics_obtained":[{"floor":0,"key":"Oddly Smooth Stone"},{"floor":0,"key":"Blue Candle"},{"floor":0,"key":"Gambling Chip"}],"event_choices":[{"cards_removed":["Strike_G"],"damage_healed":0,"gold_gain":0,"player_choice":"Card Removal","damage_taken":7,"max_hp_gain":0,"max_hp_loss":0,"event_name":"Golden Wing","floor":3,"gold_loss":0}],"is_beta":false,"boss_relics":[],"items_purged_floors":[],"is_endless":false,"potions_floor_spawned":[5],"killed_by":"Gremlin Nob","ascension_level":20}}