{"host":"Finnegan","time":1609522589,"event":{"mods":["AchievementEnabler","BaseMod","Colored Map","Colored Powertips","Highlight Path","Minty Spire (QoL Compilation)","Permanent Neow","Quick Restart","Rare Cards Sparkle","Relic Stats","Slay-I","StSLib","everything is the same but u backflip on backflip","slay the spire mod where everything is the same but ironclad has a cowboy hat"],"gold_per_floor":[111,131,142,53,65,65,78,78,78],"floor_reached":8,"playtime":393,"items_purged":[],"score":88,"play_id":"faa2bfff-df4b-493d-802b-8d67b2a2295e","local_time":"20210101183629","is_ascension_mode":true,"campfire_choices":[{"data":"Noxious Fumes","floor":6,"key":"SMITH"}],"circlet_count":0,"master_deck":["AscendersBane","Strike_G","Strike_G","Strike_G","Strike_G","Strike_G","Defend_G","Defend_G","Defend_G","Defend_G","Defend_G","Survivor","Neutralize","Deflect","Poisoned Stab","Cloak And Dagger","Footwork","Noxious Fumes+1"],"relics":["Ring of the Snake","Happy Flower"],"acts_visited":["Exordium"],"potions_floor_usage":[],"damage_taken":[{"damage":6,"enemies":"Small Slimes","floor":1,"turns":5},{"damage":5,"enemies":"Cultist","floor":2,"turns":5},{"damage":12,"enemies":"Jaw Worm","floor":3,"turns":7},{"damage":0,"enemies":"Red Slaver","floor":5,"turns":5},{"damage":0,"enemies":"2 Fungi Beasts","floor":7,"turns":4},{"damage":36,"enemies":"Gremlin Nob","floor":8,"turns":4}],"seed_played":"-2821117814340202337","potions_obtained":[{"floor":2,"key":"Dexterity Potion"},{"floor":5,"key":"BlessingOfTheForge"}],"is_trial":false,"path_per_floor":["M","M","M","$","M","R","M","E"],"character_chosen":"THE_SILENT","items_purchased":["Cloak And Dagger","Footwork"],"campfire_rested":0,"item_purchase_floors":[4,4],"current_hp_per_floor":[53,48,36,36,36,36,36,0,0],"gold":78,"neow_bonus":"RANDOM_COMMON_RELIC","is_daily":false,"chose_seed":false,"campfire_upgraded":1,"win_rate":0.0,"timestamp":1609522589,"path_taken":["M","M","M","$","M","R","M","E"],"items_purchased_type":["Card","Card"],"build_version":"2020-12-18","purchased_purges":0,"victory":false,"max_hp_per_floor":[66,66,66,66,66,66,66,66,66],"relic_stats":{"Happy Flower":[10],"counters":[6,30],"obtain_stats":[{"Happy Flower":0,"Ring of the Snake":0},{"Happy Flower":0,"Ring of the Snake":0},{"Happy Flower":0,"Ring of the Snake":0}],"Ring of the Snake":[12]},"card_choices":[{"not_picked":["Blade Dance","Expertise"],"picked":"Deflect","floor":1},{"not_picked":["Blade Dance","Deadly Poison","Eviscerate"],"picked":"SKIP","floor":2},{"not_picked":["Blade Dance","Flying Knee"],"picked":"Poisoned Stab","floor":3},{"not_picked":["Dagger Throw","Slice"],"picked":"Noxious Fumes","floor":5},{"not_picked":["Setup","Deflect","Expertise"],"picked":"SKIP","floor":7}],"player_experience":912655,"relics_obtained":[],"event_choices":[],"is_beta":true,"boss_relics":[],"items_purged_floors":[],"is_endless":false,"potions_floor_spawned":[2,5,7],"killed_by":"Gremlin Nob","ascension_level":15}}