{"host":"lts6tz2h67nqtpoe","time":1609472239,"event":{"mods":["AchievementEnabler","BaseMod","Colored Powertips","Downfall","Googly Eyes","Minty Spire (QoL Compilation)","Permanent Neow","Quick Restart","Replay The Spire","StSLib"],"gold_per_floor":[115,40,51,16,16,16,45,65,65,65,85,117,128,139,139,139,139],"floor_reached":16,"playtime":850,"items_purged":[],"score":218,"play_id":"149794dc-b4cd-43dc-9cf5-5ae2e4f1ee1e","local_time":"20201231193719","is_ascension_mode":true,"campfire_choices":[{"data":"Draining Mist","floor":6.0,"key":"SMITH"},{"floor":15.0,"key":"REST"}],"circlet_count":0,"master_deck":["AscendersBane","Strike_G","Strike_G","Strike_G","Strike_G","Strike_G","Defend_G","Defend_G","Defend_G","Defend_G","Defend_G","Survivor","Neutralize","Noxious Fumes","Draining Mist+1","Acrobatics","Toxin Wave","Crippling Poison","Adrenaline"],"relics":["Snecko Eye","Shovel","Mango","Garlic","Pantograph"],"acts_visited":["Exordium"],"potions_floor_usage":[16],"damage_taken":[{"damage":4.0,"enemies":"Jaw Worm","floor":1.0,"turns":7.0},{"damage":1.0,"enemies":"2 Louse","floor":3.0,"turns":3.0},{"damage":43.0,"enemies":"Lagavulin","floor":7.0,"turns":9.0},{"damage":0.0,"enemies":"Cultist","floor":8.0,"turns":3.0},{"damage":0.0,"enemies":"Lots of Slimes","floor":11.0,"turns":3.0},{"damage":20.0,"enemies":"3 Sentries","floor":12.0,"turns":9.0},{"damage":0.0,"enemies":"Large Slime","floor":13.0,"turns":5.0},{"damage":8.0,"enemies":"Exordium Thugs","floor":14.0,"turns":3.0},{"damage":54,"enemies":"Slime Boss","floor":16,"turns":10}],"seed_played":"-8535084155618226138","potions_obtained":[{"floor":1.0,"key":"Energy Potion"},{"floor":11.0,"key":"Strength Potion"}],"is_trial":false,"path_per_floor":["M","$","M","?","?","R","E","M","T","$","M","E","M","M","R","B"],"character_chosen":"THE_SILENT","items_purchased":["Draining Mist"],"campfire_rested":1,"item_purchase_floors":[2],"current_hp_per_floor":[55,55,54,66,66,66,37,37,37,37,37,17,17,9,33,4,4],"gold":139,"neow_bonus":"BOSS_RELIC","is_daily":false,"chose_seed":false,"campfire_upgraded":1,"win_rate":0.0,"timestamp":1609472239,"path_taken":["M","$","M","?","?","R","E","M","T","$","M","E","M","M","R","BOSS"],"items_purchased_type":["Card"],"build_version":"2020-12-22","purchased_purges":0,"victory":false,"max_hp_per_floor":[66,66,66,66,66,66,80,80,80,80,80,80,80,80,80,80,80],"card_choices":[{"not_picked":["Fluid Movement","Accuracy"],"picked":"Noxious Fumes","floor":1.0},{"not_picked":["Flying Knee","Prepared"],"picked":"Acrobatics","floor":3.0},{"not_picked":["Prepared","Cloak And Dagger"],"picked":"Toxin Wave","floor":7.0},{"not_picked":["Prepared","Bane"],"picked":"Crippling Poison","floor":8.0},{"not_picked":["Dagger Throw","Cloak And Dagger","Tactician"],"picked":"SKIP","floor":11.0},{"not_picked":["Dagger Throw","Dodge and Roll","Hidden Blade"],"picked":"SKIP","floor":12.0},{"not_picked":["Finisher","All Out Attack"],"picked":"Adrenaline","floor":13.0},{"not_picked":["Cloak And Dagger","Acrobatics","Dodge and Roll"],"picked":"SKIP","floor":14.0}],"player_experience":298833,"relics_obtained":[{"floor":7.0,"key":"Mango"},{"floor":9.0,"key":"Garlic"},{"floor":12.0,"key":"Pantograph"}],"event_choices":[{"damage_healed":16.0,"max_hp_gain":0.0,"max_hp_loss":0.0,"gold_gain":0.0,"event_name":"The Cleric","player_choice":"Healed","floor":4.0,"gold_loss":35.0,"damage_taken":0.0},{"damage_healed":0.0,"max_hp_gain":0.0,"max_hp_loss":0.0,"gold_gain":0.0,"event_name":"WeMeetAgain","player_choice":"Gave Potion","floor":5.0,"gold_loss":0.0,"damage_taken":0.0,"relics_obtained":["Shovel"]}],"is_beta":false,"boss_relics":[],"items_purged_floors":[],"is_endless":false,"potions_floor_spawned":[1,11,13],"killed_by":"Slime Boss","ascension_level":19}}