{"host":"rag04wbrzwiojxfu","time":1609522925,"event":{"mods":["AchievementEnabler","Alarm Clock","BaseMod","Bestiary","Block Reminder","Colored Map","Colored Powertips","Highlight Path","Minty Spire (QoL Compilation)","Quick Restart","Relic Sorter","Relic Stats","Shop Mod","StSLib"],"gold_per_floor":[118,118,118,118,118,118,118,144,144,144,155,180,180],"floor_reached":12,"playtime":1089,"items_purged":[],"score":166,"play_id":"113e218e-5ed5-489c-9b5c-7f1493e1ffef","local_time":"20210101114205","daily_mods":["SealedDeck","Colorless Cards","Heirloom","Flight","Elite Swarm"],"is_ascension_mode":true,"campfire_choices":[{"data":"Cloak And Dagger","floor":6,"key":"SMITH"},{"data":"Cloak And Dagger","floor":7,"key":"SMITH"},{"data":"Night Terror","floor":10,"key":"SMITH"}],"circlet_count":0,"master_deck":["Prepared","Escape Plan","PiercingWail","Well Laid Plans","Cloak And Dagger+1","Prepared","Blade Dance","Cloak And Dagger+1","Infinite Blades","Night Terror+1","Cloak And Dagger","Cloak And Dagger","Corpse Explosion"],"relics":["Ring of the Snake","Prayer Wheel","Incense Burner","Lizard Tail","Juzu Bracelet"],"acts_visited":["Exordium"],"potions_floor_usage":[8],"damage_taken":[{"damage":0,"enemies":"Cultist","floor":1,"turns":3},{"damage":8,"enemies":"3 Sentries","floor":8,"turns":6},{"damage":9,"enemies":"Jaw Worm","floor":11,"turns":3},{"damage":40,"enemies":"Gremlin Nob","floor":12,"turns":5}],"seed_played":"-6467207485919544946","potions_obtained":[{"floor":1,"key":"EssenceOfSteel"},{"floor":11,"key":"Energy Potion"}],"is_trial":true,"path_per_floor":["M","$","$","?","?","R","R","E","T","R","M","E"],"character_chosen":"THE_SILENT","items_purchased":[],"campfire_rested":0,"item_purchase_floors":[],"current_hp_per_floor":[70,70,70,63,63,63,63,55,55,55,46,6,6],"gold":180,"neow_bonus":"","is_daily":false,"chose_seed":false,"campfire_upgraded":3,"win_rate":0.0,"timestamp":1609522925,"path_taken":["M","?","$","?","?","R","R","E","T","R","?","E"],"items_purchased_type":[],"build_version":"2020-12-22","purchased_purges":0,"victory":false,"max_hp_per_floor":[70,70,70,70,70,70,70,70,70,70,70,70,70],"relic_stats":{"Lizard Tail":0,"counters":[4,17],"Prayer Wheel":2,"Juzu Bracelet":0,"obtain_stats":[{"Lizard Tail":9,"Prayer Wheel":0,"Incense Burner":8,"Juzu Bracelet":12,"Ring of the Snake":0},{"Lizard Tail":2,"Prayer Wheel":0,"Incense Burner":2,"Juzu Bracelet":4,"Ring of the Snake":0},{"Lizard Tail":9,"Prayer Wheel":0,"Incense Burner":9,"Juzu Bracelet":17,"Ring of the Snake":0}],"Ring of the Snake":[8]},"card_choices":[{"not_picked":["PiercingWail","Dagger Throw","Bane"],"picked":"SKIP","floor":1},{"not_picked":["Expertise","Deflect","Underhanded Strike"],"picked":"SKIP","floor":1},{"not_picked":["Bullet Time","Mayhem"],"picked":"Night Terror","floor":8},{"not_picked":["Bouncing Flask","Acrobatics"],"picked":"Cloak And Dagger","floor":11},{"not_picked":["Outmaneuver","Well Laid Plans"],"picked":"Cloak And Dagger","floor":11},{"not_picked":["Sadistic Nature","Violence"],"picked":"Corpse Explosion","floor":12}],"player_experience":189508,"relics_obtained":[{"floor":8,"key":"Incense Burner"},{"floor":9,"key":"Lizard Tail"},{"floor":12,"key":"Juzu Bracelet"}],"event_choices":[{"cards_removed":["Blind"],"damage_healed":0,"gold_gain":0,"player_choice":"Card Removal","damage_taken":7,"max_hp_gain":0,"max_hp_loss":0,"event_name":"Golden Wing","floor":4,"gold_loss":0},{"damage_healed":0,"gold_gain":0,"player_choice":"0 cards matched","damage_taken":0,"max_hp_gain":0,"max_hp_loss":0,"event_name":"Match and Keep!","floor":5,"gold_loss":0,"cards_obtained":[]},{"damage_healed":0,"gold_gain":0,"player_choice":"0 cards matched","damage_taken":0,"max_hp_gain":0,"max_hp_loss":0,"event_name":"Match and Keep!","floor":5,"gold_loss":0,"cards_obtained":[]}],"is_beta":false,"boss_relics":[],"items_purged_floors":[],"is_endless":true,"potions_floor_spawned":[1,11],"killed_by":"Gremlin Nob","ascension_level":1}}