{"host":"r0e4s450fexxrjel","time":1609495081,"event":{"mods":["AchievementEnabler","Act Like it!","AlwaysNeverKeys","BaseMod","Better Third Choice","Colored Map","Conspire","Dota2Spire","Downfall","Energized Spire","Evolution","Friendly Minions","GifTheSpireLib","Gold Saver","Hubris","Infinite Spire","Minty Spire (QoL Compilation)","RRrroohrrRGHHhhh!!","Replay The Spire","Shop Mod","StSLib","The Dragon Tamer","??????REMEMod"],"gold_per_floor":[790,810,824,924,656,666,689,789,236,255,274,49,64,64,79,180,180,180,196,241,257,276,296,296,296,316,349,366,366,366,366,385,481,481,481,481,499,599,54,96,96,140,140,152,171,185,270,301,315,315],"floor_reached":51,"playtime":3174,"items_purged":[],"score":874,"play_id":"1b6b4634-9d19-4c79-b9af-c2818242bb23","local_time":"20210101105801","is_ascension_mode":false,"campfire_choices":[{"data":"expansioncontent:PolyBeam","floor":1.0,"key":"SMITH"},{"data":"ReplayTheSpireMod:Private Reserves","floor":12.0,"key":"SMITH"},{"data":"Slimebound:Split","floor":18.0,"key":"SMITH"},{"data":"Slimebound:Split","floor":30,"key":"SMITH"},{"data":"Slimebound:SelfFormingGoo","floor":35,"key":"SMITH"},{"data":"Slimebound:Recycling","floor":43,"key":"SMITH"}],"circlet_count":0,"master_deck":["Slimebound:Strike_Slimebound","Slimebound:Strike_Slimebound","Slimebound:Strike_Slimebound","Slimebound:Tackle","Slimebound:Defend_Slimebound+1","Slimebound:Defend_Slimebound","Slimebound:Defend_Slimebound+1","Slimebound:Defend_Slimebound","Slimebound:Split+1","Slimebound:CorrosiveSpit","expansioncontent:PolyBeam+1","Slimebound:SplitLeeching","Slimebound:Schlurp","Slimebound:SplitLeeching","Slimebound:LevelUp","Slimebound:SplitAcid","Slimebound:SplitSpecialist","Slimebound:Overexert","Slimebound:Gluttony","Slimebound:GoopSpray","Hallucinations","Slimebound:Split+1","ReplayTheSpireMod:Private Reserves+1","Slimebound:Repurpose","Slimebound:RejuvenatingLick","Slimebound:AcidTongue","Slimebound:RallyTheTroops+1","Slimebound:MegaLick","Slimebound:PressTheAttack","Slimebound:Recycling+1","Slimebound:LeechEnergy","Slimebound:OozeBath","Slimebound:HungryTackle","Slimebound:Nibble","Slimebound:SamplingLick","Slimebound:Schlurp","Slimebound:OozeBath","Slimebound:SplitBruiser","Slimebound:SlimeSlap","Slimebound:ServeAndProtect","Voices","infinitespire:Collect","Slimebound:SamplingLick","Slimebound:SelfFormingGoo+1","Slimebound:RollThrough+1","Slimebound:PrepareCrush","Slimebound:RainOfGoop","Slimebound:ComboTackle","Replay:Hysterical Blindness","Slimebound:Split","Trip","Slimebound:LeechLife","Slimebound:BestDefense+1","ReplayTheSpireMod:Brewmster+1","Slimebound:SpikyOuterGoop","Slimebound:DivideAndConquer+1","Slimebound:OozeBath","Parasite","Slimebound:LivingWall+1","Slimebound:FirmFortitude","Slimebound:SplitLeeching","Slimebound:SlimeSpikes","Slimebound:Gluttony+1"],"relics":["Slimebound:AbsorbEndCombatUpgraded","EVO:Axolotl","REME_ComplimentaryCards","MealTicket","Dota2Spire:ShadowBlade","downfall:GremlinSack","Slimebound:SelfDamagePreventRelic","ReplayTheSpireMod:TigerMarble","infinitespire:Beetle Shell","downfall:HeartBlessingRed","downfall:HeartBlessingBlue","downfall:HeartBlessingGreen","Meat on the Bone","conspire:TopHat","ReplayTheSpireMod:Ring of Collecting","ReplayTheSpireMod:Ring of Addiction","Potion Belt","hubris:EmptyBottle","energizedSpire:NeverEndingSparkler","downfall:GremlinSack","Guide Book","ReplayTheSpireMod:Lightbulb","ReplayTheSpireMod:Ring of Exchange","Replay:Mystery Machine","Pen Nib","Simple Rune"],"acts_visited":["Exordium","TheCity","TheBeyond"],"potions_floor_usage":[32,32,33,33,33,33,38,40,40,42,42,42,42,44,44,44,44,45,45,45,45,46,46,46,48,48,48,48,48,49,49,49,50,50,50,50],"damage_taken":[{"damage":11.0,"enemies":"2 Louse","floor":2.0,"turns":3.0},{"damage":14.0,"enemies":"Cultist","floor":3.0,"turns":3.0},{"damage":7.0,"enemies":"downfall:FleeingMerchant","floor":5.0,"turns":4.0},{"damage":8.0,"enemies":"Jaw Worm","floor":6.0,"turns":3.0},{"damage":55.0,"enemies":"Jaw Worm","floor":8.0,"turns":4.0},{"damage":21.0,"enemies":"downfall:FleeingMerchant","floor":9.0,"turns":4.0},{"damage":36.0,"enemies":"Exordium Thugs","floor":10.0,"turns":5.0},{"damage":25.0,"enemies":"Large Slime","floor":11.0,"turns":3.0},{"damage":24.0,"enemies":"Gremlin Gang","floor":13.0,"turns":3.0},{"damage":33.0,"enemies":"Large Slime","floor":15.0,"turns":5.0},{"damage":76.0,"enemies":"downfall:Defect","floor":16.0,"turns":6.0},{"damage":16.0,"enemies":"Chosen","floor":19.0,"turns":4.0},{"damage":33.0,"enemies":"Chosen and Byrds","floor":20.0,"turns":4.0},{"damage":18.0,"enemies":"Snecko","floor":21.0,"turns":4.0},{"damage":30.0,"enemies":"Centurion and Healer","floor":22.0,"turns":6.0},{"damage":62.0,"enemies":"Shelled Parasite and Fungi","floor":23.0,"turns":4.0},{"damage":20.0,"enemies":"Chosen and Byrds","floor":26.0,"turns":4.0},{"damage":73,"enemies":"Gremlin Leader","floor":27,"turns":5},{"damage":8,"enemies":"Centurion and Healer","floor":28,"turns":4},{"damage":18,"enemies":"Snecko","floor":32,"turns":5},{"damage":107,"enemies":"downfall:Silent","floor":33,"turns":9},{"damage":26,"enemies":"Orb Walker","floor":37,"turns":4},{"damage":24,"enemies":"Orb Walker","floor":38,"turns":3},{"damage":43,"enemies":"downfall:FleeingMerchant","floor":39,"turns":4},{"damage":43,"enemies":"3 Darklings","floor":40,"turns":5},{"damage":53,"enemies":"Transient","floor":42,"turns":5},{"damage":74,"enemies":"Maw","floor":44,"turns":7},{"damage":39,"enemies":"Writhing Mass","floor":45,"turns":5},{"damage":35,"enemies":"Spire Growth","floor":46,"turns":4},{"damage":93,"enemies":"Reptomancer","floor":48,"turns":8},{"damage":61,"enemies":"Transient","floor":49,"turns":5},{"damage":28,"enemies":"downfall:Watcher","floor":50,"turns":5}],"seed_played":"-5680638860252042362","potions_obtained":[{"floor":8.0,"key":"BlessingOfTheForge"},{"floor":10.0,"key":"Strength Potion"},{"floor":13.0,"key":"LifebloodPotion"},{"floor":16.0,"key":"Guardian:BlockOnCardUsePotion"},{"floor":19.0,"key":"REME_GoldPotion"},{"floor":20.0,"key":"conspire:TimeTravelPotion"},{"floor":21.0,"key":"hexamod:EctoCoolerPotion"},{"floor":27,"key":"Milkshake"},{"floor":29,"key":"Guardian:BlockOnCardUsePotion"},{"floor":29,"key":"Explosive Potion"},{"floor":29,"key":"Block Potion"},{"floor":33,"key":"REME_GoldPotion"},{"floor":38,"key":"Energy Potion"},{"floor":44,"key":"ColorlessPotion"},{"floor":47,"key":"Explosive Potion"},{"floor":47,"key":"LiquidBronze"},{"floor":48,"key":"Toxic Potion"},{"floor":49,"key":"infinitespire:BlackPotion"}],"is_trial":false,"path_per_floor":["R","M","M","?","$","M","T","?","$","M","M","R","M","?","M","B",null,"R","M","M","M","M","M","T","?","M","E","M","?","R","?","M","B",null,"R","?","M","?","$","M","T","M","R","M","M","M","?","E","M","B",null],"character_chosen":"SLIMEBOUND","items_purchased":["MealTicket","Slimebound:LevelUp","Slimebound:SplitAcid","Slimebound:SelfDamagePreventRelic","ReplayTheSpireMod:TigerMarble","infinitespire:Beetle Shell","Slimebound:AcidTongue","ReplayTheSpireMod:Brewmster","Guide Book","ReplayTheSpireMod:Lightbulb"],"campfire_rested":0,"item_purchase_floors":[5,5,5,9,9,9,9,39,39,39],"current_hp_per_floor":[66,59,61,61,66,66,66,38,62,52,51,61,51,51,64,32,76,76,76,76,68,76,57,57,57,69,56,76,76,76,57,65,34,76,76,76,70,62,62,61,61,54,54,74,67,63,45,47,34,66],"gold":315,"neow_bonus":"TEN_PERCENT_HP_BONUS","is_daily":false,"chose_seed":false,"campfire_upgraded":6,"win_rate":0.0,"timestamp":1609495081,"path_taken":["R","M","M","?","$","?","T","?","?","M","?","R","M","?","M","BOSS","R","M","M","M","M","M","T","?","M","E","M","?","R","?","M","BOSS","R","?","M","?","$","?","T","M","R","M","M","M","?","E","M","BOSS"],"items_purchased_type":["Relic","Card","Card","Relic","Relic","Relic","Card","Card","Relic","Relic"],"build_version":"2020-12-22","purchased_purges":0,"victory":true,"max_hp_per_floor":[66,66,66,66,66,66,66,66,66,66,66,76,76,76,76,76,76,76,76,76,76,76,76,76,76,76,76,76,76,76,76,76,76,76,76,76,74,74,74,74,74,74,74,74,74,74,74,74,74,74],"card_choices":[{"not_picked":["Slimebound:Schlurp","Slimebound:Prepare"],"picked":"Slimebound:SplitLeeching","floor":2.0},{"not_picked":["Slimebound:GoopSpray","Slimebound:ComboTackle"],"picked":"Slimebound:Schlurp","floor":3.0},{"not_picked":["Slimebound:GoopSpray","Slimebound:ServeAndProtect"],"picked":"Slimebound:SplitLeeching","floor":5.0},{"not_picked":["Slimebound:DivideAndConquer","Slimebound:FinishingTackle"],"picked":"Slimebound:SplitSpecialist","floor":6.0},{"not_picked":["Slimebound:SplitBruiser","Slimebound:PressTheAttack"],"picked":"Slimebound:Repurpose","floor":8.0},{"not_picked":["Slimebound:SamplingLick","Slimebound:FinishingTackle"],"picked":"Slimebound:RejuvenatingLick","floor":9.0},{"not_picked":["Slimebound:ComboTackle","Slimebound:DivideAndConquer"],"picked":"Slimebound:RallyTheTroops","floor":10.0},{"not_picked":["Slimebound:DivideAndConquer","Slimebound:ComboTackle"],"picked":"Slimebound:MegaLick","floor":11.0},{"not_picked":["Slimebound:DivideAndConquer","Slimebound:HungryTackle"],"picked":"Slimebound:PressTheAttack","floor":13.0},{"not_picked":["Slimebound:LevelUp","Slimebound:HauntingLick"],"picked":"Slimebound:LeechEnergy","floor":15.0},{"not_picked":["Slimebound:Teamwork","Slimebound:SlimeSlap"],"picked":"Slimebound:OozeBath","floor":16.0},{"not_picked":["Slimebound:Grow","Slimebound:LeechingTouch+1"],"picked":"Slimebound:HungryTackle","floor":19.0},{"not_picked":["Slimebound:ViciousTackle","Slimebound:FirmFortitude"],"picked":"Slimebound:Nibble","floor":20.0},{"not_picked":["Slimebound:ItLooksTasty+1","Slimebound:GoopSpray"],"picked":"Slimebound:SamplingLick","floor":21.0},{"not_picked":["Slimebound:SplitBruiser","Slimebound:ForwardTackle+1"],"picked":"Slimebound:Schlurp","floor":22.0},{"not_picked":["Slimebound:FinishingTackle","Slimebound:SlimeSpikes"],"picked":"Slimebound:OozeBath","floor":23.0},{"not_picked":["Slimebound:ComboTackle","Slimebound:RollThrough"],"picked":"Slimebound:SplitBruiser","floor":26},{"not_picked":["Slimebound:DivideAndConquer+1","Slimebound:SplitBruiser"],"picked":"Slimebound:SlimeSlap","floor":27},{"not_picked":["Slimebound:FirmFortitude","Slimebound:RollThrough"],"picked":"Slimebound:ServeAndProtect","floor":28},{"not_picked":["ReplayTheSpireMod:??????????????????????","ReplayTheSpireMod:Haul"],"picked":"infinitespire:Collect","floor":31},{"not_picked":["Slimebound:FlameTackle","Slimebound:Dissolve"],"picked":"Slimebound:SamplingLick","floor":32},{"not_picked":["Slimebound:Recycling","Slimebound:SlimeSlap"],"picked":"Slimebound:SelfFormingGoo","floor":33},{"not_picked":["Slimebound:Schlurp+1","Slimebound:SplitAcid+1"],"picked":"Slimebound:RollThrough+1","floor":37},{"not_picked":["Slimebound:Equalize","Slimebound:LeechEnergy+1"],"picked":"Slimebound:LeechLife","floor":38},{"not_picked":["Slimebound:HungryTackle","Slimebound:GrowthPunch"],"picked":"Slimebound:BestDefense+1","floor":39},{"not_picked":["Slimebound:SlimeSpikes+1","Slimebound:PressTheAttack"],"picked":"Slimebound:SpikyOuterGoop","floor":40},{"not_picked":["Slimebound:ItLooksTasty","Slimebound:Schlurp"],"picked":"Slimebound:DivideAndConquer+1","floor":42},{"not_picked":["Slimebound:PressTheAttack","Slimebound:SamplingLick"],"picked":"Slimebound:OozeBath","floor":44},{"not_picked":["Slimebound:DisruptingSlam+1","Slimebound:MegaLick+1"],"picked":"Slimebound:LivingWall+1","floor":45},{"not_picked":["Slimebound:GrowthPunch+1","Slimebound:RollThrough"],"picked":"Slimebound:FirmFortitude","floor":46},{"not_picked":["Slimebound:Grow+1","Slimebound:SplitAcid+1"],"picked":"Slimebound:SplitLeeching","floor":47},{"not_picked":["Slimebound:LeechEnergy+1","Slimebound:SpikyOuterGoop+1"],"picked":"Slimebound:SlimeSpikes","floor":48},{"not_picked":["Slimebound:SplitSpecialist+1","Slimebound:PressTheAttack+1"],"picked":"Slimebound:Gluttony+1","floor":49}],"player_experience":42476,"relics_obtained":[{"floor":7.0,"key":"Dota2Spire:ShadowBlade"},{"floor":8.0,"key":"downfall:GremlinSack"},{"floor":24.0,"key":"Meat on the Bone"},{"floor":27,"key":"conspire:TopHat"},{"floor":29,"key":"ReplayTheSpireMod:Ring of Collecting"},{"floor":29,"key":"ReplayTheSpireMod:Ring of Addiction"},{"floor":29,"key":"Potion Belt"},{"floor":29,"key":"hubris:EmptyBottle"},{"floor":38,"key":"downfall:GremlinSack"},{"floor":41,"key":"ReplayTheSpireMod:Ring of Exchange"},{"floor":41,"key":"Replay:Mystery Machine"},{"floor":47,"key":"Pen Nib"},{"floor":48,"key":"Simple Rune"}],"event_choices":[],"is_beta":false,"boss_relics":[{"not_picked":["conspire:SlowCooker","REME_DuelDisc"],"picked":"Slimebound:AbsorbEndCombatUpgraded"},{"not_picked":["Snecko Eye","Fusion Hammer"],"picked":"energizedSpire:NeverEndingSparkler"}],"items_purged_floors":[],"is_endless":false,"potions_floor_spawned":[8,10,13,16,19,20,21,27,33,38,44,48,49],"ascension_level":0}}