{"host":"ljavmhyz2e552xgo","time":1609533758,"event":{"mods":["BaseMod","Better Third Choice","Downfall","Friendly Minions","GungeonMod","Minty Spire (QoL Compilation)","Permanent Neow","Spicy Shops","StSLib"],"gold_per_floor":[113,113,63,238,16,16,36,36,36,46,65,65,77,77,77,172,172,190,203,478,150,166,166,166,166],"floor_reached":24,"playtime":1106,"items_purged":["Doubt","Regret"],"score":186,"play_id":"67a1a35a-aebc-46c1-b75b-d89c6297b529","local_time":"20210101144238","is_ascension_mode":false,"campfire_choices":[{"data":"DemoMod:PotionOfGunFriendShip","floor":6.0,"key":"SMITH"},{"data":"DemoMod:HungryBullets","floor":12.0,"key":"SMITH"},{"data":"DemoMod:FastSwitch","floor":15.0,"key":"SMITH"},{"data":"DemoMod:SkilledReload","floor":23.0,"key":"SMITH"}],"circlet_count":0,"master_deck":["DemoMod:Strike_Huntress","DemoMod:Strike_Huntress","DemoMod:Defend_Huntress","DemoMod:Defend_Huntress","DemoMod:Defend_Huntress","DemoMod:Defend_Huntress","DemoMod:Roll","DemoMod:ManualReload+1","DemoMod:RustySidearm","DemoMod:CrossBow","DemoMod:PotionOfGunFriendShip+1","Doubt","DemoMod:FastSwitch+1","DemoMod:ShadowBullets","DemoMod:HungryBullets+1","DemoMod:GunslingerForm","DemoMod:AbyssalTentacle","DemoMod:EasyReloadBullets+1","DemoMod:HardPowerCard","DemoMod:SkilledReload+1","DemoMod:LifeOrb"],"relics":["DemoMod:Dog","DemoMod:GreenGuonStone","DemoMod:ClearGuonStone","StoneCalendar","GremlinMask","DemoMod:Wolf","Calipers"],"acts_visited":["Exordium","TheCity"],"potions_floor_usage":[],"damage_taken":[{"damage":0.0,"enemies":"Jaw Worm","floor":1.0,"turns":4.0},{"damage":0.0,"enemies":"Small Slimes","floor":7.0,"turns":3.0},{"damage":0.0,"enemies":"2 Louse","floor":10.0,"turns":3.0},{"damage":0.0,"enemies":"Looter","floor":11.0,"turns":4.0},{"damage":8.0,"enemies":"Exordium Wildlife","floor":13.0,"turns":5.0},{"damage":30.0,"enemies":"Hexaghost","floor":16.0,"turns":11.0},{"damage":3.0,"enemies":"Chosen","floor":18.0,"turns":6.0},{"damage":13.0,"enemies":"2 Thieves","floor":19.0,"turns":4.0},{"damage":14.0,"enemies":"3 Cultists","floor":22.0,"turns":6.0},{"damage":0,"enemies":"Gremlin Leader","floor":24,"turns":1}],"seed_played":"-1543511252197345014","potions_obtained":[{"floor":7.0,"key":"Explosive Potion"},{"floor":11.0,"key":"CultistPotion"},{"floor":13.0,"key":"Weak Potion"},{"floor":16.0,"key":"DemoMod:LeadSkinPotion"},{"floor":18.0,"key":"SkillPotion"}],"is_trial":false,"path_per_floor":["M","?","?","?","$","R","M","$","T","M","M","R","M","?","R","B",null,"M","M","?","$","M","R","E"],"character_chosen":"HUNTRESS","items_purchased":["DemoMod:GreenGuonStone","DemoMod:ClearGuonStone","Calipers","DemoMod:SkilledReload"],"campfire_rested":0,"item_purchase_floors":[5,5,21,21],"current_hp_per_floor":[70,70,70,70,70,70,70,70,70,70,70,70,62,62,62,38,70,67,54,54,54,40,40,40,40],"gold":166,"neow_bonus":"UPGRADE_CARD","is_daily":false,"chose_seed":false,"campfire_upgraded":4,"win_rate":0.0,"timestamp":1609533758,"path_taken":["M","?","?","?","?","R","M","$","T","?","M","R","M","?","R","BOSS","M","M","?","$","?","R","E"],"items_purchased_type":["Relic","Relic","Relic","Card"],"build_version":"2020-12-22","purchased_purges":2,"victory":false,"max_hp_per_floor":[70,70,70,70,70,70,70,70,70,70,70,70,70,70,70,70,70,70,70,70,70,70,70,70,70],"card_choices":[{"not_picked":["DemoMod:DoubleSwitch","DemoMod:StickyCrossBow"],"picked":"DemoMod:PotionOfGunFriendShip","floor":1.0},{"not_picked":["DemoMod:PotionOfGunFriendShip","DemoMod:Casey"],"picked":"DemoMod:FastSwitch","floor":7.0},{"not_picked":["DemoMod:MachoBrace","DemoMod:TeaPot"],"picked":"DemoMod:ShadowBullets","floor":10.0},{"not_picked":["DemoMod:MachoBrace","DemoMod:DirectionalPad"],"picked":"DemoMod:HungryBullets","floor":11.0},{"not_picked":["DemoMod:ThirdPartyController","DemoMod:Elimentaler"],"picked":"DemoMod:GunslingerForm","floor":16.0},{"not_picked":["DemoMod:Ejector","DemoMod:AWP"],"picked":"DemoMod:AbyssalTentacle","floor":18.0},{"not_picked":["DemoMod:Ejector","DemoMod:DirectionalPad"],"picked":"DemoMod:EasyReloadBullets+1","floor":19.0},{"not_picked":["DemoMod:AWP","DemoMod:Eureka"],"picked":"DemoMod:HardPowerCard","floor":19.0},{"not_picked":["DemoMod:MachoBrace","DemoMod:GunstockTap+1"],"picked":"DemoMod:LifeOrb","floor":22.0}],"player_experience":1451136,"relics_obtained":[{"floor":9.0,"key":"StoneCalendar"}],"event_choices":[{"cards_removed":["DemoMod:Strike_Huntress"],"damage_healed":0.0,"max_hp_gain":0.0,"max_hp_loss":0.0,"gold_gain":0.0,"event_name":"The Cleric","player_choice":"Card Removal","floor":3.0,"gold_loss":50.0,"damage_taken":0.0},{"damage_healed":0.0,"max_hp_gain":0.0,"max_hp_loss":0.0,"gold_gain":175.0,"event_name":"betterThird:BetterSerpent","player_choice":"AGREE","floor":4.0,"gold_loss":0.0,"damage_taken":63.0},{"damage_healed":0.0,"max_hp_gain":0.0,"max_hp_loss":0.0,"gold_gain":0.0,"event_name":"FaceTrader","player_choice":"Trade","floor":14.0,"gold_loss":0.0,"damage_taken":0.0,"relics_obtained":["GremlinMask"]},{"damage_healed":0.0,"max_hp_gain":0.0,"max_hp_loss":0.0,"gold_gain":275.0,"event_name":"Golden Shrine","player_choice":"Desecrate","floor":20.0,"gold_loss":0.0,"damage_taken":0.0,"cards_obtained":["Regret"]}],"is_beta":false,"boss_relics":[{"not_picked":["Sozu","SacredBark"],"picked":"DemoMod:Wolf"}],"items_purged_floors":[5,21],"is_endless":false,"potions_floor_spawned":[7,11,13,16,18],"killed_by":"Gremlin Leader","ascension_level":0}}