{"host":"26f5wxbpnrkcdwuw","time":1609466218,"event":{"mods":["BaseMod","Duelist Mod","Friendly Minions","Minty Spire (QoL Compilation)","StSLib"],"gold_per_floor":[145,145,156,10,10,10,28,45,122,150,150,169,200,215,215,320,320,331,344,24,40,40,40,70,70,95,128,128,144,144,189,189,293,293,293],"floor_reached":34,"playtime":2561,"items_purged":[],"score":450,"play_id":"89289945-9d56-4903-a71e-9ee5dabdb1f4","local_time":"20201231205658","is_ascension_mode":false,"campfire_choices":[{"data":"theDuelist:ForbiddenLance","floor":6,"key":"SMITH"},{"data":"theDuelist:GaiaMidNightSun","floor":11,"key":"SMITH"},{"floor":15,"key":"REST"},{"data":"theDuelist:GridRod","floor":23,"key":"SMITH"},{"data":"theDuelist:ForbiddenLance+1","floor":25,"key":"SMITH"},{"floor":28,"key":"REST"},{"data":"1","floor":32,"key":"LIFT"}],"circlet_count":0,"master_deck":["theDuelist:BeaverWarrior","theDuelist:BeaverWarrior","theDuelist:CastleWalls","theDuelist:CastleWalls","theDuelist:FinalFlame","theDuelist:GiantSoldier","theDuelist:GiantSoldier","theDuelist:ScrapFactory+1","theDuelist:Sparks","theDuelist:Sparks","theDuelist:HappyLover","theDuelist:ForbiddenLance+2","theDuelist:Polymerization","theDuelist:GridRod+1","theDuelist:UnderworldCannon+1","theDuelist:DoubleTool","theDuelist:RainbowNeos","theDuelist:SwordsRevealing","theDuelist:GaiaMidNightSun+1","theDuelist:SangaEarth","theDuelist:GridRod","theDuelist:DarkHole","theDuelist:HappyLover","theDuelist:BreakDraw+1","theDuelist:WormWarlord+1","theDuelist:WhiteHowling","theDuelist:SparkBlaster","theDuelist:CrossAttack","theDuelist:Eva","theDuelist:CurseAging","Impatience","theDuelist:GravityAxe","theDuelist:Electrowhip","theDuelist:DeltaMagnet","theDuelist:MiraculousDescent+1","theDuelist:MillenniumShield"],"relics":["theDuelist:MillenniumPuzzle","theDuelist:CardPoolRelic","theDuelist:CardPoolBasicRelic","theDuelist:BoosterPackPoolRelic","theDuelist:CardPoolAddRelic","theDuelist:CardPoolMinusRelic","theDuelist:CardPoolSaveRelic","theDuelist:CardPoolOptionsRelic","NeowsBlessing","theDuelist:MerchantPendant","theDuelist:ShopToken","theDuelist:MerchantNecklace","Anchor","WingedGreaves","Philosopher\u0027s Stone","Paper Frog","Bottled Flame","Orichalcum","Nunchaku","Lizard Tail","Turnip","Girya","theDuelist:GamblerChip"],"acts_visited":["Exordium","TheCity","TheBeyond"],"potions_floor_usage":[12,13,13,16,24,31,31],"damage_taken":[{"damage":0,"enemies":"Small Slimes","floor":1,"turns":1},{"damage":0,"enemies":"Cultist","floor":3,"turns":1},{"damage":0,"enemies":"2 Louse","floor":7,"turns":2},{"damage":0,"enemies":"Looter","floor":8,"turns":2},{"damage":14,"enemies":"Gremlin Nob","floor":10,"turns":5},{"damage":7,"enemies":"Lots of Slimes","floor":12,"turns":4},{"damage":0,"enemies":"3 Sentries","floor":13,"turns":3},{"damage":0,"enemies":"Blue Slaver","floor":14,"turns":3},{"damage":10,"enemies":"The Guardian","floor":16,"turns":6},{"damage":0,"enemies":"Chosen","floor":18,"turns":2},{"damage":0,"enemies":"Shell Parasite","floor":19,"turns":4},{"damage":0,"enemies":"Snecko","floor":21,"turns":3},{"damage":7,"enemies":"theDuelist:KaibaA2","floor":24,"turns":4},{"damage":14,"enemies":"Book of Stabbing","floor":27,"turns":3},{"damage":5,"enemies":"3 Cultists","floor":29,"turns":5},{"damage":22,"enemies":"3 Cultists","floor":31,"turns":5},{"damage":41,"enemies":"Collector","floor":33,"turns":8}],"seed_played":"2081312946925369327","potions_obtained":[{"floor":1,"key":"theDuelist:TokenPotionB"},{"floor":8,"key":"theDuelist:ExtraOrbsBottle"},{"floor":10,"key":"theDuelist:TokenPotionB"},{"floor":12,"key":"theDuelist:FireBottle"},{"floor":18,"key":"Swift Potion"},{"floor":24,"key":"Strength Potion"},{"floor":27,"key":"GhostInAJar"}],"is_trial":false,"path_per_floor":["M","?","M","$","?","R","M","M","T","E","R","M","E","M","R","B",null,"M","M","$","M","?","R","E","R","T","E","R","M","?","?","R","B",null],"character_chosen":"THE_DUELIST","items_purchased":["theDuelist:MerchantPendant","theDuelist:ShopToken","theDuelist:GridRod","theDuelist:UnderworldCannon","theDuelist:DoubleTool","Paper Frog","theDuelist:WhiteHowling","theDuelist:SparkBlaster","theDuelist:CrossAttack"],"campfire_rested":2,"item_purchase_floors":[4,4,4,4,4,20,20,20,20],"current_hp_per_floor":[80,80,80,80,64,64,64,64,64,50,50,43,43,43,67,57,80,80,80,80,80,80,80,73,73,73,59,80,75,75,53,53,12,80,80],"gold":293,"neow_bonus":"THREE_ENEMY_KILL","is_daily":false,"chose_seed":false,"campfire_upgraded":4,"win_rate":0.0,"timestamp":1609466218,"path_taken":["M","?","?","$","?","R","M","M","T","E","R","M","E","M","R","BOSS","M","M","$","M","?","R","E","R","T","E","R","M","?","?","R","BOSS"],"items_purchased_type":["Relic","Relic","Card","Card","Card","Relic","Card","Card","Card"],"build_version":"2020-12-22","purchased_purges":0,"victory":false,"max_hp_per_floor":[80,80,80,80,80,80,80,80,80,80,80,80,80,80,80,80,80,80,80,80,80,80,80,80,80,80,80,80,80,80,80,80,80,80,80],"card_choices":[{"not_picked":["theDuelist:KamionTimelord","theDuelist:Eva","theDuelist:RainbowKuriboh","theDuelist:RainbowOverdragon"],"picked":"theDuelist:HappyLover","floor":1},{"not_picked":["theDuelist:MillenniumGolem","theDuelist:WormWarlord","theDuelist:Kuribohrn","theDuelist:LightningDarts"],"picked":"theDuelist:Polymerization","floor":3},{"not_picked":["theDuelist:GreenGraveOni","theDuelist:PurplePainOni","theDuelist:RainbowKuriboh","theDuelist:RedHeadedOni"],"picked":"theDuelist:RainbowNeos","floor":7},{"not_picked":["theDuelist:UnderworldCannon","theDuelist:InfernoFireBlast","theDuelist:Predaponics","theDuelist:ChaosSeed"],"picked":"theDuelist:SwordsRevealing","floor":8},{"not_picked":["theDuelist:Reload","theDuelist:DokiDoki","theDuelist:HeavyStorm","theDuelist:RedHeadedOni"],"picked":"theDuelist:GaiaMidNightSun","floor":10},{"not_picked":["theDuelist:MythicalBeast","theDuelist:FrontierWiseman","theDuelist:RainbowNeos","theDuelist:Eva"],"picked":"theDuelist:SangaEarth","floor":12},{"not_picked":["theDuelist:Wildfire","theDuelist:Raigeki"],"picked":"theDuelist:GridRod","floor":13},{"not_picked":["theDuelist:BattleOx","theDuelist:GreenGraveOni","theDuelist:GemElephant","theDuelist:FeatherPho"],"picked":"theDuelist:DarkHole","floor":14},{"not_picked":["theDuelist:KamionTimelord","theDuelist:Eva","theDuelist:RainbowKuriboh","theDuelist:RainbowOverdragon"],"picked":"theDuelist:HappyLover","floor":16},{"not_picked":["theDuelist:Downbeat","theDuelist:GravityAxe","theDuelist:Electrowhip","theDuelist:DeltaAttacker"],"picked":"theDuelist:BreakDraw+1","floor":18},{"not_picked":["theDuelist:FuryFire","theDuelist:EarthGiant","theDuelist:MagicHoleGolem","theDuelist:UltimateOffering"],"picked":"theDuelist:WormWarlord+1","floor":19},{"not_picked":["theDuelist:CombinationAttack","theDuelist:FluteKuriboh+1","theDuelist:DoubleTool","theDuelist:Downbeat"],"picked":"theDuelist:Eva","floor":21},{"not_picked":["Dark Shackles","Good Instincts","The Bomb"],"picked":"Impatience","floor":24},{"not_picked":["theDuelist:BerserkerCrush","theDuelist:DarkFactory","theDuelist:Electrowhip","theDuelist:ScrapFactory"],"picked":"theDuelist:GravityAxe","floor":27},{"not_picked":["theDuelist:ImperialOrder","theDuelist:GravityAxe","theDuelist:MiraculousDescent","theDuelist:WhiteHowling+1"],"picked":"theDuelist:Electrowhip","floor":29},{"not_picked":["theDuelist:ImperialOrder","theDuelist:GravityAxe","theDuelist:ElectromagneticShield"],"picked":"theDuelist:MiraculousDescent+1","floor":31},{"not_picked":["theDuelist:SevenCompleted","theDuelist:PineappleBlast","theDuelist:GridRod+1","theDuelist:GravityLash+1"],"picked":"theDuelist:MillenniumShield","floor":33}],"player_experience":735199,"relics_obtained":[{"floor":9,"key":"theDuelist:MerchantNecklace"},{"floor":10,"key":"Anchor"},{"floor":13,"key":"WingedGreaves"},{"floor":24,"key":"Bottled Flame"},{"floor":26,"key":"Orichalcum"},{"floor":27,"key":"Nunchaku"},{"floor":31,"key":"Lizard Tail"},{"floor":31,"key":"Turnip"},{"floor":31,"key":"Girya"}],"event_choices":[{"damage_healed":0,"gold_gain":0,"player_choice":"1 cards matched","damage_taken":0,"max_hp_gain":0,"max_hp_loss":0,"event_name":"Match and Keep!","floor":2,"gold_loss":0,"cards_obtained":["theDuelist:ForbiddenLance"]},{"damage_healed":0,"gold_gain":0,"player_choice":"Entered Light","damage_taken":16,"max_hp_gain":0,"max_hp_loss":0,"event_name":"Shining Light","floor":5,"gold_loss":0,"cards_upgraded":["theDuelist:ScrapFactory","theDuelist:UnderworldCannon"]},{"damage_healed":0,"gold_gain":0,"player_choice":"Worship - 20% roll at +12 Max HP","duelist":true,"damage_taken":0,"max_hp_gain":0,"max_hp_loss":0,"event_name":"Tomb of the Nameless","floor":22,"gold_loss":0},{"damage_healed":0,"gold_gain":0,"player_choice":"Delta Electro","duelist":true,"damage_taken":0,"max_hp_gain":0,"max_hp_loss":0,"event_name":"Egyptian Village","floor":30,"gold_loss":0,"cards_obtained":["Delta Electromagnet Warrior"]},{"damage_healed":0,"gold_gain":0,"player_choice":"Fight","duelist":true,"damage_taken":0,"max_hp_gain":0,"max_hp_loss":0,"event_name":"Battle City","floor":31,"gold_loss":0}],"is_beta":false,"boss_relics":[{"not_picked":["SacredBark","Busted Crown"],"picked":"Philosopher\u0027s Stone"},{"not_picked":["Empty Cage","Inserter"],"picked":"theDuelist:GamblerChip"}],"items_purged_floors":[],"is_endless":false,"potions_floor_spawned":[1,8,10,12,18,24,27],"ascension_level":0}}