{"host":"e8rlfedn69rz2s07","time":1609468337,"event":{"mods":["Act Like it!","BaseMod","Conspire","Hubris","Infinite Spire","Minty Spire (QoL Compilation)","Permanent Neow","Relic Stats","Replay The Spire","Shop Mod","StSLib","The Jungle"],"gold_per_floor":[112,129,10,27,27,61,61,18,18,31,49,49,64,64,64,140,140,160,160,177,177,177,177],"floor_reached":22,"playtime":967,"items_purged":["hubris:Envy"],"score":372,"play_id":"152cd33c-5526-4ba7-ae6a-06f812ce40fa","local_time":"20210101043217","is_ascension_mode":true,"campfire_choices":[{"floor":7,"key":"REST"},{"data":"Noxious Fumes","floor":12,"key":"SMITH"},{"data":"Neutralize","floor":15,"key":"SMITH"}],"circlet_count":0,"master_deck":["AscendersBane","Strike_G","Strike_G","Strike_G","Strike_G","Strike_G","Defend_G","Defend_G","Defend_G","Defend_G","Defend_G","Survivor","Neutralize+1","Skewer","Noxious Fumes+1","Poisoned Stab+1","Dagger Spray","Night Terror+1","PiercingWail","PiercingWail","Deadly Poison","Deadly Poison","Decay","ReplayTheSpireMod:Speed Training+1"],"relics":["Ring of the Snake","White Beast Statue","CaptainsWheel","Matryoshka","ChewingGum"],"acts_visited":["Exordium","TheCity"],"potions_floor_usage":[16,18,22],"damage_taken":[{"damage":12.0,"enemies":"Cultist","floor":1.0,"turns":4.0},{"damage":4.0,"enemies":"Small Slimes","floor":2.0,"turns":5.0},{"damage":7,"enemies":"Jaw Worm","floor":4,"turns":5},{"damage":27,"enemies":"3 Sentries","floor":6,"turns":8},{"damage":5,"enemies":"Red Slaver","floor":10,"turns":3},{"damage":0,"enemies":"2 Fungi Beasts","floor":11,"turns":3},{"damage":1,"enemies":"Large Slime","floor":13,"turns":5},{"damage":7,"enemies":"Slime Boss","floor":16,"turns":7},{"damage":27,"enemies":"3 Byrds","floor":18,"turns":5},{"damage":0,"enemies":"Chosen","floor":20,"turns":4},{"damage":42,"enemies":"3 Cultists","floor":22,"turns":6}],"seed_played":"-2750241240082127659","potions_obtained":[{"floor":6,"key":"Dexterity Potion"},{"floor":10,"key":"Energy Potion"},{"floor":16,"key":"Weak Potion"},{"floor":18,"key":"BlessingOfTheForge"},{"floor":20,"key":"SkillPotion"}],"is_trial":false,"path_per_floor":["M","M","$","M","T","E","R","$","T","M","M","R","M","?","R","B",null,"M","?","M","?","M"],"character_chosen":"THE_SILENT","items_purchased":["Poisoned Stab+1","PiercingWail"],"campfire_rested":1,"item_purchase_floors":[3,8],"current_hp_per_floor":[59,55,55,48,48,21,44,44,44,39,39,39,38,38,38,31,66,39,39,39,39,0,0],"gold":177,"neow_bonus":"TWENTY_PERCENT_HP_BONUS","is_daily":false,"chose_seed":false,"campfire_upgraded":2,"win_rate":0.0,"timestamp":1609468337,"path_taken":["M","M","?","?","?","E","R","?","T","M","M","R","?","?","R","BOSS","M","?","M","?","M"],"items_purchased_type":["Card","Card"],"build_version":"2020-12-22","purchased_purges":1,"victory":false,"max_hp_per_floor":[78,78,78,78,78,78,78,78,78,78,78,78,78,78,78,78,78,78,78,78,78,78,78],"relic_stats":{"counters":[11,55],"obtain_stats":[{"CaptainsWheel":6,"Matryoshka":9,"ChewingGum":17,"White Beast Statue":5,"Ring of the Snake":0},{"CaptainsWheel":4,"Matryoshka":4,"ChewingGum":8,"White Beast Statue":3,"Ring of the Snake":0},{"CaptainsWheel":22,"Matryoshka":22,"ChewingGum":40,"White Beast Statue":14,"Ring of the Snake":0}],"Ring of the Snake":[22]},"card_choices":[{"not_picked":["Slice","Dagger Spray"],"picked":"Skewer","floor":1.0},{"not_picked":["hubris:SlightOfHand","ReplayTheSpireMod:Scrap Shanks"],"picked":"Noxious Fumes","floor":2.0},{"not_picked":["PiercingWail","Fluid Movement"],"picked":"Dagger Spray","floor":4},{"not_picked":["ReplayTheSpireMod:Exploit Weakness","Backflip"],"picked":"Night Terror","floor":6},{"not_picked":["Acrobatics","Outmaneuver","Dodge and Roll"],"picked":"SKIP","floor":10},{"not_picked":["Blade Dance","Dagger Spray"],"picked":"Deadly Poison","floor":11},{"not_picked":["Quick Slash","Dagger Spray"],"picked":"Deadly Poison","floor":13},{"not_picked":["Quick Slash","Outmaneuver","hubris:SlightOfHand"],"picked":"SKIP","floor":18},{"not_picked":["Blade Dance","Flying Knee+1"],"picked":"ReplayTheSpireMod:Speed Training+1","floor":20}],"player_experience":932985,"relics_obtained":[{"floor":5,"key":"White Beast Statue"},{"floor":6,"key":"CaptainsWheel"},{"floor":9,"key":"Matryoshka"}],"event_choices":[{"damage_healed":0,"gold_gain":0,"player_choice":"Smashed Altar","damage_taken":0,"max_hp_gain":0,"max_hp_loss":0,"event_name":"Forgotten Altar","floor":19,"gold_loss":0,"cards_obtained":["Decay"]},{"damage_healed":0,"gold_gain":0,"player_choice":"Ignored","damage_taken":0,"max_hp_gain":0,"max_hp_loss":0,"event_name":"Cursed Tome","floor":21,"gold_loss":0}],"is_beta":false,"boss_relics":[{"not_picked":["Tiny House","hubris:CrackedHourglass"],"picked":"ChewingGum"}],"items_purged_floors":[3],"is_endless":false,"potions_floor_spawned":[6,10,11,13,16,18,20],"killed_by":"3 Cultists","ascension_level":20}}