{"host":"vmo6qas4tfa0p776","time":1609515984,"event":{"mods":["AchievementEnabler","BaseMod","Bestiary","Better Altar","Better Match","Better Note","Better Sensory Stone","Better Skull","Better Third Choice","Colored Map","Downfall","Minty Spire (QoL Compilation)","Relic Stats","Robot Space Explorer","Spicy Shops","StSLib","The Marked"],"gold_per_floor":[117,128,38,57,73,100,115,115,115,129,162,162,191,211,211,311,311,324,324,324,335,350,350,366,25,25,25,25],"floor_reached":27,"playtime":10236,"items_purged":[],"score":249,"play_id":"81698b15-7b2e-4da0-85cd-f64a73cfcde8","local_time":"20210101104624","is_ascension_mode":true,"campfire_choices":[{"floor":8,"key":"REST"},{"floor":12,"key":"REST"},{"floor":15,"key":"REST"},{"floor":23,"key":"REST"}],"circlet_count":0,"master_deck":["Strike_G+1","Strike_G+1","Strike_G+1","Strike_G+1","Strike_G+1","Defend_G+1","Defend_G+1","Defend_G+1","Defend_G+1","Defend_G+1","Survivor","Neutralize","Unload","Bane","Poisoned Stab","Dagger Spray","Quick Slash","Underhanded Strike","Dagger Spray","Bane","Escape Plan","Infinite Blades","Envenom","Accuracy","Deadly Poison","Wraith Form v2","PiercingWail+1","Sadistic Nature","Apotheosis","Riddle With Holes","Deadly Poison+1","Dash","Deadly Poison+1","Backstab"],"relics":["Ring of the Snake","The Courier","Incense Burner","Lizard Tail","Gambling Chip","Runic Pyramid","Frozen Egg 2","DollysMirror","Happy Flower"],"acts_visited":["Exordium","TheCity"],"potions_floor_usage":[5,14,16,16],"damage_taken":[{"damage":0,"enemies":"Cultist","floor":1,"turns":4},{"damage":8,"enemies":"Jaw Worm","floor":2,"turns":2},{"damage":10,"enemies":"Small Slimes","floor":4,"turns":2},{"damage":0,"enemies":"Exordium Wildlife","floor":5,"turns":2},{"damage":16,"enemies":"Gremlin Nob","floor":6,"turns":4},{"damage":3,"enemies":"Large Slime","floor":7,"turns":4},{"damage":2,"enemies":"Lots of Slimes","floor":10,"turns":2},{"damage":23,"enemies":"Lagavulin","floor":11,"turns":5},{"damage":46,"enemies":"Gremlin Nob","floor":13,"turns":5},{"damage":1,"enemies":"3 Louse","floor":14,"turns":2},{"damage":58,"enemies":"The Guardian","floor":16,"turns":8},{"damage":10,"enemies":"Chosen","floor":18,"turns":4},{"damage":20,"enemies":"3 Byrds","floor":21,"turns":5},{"damage":24,"enemies":"Centurion and Healer","floor":22,"turns":6},{"damage":27,"enemies":"3 Cultists","floor":24,"turns":6},{"damage":10,"enemies":"Chosen and Byrds","floor":27,"turns":1}],"seed_played":"-3501851546053360825","potions_obtained":[{"floor":4,"key":"PowerPotion"},{"floor":5,"key":"Regen Potion"},{"floor":10,"key":"Fire Potion"},{"floor":13,"key":"Slimebound:ThreeZeroPotion"},{"floor":18,"key":"FearPotion"},{"floor":21,"key":"SpeedPotion"},{"floor":24,"key":"Ancient Potion"}],"is_trial":false,"path_per_floor":["M","M","$","M","M","E","M","R","T","M","E","R","E","M","R","B",null,"M","?","?","M","M","R","M","$","T","M"],"character_chosen":"THE_SILENT","items_purchased":["Dagger Spray","Quick Slash","Frozen Egg 2","DollysMirror","Backstab"],"campfire_rested":4,"item_purchase_floors":[3,3,25,25,25],"current_hp_per_floor":[70,62,62,52,52,36,33,54,54,52,29,50,4,3,24,19,70,60,60,60,40,16,37,10,10,10,0,0],"gold":25,"neow_bonus":"ONE_RANDOM_RARE_CARD","is_daily":false,"chose_seed":false,"campfire_upgraded":0,"win_rate":0.0,"timestamp":1609515984,"path_taken":["M","M","$","M","M","E","M","R","T","?","E","R","E","M","R","BOSS","M","?","?","M","M","R","M","?","T","M"],"items_purchased_type":["Card","Card","Relic","Relic","Card"],"build_version":"2020-12-22","purchased_purges":0,"victory":false,"max_hp_per_floor":[70,70,70,70,70,70,70,70,70,70,70,70,70,70,70,70,70,70,70,70,70,70,70,70,70,70,70,70],"relic_stats":{"Lizard Tail":35,"Happy Flower":[0],"counters":[16,62],"Gambling Chip":[9],"obtain_stats":[{"Lizard Tail":11,"Happy Flower":26,"DollysMirror":25,"Gambling Chip":13,"The Courier":6,"Incense Burner":9,"Frozen Egg 2":25,"Ring of the Snake":0,"Runic Pyramid":17},{"Lizard Tail":8,"Happy Flower":15,"DollysMirror":15,"Gambling Chip":9,"The Courier":5,"Incense Burner":6,"Frozen Egg 2":15,"Ring of the Snake":0,"Runic Pyramid":11},{"Lizard Tail":25,"Happy Flower":61,"DollysMirror":61,"Gambling Chip":30,"The Courier":14,"Incense Burner":18,"Frozen Egg 2":61,"Ring of the Snake":0,"Runic Pyramid":40}],"Ring of the Snake":[32]},"card_choices":[{"not_picked":["Prepared","Reflex"],"picked":"Bane","floor":1},{"not_picked":["Sucker Punch","Prepared"],"picked":"Poisoned Stab","floor":2},{"not_picked":["Expertise","Deflect"],"picked":"Underhanded Strike","floor":4},{"not_picked":["Catalyst","Flechettes"],"picked":"Dagger Spray","floor":5},{"not_picked":["Footwork","Dodge and Roll"],"picked":"Bane","floor":6},{"not_picked":["Calculated Gamble","Prepared"],"picked":"Escape Plan","floor":7},{"not_picked":["Footwork","Reflex"],"picked":"Infinite Blades","floor":10},{"not_picked":["Dodge and Roll","Concentrate"],"picked":"Envenom","floor":11},{"not_picked":["Bane","Dagger Spray"],"picked":"Accuracy","floor":13},{"not_picked":["Backflip","Deflect"],"picked":"Deadly Poison","floor":14},{"not_picked":["Glass Knife","Doppelganger"],"picked":"Wraith Form v2","floor":16},{"not_picked":["Prepared","Acrobatics+1"],"picked":"PiercingWail+1","floor":18},{"not_picked":["expansioncontent:TimeRipple","expansioncontent:GoopSpray"],"picked":"Sadistic Nature","floor":19},{"not_picked":["Panacea","Jack Of All Trades"],"picked":"Apotheosis","floor":19},{"not_picked":["Accuracy","Poisoned Stab"],"picked":"Riddle With Holes","floor":21},{"not_picked":["Bane","Prepared"],"picked":"Deadly Poison+1","floor":22},{"not_picked":["Deflect","Terror+1"],"picked":"Dash","floor":24}],"player_experience":222437,"relics_obtained":[{"floor":6,"key":"The Courier"},{"floor":9,"key":"Incense Burner"},{"floor":11,"key":"Lizard Tail"},{"floor":13,"key":"Gambling Chip"},{"floor":26,"key":"Happy Flower"}],"event_choices":[{"damage_healed":0,"gold_gain":2,"player_choice":"1","damage_taken":0,"max_hp_gain":0,"max_hp_loss":0,"event_name":"betterStone:BetterStone","floor":19,"gold_loss":0},{"damage_healed":0,"gold_gain":0,"player_choice":"Simplicity","damage_taken":0,"max_hp_gain":0,"max_hp_loss":10,"event_name":"betterThird:BetterWriting","floor":20,"gold_loss":0}],"is_beta":false,"boss_relics":[{"not_picked":["Ectoplasm","Philosopher\u0027s Stone"],"picked":"Runic Pyramid"}],"items_purged_floors":[],"is_endless":false,"potions_floor_spawned":[4,5,10,13,18,21,24],"killed_by":"Chosen and Byrds","ascension_level":1}}