{"host":"tiwza2kisyyrpq7h","time":1609509241,"event":{"mods":["BaseMod","Colored Powertips","Minty Spire (QoL Compilation)","Quick Restart","Rare Cards Sparkle","StSLib","SuperFastMode","The Servant 0.9.4","óô»ðÖ¸ÄÏ"],"gold_per_floor":[116,136,155,155,166,166,198,198,198,217,217,249,264,276,276,276,276,292,32,32,47,63,93,93,126,126,176,22,22,33,60,60,60,60],"floor_reached":33,"playtime":1062,"items_purged":["Strike_P"],"score":686,"play_id":"9404718a-c4af-44e3-8a0a-bf0b29fee306","local_time":"20210101215401","is_ascension_mode":true,"campfire_choices":[{"data":"Eruption","floor":6.0,"key":"SMITH"},{"data":"MentalFortress","floor":11.0,"key":"SMITH"},{"data":"Wireheading","floor":15.0,"key":"SMITH"},{"data":"Apotheosis","floor":24.0,"key":"SMITH"},{"floor":32.0,"key":"RECALL"}],"circlet_count":0,"master_deck":["AscendersBane","Strike_P","Strike_P","Strike_P","Defend_P","Defend_P","Defend_P","Defend_P","Eruption+1","Vigilance","DeceiveReality","Indignation","SandsOfTime","InnerPeace","MentalFortress+1","Wireheading+1","Evaluate","Vengeance","TalkToTheHand","Apotheosis+1","Halt","EmptyMind","ForeignInfluence","Conclude","Writhe","Adaptation","TalkToTheHand+1"],"relics":["PureWater","PreservedInsect","Mercury Hourglass","Sundial","Coffee Dripper","Oddly Smooth Stone","Nunchaku","Pear","Membership Card","Yang","Ginger"],"acts_visited":["Exordium","TheCity"],"potions_floor_usage":[],"damage_taken":[{"damage":0.0,"enemies":"Jaw Worm","floor":1.0,"turns":2.0},{"damage":5.0,"enemies":"Cultist","floor":2.0,"turns":4.0},{"damage":3.0,"enemies":"2 Louse","floor":3.0,"turns":3.0},{"damage":0.0,"enemies":"Large Slime","floor":5.0,"turns":5.0},{"damage":0.0,"enemies":"Lagavulin","floor":7.0,"turns":4.0},{"damage":0.0,"enemies":"Blue Slaver","floor":10.0,"turns":3.0},{"damage":0.0,"enemies":"Gremlin Nob","floor":12.0,"turns":2.0},{"damage":0.0,"enemies":"Exordium Wildlife","floor":13.0,"turns":2.0},{"damage":3.0,"enemies":"Red Slaver","floor":14.0,"turns":4.0},{"damage":24.0,"enemies":"The Guardian","floor":16.0,"turns":9.0},{"damage":10.0,"enemies":"Shell Parasite","floor":18.0,"turns":4.0},{"damage":5.0,"enemies":"3 Byrds","floor":21.0,"turns":5.0},{"damage":12.0,"enemies":"Centurion and Healer","floor":22.0,"turns":5.0},{"damage":8.0,"enemies":"Gremlin Leader","floor":23.0,"turns":3.0},{"damage":16.0,"enemies":"Slavers","floor":25.0,"turns":6.0},{"damage":18.0,"enemies":"Snake Plant","floor":30.0,"turns":3.0},{"damage":0.0,"enemies":"Gremlin Leader","floor":31.0,"turns":4.0},{"damage":0,"enemies":"Champ","floor":33,"turns":3}],"seed_played":"8958018710854711230","potions_obtained":[{"floor":2.0,"key":"Fire Potion"},{"floor":3.0,"key":"DuplicationPotion"},{"floor":10.0,"key":"Ancient Potion"},{"floor":12.0,"key":"Strength Potion"},{"floor":18.0,"key":"SteroidPotion"},{"floor":22.0,"key":"DuplicationPotion"},{"floor":31.0,"key":"SteroidPotion"}],"is_trial":false,"path_per_floor":["M","M","M","?","M","R","E","?","T","M","R","E","M","M","R","B",null,"M","$","?","M","M","E","R","E","T","?","$","?","M","E","R","B"],"character_chosen":"WATCHER","items_purchased":["Apotheosis","Membership Card"],"campfire_rested":0,"item_purchase_floors":[19,28],"current_hp_per_floor":[67,62,59,55,55,55,55,60,60,60,60,60,60,57,57,33,64,54,54,54,49,37,29,29,13,23,23,23,23,5,5,5,5,5],"gold":60,"neow_bonus":"TEN_PERCENT_HP_BONUS","is_daily":false,"chose_seed":false,"campfire_upgraded":4,"win_rate":0.0,"timestamp":1609509241,"path_taken":["M","M","M","?","?","R","E","?","T","M","R","E","M","M","R","BOSS","M","?","?","M","M","E","R","E","T","?","$","?","?","E","R","BOSS"],"items_purchased_type":["Card","Relic"],"build_version":"2020-12-22","purchased_purges":1,"victory":false,"max_hp_per_floor":[74,74,74,74,74,74,74,74,74,74,74,74,74,74,74,74,74,74,74,74,74,74,74,74,74,84,84,84,84,84,84,84,84,84],"card_choices":[{"not_picked":["FlyingSleeves","CutThroughFate"],"picked":"DeceiveReality","floor":1.0},{"not_picked":["ThirdEye","Evaluate"],"picked":"FollowUp","floor":2.0},{"not_picked":["Consecrate","Protect"],"picked":"Indignation","floor":3.0},{"not_picked":["CrushJoints","SandsOfTime","SashWhip"],"picked":"SKIP","floor":5.0},{"not_picked":["CrushJoints","SashWhip"],"picked":"SandsOfTime","floor":5.0},{"not_picked":["LikeWater","FollowUp"],"picked":"InnerPeace","floor":7.0},{"not_picked":["Judgement","TalkToTheHand"],"picked":"MentalFortress","floor":10.0},{"not_picked":["InnerPeace","Conclude"],"picked":"Wireheading","floor":12.0},{"not_picked":["Prostrate","ThirdEye"],"picked":"Evaluate","floor":13.0},{"not_picked":["FollowUp","Collect"],"picked":"Vengeance","floor":14.0},{"not_picked":["FlurryOfBlows","CutThroughFate"],"picked":"TalkToTheHand","floor":18.0},{"not_picked":["Prostrate+1","InnerPeace"],"picked":"Halt","floor":21.0},{"not_picked":["FlyingSleeves","Worship"],"picked":"EmptyMind","floor":22.0},{"not_picked":["Consecrate","PathToVictory"],"picked":"ForeignInfluence","floor":23.0},{"not_picked":["EmptyFist","CutThroughFate"],"picked":"Conclude","floor":25.0},{"not_picked":["Perseverance","Indignation"],"picked":"Adaptation","floor":30.0},{"not_picked":["JustLucky","Worship"],"picked":"TalkToTheHand+1","floor":31.0}],"player_experience":904923,"relics_obtained":[{"floor":7.0,"key":"PreservedInsect"},{"floor":9.0,"key":"Mercury Hourglass"},{"floor":12.0,"key":"Sundial"},{"floor":23.0,"key":"Oddly Smooth Stone"},{"floor":25.0,"key":"Nunchaku"},{"floor":26.0,"key":"Pear"},{"floor":31.0,"key":"Ginger"}],"event_choices":[{"damage_healed":0.0,"max_hp_gain":0.0,"max_hp_loss":0.0,"gold_gain":0.0,"event_name":"The Woman in Blue","player_choice":"Bought 0 Potions","floor":4.0,"gold_loss":0.0,"damage_taken":0.0},{"cards_removed":["FollowUp"],"damage_healed":5.0,"max_hp_gain":0.0,"max_hp_loss":0.0,"gold_gain":0.0,"event_name":"Bonfire Elementals","player_choice":"Offered Common","floor":8.0,"gold_loss":0.0,"damage_taken":0.0},{"cards_removed":["FollowUp"],"damage_healed":5.0,"max_hp_gain":0.0,"max_hp_loss":0.0,"gold_gain":0.0,"event_name":"Bonfire Elementals","player_choice":"Offered Special","floor":8.0,"gold_loss":0.0,"damage_taken":0.0},{"damage_healed":0.0,"max_hp_gain":0.0,"max_hp_loss":0.0,"gold_gain":0.0,"event_name":"Vampires","player_choice":"Ignored","floor":20.0,"gold_loss":0.0,"damage_taken":0.0},{"damage_healed":0.0,"max_hp_gain":0.0,"max_hp_loss":0.0,"gold_gain":50.0,"event_name":"Nest","player_choice":"Stole From Cult","floor":27.0,"gold_loss":0.0,"damage_taken":0.0},{"damage_healed":0.0,"max_hp_gain":0.0,"max_hp_loss":0.0,"gold_gain":0.0,"event_name":"The Mausoleum","player_choice":"Opened","floor":29.0,"gold_loss":0.0,"damage_taken":0.0,"relics_obtained":["Yang"],"cards_obtained":["Writhe"]}],"is_beta":false,"boss_relics":[{"not_picked":["Runic Dome","Ectoplasm"],"picked":"Coffee Dripper"}],"items_purged_floors":[19],"is_endless":false,"potions_floor_spawned":[2,3,10,12,18,22,31],"killed_by":"Champ","ascension_level":15}}