{"host":"6pfj0wha12yu6wq3","time":1609485110,"event":{"mods":["BaseMod","Colored Map","Colored Powertips","Curses Come First","DeckTracker","Minty Spire (QoL Compilation)","RNG Fix","Relic Sorter","Relic Stats","StSLib","ojb\u0027s Better Paths Mod","ojb\u0027s Info Mod"],"gold_per_floor":[111,111,58,69,87,119,139,139,139],"floor_reached":8,"playtime":300,"items_purged":[],"score":116,"play_id":"b7689b92-87c3-40d1-af5e-a8112e758be7","local_time":"20210101021150","is_ascension_mode":true,"campfire_choices":[],"circlet_count":0,"master_deck":["AscendersBane","Strike_G","Strike_G","Strike_G","Strike_G","Strike_G","Defend_G","Defend_G","Defend_G","Defend_G","Defend_G","Survivor","Neutralize","Dagger Spray","Slice","Blade Dance","Dash","Adrenaline"],"relics":["Ring of the Snake","NeowsBlessing","Blue Candle"],"acts_visited":["Exordium"],"potions_floor_usage":[3,6,8,8],"damage_taken":[{"damage":0,"enemies":"2 Louse","floor":1,"turns":1},{"damage":0,"enemies":"Small Slimes","floor":4,"turns":1},{"damage":0,"enemies":"Cultist","floor":5,"turns":1},{"damage":36,"enemies":"Gremlin Nob","floor":6,"turns":4},{"damage":8,"enemies":"Red Slaver","floor":7,"turns":4},{"damage":21,"enemies":"Lagavulin","floor":8,"turns":6}],"seed_played":"8451720131524673243","potions_obtained":[{"floor":2,"key":"EntropicBrew"},{"floor":2,"key":"Fruit Juice"}],"is_trial":false,"path_per_floor":["M","?","$","M","M","E","M","E"],"character_chosen":"THE_SILENT","items_purchased":["AttackPotion"],"campfire_rested":0,"item_purchase_floors":[3],"current_hp_per_floor":[59,59,64,64,64,28,20,0,0],"gold":139,"neow_bonus":"THREE_ENEMY_KILL","is_daily":false,"chose_seed":false,"campfire_upgraded":0,"win_rate":0.0,"timestamp":1609485110,"path_taken":["M","?","?","M","?","E","M","E"],"items_purchased_type":["Potion"],"build_version":"2020-12-22","purchased_purges":0,"victory":false,"max_hp_per_floor":[66,66,71,71,71,71,71,71,71],"relic_stats":{"counters":[6,17],"Blue Candle":[0],"obtain_stats":[{"NeowsBlessing":0,"Blue Candle":6,"Ring of the Snake":0},{"NeowsBlessing":0,"Blue Candle":4,"Ring of the Snake":0},{"NeowsBlessing":0,"Blue Candle":7,"Ring of the Snake":0}],"Ring of the Snake":[12]},"card_choices":[{"not_picked":["PiercingWail","Flying Knee"],"picked":"Dagger Spray","floor":1},{"not_picked":["Dagger Spray","Prepared"],"picked":"Slice","floor":4},{"not_picked":["Outmaneuver","Underhanded Strike"],"picked":"Blade Dance","floor":5},{"not_picked":["Eviscerate","Flying Knee"],"picked":"Dash","floor":6},{"not_picked":["Blur","Calculated Gamble"],"picked":"Adrenaline","floor":7}],"player_experience":55434,"relics_obtained":[{"floor":6,"key":"Blue Candle"}],"event_choices":[{"damage_healed":0,"gold_gain":0,"player_choice":"Got Potions","damage_taken":0,"max_hp_gain":0,"max_hp_loss":0,"event_name":"Lab","floor":2,"gold_loss":0}],"is_beta":false,"boss_relics":[],"items_purged_floors":[],"is_endless":false,"potions_floor_spawned":[5],"killed_by":"Lagavulin","ascension_level":20}}