{"host":"raaimkojny05jekw","time":1609470179,"event":{"mods":["AchievementEnabler","BaseMod","Colored Map","Colored Powertips","DeckTracker","Minty Spire (QoL Compilation)","Quick Restart","Rare Cards Sparkle","everything is the same but u backflip on backflip"],"gold_per_floor":[109,127,145,70,70,70,110,90,171,171,191,210,223,262,262,393,393,406,109,129,129,173,173,94,114,114,135,154,154,171,183,183,183,183],"floor_reached":33,"playtime":1102,"items_purged":["Strike_R","Strike_R"],"score":286,"play_id":"4bf220c7-b338-4f1b-9774-202052429412","local_time":"20210101120259","is_ascension_mode":false,"campfire_choices":[{"data":"Bash","floor":6,"key":"SMITH"},{"data":"Inflame","floor":10,"key":"SMITH"},{"data":"Sword Boomerang","floor":15,"key":"SMITH"},{"data":"Berserk","floor":23,"key":"SMITH"},{"data":"Berserk","floor":32,"key":"SMITH"}],"circlet_count":0,"master_deck":["Strike_R","Strike_R","Strike_R","Defend_R","Defend_R","Defend_R","Defend_R","Bash+1","Spot Weakness","Sword Boomerang+1","Anger","Inflame+1","Shockwave","Ghostly Armor","Bloodletting","Headbutt","Fiend Fire","Berserk+1","Berserk+1","Shrug It Off","Havoc+1","J.A.X.","Pommel Strike","Battle Trance","Heavy Blade","Dark Embrace+1","Demon Form","Whirlwind","Dual Wield+1"],"relics":["Burning Blood","Bloody Idol","Oddly Smooth Stone","Question Card","Omamori","Mark of Pain","Strange Spoon","Red Mask","Toxic Egg 2"],"acts_visited":["Exordium","TheCity"],"potions_floor_usage":[7,7,11,16,18,18,30,33,33],"damage_taken":[{"damage":13,"enemies":"Jaw Worm","floor":1,"turns":3},{"damage":0,"enemies":"2 Louse","floor":2,"turns":2},{"damage":6,"enemies":"Cultist","floor":3,"turns":3},{"damage":17,"enemies":"3 Sentries","floor":7,"turns":5},{"damage":1,"enemies":"Large Slime","floor":11,"turns":4},{"damage":1,"enemies":"Looter","floor":12,"turns":3},{"damage":0,"enemies":"Exordium Wildlife","floor":13,"turns":3},{"damage":3,"enemies":"Lagavulin","floor":14,"turns":5},{"damage":45,"enemies":"Hexaghost","floor":16,"turns":6},{"damage":0,"enemies":"3 Byrds","floor":18,"turns":3},{"damage":31,"enemies":"2 Thieves","floor":20,"turns":5},{"damage":13,"enemies":"Masked Bandits","floor":22,"turns":2},{"damage":3,"enemies":"3 Cultists","floor":25,"turns":4},{"damage":19,"enemies":"Snecko","floor":27,"turns":5},{"damage":9,"enemies":"Centurion and Healer","floor":28,"turns":5},{"damage":21,"enemies":"Snake Plant","floor":30,"turns":4},{"damage":23,"enemies":"Cultist and Chosen","floor":31,"turns":5},{"damage":19,"enemies":"Automaton","floor":33,"turns":4}],"seed_played":"-4808140112209731119","potions_obtained":[{"floor":1,"key":"Strength Potion"},{"floor":7,"key":"Fruit Juice"},{"floor":8,"key":"DistilledChaos"},{"floor":13,"key":"SkillPotion"},{"floor":14,"key":"Explosive Potion"},{"floor":16,"key":"DuplicationPotion"},{"floor":18,"key":"Ancient Potion"},{"floor":28,"key":"ColorlessPotion"},{"floor":30,"key":"Fire Potion"}],"is_trial":false,"path_per_floor":["M","M","M","$","?","R","E","?","T","R","M","M","M","E","R","B",null,"M","$","M","?","?","R","$","M","T","M","M","?","M","M","R","B"],"character_chosen":"IRONCLAD","items_purchased":["Shrug It Off","Strange Spoon","Battle Trance"],"campfire_rested":0,"item_purchase_floors":[19,19,24],"current_hp_per_floor":[73,79,79,79,59,59,53,53,53,53,58,63,69,72,72,33,85,85,85,60,60,53,53,53,56,56,43,40,40,30,18,18,0,0],"gold":183,"neow_bonus":"THREE_CARDS","is_daily":false,"chose_seed":false,"campfire_upgraded":5,"win_rate":0.0,"timestamp":1609470179,"path_taken":["M","M","M","$","?","R","E","?","T","R","M","M","?","E","R","BOSS","M","$","M","?","?","R","?","M","T","M","M","?","M","M","R","BOSS"],"items_purchased_type":["Card","Relic","Card"],"build_version":"2020-12-22","purchased_purges":2,"victory":false,"max_hp_per_floor":[80,80,80,80,80,80,85,85,85,85,85,85,85,85,85,85,85,85,85,85,85,85,85,85,85,85,85,85,85,85,85,85,85,85],"card_choices":[{"not_picked":["Headbutt","Warcry"],"picked":"Spot Weakness","floor":0},{"not_picked":["Fire Breathing","Iron Wave"],"picked":"Sword Boomerang","floor":1},{"not_picked":["Warcry","Burning Pact"],"picked":"Anger","floor":2},{"not_picked":["Flame Barrier","True Grit"],"picked":"Inflame","floor":3},{"not_picked":["Anger","Iron Wave"],"picked":"Shockwave","floor":7},{"not_picked":["Rage","Sword Boomerang","Clothesline"],"picked":"Ghostly Armor","floor":11},{"not_picked":["Anger","Entrench","Twin Strike"],"picked":"Bloodletting","floor":12},{"not_picked":["Rage","Cleave","Ghostly Armor"],"picked":"Headbutt","floor":13},{"not_picked":["Spot Weakness","Second Wind","Carnage"],"picked":"Fiend Fire","floor":14},{"not_picked":["Corruption","Double Tap","Juggernaut"],"picked":"Berserk","floor":16},{"not_picked":["Warcry","Headbutt","Iron Wave+1"],"picked":"Berserk","floor":18},{"not_picked":["Twin Strike","Shrug It Off","True Grit"],"picked":"Havoc+1","floor":20},{"not_picked":["Dropkick","Feel No Pain+1","Perfected Strike+1"],"picked":"Pommel Strike","floor":22},{"not_picked":["Shrug It Off","Ghostly Armor","Flex"],"picked":"Heavy Blade","floor":25},{"not_picked":["Anger","Spot Weakness+1","Reckless Charge"],"picked":"Dark Embrace+1","floor":27},{"not_picked":["Twin Strike","Spot Weakness+1","Flex+1"],"picked":"Demon Form","floor":28},{"not_picked":["Shockwave+1","Metallicize+1","Body Slam"],"picked":"Whirlwind","floor":30},{"not_picked":["Iron Wave","Flex+1","Power Through+1"],"picked":"Dual Wield+1","floor":31}],"player_experience":700177,"relics_obtained":[{"floor":7,"key":"Oddly Smooth Stone"},{"floor":9,"key":"Question Card"},{"floor":14,"key":"Omamori"},{"floor":22,"key":"Red Mask"},{"floor":26,"key":"Toxic Egg 2"}],"event_choices":[{"damage_healed":0,"gold_gain":0,"player_choice":"Take Damage","damage_taken":20,"relics_obtained":["Golden Idol"],"max_hp_gain":0,"max_hp_loss":0,"event_name":"Golden Idol","floor":5,"gold_loss":0},{"damage_healed":0,"gold_gain":0,"player_choice":"Bought 1 Potion","damage_taken":0,"max_hp_gain":0,"max_hp_loss":0,"event_name":"The Woman in Blue","floor":8,"gold_loss":0},{"damage_healed":0,"gold_gain":0,"player_choice":"Obtain J.A.X.","damage_taken":0,"max_hp_gain":0,"max_hp_loss":0,"event_name":"Drug Dealer","floor":21,"gold_loss":0,"cards_obtained":["J.A.X."]},{"damage_healed":0,"gold_gain":0,"player_choice":"Fought Bandits","damage_taken":0,"max_hp_gain":0,"max_hp_loss":0,"event_name":"Masked Bandits","floor":22,"gold_loss":0},{"damage_healed":0,"gold_gain":0,"player_choice":"Gave Idol","damage_taken":0,"relics_obtained":["Bloody Idol"],"max_hp_gain":0,"max_hp_loss":0,"event_name":"Forgotten Altar","floor":29,"relics_lost":["Golden Idol"],"gold_loss":0}],"is_beta":false,"boss_relics":[{"not_picked":["Empty Cage","Tiny House"],"picked":"Mark of Pain"}],"items_purged_floors":[4,19],"is_endless":false,"potions_floor_spawned":[1,7,13,14,16,18,28,30],"killed_by":"Automaton","ascension_level":0}}