{"host":"pvafbce70weqvzks","time":1609539427,"event":{"mods":["BaseMod","Gremlin Mod","Hermit","Minty Spire (QoL Compilation)","StSLib","themimic"],"gold_per_floor":[112,112,124,44,59,59,59,94,147,147,161,172,188,19,19,117,117,128,128,128,143,154,154,183,203,273,291,304,11,29,29,29],"floor_reached":31,"playtime":1598,"items_purged":[],"score":261,"play_id":"0891cfcf-fc77-4277-814b-5937772d5141","local_time":"20210101191707","is_ascension_mode":false,"campfire_choices":[{"data":"White Noise","floor":6,"key":"SMITH"},{"floor":15,"key":"REST"},{"data":"Chill","floor":23,"key":"SMITH"}],"circlet_count":0,"master_deck":["Strike_B+1","Strike_B+1","Strike_B+1","Strike_B+1","Defend_B+1","Defend_B+1","Defend_B+1","Defend_B+1","Zap","Dualcast+1","Redo","Streamline","Ball Lightning","White Noise+1","Leap","Sweeping Beam","Beam Cell","Melter","Ball Lightning","Redo","Electrodynamics","Barrage","Leap","Chill+1","Redo","Ball Lightning+1","Gash+1","Static Discharge","Hello World","Streamline"],"relics":["Cracked Core","NeowsBlessing","Strawberry","Anchor","Bronze Scales","Runic Dome","Vajra","Shuriken","Bottled Lightning"],"acts_visited":["Exordium","TheCity"],"potions_floor_usage":[16,16],"damage_taken":[{"damage":0,"enemies":"2 Louse","floor":1,"turns":1},{"damage":0,"enemies":"Cultist","floor":3,"turns":1},{"damage":0,"enemies":"Jaw Worm","floor":5,"turns":1},{"damage":35,"enemies":"3 Sentries","floor":8,"turns":5},{"damage":0,"enemies":"Looter","floor":11,"turns":2},{"damage":0,"enemies":"Lots of Slimes","floor":12,"turns":2},{"damage":15,"enemies":"Exordium Wildlife","floor":13,"turns":4},{"damage":10,"enemies":"Hexaghost","floor":16,"turns":6},{"damage":0,"enemies":"Spheric Guardian","floor":18,"turns":1},{"damage":1,"enemies":"Shell Parasite","floor":21,"turns":3},{"damage":7,"enemies":"Snecko","floor":22,"turns":4},{"damage":12,"enemies":"Slavers","floor":24,"turns":4},{"damage":8,"enemies":"Snake Plant","floor":25,"turns":4},{"damage":21,"enemies":"3 Cultists","floor":27,"turns":4},{"damage":10,"enemies":"Snecko","floor":28,"turns":4},{"damage":20,"enemies":"Snake Plant","floor":30,"turns":3},{"damage":9,"enemies":"3 Cultists","floor":31,"turns":3}],"seed_played":"-8074830457475026008","potions_obtained":[{"floor":3,"key":"PowerPotion"},{"floor":8,"key":"SmokeBomb"},{"floor":10,"key":"Ancient Potion"},{"floor":10,"key":"Fire Potion"},{"floor":22,"key":"Block Potion"},{"floor":25,"key":"LiquidMemories"}],"is_trial":false,"path_per_floor":["M","?","M","$","M","R","?","E","T","?","M","M","M","$","R","B",null,"M","?","?","M","M","R","E","M","T","M","M","$","M","M"],"character_chosen":"DEFECT","items_purchased":["Ball Lightning","White Noise","Bronze Scales","Redo","Bottled Lightning","Hello World"],"campfire_rested":1,"item_purchase_floors":[4,4,14,14,29,29],"current_hp_per_floor":[75,75,75,75,75,75,75,47,47,47,47,47,32,32,56,46,82,82,82,82,81,74,74,62,54,54,33,23,23,3,0,0],"gold":29,"neow_bonus":"THREE_ENEMY_KILL","is_daily":false,"chose_seed":false,"campfire_upgraded":2,"win_rate":0.0,"timestamp":1609539427,"path_taken":["M","?","?","$","M","R","?","E","T","?","M","M","?","$","R","BOSS","M","?","?","?","M","R","E","?","T","M","M","$","M","M"],"items_purchased_type":["Card","Card","Relic","Card","Relic","Card"],"build_version":"2020-12-22","purchased_purges":0,"victory":false,"max_hp_per_floor":[75,75,75,75,75,75,75,82,82,82,82,82,82,82,82,82,82,82,82,82,82,82,82,82,82,82,82,82,82,82,82,82],"card_choices":[{"not_picked":["Barrage","BootSequence"],"picked":"Redo","floor":1},{"not_picked":["Stack","Go for the Eyes"],"picked":"Streamline","floor":3},{"not_picked":["Reinforced Body","Reprogram"],"picked":"Leap","floor":5},{"not_picked":["Scrape","Ball Lightning"],"picked":"Sweeping Beam","floor":8},{"not_picked":["Redo","White Noise"],"picked":"Beam Cell","floor":11},{"not_picked":["Hello World","Coolheaded"],"picked":"Melter","floor":12},{"not_picked":["Compile Driver","Hologram"],"picked":"Ball Lightning","floor":13},{"not_picked":["Fission","Rainbow"],"picked":"Electrodynamics","floor":16},{"not_picked":["Sweeping Beam","Leap"],"picked":"Barrage","floor":18},{"not_picked":["Compile Driver","Ball Lightning"],"picked":"Leap","floor":21},{"not_picked":["Blizzard","Leap"],"picked":"Chill","floor":22},{"not_picked":["Hologram+1","Creative AI"],"picked":"Redo","floor":24},{"not_picked":["Streamline+1","Melter+1"],"picked":"Ball Lightning+1","floor":25},{"not_picked":["Defragment+1","BootSequence+1"],"picked":"Gash+1","floor":27},{"not_picked":["Cold Snap","Redo"],"picked":"Static Discharge","floor":28},{"not_picked":["Hologram","Seek"],"picked":"Streamline","floor":30}],"player_experience":8046,"relics_obtained":[{"floor":8,"key":"Strawberry"},{"floor":9,"key":"Anchor"},{"floor":24,"key":"Vajra"},{"floor":26,"key":"Shuriken"}],"event_choices":[{"damage_healed":0,"gold_gain":0,"player_choice":"Forge","damage_taken":0,"max_hp_gain":0,"max_hp_loss":0,"event_name":"Accursed Blacksmith","floor":2,"gold_loss":0,"cards_upgraded":["Dualcast"]},{"damage_healed":0,"gold_gain":0,"player_choice":"Ignored","damage_taken":0,"max_hp_gain":0,"max_hp_loss":0,"event_name":"Golden Idol","floor":7,"gold_loss":0},{"damage_healed":0,"gold_gain":0,"player_choice":"Got Potions","damage_taken":0,"max_hp_gain":0,"max_hp_loss":0,"event_name":"Lab","floor":10,"gold_loss":0},{"damage_healed":0,"gold_gain":0,"player_choice":"Ignored","damage_taken":0,"max_hp_gain":0,"max_hp_loss":0,"event_name":"Beggar","floor":19,"gold_loss":0},{"damage_healed":0,"gold_gain":0,"player_choice":"Simplicity","damage_taken":0,"max_hp_gain":0,"max_hp_loss":0,"event_name":"Back to Basics","floor":20,"gold_loss":0,"cards_upgraded":["Strike_B","Strike_B","Strike_B","Strike_B","Defend_B","Defend_B","Defend_B","Defend_B"]}],"is_beta":false,"boss_relics":[{"not_picked":["Tiny House","Calling Bell"],"picked":"Runic Dome"}],"items_purged_floors":[],"is_endless":false,"potions_floor_spawned":[3,8,11,22,25,27],"killed_by":"3 Cultists","ascension_level":0}}