{"host":"5fasz840ryq7obdf","time":1609464150,"event":{"mods":["AchievementEnabler","BaseMod","Bestiary","Better Altar","Better Skull","Better Third Choice","BetterRewards","Block Reminder","Colored Powertips","Curses Come First","Highlight Path","Minty Spire (QoL Compilation)","Quick Restart","Relic Sorter","Relic Stats","Replay The Spire","Shop Mod","Spicy Shops","StSLib","SuperFastMode"],"gold_per_floor":[110,121,0,0,14,14,14,44,44,74,74,74,95,112,149,165,165,243,243,265,283,283,29,29,61,61,61,61,95,119,163,187,218,218,293,293,309,330,350,4,23,23,54,54,100,137,137,175,202,216,216,218,230,230],"floor_reached":53,"playtime":3622,"items_purged":["Parasite"],"score":1854,"play_id":"d372fae7-d124-4539-a0fb-5828e1d49e88","local_time":"20210101012230","is_ascension_mode":true,"campfire_choices":[{"floor":9,"key":"REST"},{"floor":12,"key":"REST"},{"data":"Catalyst","floor":17,"key":"SMITH"},{"data":"Adrenaline","floor":26,"key":"SMITH"},{"data":"ReplayTheSpireMod:Necrosis","floor":34,"key":"SMITH"},{"data":"Burst","floor":42,"key":"SMITH"},{"floor":44,"key":"RECALL"},{"data":"Footwork","floor":47,"key":"SMITH"},{"floor":51,"key":"REST"}],"circlet_count":0,"master_deck":["AscendersBane","Survivor","Neutralize","ReplayTheSpireMod:Necrosis+1","Noxious Fumes","Sadistic Nature","Deadly Poison","Noxious Fumes","Sadistic Nature","Bouncing Flask","Catalyst+1","Caltrops+1","Footwork+1","Leg Sweep","Echo Form","Prepared","Backflip","Doppelganger","Deflect","Wraith Form v2","Adrenaline+1","ReplayTheSpireMod:The Works","Draining Mist","Predator","Dagger Throw","Draining Mist","Outmaneuver","ReplayTheSpireMod:Speed Training","Poisoned Stab+1","Tactician","Backflip+1","Corpse Explosion","Well Laid Plans+1","Bane+1","Noxious Fumes","Adrenaline","Prepared","Deadly Poison","Catalyst","Catalyst","Poison Darts","Replay:Poison Smokescreen","Backflip","Well Laid Plans","Burst+1","Replay:Sssssssssshield","Calculated Gamble","Tactician","Catalyst+1","Draining Mist+1","Replay:Poison Smokescreen","Acrobatics"],"relics":["Ring of the Snake","Lantern","PreservedInsect","Bird Faced Urn","Paper Crane","TwistedFunnel","Replay:Bandana","Garlic","Replay:Ringing Soul","Prayer Wheel","The Courier","Pandora\u0027s Box","Snake Skull","ReplayTheSpireMod:CursedCoin","Strawberry","Orichalcum","StoneCalendar","Omamori","Red Mask","ReplayTheSpireMod:DimensionalGlitch","Toolbox","Whetstone","Centennial Puzzle","Boot","Darkstone Periapt"],"acts_visited":["Exordium","TheCity","TheBeyond"],"potions_floor_usage":[8,15,25,53],"damage_taken":[{"damage":0.0,"enemies":"Cultist","floor":1.0,"turns":2.0},{"damage":0.0,"enemies":"2 Louse","floor":2.0,"turns":2.0},{"damage":0.0,"enemies":"Jaw Worm","floor":5.0,"turns":2.0},{"damage":23,"enemies":"3 Sentries","floor":8,"turns":5},{"damage":22,"enemies":"Lagavulin","floor":10,"turns":3},{"damage":19,"enemies":"Exordium Thugs","floor":13,"turns":3},{"damage":4,"enemies":"Exordium Wildlife","floor":14,"turns":4},{"damage":2,"enemies":"Gremlin Nob","floor":15,"turns":3},{"damage":5,"enemies":"Blue Slaver","floor":16,"turns":3},{"damage":12,"enemies":"Hexaghost","floor":18,"turns":5},{"damage":7,"enemies":"Shell Parasite","floor":20,"turns":3},{"damage":0,"enemies":"3 Byrds","floor":21,"turns":2},{"damage":4,"enemies":"Gremlin Leader","floor":25,"turns":3},{"damage":9,"enemies":"Slavers","floor":29,"turns":3},{"damage":7,"enemies":"Centurion and Healer","floor":30,"turns":4},{"damage":25,"enemies":"Gremlin Leader","floor":31,"turns":4},{"damage":27,"enemies":"Cultist and Chosen","floor":32,"turns":4},{"damage":13,"enemies":"Masked Bandits","floor":33,"turns":3},{"damage":14,"enemies":"Champ","floor":35,"turns":6},{"damage":6,"enemies":"3 Shapes","floor":37,"turns":6},{"damage":15,"enemies":"Orb Walker","floor":38,"turns":4},{"damage":39,"enemies":"Sphere and 2 Shapes","floor":39,"turns":4},{"damage":4,"enemies":"Writhing Mass","floor":41,"turns":4},{"damage":1,"enemies":"Nemesis","floor":43,"turns":7},{"damage":4,"enemies":"R_Hoarder","floor":46,"turns":5},{"damage":24,"enemies":"Nemesis","floor":48,"turns":5},{"damage":11,"enemies":"Transient","floor":49,"turns":5},{"damage":51,"enemies":"Spire Growth","floor":50,"turns":4},{"damage":53,"enemies":"Awakened One","floor":52,"turns":10},{"damage":44,"enemies":"Replay:Hell Engine","floor":53,"turns":5}],"seed_played":"-1466340387361984179","potions_obtained":[{"floor":5.0,"key":"FearPotion"},{"floor":10,"key":"BlessingOfTheForge"},{"floor":13,"key":"Energy Potion"},{"floor":15,"key":"SpeedPotion"},{"floor":29,"key":"Fire Potion"},{"floor":35,"key":"Poison Potion"},{"floor":41,"key":"Reflective Coating"}],"is_trial":false,"path_per_floor":["M","M","$","?","M","PTL","PTL","E","R","E","T","R","M","M","E","M","R","B",null,"M","M","?","$","$","E","R","T","T","E","M","E","M","?","R","B",null,"M","M","M","$","M","R","E","R","T","E","R","E","M","M","R","B","B"],"character_chosen":"THE_SILENT","items_purchased":["Lantern","PreservedInsect","ReplayTheSpireMod:Necrosis","Noxious Fumes","Sadistic Nature","Bird Faced Urn","Paper Crane","Deadly Poison","TwistedFunnel","Noxious Fumes","Sadistic Nature","Bouncing Flask","Catalyst","Caltrops+1","Snake Skull","Corpse Explosion","ReplayTheSpireMod:CursedCoin","Well Laid Plans+1","Bane","Burst","Toolbox","Replay:Sssssssssshield"],"campfire_rested":3,"item_purchase_floors":[0,0,0,0,0,0,0,0,0,0,0,0,0,3,23,23,23,23,23,40,40,40],"current_hp_per_floor":[22,24,24,12,16,16,16,3,22,8,8,27,20,27,32,40,40,43,72,76,87,87,90,90,98,98,98,98,96,104,84,70,70,70,79,108,112,104,70,73,79,79,86,86,86,86,86,73,72,30,70,28,0,0],"gold":230,"neow_bonus":"","is_daily":false,"chose_seed":false,"campfire_upgraded":5,"win_rate":0.0,"timestamp":1609464150,"path_taken":["M","?","$","?","M","PTL","PTL","E","R","E","T","R","M","M","E","M","R","BOSS","M","M","?","?","$","E","R","?","T","E","M","E","M","?","R","BOSS","M","M","M","$","M","R","E","R","T","E","R","E","M","M","R","BOSS","BOSS"],"items_purchased_type":["Relic","Relic","Card","Card","Card","Relic","Relic","Card","Relic","Card","Card","Card","Card","Card","Relic","Card","Relic","Card","Card","Card","Relic","Card"],"build_version":"2020-12-22","purchased_purges":1,"victory":false,"max_hp_per_floor":[66,66,66,66,66,66,66,66,66,66,66,66,66,69,72,75,75,78,81,84,87,87,90,90,100,100,100,100,103,106,109,112,115,115,118,118,121,124,124,124,127,127,127,127,127,127,127,130,133,136,136,136,136,136],"relic_stats":{"Darkstone Periapt":0,"counters":[57,277],"StoneCalendar":[0],"PreservedInsect":901,"Snake Skull":[201],"Whetstone":["Bane","Poisoned Stab"],"Orichalcum":[222],"Boot":[155],"Centennial Puzzle":[18],"Bird Faced Urn":[226],"Prayer Wheel":11,"Pandora\u0027s Box":["Deflect","Wraith Form v2","Adrenaline","ReplayTheSpireMod:The Works","Draining Mist","Predator","Dagger Throw","Draining Mist","Outmaneuver","ReplayTheSpireMod:Shiv Toss"],"obtain_stats":[{"Ice Cream":43,"TwistedFunnel":44,"Divine Protection":31,"Vajra":0,"Whetstone":43,"Bottled Tornado":46,"Boot":25,"Replay:Ringing Soul":11,"Centennial Puzzle":50,"HornCleat":25,"Strawberry":25,"Honey Jar":36,"Prayer Wheel":15,"Kunai":27,"ReplayTheSpireMod:CursedCoin":23,"Oddly Smooth Stone":44,"Paper Crane":0,"Question Card":46,"Du-Vu Doll":48,"ReplayTheSpireMod:Shallot":13,"Bronze Scales":48,"Bird Faced Urn":0,"Simple Rune":42,"Pandora\u0027s Box":19,"Black Star":19,"Mirror":27,"ReplayTheSpireMod:DimensionalGlitch":36,"ReplayFunnel":22,"Darkstone Periapt":48,"Lantern":49,"StoneCalendar":29,"Snake Skull":23,"Nunchaku":11,"Dream Catcher":31,"Replay:Bandana":8,"Mummified Hand":49,"Toolbox":40,"WingedGreaves":39,"Red Mask":33,"Chemical X":44,"InkBottle":44,"Ring of the Snake":0,"BargainBundle":0,"Quantum Egg":50,"PreservedInsect":0,"The Courier":15,"Omamori":31,"Orichalcum":27,"MawBank":3,"Replay:Arrowhead":42,"Anchor":45,"Ornamental Fan":44,"Art of War":0,"Garlic":10,"Membership Card":0,"ReplayTheSpireMod:Lightbulb":8,"TungstenRod":0,"FossilizedHelix":10},{"Ice Cream":21,"TwistedFunnel":21,"Divine Protection":13,"Vajra":0,"Whetstone":51,"Bottled Tornado":22,"Boot":11,"Replay:Ringing Soul":32,"Centennial Puzzle":25,"HornCleat":11,"Strawberry":40,"Honey Jar":15,"Prayer Wheel":35,"Kunai":12,"ReplayTheSpireMod:CursedCoin":39,"Oddly Smooth Stone":21,"Paper Crane":0,"Question Card":22,"Du-Vu Doll":23,"ReplayTheSpireMod:Shallot":5,"Bronze Scales":23,"Bird Faced Urn":27,"Simple Rune":20,"Pandora\u0027s Box":37,"Black Star":9,"Mirror":12,"ReplayTheSpireMod:DimensionalGlitch":46,"ReplayFunnel":10,"Darkstone Periapt":53,"Lantern":24,"StoneCalendar":41,"Snake Skull":39,"Nunchaku":5,"Dream Catcher":13,"Replay:Bandana":31,"Mummified Hand":24,"Toolbox":49,"WingedGreaves":18,"Red Mask":45,"Chemical X":21,"InkBottle":21,"Ring of the Snake":0,"BargainBundle":0,"Quantum Egg":25,"PreservedInsect":0,"The Courier":35,"Omamori":43,"Orichalcum":40,"MawBank":1,"Replay:Arrowhead":20,"Anchor":21,"Ornamental Fan":21,"Art of War":0,"Garlic":32,"Membership Card":0,"ReplayTheSpireMod:Lightbulb":4,"TungstenRod":0,"FossilizedHelix":5},{"Ice Cream":117,"TwistedFunnel":117,"Divine Protection":71,"Vajra":0,"Whetstone":243,"Bottled Tornado":123,"Boot":58,"Replay:Ringing Soul":168,"Centennial Puzzle":138,"HornCleat":58,"Strawberry":194,"Honey Jar":82,"Prayer Wheel":178,"Kunai":65,"ReplayTheSpireMod:CursedCoin":191,"Oddly Smooth Stone":117,"Paper Crane":0,"Question Card":123,"Du-Vu Doll":128,"ReplayTheSpireMod:Shallot":26,"Bronze Scales":128,"Bird Faced Urn":154,"Simple Rune":110,"Pandora\u0027s Box":186,"Black Star":46,"Mirror":65,"ReplayTheSpireMod:DimensionalGlitch":218,"ReplayFunnel":49,"Darkstone Periapt":253,"Lantern":133,"StoneCalendar":197,"Snake Skull":191,"Nunchaku":26,"Dream Catcher":71,"Replay:Bandana":165,"Mummified Hand":133,"Toolbox":232,"WingedGreaves":98,"Red Mask":212,"Chemical X":117,"InkBottle":117,"Ring of the Snake":0,"BargainBundle":0,"Quantum Egg":138,"PreservedInsect":0,"The Courier":178,"Omamori":205,"Orichalcum":194,"MawBank":3,"Replay:Arrowhead":110,"Anchor":117,"Ornamental Fan":117,"Art of War":0,"Garlic":168,"Membership Card":0,"ReplayTheSpireMod:Lightbulb":17,"TungstenRod":0,"FossilizedHelix":26}],"Ring of the Snake":[114]},"card_choices":[{"not_picked":["Dagger Spray","Deflect","ReplayTheSpireMod:The Works"],"picked":"SKIP","floor":1.0},{"not_picked":["Hidden Blade","Underhanded Strike","ReplayTheSpireMod:The Works"],"picked":"SKIP","floor":2.0},{"not_picked":["Sucker Punch","Flying Knee","Bane"],"picked":"SKIP","floor":5.0},{"not_picked":["Backstab","Flying Knee","Expertise"],"picked":"SKIP","floor":8},{"not_picked":["Backflip","Hidden Blade"],"picked":"Footwork","floor":10},{"not_picked":["Dagger Throw","After Image","Cloak And Dagger"],"picked":"SKIP","floor":13},{"not_picked":["Dagger Spray","Backflip"],"picked":"Leg Sweep","floor":14},{"not_picked":["Choke","Reflex"],"picked":"Prepared","floor":15},{"not_picked":["All Out Attack","Riddle With Holes"],"picked":"Backflip","floor":16},{"not_picked":["Blade Dance","Hidden Blade","Masterful Stab"],"picked":"SKIP","floor":16},{"not_picked":["Atom Bomb","Phantasmal Killer"],"picked":"Doppelganger","floor":18},{"not_picked":["Blade Dance","Quick Slash"],"picked":"ReplayTheSpireMod:Speed Training","floor":20},{"not_picked":["Acrobatics","Bane"],"picked":"Poisoned Stab","floor":20},{"not_picked":["Dagger Throw","Dash"],"picked":"Tactician","floor":21},{"not_picked":["Backstab","Bane"],"picked":"Backflip+1","floor":21},{"not_picked":["Dagger Spray","Bane"],"picked":"Noxious Fumes","floor":25},{"not_picked":["Accuracy","Setup"],"picked":"Adrenaline","floor":29},{"not_picked":["Noxious Fumes","PiercingWail"],"picked":"Prepared","floor":30},{"not_picked":["Flying Knee","Infinite Blades","Dagger Spray"],"picked":"SKIP","floor":30},{"not_picked":["ReplayTheSpireMod:Shiv Toss","ReplayTheSpireMod:The Works+1"],"picked":"Deadly Poison","floor":31},{"not_picked":["PiercingWail","Outmaneuver"],"picked":"Catalyst","floor":32},{"not_picked":["Deadly Poison","Noxious Fumes","Poisoned Stab"],"picked":"SKIP","floor":32},{"not_picked":["Wraith Form v2","Predator"],"picked":"Catalyst","floor":33},{"not_picked":["Glass Knife","A Thousand Cuts"],"picked":"Poison Darts","floor":35},{"not_picked":["Predator+1","Deflect"],"picked":"Replay:Poison Smokescreen","floor":37},{"not_picked":["Eviscerate","Flying Knee"],"picked":"Backflip","floor":37},{"not_picked":["Quick Slash","Noxious Fumes"],"picked":"Well Laid Plans","floor":38},{"not_picked":["Hidden Blade+1","Poisoned Stab","Dagger Spray"],"picked":"SKIP","floor":38},{"not_picked":["Poisoned Stab","Dagger Throw","Dagger Spray"],"picked":"SKIP","floor":39},{"not_picked":["Cloak And Dagger+1","Choke","Dodge and Roll"],"picked":"SKIP","floor":39},{"not_picked":["Leg Sweep","ReplayTheSpireMod:Scrap Shanks+1"],"picked":"Calculated Gamble","floor":41},{"not_picked":["Hidden Blade","Dagger Throw"],"picked":"Tactician","floor":41},{"not_picked":["Dash","Envenom","Quick Slash+1"],"picked":"SKIP","floor":43},{"not_picked":["Eviscerate","PiercingWail","Slice+1"],"picked":"SKIP","floor":46},{"not_picked":["Deadly Poison","Sucker Punch"],"picked":"Catalyst+1","floor":48},{"not_picked":["Hidden Blade","Terror"],"picked":"Draining Mist+1","floor":49},{"not_picked":["Infinite Blades","Dagger Spray","Poisoned Stab"],"picked":"SKIP","floor":49},{"not_picked":["Poisoned Stab+1","Expertise"],"picked":"Replay:Poison Smokescreen","floor":50},{"not_picked":["Phantasmal Killer","Dagger Throw+1"],"picked":"Acrobatics","floor":50}],"player_experience":1319256,"relics_obtained":[{"floor":8,"key":"Replay:Bandana"},{"floor":10,"key":"Garlic"},{"floor":11,"key":"Replay:Ringing Soul"},{"floor":15,"key":"The Courier"},{"floor":25,"key":"Strawberry"},{"floor":27,"key":"Orichalcum"},{"floor":29,"key":"StoneCalendar"},{"floor":31,"key":"Omamori"},{"floor":33,"key":"Red Mask"},{"floor":43,"key":"Whetstone"},{"floor":45,"key":"Centennial Puzzle"},{"floor":46,"key":"Boot"},{"floor":48,"key":"Darkstone Periapt"}],"event_choices":[{"damage_healed":0.0,"max_hp_gain":0.0,"max_hp_loss":0.0,"gold_gain":0.0,"event_name":"betterThird:BetterScrap","player_choice":"Card ","floor":4.0,"gold_loss":0.0,"damage_taken":12.0,"cards_obtained":["ReplayTheSpireMod:Fabricate Wheel"]},{"cards_removed":["ReplayTheSpireMod:Shiv Toss"],"damage_healed":0,"gold_gain":0,"player_choice":"Card Removal","damage_taken":0,"max_hp_gain":0,"max_hp_loss":0,"event_name":"Wheel of Change","floor":22,"gold_loss":0},{"damage_healed":0,"gold_gain":0,"player_choice":"Fought Bandits","damage_taken":0,"max_hp_gain":0,"max_hp_loss":0,"event_name":"Masked Bandits","floor":33,"gold_loss":0}],"is_beta":false,"boss_relics":[{"not_picked":["Ring of Chaos","HoveringKite"],"picked":"Pandora\u0027s Box"},{"not_picked":["Fusion Hammer","WristBlade"],"picked":"ReplayTheSpireMod:DimensionalGlitch"}],"items_purged_floors":[40],"is_endless":false,"potions_floor_spawned":[5,10,13,15,18,20,29,35,41,43,48],"killed_by":"Replay:Hell Engine","ascension_level":20}}