{"host":"zhec3g4cvsmevugl","time":1609486628,"event":{"mods":["BaseMod","BetterRewards","Curses Come First","Minty Spire (QoL Compilation)","Relic Stats","Slay-I","StSLib"],"gold_per_floor":[109,284,284,297,309,309,279,291,317,5,21,35,55,330,330,434,434,449,374,388,388,388],"floor_reached":21,"playtime":975,"items_purged":[],"score":325,"play_id":"69166971-9966-4b68-92e4-fb03e1716fa3","local_time":"20210101153708","is_ascension_mode":true,"campfire_choices":[{"data":"Apotheosis","floor":6,"key":"SMITH"},{"data":"Storm of Steel","floor":15,"key":"SMITH"}],"circlet_count":0,"master_deck":["Strike_G","Strike_G","Strike_G","Strike_G","Strike_G","Defend_G","Defend_G","Defend_G","Defend_G","Defend_G","Survivor","Neutralize","Apotheosis+1","Noxious Fumes","Dagger Throw","Doubt","Deadly Poison","Backflip","Deadly Poison","Dagger Spray","Storm of Steel+1","Backflip","Masterful Stab","Flying Knee","Night Terror","Finisher","Backflip","Backstab","Regret","After Image","CurseOfTheBell","Slice","Eviscerate","Adrenaline","Dodge and Roll"],"relics":["Ring of the Snake","Prayer Wheel","Ancient Tea Set","Strawberry","Tingsha","Calling Bell","Blood Vial","Paper Crane","Torii"],"acts_visited":["Exordium","TheCity"],"potions_floor_usage":[11,11,11,11,16],"damage_taken":[{"damage":0,"enemies":"Jaw Worm","floor":1,"turns":4},{"damage":0,"enemies":"Small Slimes","floor":4,"turns":3},{"damage":4,"enemies":"Cultist","floor":5,"turns":5},{"damage":3,"enemies":"Looter","floor":8,"turns":3},{"damage":1,"enemies":"Exordium Thugs","floor":11,"turns":4},{"damage":2,"enemies":"Large Slime","floor":12,"turns":4},{"damage":0,"enemies":"Blue Slaver","floor":13,"turns":3},{"damage":38,"enemies":"Hexaghost","floor":16,"turns":8},{"damage":16,"enemies":"3 Byrds","floor":18,"turns":5},{"damage":55,"enemies":"Spheric Guardian","floor":20,"turns":6}],"seed_played":"1688009851127627597","potions_obtained":[{"floor":4,"key":"EntropicBrew"},{"floor":7,"key":"ColorlessPotion"},{"floor":7,"key":"ColorlessPotion"},{"floor":12,"key":"Ancient Potion"},{"floor":16,"key":"Strength Potion"},{"floor":18,"key":"DistilledChaos"}],"is_trial":false,"path_per_floor":["M","?","?","M","M","R","?","M","T","$","M","M","M","?","R","B",null,"M","?","M","?"],"character_chosen":"THE_SILENT","items_purchased":["Apotheosis","Prayer Wheel","Tingsha"],"campfire_rested":0,"item_purchase_floors":[0,0,10],"current_hp_per_floor":[54,54,54,54,50,50,50,47,54,54,53,51,51,51,51,13,77,61,61,8,0,0],"gold":388,"neow_bonus":"","is_daily":false,"chose_seed":false,"campfire_upgraded":2,"win_rate":0.0,"timestamp":1609486628,"path_taken":["M","?","?","M","M","R","?","M","T","$","?","M","M","?","R","BOSS","M","?","M","?"],"items_purchased_type":["Card","Relic","Relic"],"build_version":"2020-12-22","purchased_purges":0,"victory":false,"max_hp_per_floor":[70,70,70,70,70,70,70,70,77,77,77,77,77,77,77,77,77,77,77,77,82,82],"relic_stats":{"Blood Vial":2,"Torii":2,"counters":[102,399],"Prayer Wheel":9,"Tingsha":[93],"obtain_stats":[{"Gremlin Horn":27,"Nilry\u0027s Codex":29,"Vajra":3,"Boot":8,"Blood Vial":23,"Sundial":23,"Strawberry":14,"MealTicket":6,"Philosopher\u0027s Stone":34,"Prayer Wheel":7,"Girya":42,"Pear":39,"Happy Flower":2,"Dead Branch":23,"Eternal Feather":0,"Tingsha":10,"Pen Nib":40,"Letter Opener":19,"War Paint":44,"Paper Crane":5,"Question Card":38,"WarpedTongs":11,"Shuriken":12,"Bronze Scales":30,"Pandora\u0027s Box":17,"Black Star":17,"Meat on the Bone":26,"Regal Pillow":38,"Lantern":26,"Singing Bowl":43,"Torii":21,"Mango":0,"Snake Skull":28,"Bag of Preparation":22,"Juzu Bracelet":6,"Smiling Mask":26,"PrismaticShard":0,"Ancient Tea Set":10,"ClockworkSouvenir":39,"Nunchaku":39,"Dream Catcher":12,"Matryoshka":9,"Tiny Chest":0,"Ring of the Snake":0,"Potion Belt":13,"Golden Idol":14,"Thread and Needle":11,"PreservedInsect":26,"Omamori":6,"Orichalcum":6,"Odd Mushroom":14,"Medical Kit":22,"Mercury Hourglass":26,"Peace Pipe":29,"Calling Bell":17,"Strange Spoon":42,"Anchor":29,"CaptainsWheel":44,"Ornamental Fan":4,"Turnip":40,"Art of War":17,"Membership Card":3,"Bottled Lightning":9},{"Gremlin Horn":42,"Nilry\u0027s Codex":90,"Vajra":1,"Boot":5,"Blood Vial":13,"Sundial":57,"Strawberry":83,"MealTicket":3,"Philosopher\u0027s Stone":20,"Prayer Wheel":63,"Girya":24,"Pear":22,"Happy Flower":78,"Dead Branch":13,"Eternal Feather":46,"Tingsha":96,"Pen Nib":23,"Letter Opener":85,"War Paint":25,"Paper Crane":49,"Question Card":22,"WarpedTongs":82,"Shuriken":52,"Bronze Scales":72,"Pandora\u0027s Box":38,"Black Star":10,"Meat on the Bone":71,"Regal Pillow":22,"Lantern":42,"Singing Bowl":24,"Torii":68,"Mango":29,"Snake Skull":90,"Bag of Preparation":12,"Juzu Bracelet":81,"Smiling Mask":14,"PrismaticShard":46,"Ancient Tea Set":82,"ClockworkSouvenir":22,"Nunchaku":22,"Dream Catcher":35,"Matryoshka":5,"Tiny Chest":59,"Ring of the Snake":0,"Potion Belt":8,"Golden Idol":66,"Thread and Needle":7,"PreservedInsect":14,"Omamori":50,"Orichalcum":34,"Odd Mushroom":53,"Medical Kit":12,"Mercury Hourglass":88,"Peace Pipe":17,"Calling Bell":67,"Strange Spoon":24,"Anchor":17,"CaptainsWheel":25,"Ornamental Fan":61,"Turnip":23,"Art of War":67,"Membership Card":1,"Bottled Lightning":50},{"Gremlin Horn":145,"Nilry\u0027s Codex":349,"Vajra":2,"Boot":11,"Blood Vial":39,"Sundial":224,"Strawberry":324,"MealTicket":7,"Philosopher\u0027s Stone":60,"Prayer Wheel":246,"Girya":72,"Pear":65,"Happy Flower":303,"Dead Branch":39,"Eternal Feather":162,"Tingsha":369,"Pen Nib":69,"Letter Opener":336,"War Paint":75,"Paper Crane":177,"Question Card":65,"WarpedTongs":322,"Shuriken":198,"Bronze Scales":272,"Pandora\u0027s Box":127,"Black Star":30,"Meat on the Bone":270,"Regal Pillow":65,"Lantern":145,"Singing Bowl":72,"Torii":261,"Mango":88,"Snake Skull":349,"Bag of Preparation":34,"Juzu Bracelet":319,"Smiling Mask":41,"PrismaticShard":162,"Ancient Tea Set":322,"ClockworkSouvenir":65,"Nunchaku":65,"Dream Catcher":111,"Matryoshka":11,"Tiny Chest":230,"Ring of the Snake":0,"Potion Belt":23,"Golden Idol":251,"Thread and Needle":19,"PreservedInsect":41,"Omamori":184,"Orichalcum":109,"Odd Mushroom":202,"Medical Kit":34,"Mercury Hourglass":344,"Peace Pipe":49,"Calling Bell":258,"Strange Spoon":72,"Anchor":49,"CaptainsWheel":75,"Ornamental Fan":237,"Turnip":69,"Art of War":258,"Membership Card":2,"Bottled Lightning":184}],"Ring of the Snake":[205]},"card_choices":[{"not_picked":["Outmaneuver","Underhanded Strike"],"picked":"Noxious Fumes","floor":1},{"not_picked":["Quick Slash","Cloak And Dagger"],"picked":"Dagger Throw","floor":1},{"not_picked":["PiercingWail","Crippling Poison"],"picked":"Deadly Poison","floor":4},{"not_picked":["Endless Agony","Acrobatics"],"picked":"Backflip","floor":4},{"not_picked":["Dagger Throw","Deflect"],"picked":"Deadly Poison","floor":5},{"not_picked":["Quick Slash","Cloak And Dagger"],"picked":"Dagger Spray","floor":5},{"not_picked":["Sucker Punch","Underhanded Strike"],"picked":"Storm of Steel","floor":8},{"not_picked":["Heel Hook","Slice"],"picked":"Backflip","floor":8},{"not_picked":["Acrobatics","Distraction"],"picked":"Masterful Stab","floor":11},{"not_picked":["Acrobatics","Deflect"],"picked":"Flying Knee","floor":11},{"not_picked":["Dagger Throw","Tactician"],"picked":"Night Terror","floor":12},{"not_picked":["Deadly Poison","Acrobatics"],"picked":"Finisher","floor":12},{"not_picked":["Skewer","Dagger Spray"],"picked":"Backflip","floor":13},{"not_picked":["Bane","Heel Hook"],"picked":"Backstab","floor":13},{"not_picked":["Grand Finale","Tools of the Trade"],"picked":"After Image","floor":16},{"not_picked":["Outmaneuver","Acrobatics"],"picked":"Slice","floor":18},{"not_picked":["Blade Dance+1","Outmaneuver"],"picked":"Eviscerate","floor":18},{"not_picked":["Predator","Expertise"],"picked":"Adrenaline","floor":20},{"not_picked":["Quick Slash","Deadly Poison"],"picked":"Dodge and Roll","floor":20}],"player_experience":199504,"relics_obtained":[{"floor":9,"key":"Strawberry"},{"floor":17,"key":"Blood Vial"},{"floor":17,"key":"Paper Crane"},{"floor":17,"key":"Torii"}],"event_choices":[{"damage_healed":0,"gold_gain":175,"player_choice":"AGREE","damage_taken":0,"max_hp_gain":0,"max_hp_loss":0,"event_name":"Liars Game","floor":2,"gold_loss":0,"cards_obtained":["Doubt"]},{"damage_healed":0,"gold_gain":0,"player_choice":"Box","damage_taken":0,"relics_obtained":["Ancient Tea Set"],"max_hp_gain":0,"max_hp_loss":0,"event_name":"Big Fish","floor":3,"gold_loss":0,"cards_obtained":["Regret"]},{"damage_healed":0,"gold_gain":0,"player_choice":"Bought 2 Potions","damage_taken":0,"max_hp_gain":0,"max_hp_loss":0,"event_name":"The Woman in Blue","floor":7,"gold_loss":0},{"damage_healed":0,"gold_gain":275,"player_choice":"Desecrate","damage_taken":0,"max_hp_gain":0,"max_hp_loss":0,"event_name":"Golden Shrine","floor":14,"gold_loss":0,"cards_obtained":["Regret"]},{"cards_removed":["Regret"],"damage_healed":0,"gold_gain":0,"player_choice":"Gave Gold","damage_taken":0,"max_hp_gain":0,"max_hp_loss":0,"event_name":"Beggar","floor":19,"gold_loss":75}],"is_beta":false,"boss_relics":[{"not_picked":["Cursed Key","SlaversCollar"],"picked":"Calling Bell"}],"items_purged_floors":[],"is_endless":false,"potions_floor_spawned":[4,8,12,16,18,20],"ascension_level":2}}