{"host":"tr12w2fixbnujl15","time":1609529033,"event":{"mods":["2.2 Compatiblity","Bartender","BaseMod","Better Skull","BetterRewards","Colored Powertips","Hubris","Infinite Spire","Minty Spire (QoL Compilation)","Quick Restart","Replay The Spire","Shop Mod","StSLib","SuperFastMode","The Administrix","The Death Knight","The Necromancer","The Sage","The Senshi","The Spell Scribe","The Valiant","TheFirefly","WarShipGirlsR/????R mod"],"gold_per_floor":[114,114,114,134,147,147,164,164,164,164,216,216,68,84,84,187,187,202,202,202,202],"floor_reached":20,"playtime":559,"items_purged":[],"score":162,"play_id":"08a55c1e-4c75-4a80-bd8e-378e8bc6f447","local_time":"20210101142353","is_ascension_mode":false,"campfire_choices":[{"data":"thefirefly:RollBack","floor":6,"key":"SMITH"},{"data":"thefirefly:StealthMode","floor":8,"key":"SMITH"},{"floor":10,"key":"REST"},{"data":"thefirefly:Lamentation","floor":15,"key":"SMITH"}],"circlet_count":0,"master_deck":["thefirefly:Strike","thefirefly:Strike","thefirefly:Strike","thefirefly:Strike","thefirefly:Defend","thefirefly:Defend","thefirefly:Defend","thefirefly:Defend","thefirefly:StealthMode+1","thefirefly:PhotonBlast","thefirefly:LaserBarrage+1","thefirefly:ChargedLaser","thefirefly:RollBack+1","thefirefly:Lamentation+1","thefirefly:IonizedBarrier","thefirefly:Regeneration","thefirefly:Prominence"],"relics":["Cracked Core","NeowsBlessing","Question Card","Centennial Puzzle","infinitespire:Cubic Diamond","MerchantsRug","thefirefly:ShadowThruster"],"acts_visited":["Exordium","TheCity"],"potions_floor_usage":[16,16,16,20,20],"damage_taken":[{"damage":0,"enemies":"Small Slimes","floor":1,"turns":1},{"damage":0,"enemies":"infinitespire:Voidling","floor":4,"turns":1},{"damage":0,"enemies":"Cultist","floor":5,"turns":1},{"damage":8,"enemies":"Large Slime","floor":7,"turns":3},{"damage":7,"enemies":"Blue Slaver","floor":14,"turns":2},{"damage":57,"enemies":"Fading Forest","floor":16,"turns":11},{"damage":37,"enemies":"Spheric Guardian","floor":18,"turns":5},{"damage":10,"enemies":"3 Byrds","floor":20,"turns":2}],"seed_played":"-2299206707625893385","potions_obtained":[{"floor":3,"key":"DistilledChaos"},{"floor":3,"key":"CultistPotion"},{"floor":3,"key":"EssenceOfSteel"},{"floor":7,"key":"Swift Potion"},{"floor":14,"key":"Toxic Potion"},{"floor":16,"key":"CultistPotion"},{"floor":18,"key":"CultistPotion"}],"is_trial":false,"path_per_floor":["M","?","?","M","M","R","M","R","T","R","T","?","$","M","R","B",null,"M","?","M"],"character_chosen":"THE_FIREFLY","items_purchased":["MerchantsRug"],"campfire_rested":1,"item_purchase_floors":[13],"current_hp_per_floor":[55,55,55,55,55,55,47,47,47,55,55,55,55,48,48,13,55,18,18,8,8],"gold":202,"neow_bonus":"THREE_ENEMY_KILL","is_daily":false,"chose_seed":false,"campfire_upgraded":3,"win_rate":0.0,"timestamp":1609529033,"path_taken":["M","?","?","?","M","R","M","R","T","R","?","?","$","M","R","BOSS","M","?","M"],"items_purchased_type":["Relic"],"build_version":"2020-12-22","purchased_purges":0,"victory":false,"max_hp_per_floor":[55,55,55,55,55,55,55,55,55,55,55,55,55,55,55,55,55,55,55,55,55],"card_choices":[{"not_picked":["thefirefly:HyperFocus","thefirefly:Boost"],"picked":"thefirefly:LaserBarrage","floor":1},{"not_picked":["thefirefly:FlareScreen","thefirefly:Reposition"],"picked":"thefirefly:ChargedLaser","floor":4},{"not_picked":["thefirefly:Exile","thefirefly:FlakCannon"],"picked":"thefirefly:RollBack","floor":5},{"not_picked":["thefirefly:Bombardment","thefirefly:StarCinder"],"picked":"thefirefly:Lamentation","floor":7},{"not_picked":["thefirefly:DecoyShot","thefirefly:Unburden","thefirefly:SteadyAim"],"picked":"thefirefly:IonizedBarrier","floor":14},{"not_picked":["thefirefly:AlphaStrike","thefirefly:ParadoxEngine","thefirefly:Nova"],"picked":"thefirefly:Regeneration","floor":16},{"not_picked":["thefirefly:ArtillleryBeam","thefirefly:EvasiveManeuver","thefirefly:StarCinder+1"],"picked":"thefirefly:Prominence","floor":18}],"player_experience":16433,"relics_obtained":[{"floor":9,"key":"Question Card"},{"floor":11,"key":"Centennial Puzzle"}],"event_choices":[{"damage_healed":0,"gold_gain":0,"player_choice":"Got Potions","damage_taken":0,"max_hp_gain":0,"max_hp_loss":0,"event_name":"Lab","floor":3,"gold_loss":0}],"is_beta":false,"boss_relics":[{"not_picked":["Tiny House","Kintsugi"],"picked":"thefirefly:ShadowThruster"}],"items_purged_floors":[],"is_endless":false,"potions_floor_spawned":[7,14,16,18],"killed_by":"3 Byrds","ascension_level":0}}