{"host":"fw947s75r5pnptva","time":1609477919,"event":{"mods":["Act Like it!","Aspiration","BaseMod","BetterRewards","CCEM","CapriCore","Conjunction","Conspire","Custom Start","DeckTracker","Dota2Spire","Downfall","Friendly Minions","Gensokyo","Halation","Hallownest","Highlight Path","Hubris","Infinite Spire","Keyboard Shortcuts","Lobotomy","LobotomyExtend","Menagerie","Minty Spire (QoL Compilation)","MostiFishMod","Pale of the Ancients","Permanent Neow","Pikachu Mod","Potionbrewer","Prisma Mod","QueenMod","Railgun Mod","Random Character Button","RatMod","Relic Filter","Replay The Spire","Shop Mod","StSLib","SuperFastMode","The Factory","The Jungle","[IsaacMod]????","vexMod"],"gold_per_floor":[113,128,128,195,206,232,232,257,282,317,336,336,371,397,397,496,496,516,526,526,576,576,605,605,622,646,676,695,756,775,815,815,946,1046,1056,1056,1136,833,883,936,999,1093,1168,1247,1342,1370,1296,1383,1383,1383,1460],"floor_reached":52,"playtime":3012,"items_purged":["Pikachu:QuickAttack"],"score":1440,"play_id":"3fb07615-a86d-49ac-8f38-14af7fe1c5c6","local_time":"20210101061159","is_ascension_mode":true,"campfire_choices":[{"data":"Pikachu:BodySlam","floor":12,"key":"SMITH"},{"data":"Pikachu:Flash","floor":15,"key":"SMITH"},{"data":"Pikachu:TailWhip","floor":24,"key":"SMITH"},{"data":"Pikachu:Defend_Yellow","floor":32,"key":"SMITH"},{"data":"Pikachu:LightScreen","floor":49,"key":"SMITH"},{"data":"Pikachu:Defend_Yellow","floor":50,"key":"SMITH"}],"circlet_count":0,"master_deck":["Pikachu:TailWhip+1","Pikachu:Growl+1","Pikachu:ElectroBall+1","Pikachu:ThunderShock","Pikachu:Defend_Yellow+1","Pikachu:Defend_Yellow+1","Pikachu:Flash+1","Pikachu:BodySlam+1","Pikachu:WildCharge+1","Pikachu:Dig+1","Heavy Blade+1","Pikachu:Dig+1","Pikachu:Dig+1","Pikachu:QuickAttack+1","Pikachu:Dig+1","Pikachu:TakeDown+1","Pikachu:Dig+1","Pikachu:LightScreen+1","Pikachu:BodySlam+1","Pikachu:Dig+1","Pikachu:BodySlam+1","Pikachu:Dig+1","Pikachu:BodySlam+1","Voices","Pikachu:Dig+1","Decay","Pikachu:Dig+1","Menagerie:BloodySpellbook","Languid","Pikachu:Dig+1","Pikachu:Dig+1","Delirium","Pikachu:LightScreen+1","Pikachu:Thunderbolt+1"],"relics":["Pikachu:LeftoversRelic","DaveBox","HushsDoor","aspiration:Nostalgia","m_GuardianBlood","SynthV:TestCard","LetterFromLob","Replay:Rubber Ducky","BirthdayGift-Tetrahedron","SteamSale","Molten Egg 2","hubris:SlimyHat","vexMod:HeadHunter","Centennial Puzzle","MealTicket","Mango","Replay:Wax Seal","GreenFoldingFan","halation:PinkSoulGem","TuHaoJin","halation:KoshaPiece","Dota2Spire:MagicBottle","Dota2Spire:HandOfMidas","Gaze_r","Moonlight_r","Pet Ghost","Replay:Wanted Poster","CaptainsWheel","vexMod:Dragonfruit","Toy Ornithopter","Dota2Spire:EchoSabre","infinitespire:Beetle Shell","MerchantsRug","Orrery","ReplayTheSpireMod:Ring of Exchange","Ring of Greed","Replay:Bandana","halation:IllGainedPizza","Question Card","Bag of Preparation","DeadEye","Ginger","Replay:Mystery Machine","Membership Card","AnarchistCookbook","Replay:PocketPolymizer","halation:SwordOfLegend"],"acts_visited":["Exordium","TheCity","TheBeyond"],"potions_floor_usage":[8,10],"damage_taken":[{"damage":0,"enemies":"Jaw Worm","floor":1,"turns":4},{"damage":5,"enemies":"2 Louse","floor":2,"turns":3},{"damage":2,"enemies":"Cultist","floor":5,"turns":2},{"damage":18,"enemies":"Lagavulin","floor":6,"turns":4},{"damage":7,"enemies":"3 Sentries","floor":8,"turns":3},{"damage":4,"enemies":"Gremlin Nob","floor":10,"turns":3},{"damage":2,"enemies":"Blue Slaver","floor":11,"turns":2},{"damage":3,"enemies":"3 Sentries","floor":13,"turns":3},{"damage":17,"enemies":"The Guardian","floor":16,"turns":5},{"damage":10,"enemies":"Spheric Guardian","floor":18,"turns":3},{"damage":10,"enemies":"Chosen","floor":19,"turns":3},{"damage":10,"enemies":"Hiden Room Battle","floor":21,"turns":3},{"damage":10,"enemies":"Book of Stabbing","floor":23,"turns":3},{"damage":11,"enemies":"3 Cultists","floor":25,"turns":3},{"damage":6,"enemies":"conspire:Head Lice","floor":27,"turns":2},{"damage":7,"enemies":"Cultist and Chosen","floor":28,"turns":4},{"damage":4,"enemies":"conspire:Head Lice","floor":29,"turns":5},{"damage":0,"enemies":"Centurion and Healer","floor":30,"turns":3},{"damage":1,"enemies":"Snecko","floor":31,"turns":3},{"damage":4,"enemies":"Automaton","floor":33,"turns":7},{"damage":2,"enemies":"3 Shapes","floor":35,"turns":2},{"damage":1,"enemies":"Hiden Room Battle","floor":37,"turns":3},{"damage":1,"enemies":"Reptomancer","floor":40,"turns":3},{"damage":1,"enemies":"3 Darklings","floor":41,"turns":2},{"damage":0,"enemies":"Giant Head","floor":42,"turns":6},{"damage":0,"enemies":"Mind Bloom Boss Battle","floor":44,"turns":3},{"damage":0,"enemies":"R_Hoarder","floor":45,"turns":3},{"damage":0,"enemies":"4 Shapes","floor":46,"turns":2},{"damage":0,"enemies":"Reptomancer","floor":48,"turns":4},{"damage":0,"enemies":"Donu and Deca","floor":51,"turns":7}],"seed_played":"5587573855868840464","potions_obtained":[{"floor":2,"key":"FearPotion"},{"floor":4,"key":"potionbrewer:BoundlessPotion"},{"floor":5,"key":"ColorlessPotion"},{"floor":13,"key":"Weak Potion"},{"floor":19,"key":"potionbrewer:SplittingPotion"},{"floor":29,"key":"Death Potion"}],"is_trial":false,"path_per_floor":["M","M","?","?","M","E","?","E","T","E","M","R","E","T","R","B",null,"M","M","?","?","?","E","R","M","T","E","M","E","M","M","R","B",null,"M","AVR","?","$","?","E","M","E","T","?","E","M","$","E","R","R","B",null],"character_chosen":"THE_DEFAULT","items_purchased":["Dota2Spire:EchoSabre","infinitespire:Beetle Shell","MerchantsRug","Orrery","Membership Card","AnarchistCookbook","Replay:PocketPolymizer"],"campfire_rested":0,"item_purchase_floors":[38,38,38,38,47,47,47],"current_hp_per_floor":[70,70,70,53,59,49,56,57,57,61,67,67,84,84,84,73,84,84,84,84,84,84,84,84,84,84,84,84,84,84,84,84,84,84,84,84,89,89,89,89,89,89,89,89,89,89,89,89,88,88,89],"gold":1460,"neow_bonus":"NOSTALGIA","is_daily":false,"chose_seed":false,"campfire_upgraded":6,"win_rate":0.0,"timestamp":1609477919,"path_taken":["M","M","?","?","?","E","?","E","T","E","M","R","E","?","R","BOSS","M","M","?","?","?","E","R","M","T","E","?","E","M","M","R","BOSS","M","AVR","?","$","?","E","?","E","T","?","E","?","?","E","R","R","BOSS"],"items_purchased_type":["Relic","Relic","Relic","Relic","Relic","Relic","Relic"],"build_version":"2020-12-22","purchased_purges":1,"victory":true,"max_hp_per_floor":[70,70,70,70,70,70,70,70,70,70,70,70,84,84,84,84,84,84,84,84,84,84,84,84,84,84,84,84,84,84,84,84,84,84,84,84,89,89,89,89,89,89,89,89,89,89,89,89,89,89,89],"card_choices":[{"not_picked":["Pikachu:Agility","Thunderclap"],"picked":"Pikachu:BodySlam","floor":1},{"not_picked":["Pikachu:PlayNice","Pikachu:TakeDown","ReplayTheSpireMod:Muscle Training","Thunderclap","Flex"],"picked":"SKIP","floor":2},{"not_picked":["Pikachu:Rest","Twin Strike+1","Pikachu:Discharge+1","Pikachu:Flash","Pikachu:LightScreen"],"picked":"SKIP","floor":5},{"not_picked":["Twin Strike+1","Flex","Pikachu:Mega_Punch+1","Pikachu:Rest","Pikachu:Iron_Tail+1"],"picked":"SKIP","floor":6},{"not_picked":["Twin Strike+1","Whirlwind+1","Bomb","Guardian:Gem_Red"],"picked":"Pikachu:WildCharge+1","floor":8},{"not_picked":["Pikachu:Rest","Pikachu:Metronome"],"picked":"Pikachu:Dig","floor":10},{"not_picked":["Pikachu:TakeDown+1","Pummel+1","Pikachu:VoltSwitch","Guardian:WalkerClaw+1","Twin Strike+1"],"picked":"SKIP","floor":10},{"not_picked":["Pikachu:NaturalGift+1","Pikachu:Swift+1","Pikachu:Double_Team","Body Slam+1"],"picked":"Heavy Blade+1","floor":11},{"not_picked":["Pikachu:Toxic","Pikachu:Rest"],"picked":"Pikachu:Dig","floor":13},{"not_picked":["Massacre+1","Pikachu:Slam+1","Guardian:Gem_Red","Pikachu:Rage"],"picked":"Bomb","floor":13},{"not_picked":["Reaper+1","Demon Form","Guardian:HyperBeam_Guardian+1","Limit Break"],"picked":"Pikachu:Dig+1","floor":16},{"not_picked":["Pikachu:NaturalGift+1","Pikachu:Charge_Beam","Pikachu:Flash","Pikachu:Fling+1"],"picked":"Pikachu:QuickAttack+1","floor":18},{"not_picked":["Pikachu:Double_Team","Pikachu:Charge_Beam+1","Pikachu:BodySlam+1","Pikachu:Feint+1"],"picked":"Pikachu:Dig+1","floor":19},{"not_picked":["Pikachu:Feint+1","Pikachu:Slam+1","Pikachu:ElectroBall","Pikachu:Cut"],"picked":"Pikachu:TakeDown+1","floor":21},{"not_picked":["Pikachu:Metronome","Pikachu:Thunder_Wave"],"picked":"Pikachu:Dig","floor":23},{"not_picked":["Pikachu:Feint+1","Pikachu:PlayNice+1","Pikachu:Iron_Tail+1","Pikachu:VoltSwitch","Pikachu:LightScreen+1"],"picked":"SKIP","floor":23},{"not_picked":["Pikachu:Slam+1","Pikachu:QuickAttack+1","Pikachu:Fling+1","Pikachu:Rage+1"],"picked":"Pikachu:LightScreen+1","floor":25},{"not_picked":["Pikachu:Flash","Pikachu:PlayNice+1","Pikachu:NaturalGift+1","Pikachu:Mega_Punch+1"],"picked":"Pikachu:BodySlam+1","floor":28},{"not_picked":["Pikachu:Metronome","Pikachu:Rest"],"picked":"Pikachu:Dig","floor":29},{"not_picked":["Pikachu:Strength+1","Pikachu:Fling+1","Pikachu:QuickAttack+1","Pikachu:TakeDown+1","Pikachu:ZapCannon"],"picked":"SKIP","floor":29},{"not_picked":["Pikachu:WildCharge+1","Pikachu:VoltSwitch","Pikachu:ThunderPunch+1","Pikachu:Swift+1","Pikachu:Flash+1"],"picked":"SKIP","floor":30},{"not_picked":["Pikachu:WildCharge+1","Pikachu:ElectroBall","Pikachu:Spark+1","Pikachu:Thunder_Wave"],"picked":"Pikachu:BodySlam+1","floor":31},{"not_picked":["Pikachu:Toxic","Pikachu:Thunder_Wave","Pikachu:Thunder+1","Pikachu:Rest"],"picked":"Pikachu:Dig+1","floor":33},{"not_picked":["Pikachu:Attract+1","Pikachu:Feint+1","Pikachu:Slam+1","Pikachu:PlayNice+1","Pikachu:Spark+1"],"picked":"SKIP","floor":35},{"not_picked":["Pikachu:Rage","Pikachu:VoltSwitch+1","Pikachu:QuickAttack+1","Pikachu:Strength+1"],"picked":"Pikachu:BodySlam+1","floor":38},{"not_picked":["Pikachu:Thunder_Wave","Pikachu:Rest"],"picked":"Pikachu:Dig","floor":40},{"not_picked":["Pikachu:WildCharge+1","Pikachu:TakeDown+1","Pikachu:PlayNice+1","Pikachu:Attract","Pikachu:Agility"],"picked":"SKIP","floor":40},{"not_picked":["Pikachu:Mega_Punch+1","Pikachu:WildCharge+1","Pikachu:NaturalGift+1","Pikachu:Charge_Beam+1","Pikachu:Metronome","Pikachu:Rage+1"],"picked":"SKIP","floor":41},{"not_picked":["Pikachu:Thunder_Wave","Pikachu:Thunder","Pikachu:Metronome"],"picked":"Pikachu:Dig","floor":42},{"not_picked":["Pikachu:Rage","Pikachu:Agility+1","Pikachu:LightScreen","Pikachu:Mega_Punch+1","Pikachu:ZapCannon+1","Pikachu:Attract"],"picked":"SKIP","floor":42},{"not_picked":["Pikachu:Toxic","Pikachu:Thunder","Pikachu:Metronome"],"picked":"Pikachu:Dig","floor":45},{"not_picked":["Pikachu:Double_Team+1","Pikachu:Flash+1","Pikachu:QuickAttack+1","Pikachu:WildCharge+1","Pikachu:ElectroBall+1","Pikachu:Swagger+1"],"picked":"SKIP","floor":45},{"not_picked":["Pikachu:ElectroBall","Pikachu:ZapCannon","Pikachu:Double_Team+1","Pikachu:QuickAttack+1","Pikachu:Strength+1","Pikachu:Secret_Power"],"picked":"SKIP","floor":46},{"not_picked":["Pikachu:Toxic","Pikachu:Rest","Pikachu:Thunder_Wave"],"picked":"Pikachu:Dig","floor":48},{"not_picked":["Pikachu:Growl","Pikachu:Rage","Pikachu:Secret_Power+1","Pikachu:TakeDown+1","Pikachu:Slam+1"],"picked":"Pikachu:LightScreen","floor":48}],"player_experience":147539,"relics_obtained":[{"floor":1,"key":"SynthV:TestCard"},{"floor":1,"key":"LetterFromLob"},{"floor":3,"key":"Replay:Rubber Ducky"},{"floor":4,"key":"Molten Egg 2"},{"floor":6,"key":"hubris:SlimyHat"},{"floor":8,"key":"vexMod:HeadHunter"},{"floor":9,"key":"Centennial Puzzle"},{"floor":10,"key":"MealTicket"},{"floor":13,"key":"Mango"},{"floor":14,"key":"Replay:Wax Seal"},{"floor":21,"key":"TuHaoJin"},{"floor":21,"key":"halation:KoshaPiece"},{"floor":23,"key":"Dota2Spire:MagicBottle"},{"floor":26,"key":"Dota2Spire:HandOfMidas"},{"floor":29,"key":"Pet Ghost"},{"floor":37,"key":"vexMod:Dragonfruit"},{"floor":37,"key":"Toy Ornithopter"},{"floor":39,"key":"ReplayTheSpireMod:Ring of Exchange"},{"floor":39,"key":"Ring of Greed"},{"floor":39,"key":"Replay:Bandana"},{"floor":39,"key":"halation:IllGainedPizza"},{"floor":40,"key":"Question Card"},{"floor":42,"key":"Bag of Preparation"},{"floor":43,"key":"DeadEye"},{"floor":44,"key":"Ginger"},{"floor":45,"key":"Replay:Mystery Machine"},{"floor":48,"key":"halation:SwordOfLegend"}],"event_choices":[{"damage_healed":0,"gold_gain":0,"player_choice":"Fight","damage_taken":0,"max_hp_gain":0,"max_hp_loss":0,"event_name":"HidenRoomEvent","floor":21,"gold_loss":0},{"cards_removed":["Pikachu:ThunderShock"],"damage_healed":0,"gold_gain":0,"player_choice":"Elegance","damage_taken":0,"max_hp_gain":0,"max_hp_loss":0,"event_name":"Back to Basics","floor":22,"gold_loss":0},{"damage_healed":0,"gold_gain":0,"player_choice":"Fight","damage_taken":0,"max_hp_gain":0,"max_hp_loss":0,"event_name":"HidenRoomEvent","floor":37,"gold_loss":0},{"damage_healed":0,"gold_gain":0,"player_choice":"Fight","damage_taken":0,"max_hp_gain":0,"max_hp_loss":0,"event_name":"MindBloom","floor":44,"gold_loss":0}],"is_beta":false,"boss_relics":[{"not_picked":["ChewingGum","vexMod:MegatonBomb"],"picked":"GreenFoldingFan"},{"not_picked":[]},{"not_picked":["TakeMeEscape","GuanYuAspect"],"picked":"Replay:Wanted Poster"},{"not_picked":[]}],"items_purged_floors":[47],"is_endless":false,"potions_floor_spawned":[2,5,6,13,19,23,25,27,29,31,37,40,44,46],"ascension_level":1}}