{"host":"sabve5zmqufxyc5o","time":1609495902,"event":{"mods":["2.2 Compatiblity","AchievementEnabler","Act Like it!","BaseMod","Block Reminder","Colored Map","Colored Powertips","DeckTracker","KOR Keyword Fix","Keyboard Shortcuts","Minty Spire (QoL Compilation)","Quick Restart","Rare Cards Sparkle","Relic Stats","StSLib","SuperFastMode"],"gold_per_floor":[111,56,66,141,141,141,168,168,194,227,64,79,94,125,125,204,204,217,217,217,55,70,70,80,112,112,112,145,145,165,37,37,37,37],"floor_reached":33,"playtime":668,"items_purged":[],"score":652,"play_id":"e1d5d7ea-df16-4152-8ff6-74409c9d6ee5","local_time":"20210101191142","is_ascension_mode":true,"campfire_choices":[{"floor":6.0,"key":"REST"},{"floor":8.0,"key":"REST"},{"floor":15.0,"key":"REST"},{"floor":23.0,"key":"REST"},{"floor":27.0,"key":"REST"},{"floor":32.0,"key":"REST"}],"circlet_count":0,"master_deck":["AscendersBane","Strike_B","Strike_B","Strike_B","Strike_B","Defend_B","Defend_B","Defend_B","Defend_B","Zap","Dualcast","Fusion+1","Beam Cell","Compile Driver","Sweeping Beam","Reboot","Conserve Battery","Beam Cell","Barrage","Go for the Eyes","Gash","Ball Lightning","Seek","Stack","Stack","Cold Snap","Coolheaded+1","Loop","Core Surge","Gash","Skim","Loop+1","Glacier","Sweeping Beam","Redo+1"],"relics":["Cracked Core","Ancient Tea Set","CaptainsWheel","Bag of Marbles","FossilizedHelix","Dream Catcher","Sozu","Regal Pillow","Shovel","Mango","Matryoshka"],"acts_visited":["Exordium","TheCity"],"potions_floor_usage":[],"damage_taken":[{"damage":0.0,"enemies":"2 Louse","floor":1.0,"turns":2.0},{"damage":2.0,"enemies":"Jaw Worm","floor":3.0,"turns":3.0},{"damage":30.0,"enemies":"Lagavulin","floor":7.0,"turns":7.0},{"damage":30.0,"enemies":"3 Sentries","floor":10.0,"turns":7.0},{"damage":0.0,"enemies":"Small Slimes","floor":12.0,"turns":2.0},{"damage":4.0,"enemies":"Red Slaver","floor":13.0,"turns":3.0},{"damage":2.0,"enemies":"Gremlin Nob","floor":14.0,"turns":4.0},{"damage":45.0,"enemies":"Hexaghost","floor":16.0,"turns":10.0},{"damage":16.0,"enemies":"Shell Parasite","floor":18.0,"turns":5.0},{"damage":3.0,"enemies":"3 Byrds","floor":22.0,"turns":5.0},{"damage":8.0,"enemies":"Snake Plant","floor":24.0,"turns":5.0},{"damage":11.0,"enemies":"Book of Stabbing","floor":25.0,"turns":6.0},{"damage":64.0,"enemies":"Gremlin Leader","floor":28.0,"turns":10.0},{"damage":8.0,"enemies":"3 Cultists","floor":30.0,"turns":5.0},{"damage":60,"enemies":"Automaton","floor":33,"turns":8}],"seed_played":"5378269237757935533","potions_obtained":[{"floor":1.0,"key":"SkillPotion"},{"floor":3.0,"key":"LiquidBronze"},{"floor":7.0,"key":"DuplicationPotion"},{"floor":16.0,"key":"Weak Potion"}],"is_trial":false,"path_per_floor":["M","$","M","?","?","R","E","R","T","E","$","M","M","E","R","B",null,"M","?","?","$","M","R","M","E","T","R","E","?","M","$","R","B"],"character_chosen":"DEFECT","items_purchased":["Beam Cell","Conserve Battery","Beam Cell","Block Potion","Regal Pillow","Glacier","Sweeping Beam"],"campfire_rested":6,"item_purchase_floors":[2,11,11,11,21,31,31],"current_hp_per_floor":[64,64,62,51,51,71,41,62,62,32,32,32,28,26,47,2,54,38,18,18,18,15,52,44,33,47,89,25,25,17,17,59,0,0],"gold":37,"neow_bonus":"RANDOM_COMMON_RELIC","is_daily":false,"chose_seed":false,"campfire_upgraded":0,"win_rate":0.0,"timestamp":1609495902,"path_taken":["M","$","M","?","?","R","E","R","T","E","$","M","M","E","R","BOSS","M","?","?","$","?","R","M","E","T","R","E","?","M","?","R","BOSS"],"items_purchased_type":["Card","Card","Card","Potion","Relic","Card","Card"],"build_version":"2020-12-22","purchased_purges":0,"victory":false,"max_hp_per_floor":[71,71,71,71,71,71,71,71,71,71,71,71,71,71,71,71,71,71,76,76,76,76,76,76,76,90,90,90,90,90,90,90,90,90],"relic_stats":{"Sozu":3,"Dream Catcher":4,"Regal Pillow":45,"Shovel":0,"counters":[15,82],"obtain_stats":[{"Sozu":17,"CaptainsWheel":7,"Dream Catcher":14,"Regal Pillow":21,"Shovel":25,"Matryoshka":28,"Mango":26,"Bag of Marbles":9,"Cracked Core":0,"Ancient Tea Set":0,"FossilizedHelix":10},{"Sozu":8,"CaptainsWheel":3,"Dream Catcher":7,"Regal Pillow":9,"Shovel":12,"Matryoshka":13,"Mango":12,"Bag of Marbles":3,"Cracked Core":0,"Ancient Tea Set":0,"FossilizedHelix":4},{"Sozu":38,"CaptainsWheel":12,"Dream Catcher":28,"Regal Pillow":43,"Shovel":59,"Matryoshka":69,"Mango":59,"Bag of Marbles":12,"Cracked Core":0,"Ancient Tea Set":0,"FossilizedHelix":19}]},"card_choices":[{"not_picked":["Doom and Gloom","Heatsinks"],"picked":"Fusion","floor":1.0},{"not_picked":["Force Field","Go for the Eyes"],"picked":"Compile Driver","floor":3.0},{"not_picked":["Redo","Reinforced Body"],"picked":"Sweeping Beam","floor":7.0},{"not_picked":["Go for the Eyes","Skim"],"picked":"Reboot","floor":10.0},{"not_picked":["Melter","White Noise"],"picked":"Barrage","floor":12.0},{"not_picked":["Streamline","Force Field"],"picked":"Go for the Eyes","floor":13.0},{"not_picked":["Turbo","Fusion"],"picked":"Gash","floor":14.0},{"not_picked":["FTL","Conserve Battery"],"picked":"Ball Lightning","floor":15.0},{"not_picked":["Rainbow","Fission"],"picked":"Seek","floor":16.0},{"not_picked":["Compile Driver","Streamline"],"picked":"Stack","floor":18.0},{"not_picked":["Skim","Go for the Eyes"],"picked":"Cold Snap","floor":22.0},{"not_picked":["Ball Lightning","White Noise"],"picked":"Coolheaded","floor":23.0},{"not_picked":["Conserve Battery","Tempest"],"picked":"Loop","floor":24.0},{"not_picked":["Skim","Leap"],"picked":"Core Surge","floor":25.0},{"not_picked":["Turbo","Coolheaded"],"picked":"Gash","floor":27.0},{"not_picked":["Barrage","Conserve Battery"],"picked":"Skim","floor":28.0},{"not_picked":["Auto Shields","Beam Cell"],"picked":"Loop+1","floor":30.0},{"not_picked":["Leap","Turbo+1"],"picked":"Redo+1","floor":32.0}],"player_experience":814431,"relics_obtained":[{"floor":7.0,"key":"CaptainsWheel"},{"floor":9.0,"key":"Bag of Marbles"},{"floor":10.0,"key":"FossilizedHelix"},{"floor":14.0,"key":"Dream Catcher"},{"floor":25.0,"key":"Shovel"},{"floor":26.0,"key":"Mango"},{"floor":28.0,"key":"Matryoshka"}],"event_choices":[{"damage_healed":0.0,"max_hp_gain":0.0,"max_hp_loss":0.0,"gold_gain":75.0,"event_name":"World of Goop","player_choice":"Gather Gold","floor":4.0,"gold_loss":0.0,"damage_taken":11.0},{"damage_healed":0.0,"max_hp_gain":0.0,"max_hp_loss":0.0,"gold_gain":0.0,"event_name":"Living Wall","player_choice":"Grow","floor":5.0,"gold_loss":0.0,"damage_taken":0.0,"cards_upgraded":["Fusion"]},{"damage_healed":0.0,"max_hp_gain":5.0,"max_hp_loss":0.0,"gold_gain":0.0,"event_name":"Forgotten Altar","player_choice":"Shed Blood","floor":19.0,"gold_loss":0.0,"damage_taken":25.0},{"damage_healed":0.0,"max_hp_gain":0.0,"max_hp_loss":0.0,"gold_gain":0.0,"event_name":"Duplicator","player_choice":"Copied","floor":20.0,"gold_loss":0.0,"damage_taken":0.0,"cards_obtained":["Stack"]},{"damage_healed":0.0,"max_hp_gain":0.0,"max_hp_loss":0.0,"gold_gain":0.0,"event_name":"Upgrade Shrine","player_choice":"Upgraded","floor":29.0,"gold_loss":0.0,"damage_taken":0.0,"cards_upgraded":["Coolheaded"]}],"is_beta":false,"boss_relics":[{"not_picked":["Busted Crown","Empty Cage"],"picked":"Sozu"}],"items_purged_floors":[],"is_endless":false,"potions_floor_spawned":[1,3,7,16,18,24,25],"killed_by":"Automaton","ascension_level":20}}