{"host":"jydwu1shxxemady1","time":1609520074,"event":{"mods":["BaseMod","Colored Powertips","Conspire","Downfall","Hermit","Highlight Path","Marisa£®ÏF”Í°°ƒß¿Ì…≥£©","Minty Spire (QoL Compilation)","READ ME - Guardian Mod","Replay The Spire","Shop Mod","StSLib","TestMod","The Bladedancer","The Cursed","The Servant 0.9.4"],"gold_per_floor":[363,363,383,393,393,393,405,439,464,491,89,164,233,233,233],"floor_reached":14,"playtime":633,"items_purged":["Pain"],"score":244,"play_id":"9e3f4a2d-1e57-4c26-bb0d-edf5f10982d9","local_time":"20210102005434","is_ascension_mode":true,"campfire_choices":[{"floor":6.0,"key":"REST"}],"circlet_count":0,"master_deck":["AscendersBane","Strike_G","Strike_G","Strike_G","Strike_G","Strike_G","Defend_G","Defend_G","Defend_G+1","Defend_G+1","Defend_G","Survivor","Neutralize","Slice","Deadly Poison","Bane","Bouncing Flask","Acrobatics","Corpse Explosion"],"relics":["Ring of the Snake","testmod-TestBox","testmod-ChristmasGift","WarpedTongs","SsserpentHead","Art of War","Nunchaku","Simple Rune","testmod-OneHitWonder","Gremlin Food","MealTicket"],"acts_visited":["Exordium"],"potions_floor_usage":[13,14,14,14],"damage_taken":[{"damage":0.0,"enemies":"2 Louse","floor":1.0,"turns":3.0},{"damage":20.0,"enemies":"Cultist","floor":3.0,"turns":5.0},{"damage":10.0,"enemies":"Small Slimes","floor":4.0,"turns":4.0},{"damage":21.0,"enemies":"Blue Slaver","floor":7.0,"turns":5.0},{"damage":28.0,"enemies":"Gremlin Nob","floor":8.0,"turns":4.0},{"damage":1.0,"enemies":"Lagavulin","floor":10.0,"turns":5.0},{"damage":0,"enemies":"Red Slaver","floor":13,"turns":3},{"damage":18,"enemies":"Gremlin Nob","floor":14,"turns":3}],"seed_played":"7844974159538799434","potions_obtained":[{"floor":8.0,"key":"Death Potion"},{"floor":10.0,"key":"Adrenaline Potion"}],"is_trial":false,"path_per_floor":["M","?","M","M","?","R","M","E","T","E","$","T","M","E"],"character_chosen":"THE_SILENT","items_purchased":["testmod-OneHitWonder","Gremlin Food"],"campfire_rested":1,"item_purchase_floors":[11,11],"current_hp_per_floor":[45,45,28,20,20,39,30,2,2,5,5,5,10,0,0],"gold":233,"neow_bonus":"TWO_FIFTY_GOLD","is_daily":false,"chose_seed":false,"campfire_upgraded":0,"win_rate":0.0,"timestamp":1609520074,"path_taken":["M","?","?","M","?","R","M","E","T","E","$","?","?","E"],"items_purchased_type":["Relic","Relic"],"build_version":"2020-12-22","purchased_purges":1,"victory":false,"max_hp_per_floor":[66,66,66,66,66,66,66,66,66,66,66,66,66,66,66],"card_choices":[{"not_picked":["Underhanded Strike","conspire:DoublingDagger"],"picked":"Slice","floor":1.0},{"not_picked":["ReplayTheSpireMod:Tripwire","Well Laid Plans","Crippling Poison"],"picked":"SKIP","floor":3.0},{"not_picked":["Acrobatics","Eviscerate"],"picked":"Deadly Poison","floor":4.0},{"not_picked":["Deflect","Dagger Throw"],"picked":"Bane","floor":7.0},{"not_picked":["Endless Agony","ReplayTheSpireMod:Exploit Weakness"],"picked":"Bouncing Flask","floor":8.0},{"not_picked":["ReplayTheSpireMod:Tripwire","Crippling Poison"],"picked":"Acrobatics","floor":10.0},{"not_picked":["Backflip","conspire:DoublingDagger"],"picked":"Corpse Explosion","floor":13}],"player_experience":612619,"relics_obtained":[{"floor":8.0,"key":"Art of War"},{"floor":9.0,"key":"Nunchaku"},{"floor":10.0,"key":"Simple Rune"},{"floor":12,"key":"MealTicket"}],"event_choices":[{"damage_healed":0.0,"max_hp_gain":0.0,"max_hp_loss":0.0,"gold_gain":0.0,"event_name":"Accursed Blacksmith","player_choice":"Rummage","floor":2.0,"gold_loss":0.0,"damage_taken":0.0,"relics_obtained":["WarpedTongs"],"cards_obtained":["Pain"]},{"damage_healed":0.0,"max_hp_gain":0.0,"max_hp_loss":0.0,"gold_gain":0.0,"event_name":"FaceTrader","player_choice":"Trade","floor":5.0,"gold_loss":0.0,"damage_taken":0.0,"relics_obtained":["SsserpentHead"]}],"is_beta":false,"boss_relics":[],"items_purged_floors":[11],"is_endless":false,"potions_floor_spawned":[4,8,10],"killed_by":"Gremlin Nob","ascension_level":19}}