{"host":"2yqfi47fogfu1ic4","time":1609545322,"event":{"mods":["AchievementEnabler","BaseMod","Colored Map","Colored Powertips","Highlight Path","Minty Spire (QoL Compilation)","Permanent Neow","Relic Stats","StSLib"],"gold_per_floor":[117,117,129,143,68,95,95,95,95,129,147,72,100,113,113,190,190,201,6,6,6,18,48,48,79,106,118,118,131,158,170,170,241,241,255,274,274,193,211,211,240,240,240,295,295,324,339,372,372,372,372,372],"floor_reached":51,"playtime":4589,"items_purged":["Defend_P"],"score":1926,"play_id":"abcce130-209a-4a29-9e50-f7f327e172f5","local_time":"20210102005522","is_ascension_mode":true,"campfire_choices":[{"floor":7.0,"key":"REST"},{"data":"Prostrate","floor":15.0,"key":"SMITH"},{"floor":24.0,"key":"REST"},{"floor":28.0,"key":"REST"},{"data":"MentalFortress","floor":32.0,"key":"SMITH"},{"floor":40.0,"key":"REST"},{"data":"Devotion","floor":42.0,"key":"SMITH"},{"floor":45.0,"key":"REST"},{"floor":49,"key":"RECALL"}],"circlet_count":0,"master_deck":["AscendersBane","Vigilance","Crescendo","Prostrate+1","Prostrate","EmptyFist+1","ClearTheMind+1","EmptyBody+1","CutThroughFate+1","Indignation+1","Devotion+1","SandsOfTime+1","BowlingBash+1","Ragnarok+1","Blasphemy+1","Meditate+1","FearNoEvil+1","MentalFortress+1","Tantrum+1","ClearTheMind+1","LikeWater","FlurryOfBlows+1","ThirdEye+1","Prostrate+1","Sanctity+1","Meditate+1","InnerPeace+1","ThirdEye+1","Evaluate+1","MentalFortress"],"relics":["VioletLotus","Molten Egg 2","Ginger","Toxic Egg 2","InkBottle","Pandora\u0027s Box","Omamori","Mercury Hourglass","Centennial Puzzle","Damaru","Empty Cage","Blue Candle","Du-Vu Doll","Bottled Lightning","The Courier"],"acts_visited":["Exordium","TheCity","TheBeyond"],"potions_floor_usage":[48],"damage_taken":[{"damage":1.0,"enemies":"Small Slimes","floor":1.0,"turns":4.0},{"damage":0.0,"enemies":"Cultist","floor":3.0,"turns":2.0},{"damage":8.0,"enemies":"2 Louse","floor":4.0,"turns":4.0},{"damage":47.0,"enemies":"Gremlin Nob","floor":6.0,"turns":4.0},{"damage":12.0,"enemies":"Lagavulin","floor":10.0,"turns":7.0},{"damage":0.0,"enemies":"2 Fungi Beasts","floor":11.0,"turns":3.0},{"damage":7.0,"enemies":"Gremlin Nob","floor":13.0,"turns":3.0},{"damage":6.0,"enemies":"Looter","floor":14.0,"turns":2.0},{"damage":0.0,"enemies":"Slime Boss","floor":16.0,"turns":3.0},{"damage":7.0,"enemies":"Shell Parasite","floor":18.0,"turns":3.0},{"damage":0.0,"enemies":"Chosen","floor":22.0,"turns":2.0},{"damage":18.0,"enemies":"Gremlin Leader","floor":23.0,"turns":4.0},{"damage":19.0,"enemies":"Book of Stabbing","floor":25.0,"turns":3.0},{"damage":0.0,"enemies":"Snake Plant","floor":27.0,"turns":1.0},{"damage":21.0,"enemies":"Shelled Parasite and Fungi","floor":29.0,"turns":3.0},{"damage":0.0,"enemies":"Gremlin Leader","floor":30.0,"turns":3.0},{"damage":2.0,"enemies":"Snecko","floor":31.0,"turns":3.0},{"damage":0.0,"enemies":"Collector","floor":33.0,"turns":6.0},{"damage":0.0,"enemies":"Orb Walker","floor":35.0,"turns":2.0},{"damage":25.0,"enemies":"3 Darklings","floor":36.0,"turns":3.0},{"damage":18.0,"enemies":"4 Shapes","floor":39.0,"turns":3.0},{"damage":10.0,"enemies":"Reptomancer","floor":41.0,"turns":3.0},{"damage":0.0,"enemies":"2 Orb Walkers","floor":44.0,"turns":2.0},{"damage":0.0,"enemies":"Giant Head","floor":46.0,"turns":3.0},{"damage":0.0,"enemies":"Transient","floor":47.0,"turns":6.0},{"damage":0,"enemies":"Nemesis","floor":48,"turns":5},{"damage":12,"enemies":"Donu and Deca","floor":50,"turns":5},{"damage":44,"enemies":"Time Eater","floor":51,"turns":3}],"seed_played":"7253987472842609978","potions_obtained":[{"floor":3.0,"key":"BottledMiracle"},{"floor":10.0,"key":"LiquidMemories"},{"floor":11.0,"key":"LiquidMemories"},{"floor":13.0,"key":"BottledMiracle"},{"floor":25.0,"key":"Strength Potion"},{"floor":27.0,"key":"Explosive Potion"},{"floor":29.0,"key":"LiquidBronze"},{"floor":39.0,"key":"BottledMiracle"},{"floor":41.0,"key":"LiquidMemories"},{"floor":46.0,"key":"Explosive Potion"},{"floor":47.0,"key":"Regen Potion"}],"is_trial":false,"path_per_floor":["M","?","M","M","$","E","R","?","T","E","M","?","E","M","R","B",null,"M","$","?","?","M","E","R","E","T","M","R","M","E","M","R","B",null,"M","M","?","$","M","R","E","R","T","?","R","E","M","E","R","B","B"],"character_chosen":"WATCHER","items_purchased":["MentalFortress","Tantrum+1","ClearTheMind+1","Meditate+1"],"campfire_rested":5,"item_purchase_floors":[19,19,19,38],"current_hp_per_floor":[60,68,68,60,60,13,33,33,33,21,21,21,14,8,8,8,53,46,46,46,36,36,18,38,19,19,19,39,18,18,16,16,16,55,55,30,30,30,12,32,22,22,22,22,42,42,42,54,54,42,0,0],"gold":372,"neow_bonus":"BOSS_RELIC","is_daily":false,"chose_seed":false,"campfire_upgraded":3,"win_rate":0.0,"timestamp":1609545322,"path_taken":["M","?","M","M","?","E","R","?","T","E","M","?","E","M","R","BOSS","M","$","?","?","?","E","R","E","T","M","R","M","E","M","R","BOSS","M","M","?","$","M","R","E","R","T","?","R","E","M","E","R","BOSS","BOSS"],"items_purchased_type":["Card","Card","Card","Card"],"build_version":"2020-12-22","purchased_purges":1,"victory":false,"max_hp_per_floor":[68,68,68,68,68,68,68,68,68,68,68,68,68,68,68,68,68,68,68,68,68,68,68,68,68,68,68,68,68,68,68,68,68,68,68,68,68,68,68,68,68,68,68,68,68,68,68,68,68,68,68,68],"relic_stats":{"Centennial Puzzle":[21],"counters":[28,95],"Blue Candle":[0],"Pandora\u0027s Box":["SandsOfTime","BowlingBash","Ragnarok","Blasphemy","Meditate","DevaForm"],"VioletLotus":[61],"Ginger":[10],"obtain_stats":[{"Blue Candle":41,"Damaru":30,"The Courier":48,"Omamori":23,"Ginger":9,"Empty Cage":34,"Mercury Hourglass":25,"Du-Vu Doll":44,"Centennial Puzzle":26,"Molten Egg 2":6,"Pandora\u0027s Box":17,"VioletLotus":0,"Bottled Lightning":46,"PureWater":0,"Toxic Egg 2":10,"InkBottle":13},{"Blue Candle":22,"Damaru":16,"The Courier":26,"Omamori":12,"Ginger":4,"Empty Cage":18,"Mercury Hourglass":13,"Du-Vu Doll":23,"Centennial Puzzle":13,"Molten Egg 2":4,"Pandora\u0027s Box":9,"VioletLotus":0,"Bottled Lightning":24,"PureWater":0,"Toxic Egg 2":5,"InkBottle":7},{"Blue Candle":71,"Damaru":51,"The Courier":87,"Omamori":41,"Ginger":14,"Empty Cage":60,"Mercury Hourglass":44,"Du-Vu Doll":73,"Centennial Puzzle":44,"Molten Egg 2":14,"Pandora\u0027s Box":32,"VioletLotus":0,"Bottled Lightning":76,"PureWater":0,"Toxic Egg 2":21,"InkBottle":27}],"InkBottle":[39],"Mercury Hourglass":[207]},"card_choices":[{"not_picked":["JustLucky","Pray"],"picked":"Crescendo","floor":1.0},{"not_picked":["ThirdEye","Consecrate"],"picked":"Prostrate","floor":3.0},{"not_picked":["JustLucky","DeceiveReality"],"picked":"Prostrate","floor":4.0},{"not_picked":["Wireheading","FollowUp+1"],"picked":"EmptyFist+1","floor":6.0},{"not_picked":["Wish+1","SandsOfTime+1"],"picked":"ClearTheMind+1","floor":10.0},{"not_picked":["FlyingSleeves+1","Study"],"picked":"EmptyBody+1","floor":11.0},{"not_picked":["PathToVictory+1","WreathOfFlame+1"],"picked":"CutThroughFate+1","floor":13.0},{"not_picked":["Collect+1","WheelKick+1"],"picked":"Indignation+1","floor":14.0},{"not_picked":["Wish+1","LessonLearned+1"],"picked":"Devotion","floor":16.0},{"not_picked":["ClearTheMind+1","JustLucky+1"],"picked":"FearNoEvil+1","floor":18.0},{"not_picked":["Protect+1","CutThroughFate+1","Indignation+1"],"picked":"SKIP","floor":22.0},{"not_picked":["Protect+1","FollowUp+1"],"picked":"LikeWater","floor":23.0},{"not_picked":["Worship+1","FearNoEvil+1"],"picked":"FlurryOfBlows+1","floor":25.0},{"not_picked":["LikeWater","SashWhip+1","Nirvana"],"picked":"SKIP","floor":27.0},{"not_picked":["SashWhip+1","Evaluate+1"],"picked":"ThirdEye+1","floor":29.0},{"not_picked":["Nirvana","SashWhip+1","LikeWater"],"picked":"SKIP","floor":30.0},{"not_picked":["FlurryOfBlows+1","Tantrum+1"],"picked":"Prostrate+1","floor":31.0},{"not_picked":["ClearTheMind+1","FearNoEvil+1"],"picked":"Sanctity+1","floor":35.0},{"not_picked":["Consecrate+1","Worship+1","SashWhip+1"],"picked":"SKIP","floor":36.0},{"not_picked":["Nirvana+1","FearNoEvil+1"],"picked":"InnerPeace+1","floor":39.0},{"not_picked":["Study","EmptyFist+1"],"picked":"ThirdEye+1","floor":41.0},{"not_picked":["SashWhip+1","WreathOfFlame+1","EmptyFist+1"],"picked":"SKIP","floor":46.0},{"not_picked":["Consecrate+1","ReachHeaven+1"],"picked":"Evaluate+1","floor":47.0},{"not_picked":["FlurryOfBlows+1","CutThroughFate+1"],"picked":"MentalFortress","floor":48}],"player_experience":2007155,"relics_obtained":[{"floor":6.0,"key":"Molten Egg 2"},{"floor":9.0,"key":"Ginger"},{"floor":10.0,"key":"Toxic Egg 2"},{"floor":13.0,"key":"InkBottle"},{"floor":23.0,"key":"Omamori"},{"floor":25.0,"key":"Mercury Hourglass"},{"floor":26.0,"key":"Centennial Puzzle"},{"floor":30.0,"key":"Damaru"},{"floor":41.0,"key":"Blue Candle"},{"floor":44.0,"key":"Du-Vu Doll"},{"floor":46.0,"key":"Bottled Lightning"},{"floor":48,"key":"The Courier"}],"event_choices":[{"damage_healed":8.0,"max_hp_gain":0.0,"max_hp_loss":0.0,"gold_gain":0.0,"event_name":"Wheel of Change","player_choice":"Full Heal","floor":2.0,"gold_loss":0.0,"damage_taken":0.0},{"damage_healed":0.0,"max_hp_gain":0.0,"max_hp_loss":0.0,"gold_gain":0.0,"event_name":"Shining Light","player_choice":"Ignored","floor":8.0,"gold_loss":0.0,"damage_taken":0.0},{"cards_removed":["Defend_P"],"damage_healed":0.0,"max_hp_gain":0.0,"max_hp_loss":0.0,"gold_gain":0.0,"event_name":"The Cleric","player_choice":"Card Removal","floor":12.0,"gold_loss":75.0,"damage_taken":0.0},{"damage_healed":0.0,"max_hp_gain":0.0,"max_hp_loss":0.0,"gold_gain":0.0,"event_name":"The Mausoleum","player_choice":"Ignored","floor":20.0,"gold_loss":0.0,"damage_taken":0.0},{"damage_healed":0.0,"max_hp_gain":0.0,"max_hp_loss":0.0,"gold_gain":0.0,"event_name":"Wheel of Change","player_choice":"Damaged","floor":21.0,"gold_loss":0.0,"damage_taken":10.0},{"damage_healed":0.0,"max_hp_gain":0.0,"max_hp_loss":0.0,"gold_gain":0.0,"event_name":"The Moai Head","player_choice":"Ignored","floor":37.0,"gold_loss":0.0,"damage_taken":0.0},{"damage_healed":0.0,"max_hp_gain":0.0,"max_hp_loss":0.0,"gold_gain":0.0,"event_name":"Mysterious Sphere","player_choice":"Fight","floor":44.0,"gold_loss":0.0,"damage_taken":0.0}],"is_beta":false,"boss_relics":[{"not_picked":["Coffee Dripper","Busted Crown"],"picked":"Pandora\u0027s Box"},{"not_picked":["Snecko Eye","Tiny House"],"picked":"Empty Cage"}],"items_purged_floors":[5],"is_endless":false,"potions_floor_spawned":[3,10,11,13,25,27,29,39,41,46,47],"killed_by":"Time Eater","ascension_level":20}}