{"host":"5fasz840ryq7obdf","time":1609464499,"event":{"mods":["AchievementEnabler","BaseMod","Bestiary","Better Altar","Better Skull","Better Third Choice","BetterRewards","Block Reminder","Colored Powertips","Curses Come First","Highlight Path","Minty Spire (QoL Compilation)","Quick Restart","Relic Sorter","Relic Stats","Replay The Spire","Shop Mod","Spicy Shops","StSLib","SuperFastMode"],"gold_per_floor":[113,113,263,108,108,112,112],"floor_reached":6,"playtime":319,"items_purged":["Doubt"],"score":64,"play_id":"a4dea18f-acbb-4709-aa9d-9ffb372a31f6","local_time":"20210101012819","is_ascension_mode":true,"campfire_choices":[],"circlet_count":0,"master_deck":["AscendersBane","Strike_G","Strike_G","Strike_G","Strike_G","Strike_G","Defend_G","Defend_G","Defend_G","Defend_G","Defend_G","Survivor","Neutralize","Footwork","Footwork","Malaise","Footwork","Backflip","Deadly Poison","Draining Mist","Sneak Up+1","Prepared","Backflip","Toxin Wave","Deflect","ReplayTheSpireMod:The Works"],"relics":["Ring of the Snake","TwistedFunnel","OrangePellets","Lantern","Snake Skull","Orrery","Replay:Bandana","ReplayFunnel"],"acts_visited":["Exordium"],"potions_floor_usage":[],"damage_taken":[{"damage":0.0,"enemies":"2 Louse","floor":1.0,"turns":2.0},{"damage":13,"enemies":"3 Sentries","floor":6,"turns":7}],"seed_played":"5657839563947352735","potions_obtained":[],"is_trial":false,"path_per_floor":["M","?","?","$","?","E"],"character_chosen":"THE_SILENT","items_purchased":["TwistedFunnel","OrangePellets","Lantern","Footwork","Malaise","Footwork","Snake Skull","Footwork","Backflip","Orrery","Toxin Wave","ReplayFunnel"],"campfire_rested":0,"item_purchase_floors":[0,0,0,0,0,0,0,0,0,0,0,4],"current_hp_per_floor":[17,12,12,12,12,0,0],"gold":112,"neow_bonus":"","is_daily":false,"chose_seed":false,"campfire_upgraded":0,"win_rate":0.0,"timestamp":1609464499,"path_taken":["M","?","?","$","?","E"],"items_purchased_type":["Relic","Relic","Relic","Card","Card","Card","Relic","Card","Card","Relic","Card","Relic"],"build_version":"2020-12-22","purchased_purges":1,"victory":false,"max_hp_per_floor":[66,66,66,66,66,66,66],"relic_stats":{"OrangePellets":[0],"counters":[59,286],"Snake Skull":[208],"obtain_stats":[{"Ice Cream":43,"TwistedFunnel":44,"Divine Protection":31,"Vajra":0,"Whetstone":43,"Bottled Tornado":46,"Boot":25,"Replay:Ringing Soul":11,"Centennial Puzzle":50,"HornCleat":25,"Strawberry":25,"Honey Jar":36,"Prayer Wheel":15,"Kunai":27,"ReplayTheSpireMod:CursedCoin":23,"Oddly Smooth Stone":44,"Paper Crane":0,"Question Card":46,"Du-Vu Doll":48,"OrangePellets":0,"ReplayTheSpireMod:Shallot":13,"Bronze Scales":48,"Bird Faced Urn":0,"Simple Rune":42,"Pandora\u0027s Box":19,"Black Star":19,"Mirror":27,"ReplayTheSpireMod:DimensionalGlitch":36,"ReplayFunnel":22,"Darkstone Periapt":48,"Lantern":49,"StoneCalendar":29,"Snake Skull":23,"Nunchaku":11,"Dream Catcher":31,"Replay:Bandana":8,"Mummified Hand":49,"Toolbox":40,"WingedGreaves":39,"Red Mask":33,"Chemical X":44,"InkBottle":44,"Ring of the Snake":0,"BargainBundle":0,"Quantum Egg":50,"PreservedInsect":0,"The Courier":15,"Omamori":31,"Orichalcum":27,"MawBank":3,"Replay:Arrowhead":42,"Anchor":45,"Ornamental Fan":44,"Orrery":0,"Art of War":0,"Garlic":10,"Membership Card":0,"ReplayTheSpireMod:Lightbulb":8,"TungstenRod":0,"FossilizedHelix":10},{"Ice Cream":21,"TwistedFunnel":21,"Divine Protection":13,"Vajra":0,"Whetstone":51,"Bottled Tornado":22,"Boot":11,"Replay:Ringing Soul":32,"Centennial Puzzle":25,"HornCleat":11,"Strawberry":40,"Honey Jar":15,"Prayer Wheel":35,"Kunai":12,"ReplayTheSpireMod:CursedCoin":39,"Oddly Smooth Stone":21,"Paper Crane":0,"Question Card":22,"Du-Vu Doll":23,"OrangePellets":57,"ReplayTheSpireMod:Shallot":5,"Bronze Scales":23,"Bird Faced Urn":27,"Simple Rune":20,"Pandora\u0027s Box":37,"Black Star":9,"Mirror":12,"ReplayTheSpireMod:DimensionalGlitch":46,"ReplayFunnel":10,"Darkstone Periapt":53,"Lantern":24,"StoneCalendar":41,"Snake Skull":39,"Nunchaku":5,"Dream Catcher":13,"Replay:Bandana":31,"Mummified Hand":24,"Toolbox":49,"WingedGreaves":18,"Red Mask":45,"Chemical X":21,"InkBottle":21,"Ring of the Snake":0,"BargainBundle":0,"Quantum Egg":25,"PreservedInsect":0,"The Courier":35,"Omamori":43,"Orichalcum":40,"MawBank":1,"Replay:Arrowhead":20,"Anchor":21,"Ornamental Fan":21,"Orrery":57,"Art of War":0,"Garlic":32,"Membership Card":0,"ReplayTheSpireMod:Lightbulb":4,"TungstenRod":0,"FossilizedHelix":5},{"Ice Cream":117,"TwistedFunnel":117,"Divine Protection":71,"Vajra":0,"Whetstone":243,"Bottled Tornado":123,"Boot":58,"Replay:Ringing Soul":168,"Centennial Puzzle":138,"HornCleat":58,"Strawberry":194,"Honey Jar":82,"Prayer Wheel":178,"Kunai":65,"ReplayTheSpireMod:CursedCoin":191,"Oddly Smooth Stone":117,"Paper Crane":0,"Question Card":123,"Du-Vu Doll":128,"OrangePellets":277,"ReplayTheSpireMod:Shallot":26,"Bronze Scales":128,"Bird Faced Urn":154,"Simple Rune":110,"Pandora\u0027s Box":186,"Black Star":46,"Mirror":65,"ReplayTheSpireMod:DimensionalGlitch":218,"ReplayFunnel":49,"Darkstone Periapt":253,"Lantern":133,"StoneCalendar":197,"Snake Skull":191,"Nunchaku":26,"Dream Catcher":71,"Replay:Bandana":165,"Mummified Hand":133,"Toolbox":232,"WingedGreaves":98,"Red Mask":212,"Chemical X":117,"InkBottle":117,"Ring of the Snake":0,"BargainBundle":0,"Quantum Egg":138,"PreservedInsect":0,"The Courier":178,"Omamori":205,"Orichalcum":194,"MawBank":3,"Replay:Arrowhead":110,"Anchor":117,"Ornamental Fan":117,"Orrery":277,"Art of War":0,"Garlic":168,"Membership Card":0,"ReplayTheSpireMod:Lightbulb":17,"TungstenRod":0,"FossilizedHelix":26}],"Ring of the Snake":[118]},"card_choices":[{"not_picked":["Caltrops","ReplayTheSpireMod:The Works"],"picked":"Deadly Poison","floor":0.0},{"not_picked":["Poisoned Stab","Blade Dance"],"picked":"Draining Mist","floor":0.0},{"not_picked":["Glass Knife","Prepared"],"picked":"Sneak Up","floor":0.0},{"not_picked":["Flying Knee","Blade Dance"],"picked":"Prepared","floor":0.0},{"not_picked":["Dagger Throw","Finisher"],"picked":"Backflip","floor":0.0},{"not_picked":["Cloak And Dagger","Setup"],"picked":"ReplayTheSpireMod:The Works","floor":1.0}],"player_experience":1322878,"relics_obtained":[],"event_choices":[{"damage_healed":0.0,"max_hp_gain":0.0,"max_hp_loss":0.0,"gold_gain":0.0,"event_name":"betterThird:BetterScrap","player_choice":"Relic ","floor":2.0,"gold_loss":0.0,"damage_taken":5.0,"cards_obtained":["ConjureBlade"]},{"damage_healed":0.0,"max_hp_gain":0.0,"max_hp_loss":0.0,"gold_gain":150.0,"event_name":"betterThird:BetterSerpent","player_choice":"AGREE","floor":3.0,"gold_loss":0.0,"damage_taken":113.0},{"damage_healed":0.0,"max_hp_gain":0.0,"max_hp_loss":0.0,"gold_gain":0.0,"event_name":"Living Wall","player_choice":"Grow","floor":5.0,"gold_loss":0.0,"damage_taken":0.0,"cards_upgraded":["Sneak Up"]}],"is_beta":false,"boss_relics":[],"items_purged_floors":[4],"is_endless":false,"potions_floor_spawned":[],"killed_by":"3 Sentries","ascension_level":20}}