{"host":"fjaupvxe7fzqrf4j","time":1609500534,"event":{"mods":["ATMod(°¢èªMod)","BaseMod","Minty Spire (QoL Compilation)","StSLib"],"gold_per_floor":[112,128,38,38,113,145,171,204,204,229,283,334,435,505,505,606,606,646,646,646,646,682,739,848,955,979,1031,1141,1346,1501,1701,1701,1904,1904,1948,1579,1667,1667,1667,1818,2320,2478,2478,2682,2682,2838,2530,2732,2732,3157,3407,3407,3407,2955,3233,3358],"floor_reached":57,"playtime":1842,"items_purged":["AT_WindFlip","AT_WindFlip","Underhanded Strike"],"score":4943,"play_id":"5e715ab3-4005-4c20-8015-6e10515f8a7e","local_time":"20210101192854","daily_mods":["SealedDeck","Heirloom","Time Dilation","Flight","Elite Swarm"],"is_ascension_mode":true,"campfire_choices":[{"data":"Calculated Gamble","floor":15.0,"key":"SMITH"},{"data":"Concentrate","floor":32.0,"key":"SMITH"},{"data":"Tactician","floor":45.0,"key":"SMITH"},{"floor":49.0,"key":"RECALL"},{"data":"Reflex","floor":53.0,"key":"SMITH"}],"circlet_count":0,"master_deck":["AscendersBane","Prepared","Acrobatics","Deflect","Deflect","Tactician+1","Calculated Gamble+1","Concentrate+1","Acrobatics","Reflex+1","Grand Finale","After Image","Adrenaline","Backflip","AT_ShadowStep","Malaise","AT_Desolate+1","Terror","Panacea","After Image+1"],"relics":["Ring of the Snake","AT_ATBox","Tingsha","Art of War","AT_GuinsooRageblade","StrikeDummy","AT_RabadonDeathcap","Akabeko","AT_MibuBalloonWealth","Tough Bandages","Matryoshka","AT_ImmortalShieldbow","Philosopher\u0027s Stone","Nilry\u0027s Codex","MutagenicStrength","Frozen Egg 2","White Beast Statue","Torii","AT_BellDemon","Vajra","Oddly Smooth Stone","AT_SunfireAegis","AT_TheCollector","AT_ForceNature","Happy Flower","Potion Belt","Bird Faced Urn","Du-Vu Doll","Boot","Question Card","AT_RedTearstoneRing","Runic Pyramid","Membership Card","Ice Cream","Mango","Ornamental Fan","Sundial","Old Coin","Orichalcum","Centennial Puzzle","Gremlin Horn","AT_EbonyIvory","Mercury Hourglass","AT_Kusabimaru","Thread and Needle","Medical Kit","Juzu Bracelet","StoneCalendar","Regal Pillow","Incense Burner","Pen Nib","TwistedFunnel","AT_ArchangelStaff","Lizard Tail"],"acts_visited":["Exordium","TheCity","TheBeyond","TheEnding"],"potions_floor_usage":[56,56,56,56],"damage_taken":[{"damage":0.0,"enemies":"Cultist","floor":1.0,"turns":1.0},{"damage":0.0,"enemies":"2 Louse","floor":2.0,"turns":1.0},{"damage":0.0,"enemies":"Lagavulin","floor":6.0,"turns":2.0},{"damage":0.0,"enemies":"3 Sentries","floor":7.0,"turns":1.0},{"damage":0.0,"enemies":"Gremlin Nob","floor":8.0,"turns":1.0},{"damage":0.0,"enemies":"Lagavulin","floor":10.0,"turns":1.0},{"damage":0.0,"enemies":"Gremlin Nob","floor":11.0,"turns":1.0},{"damage":0.0,"enemies":"Lagavulin","floor":12.0,"turns":2.0},{"damage":0.0,"enemies":"3 Sentries","floor":13.0,"turns":1.0},{"damage":6.0,"enemies":"Small Slimes","floor":14.0,"turns":2.0},{"damage":0.0,"enemies":"Hexaghost","floor":16.0,"turns":2.0},{"damage":0.0,"enemies":"Spheric Guardian","floor":18.0,"turns":1.0},{"damage":0.0,"enemies":"Chosen","floor":22.0,"turns":1.0},{"damage":0.0,"enemies":"Book of Stabbing","floor":23.0,"turns":1.0},{"damage":0.0,"enemies":"Gremlin Leader","floor":24.0,"turns":1.0},{"damage":0.0,"enemies":"Slavers","floor":25.0,"turns":1.0},{"damage":0.0,"enemies":"Book of Stabbing","floor":27.0,"turns":1.0},{"damage":0.0,"enemies":"Gremlin Leader","floor":28.0,"turns":1.0},{"damage":0.0,"enemies":"Slavers","floor":29.0,"turns":1.0},{"damage":0.0,"enemies":"Book of Stabbing","floor":30.0,"turns":1.0},{"damage":0.0,"enemies":"Slavers","floor":31.0,"turns":1.0},{"damage":0.0,"enemies":"Champ","floor":33.0,"turns":2.0},{"damage":0.0,"enemies":"Orb Walker","floor":35.0,"turns":1.0},{"damage":0.0,"enemies":"3 Shapes","floor":37.0,"turns":1.0},{"damage":0.0,"enemies":"Giant Head","floor":40.0,"turns":1.0},{"damage":0.0,"enemies":"Reptomancer","floor":41.0,"turns":1.0},{"damage":0.0,"enemies":"Giant Head","floor":42.0,"turns":2.0},{"damage":0.0,"enemies":"Reptomancer","floor":44.0,"turns":1.0},{"damage":0.0,"enemies":"Giant Head","floor":46.0,"turns":1.0},{"damage":0.0,"enemies":"Reptomancer","floor":48.0,"turns":1.0},{"damage":0.0,"enemies":"Awakened One","floor":50.0,"turns":2.0},{"damage":0.0,"enemies":"Donu and Deca","floor":51.0,"turns":1.0},{"damage":0.0,"enemies":"Shield and Spear","floor":55.0,"turns":1.0},{"damage":0,"enemies":"The Heart","floor":56,"turns":4}],"seed_played":"648687671585374486","potions_obtained":[{"floor":7.0,"key":"AttackPotion"},{"floor":8.0,"key":"SneckoOil"},{"floor":13.0,"key":"ColorlessPotion"},{"floor":14.0,"key":"PowerPotion"},{"floor":27.0,"key":"DistilledChaos"},{"floor":28.0,"key":"LiquidMemories"},{"floor":29.0,"key":"AttackPotion"},{"floor":30.0,"key":"PowerPotion"},{"floor":31.0,"key":"FearPotion"}],"is_trial":true,"path_per_floor":["M","M","$","?","?","E","E","E","T","E","E","E","E","M","R","B",null,"M","?","?","?","M","E","E","E","T","E","E","E","E","E","R","B",null,"M","$","M","?","?","E","E","E","T","E","R","E","$","E","R","B","B",null,"R","$","E","B",null],"character_chosen":"THE_SILENT","items_purchased":["Reflex","Membership Card","Ice Cream","Medical Kit","Juzu Bracelet","Terror","Panacea","Incense Burner","Pen Nib","TwistedFunnel","Strength Potion","SpeedPotion"],"campfire_rested":0,"item_purchase_floors":[3,36,36,47,47,47,47,54,54,54,54,54],"current_hp_per_floor":[59,59,59,48,37,37,37,37,37,37,37,37,37,31,31,31,57,57,36,36,36,36,36,36,36,36,36,36,36,36,36,36,38,59,61,61,77,77,76,76,76,76,76,76,76,76,76,76,76,76,76,76,76,76,76,76],"gold":3358,"neow_bonus":"","is_daily":false,"chose_seed":false,"campfire_upgraded":4,"win_rate":0.0,"timestamp":1609500534,"path_taken":["M","?","$","?","?","E","E","E","T","E","E","E","E","M","R","BOSS","M","?","?","?","?","E","E","E","T","E","E","E","E","E","R","BOSS","M","$","?","?","?","E","E","E","T","E","R","E","$","E","R","BOSS","BOSS","R","$","E","BOSS"],"items_purchased_type":["Card","Relic","Relic","Relic","Relic","Card","Card","Relic","Relic","Relic","Potion","Potion"],"build_version":"2020-12-22","purchased_purges":3,"victory":true,"max_hp_per_floor":[66,66,66,66,66,66,66,66,66,66,66,66,66,66,66,66,66,66,66,66,66,66,66,66,66,66,66,66,66,66,66,66,66,66,66,66,80,80,76,76,76,76,76,76,76,76,76,76,76,76,76,76,76,76,76,76],"card_choices":[{"not_picked":["Catalyst","Sucker Punch"],"picked":"Acrobatics","floor":1.0},{"not_picked":["Outmaneuver","Poisoned Stab","Distraction"],"picked":"SKIP","floor":2.0},{"not_picked":["Tools of the Trade","Wraith Form v2"],"picked":"Grand Finale","floor":6.0},{"not_picked":["Wraith Form v2","Glass Knife","Corpse Explosion"],"picked":"SKIP","floor":7.0},{"not_picked":["Night Terror","Burst","Bullet Time"],"picked":"SKIP","floor":8.0},{"not_picked":["Unload","Glass Knife"],"picked":"After Image","floor":10.0},{"not_picked":["Grand Finale","Night Terror","Bullet Time"],"picked":"SKIP","floor":11.0},{"not_picked":["Venomology","Bullet Time","Grand Finale"],"picked":"SKIP","floor":12.0},{"not_picked":["A Thousand Cuts","AT_EssenceShift","AT_MyraUnstableElement"],"picked":"SKIP","floor":13.0},{"not_picked":["A Thousand Cuts","AT_EssenceShift","AT_MyraUnstableElement"],"picked":"SKIP","floor":13.0},{"not_picked":["Concentrate","PiercingWail","Slice"],"picked":"SKIP","floor":14.0},{"not_picked":["Die Die Die","Night Terror"],"picked":"Adrenaline","floor":16.0},{"not_picked":["Poisoned Stab","Underhanded Strike"],"picked":"Backflip","floor":18.0},{"not_picked":["Sucker Punch","Finisher","All Out Attack+1"],"picked":"SKIP","floor":22.0},{"not_picked":["Phantasmal Killer","Corpse Explosion","AT_EssenceShift+1"],"picked":"SKIP","floor":23.0},{"not_picked":["Storm of Steel","Burst","Die Die Die"],"picked":"SKIP","floor":24.0},{"not_picked":["Envenom+1","Storm of Steel","Tools of the Trade+1"],"picked":"SKIP","floor":25.0},{"not_picked":["Grand Finale","Wraith Form v2+1","Envenom+1"],"picked":"SKIP","floor":27.0},{"not_picked":["Envenom+1","Wraith Form v2+1","AT_EssenceShift+1"],"picked":"SKIP","floor":28.0},{"not_picked":["Unload","After Image+1","Adrenaline"],"picked":"SKIP","floor":29.0},{"not_picked":["Grand Finale","AT_MyraUnstableElement"],"picked":"Malaise","floor":30.0},{"not_picked":["Bullet Time","AT_EssenceShift+1","Malaise"],"picked":"SKIP","floor":31.0},{"not_picked":["Quick Slash","Flying Knee","Outmaneuver"],"picked":"AT_Desolate+1","floor":35.0},{"not_picked":["Bane","Underhanded Strike+1","Quick Slash","Poisoned Stab"],"picked":"SKIP","floor":37.0},{"not_picked":["Die Die Die","Glass Knife","Burst","Venomology"],"picked":"SKIP","floor":40.0},{"not_picked":["Tools of the Trade+1","Phantasmal Killer","Envenom+1","Venomology"],"picked":"SKIP","floor":41.0},{"not_picked":["Grand Finale","Unload","Night Terror","Die Die Die"],"picked":"SKIP","floor":42.0},{"not_picked":["Venomology","Wraith Form v2+1","Storm of Steel","AT_MyraUnstableElement"],"picked":"SKIP","floor":44.0},{"not_picked":["Malaise","Doppelganger","Night Terror","Die Die Die"],"picked":"SKIP","floor":46.0},{"not_picked":["AT_MyraUnstableElement","Phantasmal Killer","After Image+1","Adrenaline"],"picked":"SKIP","floor":48.0},{"not_picked":["AT_MyraUnstableElement","Phantasmal Killer","Adrenaline"],"picked":"After Image+1","floor":48.0},{"not_picked":["Corpse Explosion","Phantasmal Killer","AT_MyraUnstableElement","Wraith Form v2+1"],"picked":"SKIP","floor":55.0}],"player_experience":310844,"relics_obtained":[{"floor":6.0,"key":"AT_GuinsooRageblade"},{"floor":7.0,"key":"StrikeDummy"},{"floor":8.0,"key":"AT_RabadonDeathcap"},{"floor":9.0,"key":"Akabeko"},{"floor":10.0,"key":"AT_MibuBalloonWealth"},{"floor":11.0,"key":"Tough Bandages"},{"floor":12.0,"key":"Matryoshka"},{"floor":13.0,"key":"AT_ImmortalShieldbow"},{"floor":19.0,"key":"Nilry\u0027s Codex"},{"floor":23.0,"key":"Frozen Egg 2"},{"floor":24.0,"key":"White Beast Statue"},{"floor":25.0,"key":"Torii"},{"floor":26.0,"key":"AT_BellDemon"},{"floor":26.0,"key":"Vajra"},{"floor":27.0,"key":"Oddly Smooth Stone"},{"floor":27.0,"key":"AT_SunfireAegis"},{"floor":28.0,"key":"AT_TheCollector"},{"floor":28.0,"key":"AT_ForceNature"},{"floor":29.0,"key":"Happy Flower"},{"floor":29.0,"key":"Potion Belt"},{"floor":30.0,"key":"Bird Faced Urn"},{"floor":30.0,"key":"Du-Vu Doll"},{"floor":31.0,"key":"Boot"},{"floor":31.0,"key":"Question Card"},{"floor":33.0,"key":"AT_RedTearstoneRing"},{"floor":37.0,"key":"Mango"},{"floor":40.0,"key":"Ornamental Fan"},{"floor":40.0,"key":"Sundial"},{"floor":41.0,"key":"Old Coin"},{"floor":41.0,"key":"Orichalcum"},{"floor":42.0,"key":"Centennial Puzzle"},{"floor":42.0,"key":"Gremlin Horn"},{"floor":43.0,"key":"AT_EbonyIvory"},{"floor":44.0,"key":"Mercury Hourglass"},{"floor":46.0,"key":"AT_Kusabimaru"},{"floor":46.0,"key":"Thread and Needle"},{"floor":48.0,"key":"StoneCalendar"},{"floor":48.0,"key":"Regal Pillow"},{"floor":55.0,"key":"AT_ArchangelStaff"},{"floor":55.0,"key":"Lizard Tail"}],"event_choices":[{"damage_healed":0.0,"max_hp_gain":0.0,"max_hp_loss":0.0,"gold_gain":0.0,"event_name":"Scrap Ooze","player_choice":"Success","floor":4.0,"gold_loss":0.0,"damage_taken":11.0,"relics_obtained":["Art of War"]},{"damage_healed":0.0,"max_hp_gain":0.0,"max_hp_loss":0.0,"gold_gain":75.0,"event_name":"World of Goop","player_choice":"Gather Gold","floor":5.0,"gold_loss":0.0,"damage_taken":11.0},{"damage_healed":0.0,"max_hp_gain":0.0,"max_hp_loss":0.0,"gold_gain":0.0,"event_name":"Cursed Tome","player_choice":"Obtained Book","floor":19.0,"gold_loss":0.0,"damage_taken":21.0},{"damage_healed":0.0,"max_hp_gain":0.0,"max_hp_loss":0.0,"gold_gain":0.0,"event_name":"Drug Dealer","player_choice":"Inject Mutagens","floor":20.0,"gold_loss":0.0,"damage_taken":0.0,"relics_obtained":["MutagenicStrength"]},{"damage_healed":0.0,"max_hp_gain":0.0,"max_hp_loss":0.0,"gold_gain":0.0,"event_name":"The Library","player_choice":"Read","floor":21.0,"gold_loss":0.0,"damage_taken":0.0,"cards_obtained":["AT_ShadowStep"]},{"damage_healed":0.0,"max_hp_gain":0.0,"max_hp_loss":0.0,"gold_gain":0.0,"event_name":"Tomb of Lord Red Mask","player_choice":"Ignored","floor":38.0,"gold_loss":0.0,"damage_taken":0.0},{"damage_healed":0.0,"max_hp_gain":0.0,"max_hp_loss":4.0,"gold_gain":0.0,"event_name":"Winding Halls","player_choice":"Max HP","floor":39.0,"gold_loss":0.0,"damage_taken":0.0}],"is_beta":false,"boss_relics":[{"not_picked":["Busted Crown","Fusion Hammer"],"picked":"Philosopher\u0027s Stone"},{"not_picked":["Velvet Choker","AT_MortalBlade"],"picked":"Runic Pyramid"}],"items_purged_floors":[36,47,54],"is_endless":false,"potions_floor_spawned":[7,8,10,13,14,16,22,25,27,28,29,30,31,33,35,37,40,41,42,44,46,48,55],"ascension_level":20}}