{"host":"f5n4tidiz2n5sooh","time":1609461508,"event":{"mods":["BaseMod","Bestiary","Colored Map","Minty Spire (QoL Compilation)","Relic Stats","StSLib"],"gold_per_floor":[115,130,148,148,148,148,181,197,197,197,5,5,5,35,35,114,114,133,153,153,164,2,2,2,2,49,65,90,90,90],"floor_reached":29,"playtime":1046,"items_purged":[],"score":502,"play_id":"8d2f49c7-32b7-440d-85ec-e431e9d0ec0f","local_time":"20201231183828","is_ascension_mode":true,"campfire_choices":[{"data":"Shockwave","floor":6,"key":"SMITH"},{"data":"Flex","floor":10,"key":"SMITH"},{"data":"Second Wind","floor":12,"key":"SMITH"},{"floor":15,"key":"REST"},{"data":"Bash","floor":23,"key":"SMITH"},{"data":"Offering","floor":25,"key":"SMITH"}],"circlet_count":0,"master_deck":["AscendersBane","Strike_R","Strike_R","Defend_R","Defend_R","Defend_R","Defend_R","Bash+1","Shockwave+1","Second Wind+1","Flex+1","Offering+1","Body Slam+1","Wild Strike+1","Bludgeon+1","Corruption","Pommel Strike+1","Whirlwind+1"],"relics":["SlaversCollar","Molten Egg 2","Self Forming Clay","Bag of Preparation","Singing Bowl","Paper Frog","Black Star","MutagenicStrength","OrangePellets","Meat on the Bone","White Beast Statue"],"acts_visited":["Exordium","TheCity"],"potions_floor_usage":[7,8,28,29,29],"damage_taken":[{"damage":4,"enemies":"Small Slimes","floor":1,"turns":3},{"damage":9,"enemies":"Jaw Worm","floor":2,"turns":3},{"damage":0,"enemies":"Cultist","floor":3,"turns":3},{"damage":13,"enemies":"Lagavulin","floor":7,"turns":8},{"damage":10,"enemies":"Red Slaver","floor":8,"turns":4},{"damage":13,"enemies":"Gremlin Nob","floor":14,"turns":4},{"damage":32,"enemies":"Slime Boss","floor":16,"turns":7},{"damage":6,"enemies":"Shell Parasite","floor":18,"turns":2},{"damage":6,"enemies":"Chosen","floor":19,"turns":2},{"damage":6,"enemies":"Snecko","floor":21,"turns":4},{"damage":18,"enemies":"Snake Plant","floor":27,"turns":3},{"damage":17,"enemies":"Slavers","floor":28,"turns":3},{"damage":16,"enemies":"Sentry and Sphere","floor":29,"turns":3}],"seed_played":"4573124515114234939","potions_obtained":[{"floor":1,"key":"BlessingOfTheForge"},{"floor":7,"key":"Fire Potion"},{"floor":8,"key":"SpeedPotion"},{"floor":18,"key":"Weak Potion"},{"floor":28,"key":"Weak Potion"}],"is_trial":false,"path_per_floor":["M","M","M","?","?","R","E","M","T","R","$","R","T","E","R","B",null,"M","M","?","M","$","R","?","R","T","M","E","M"],"character_chosen":"IRONCLAD","items_purchased":["Bag of Preparation","Wild Strike+1","OrangePellets"],"campfire_rested":1,"item_purchase_floors":[11,11,22],"current_hp_per_floor":[64,55,55,55,55,55,42,32,32,32,32,32,32,19,41,9,59,53,49,49,43,43,43,43,43,43,27,12,0,0],"gold":90,"neow_bonus":"BOSS_RELIC","is_daily":false,"chose_seed":false,"campfire_upgraded":5,"win_rate":0.0,"timestamp":1609461508,"path_taken":["M","M","M","?","?","R","E","?","T","R","?","R","?","E","R","BOSS","M","M","?","M","$","R","?","R","T","?","E","?"],"items_purchased_type":["Relic","Card","Relic"],"build_version":"2020-12-22","purchased_purges":0,"victory":false,"max_hp_per_floor":[75,75,75,75,75,75,75,75,75,75,75,75,75,75,75,75,75,75,77,77,77,77,77,77,77,77,79,81,81,81],"relic_stats":{"OrangePellets":[2],"Singing Bowl":6,"counters":[13,49],"Self Forming Clay":[48],"Bag of Preparation":[16],"Black Star":1,"obtain_stats":[{"SlaversCollar":0,"OrangePellets":22,"Singing Bowl":13,"Self Forming Clay":9,"MutagenicStrength":20,"Molten Egg 2":7,"Bag of Preparation":11,"Black Star":17,"Burning Blood":0,"White Beast Statue":28,"Paper Frog":14,"Meat on the Bone":28},{"SlaversCollar":0,"OrangePellets":10,"Singing Bowl":5,"Self Forming Clay":5,"MutagenicStrength":9,"Molten Egg 2":4,"Bag of Preparation":5,"Black Star":7,"Burning Blood":0,"White Beast Statue":12,"Paper Frog":6,"Meat on the Bone":12},{"SlaversCollar":0,"OrangePellets":40,"Singing Bowl":21,"Self Forming Clay":21,"MutagenicStrength":36,"Molten Egg 2":17,"Bag of Preparation":21,"Black Star":32,"Burning Blood":0,"White Beast Statue":46,"Paper Frog":25,"Meat on the Bone":46}],"Meat on the Bone":0},"card_choices":[{"not_picked":["Headbutt","Sword Boomerang"],"picked":"Shockwave","floor":1},{"not_picked":["Infernal Blade","Intimidate","Body Slam"],"picked":"SKIP","floor":2},{"not_picked":["Armaments","Metallicize"],"picked":"Second Wind","floor":3},{"not_picked":["Sever Soul+1","Armaments"],"picked":"Offering","floor":7},{"not_picked":["Warcry","Rupture"],"picked":"Body Slam+1","floor":8},{"not_picked":["Havoc","Perfected Strike+1"],"picked":"Bludgeon+1","floor":14},{"not_picked":["Immolate+1","Exhume"],"picked":"Corruption","floor":16},{"not_picked":["Flex","Havoc"],"picked":"Pommel Strike+1","floor":18},{"not_picked":["Flex","Cleave+1","True Grit"],"picked":"Singing Bowl","floor":19},{"not_picked":["Shrug It Off","Metallicize"],"picked":"Whirlwind+1","floor":21},{"not_picked":["Sword Boomerang+1","Perfected Strike+1","Warcry"],"picked":"Singing Bowl","floor":27},{"not_picked":["Combust","Warcry","Clash+1"],"picked":"Singing Bowl","floor":28}],"player_experience":1957085,"relics_obtained":[{"floor":7,"key":"Molten Egg 2"},{"floor":9,"key":"Self Forming Clay"},{"floor":13,"key":"Singing Bowl"},{"floor":14,"key":"Paper Frog"},{"floor":28,"key":"Meat on the Bone"},{"floor":28,"key":"White Beast Statue"}],"event_choices":[{"damage_healed":0,"gold_gain":0,"cards_transformed":["Strike_R"],"player_choice":"Change","damage_taken":0,"max_hp_gain":0,"max_hp_loss":0,"event_name":"Living Wall","floor":4,"gold_loss":0,"cards_obtained":["Flex"]},{"cards_removed":["Strike_R"],"damage_healed":0,"gold_gain":0,"player_choice":"Purged","damage_taken":0,"max_hp_gain":0,"max_hp_loss":0,"event_name":"Purifier","floor":5,"gold_loss":0},{"damage_healed":0,"gold_gain":0,"player_choice":"Inject Mutagens","damage_taken":0,"relics_obtained":["MutagenicStrength"],"max_hp_gain":0,"max_hp_loss":0,"event_name":"Drug Dealer","floor":20,"gold_loss":0},{"cards_removed":["Strike_R"],"damage_healed":0,"gold_gain":0,"player_choice":"Offered Basic","damage_taken":0,"max_hp_gain":0,"max_hp_loss":0,"event_name":"Bonfire Elementals","floor":24,"gold_loss":0}],"is_beta":false,"boss_relics":[{"not_picked":["Mark of Pain","Philosopher\u0027s Stone"],"picked":"Black Star"}],"items_purged_floors":[],"is_endless":false,"potions_floor_spawned":[1,7,8,18,19,28],"killed_by":"Sentry and Sphere","ascension_level":20}}