{"host":"9n6i2vl93jt4o42q","time":1609466818,"event":{"mods":["BaseMod","Minty Spire (QoL Compilation)","Relic Stats"],"gold_per_floor":[109,24,44,56,71,71,98,116,116,116,126,126,142,192,192,263,263,281,291,307,307,307,307,307,307,307],"floor_reached":25,"playtime":2228,"items_purged":[],"score":410,"play_id":"714b23ea-e1bc-4968-99f9-4a98faf34fe7","local_time":"20210101030658","is_ascension_mode":true,"campfire_choices":[{"data":"Bane","floor":6.0,"key":"SMITH"},{"data":"Deadly Poison","floor":10.0,"key":"SMITH"},{"data":"Leg Sweep","floor":12.0,"key":"SMITH"},{"floor":15.0,"key":"REST"},{"floor":24.0,"key":"REST"}],"circlet_count":0,"master_deck":["AscendersBane","Strike_G","Strike_G","Strike_G","Strike_G","Strike_G","Defend_G","Defend_G","Defend_G","Defend_G","Defend_G","Survivor","Neutralize","Backflip","Leg Sweep+1","Crippling Poison","Slice","Bane+1","Flying Knee","Deadly Poison+1","Backflip","Venomology","Dagger Spray","Writhe","RitualDagger"],"relics":["Ring of the Snake","NeowsBlessing","Pocketwatch","Mercury Hourglass","Velvet Choker","StoneCalendar","Sundial"],"acts_visited":["Exordium","TheCity"],"potions_floor_usage":[25,25],"damage_taken":[{"damage":0.0,"enemies":"2 Louse","floor":1.0,"turns":1.0},{"damage":0.0,"enemies":"Cultist","floor":3.0,"turns":1.0},{"damage":0.0,"enemies":"Small Slimes","floor":4.0,"turns":1.0},{"damage":3.0,"enemies":"2 Fungi Beasts","floor":5.0,"turns":5.0},{"damage":14.0,"enemies":"3 Sentries","floor":7.0,"turns":8.0},{"damage":22.0,"enemies":"Exordium Thugs","floor":8.0,"turns":5.0},{"damage":0.0,"enemies":"Looter","floor":11.0,"turns":3.0},{"damage":11.0,"enemies":"3 Louse","floor":13.0,"turns":2.0},{"damage":11.0,"enemies":"The Guardian","floor":16.0,"turns":11.0},{"damage":6.0,"enemies":"Chosen","floor":18.0,"turns":6.0},{"damage":6.0,"enemies":"Spheric Guardian","floor":19.0,"turns":6.0},{"damage":21.0,"enemies":"Snake Plant","floor":20.0,"turns":5.0},{"damage":37,"enemies":"Book of Stabbing","floor":25,"turns":5}],"seed_played":"1507641076108410503","potions_obtained":[{"floor":3.0,"key":"DistilledChaos"},{"floor":4.0,"key":"Swift Potion"},{"floor":13.0,"key":"Block Potion"},{"floor":19.0,"key":"AttackPotion"}],"is_trial":false,"path_per_floor":["M","$","M","M","M","R","E","M","T","R","M","R","M","?","R","B",null,"M","M","M","?","?","?","R","E"],"character_chosen":"THE_SILENT","items_purchased":["Leg Sweep"],"campfire_rested":2,"item_purchase_floors":[2],"current_hp_per_floor":[59,59,59,59,56,56,42,20,20,20,20,20,9,9,28,17,54,48,42,21,21,15,15,34,0,0],"gold":307,"neow_bonus":"THREE_ENEMY_KILL","is_daily":false,"chose_seed":false,"campfire_upgraded":3,"win_rate":0.0,"timestamp":1609466818,"path_taken":["M","$","M","M","M","R","E","M","T","R","M","R","M","?","R","BOSS","M","?","M","?","?","?","R","E"],"items_purchased_type":["Card"],"build_version":"2020-12-22","purchased_purges":0,"victory":false,"max_hp_per_floor":[66,66,66,66,66,66,66,66,66,66,66,66,66,66,66,66,66,66,66,66,66,66,66,66,66,66],"relic_stats":{"counters":[13,59],"Sundial":[0],"StoneCalendar":[0],"obtain_stats":[{"NeowsBlessing":0,"Sundial":23,"Velvet Choker":17,"StoneCalendar":21,"Ring of the Snake":0,"Pocketwatch":7,"Mercury Hourglass":9},{"NeowsBlessing":0,"Sundial":12,"Velvet Choker":9,"StoneCalendar":12,"Ring of the Snake":0,"Pocketwatch":5,"Mercury Hourglass":6},{"NeowsBlessing":0,"Sundial":54,"Velvet Choker":37,"StoneCalendar":54,"Ring of the Snake":0,"Pocketwatch":16,"Mercury Hourglass":21}],"Ring of the Snake":[26],"Pocketwatch":[57],"Mercury Hourglass":[99]},"card_choices":[{"not_picked":["PiercingWail","Choke"],"picked":"Backflip","floor":1.0},{"not_picked":["Cloak And Dagger","Expertise"],"picked":"Crippling Poison","floor":3.0},{"not_picked":["Deflect","Backflip"],"picked":"Slice","floor":4.0},{"not_picked":["Tactician","Backflip"],"picked":"Bane","floor":5.0},{"not_picked":["After Image","Concentrate"],"picked":"Flying Knee","floor":7.0},{"not_picked":["Acrobatics","Dagger Throw"],"picked":"Deadly Poison","floor":8.0},{"not_picked":["Choke","Masterful Stab","Bane"],"picked":"SKIP","floor":11.0},{"not_picked":["Quick Slash","Crippling Poison"],"picked":"Backflip","floor":13.0},{"not_picked":["Unload","Night Terror"],"picked":"Venomology","floor":16.0},{"not_picked":["Slice+1","Endless Agony","Blade Dance"],"picked":"SKIP","floor":18.0},{"not_picked":["Underhanded Strike","Dodge and Roll"],"picked":"Dagger Spray","floor":19.0},{"not_picked":["Riddle With Holes","Dagger Spray","Bane"],"picked":"SKIP","floor":20.0}],"player_experience":2004855,"relics_obtained":[{"floor":7.0,"key":"Pocketwatch"},{"floor":9.0,"key":"Mercury Hourglass"}],"event_choices":[{"damage_healed":0.0,"max_hp_gain":0.0,"max_hp_loss":0.0,"gold_gain":50.0,"event_name":"Golden Shrine","player_choice":"Pray","floor":14.0,"gold_loss":0.0,"damage_taken":0.0},{"damage_healed":0.0,"max_hp_gain":0.0,"max_hp_loss":0.0,"gold_gain":0.0,"event_name":"The Mausoleum","player_choice":"Opened","floor":21.0,"gold_loss":0.0,"damage_taken":0.0,"relics_obtained":["StoneCalendar"],"cards_obtained":["Writhe"]},{"damage_healed":0.0,"max_hp_gain":0.0,"max_hp_loss":0.0,"gold_gain":0.0,"event_name":"Nest","player_choice":"Joined the Cult","floor":22.0,"gold_loss":0.0,"damage_taken":6.0,"cards_obtained":["RitualDagger"]},{"damage_healed":0.0,"max_hp_gain":0.0,"max_hp_loss":0.0,"gold_gain":0.0,"event_name":"WeMeetAgain","player_choice":"Gave Potion","floor":23.0,"gold_loss":0.0,"damage_taken":0.0,"relics_obtained":["Sundial"]}],"is_beta":false,"boss_relics":[{"not_picked":["Pandora\u0027s Box","Busted Crown"],"picked":"Velvet Choker"}],"items_purged_floors":[],"is_endless":false,"potions_floor_spawned":[3,4,13,16,19],"killed_by":"Book of Stabbing","ascension_level":20}}