{"host":"4w8ocelhatf0iefc","time":1609465704,"event":{"mods":["AchievementEnabler","Act Like it!","Aspiration","BaseMod","Colored Map","Colored Powertips","Downfall","GifTheSpireLib","Hubris","Minty Spire (QoL Compilation)","Replay The Spire","StSLib","The Cursed","vexMod"],"gold_per_floor":[117,137,137,148,148,148,177,177,177,201,3,34,53,18,18,18,18],"floor_reached":16,"playtime":404,"items_purged":[],"score":124,"play_id":"2c3c3997-afc6-462f-9106-74c02c1c3c50","local_time":"20210101094824","is_ascension_mode":true,"campfire_choices":[{"data":"Eruption","floor":6,"key":"SMITH"},{"floor":15,"key":"REST"}],"circlet_count":0,"master_deck":["Strike_P","Strike_P","Strike_P+1","Strike_P","Defend_P","Defend_P","Defend_P","Defend_P","Eruption+1","Vigilance","BowlingBash+1","MentalFortress+1","FlurryOfBlows","DeceiveReality","Injury","Consecrate","LikeWater","ClearTheMind"],"relics":["PureWater","aspiration:Nostalgia","Slimebound:AbsorbEndCombat","White Beast Statue","Golden Idol","Question Card","Centennial Puzzle","ClockworkSouvenir","Replay:Bottled Snecko"],"acts_visited":["Exordium"],"potions_floor_usage":[7,12,13,16],"damage_taken":[{"damage":13,"enemies":"Jaw Worm","floor":1,"turns":5},{"damage":0,"enemies":"Small Slimes","floor":2,"turns":3},{"damage":9,"enemies":"2 Louse","floor":4,"turns":2},{"damage":16,"enemies":"Lagavulin","floor":7,"turns":5},{"damage":8,"enemies":"Gremlin Nob","floor":12,"turns":3},{"damage":0,"enemies":"Large Slime","floor":13,"turns":6},{"damage":53,"enemies":"The Guardian","floor":16,"turns":9}],"seed_played":"7224629102367980459","potions_obtained":[{"floor":1,"key":"BottledMiracle"},{"floor":7,"key":"SpeedPotion"},{"floor":12,"key":"Adrenaline Potion"},{"floor":13,"key":"Venom Potion"}],"is_trial":false,"path_per_floor":["M","M","?","M","?","R","E","?","T","T","$","E","M","?","R","B"],"character_chosen":"WATCHER","items_purchased":["ClockworkSouvenir","Consecrate"],"campfire_rested":1,"item_purchase_floors":[11,11],"current_hp_per_floor":[59,59,59,50,36,36,20,20,20,20,20,12,12,30,51,0,0],"gold":18,"neow_bonus":"NOSTALGIA","is_daily":false,"chose_seed":false,"campfire_upgraded":1,"win_rate":0.0,"timestamp":1609465704,"path_taken":["M","M","?","M","?","R","E","?","T","?","$","E","M","?","R","BOSS"],"items_purchased_type":["Relic","Card"],"build_version":"2020-12-22","purchased_purges":0,"victory":false,"max_hp_per_floor":[72,72,72,72,72,72,72,72,72,72,72,72,72,72,72,72,72],"card_choices":[{"not_picked":["WreathOfFlame","Consecrate"],"picked":"BowlingBash","floor":1},{"not_picked":["JustLucky","Halt"],"picked":"MentalFortress","floor":2},{"not_picked":["Crescendo","EmptyBody"],"picked":"FlurryOfBlows","floor":4},{"not_picked":["ThirdEye","Prostrate"],"picked":"DeceiveReality","floor":7},{"not_picked":["Replay:AllIn","Replay:BluntJabs","Replay:ManipulateFuture"],"picked":"LikeWater","floor":12},{"not_picked":["SignatureMove","Halt","Consecrate"],"picked":"ClearTheMind","floor":13}],"player_experience":512865,"relics_obtained":[{"floor":7,"key":"White Beast Statue"},{"floor":9,"key":"Question Card"},{"floor":10,"key":"Centennial Puzzle"},{"floor":12,"key":"Replay:Bottled Snecko"}],"event_choices":[{"damage_healed":0,"gold_gain":0,"player_choice":"Entered Light","damage_taken":14,"max_hp_gain":0,"max_hp_loss":0,"event_name":"Shining Light","floor":5,"gold_loss":0,"cards_upgraded":["MentalFortress","Strike_P"]},{"damage_healed":0,"gold_gain":0,"player_choice":"Take Wound","damage_taken":0,"relics_obtained":["Golden Idol"],"max_hp_gain":0,"max_hp_loss":0,"event_name":"Golden Idol","floor":8,"gold_loss":0,"cards_obtained":["Injury"]},{"damage_healed":18,"gold_gain":0,"player_choice":"Healed","damage_taken":0,"max_hp_gain":0,"max_hp_loss":0,"event_name":"The Cleric","floor":14,"gold_loss":35}],"is_beta":false,"boss_relics":[],"items_purged_floors":[],"is_endless":false,"potions_floor_spawned":[1,7,12,13],"killed_by":"The Guardian","ascension_level":3}}