{"host":"2lrkmsuh7nz013qb","time":1609483801,"event":{"mods":["BaseMod","Colored Map","DeckTracker","Minty Spire (QoL Compilation)","SuperFastMode","everything is the same but u backflip on backflip"],"gold_per_floor":[118,128,139,150,150,150,176,176,176,176,188,188,203,220,220,293,293,311,322,247,267,167,167,195,208,261,261,136,136,136,136],"floor_reached":30,"playtime":1048,"items_purged":["Strike_G","Strike_G","Strike_G"],"score":604,"play_id":"ea54f8a8-428c-4b5e-8910-8ace545eec14","local_time":"20210101155001","is_ascension_mode":true,"campfire_choices":[{"data":"Deadly Poison","floor":6,"key":"SMITH"},{"data":"Neutralize","floor":8,"key":"SMITH"},{"floor":12,"key":"REST"},{"data":"Reflex","floor":15,"key":"SMITH"},{"floor":23,"key":"REST"},{"floor":29,"key":"REST"}],"circlet_count":0,"master_deck":["AscendersBane","Defend_G","Defend_G","Defend_G","Defend_G","Defend_G","Survivor","Neutralize+1","Tools of the Trade","Poisoned Stab","Poisoned Stab","Deadly Poison+1","Crippling Poison","Reflex+1","Malaise","Adrenaline","Reflex+1","Concentrate+1","Deadly Poison+1"],"relics":["Ring of the Snake","Art of War","Regal Pillow","Fusion Hammer","Eternal Feather","Blood Vial"],"acts_visited":["Exordium","TheCity"],"potions_floor_usage":[7,16,24,24],"damage_taken":[{"damage":3,"enemies":"Small Slimes","floor":1,"turns":4},{"damage":2,"enemies":"Jaw Worm","floor":2,"turns":5},{"damage":0,"enemies":"Cultist","floor":3,"turns":3},{"damage":3,"enemies":"2 Fungi Beasts","floor":4,"turns":4},{"damage":22,"enemies":"3 Sentries","floor":7,"turns":10},{"damage":15,"enemies":"Exordium Thugs","floor":11,"turns":5},{"damage":2,"enemies":"Red Slaver","floor":13,"turns":4},{"damage":2,"enemies":"Blue Slaver","floor":14,"turns":4},{"damage":0,"enemies":"Hexaghost","floor":16,"turns":12},{"damage":28,"enemies":"2 Thieves","floor":18,"turns":4},{"damage":7,"enemies":"Shell Parasite","floor":19,"turns":6},{"damage":0,"enemies":"Snecko","floor":21,"turns":8},{"damage":37,"enemies":"Gremlin Leader","floor":24,"turns":7},{"damage":10,"enemies":"Snake Plant","floor":25,"turns":4},{"damage":87,"enemies":"Slavers","floor":30,"turns":9}],"seed_played":"-3794343953266105818","potions_obtained":[{"floor":1,"key":"CunningPotion"},{"floor":7,"key":"Strength Potion"},{"floor":13,"key":"Block Potion"},{"floor":16,"key":"Strength Potion"},{"floor":24,"key":"FairyPotion"}],"is_trial":false,"path_per_floor":["M","M","M","M","?","R","E","R","T","?","M","R","M","M","R","B",null,"M","M","$","M","$","R","E","M","T","?","$","R","E"],"character_chosen":"THE_SILENT","items_purchased":[],"campfire_rested":3,"item_purchase_floors":[],"current_hp_per_floor":[56,54,54,51,44,44,22,22,22,22,7,41,39,37,37,37,59,31,24,24,24,24,58,21,11,11,11,11,54,0,0],"gold":136,"neow_bonus":"ONE_RANDOM_RARE_CARD","is_daily":false,"chose_seed":false,"campfire_upgraded":3,"win_rate":0.0,"timestamp":1609483801,"path_taken":["M","M","M","M","?","R","E","R","T","?","M","R","?","M","R","BOSS","M","M","$","M","$","R","E","M","T","?","?","R","E"],"items_purchased_type":[],"build_version":"2020-12-22","purchased_purges":3,"victory":false,"max_hp_per_floor":[66,66,66,66,66,66,66,66,66,66,66,66,66,66,66,66,66,66,66,66,66,66,66,66,66,66,66,66,66,66,66],"card_choices":[{"not_picked":["Flying Knee","Dodge and Roll"],"picked":"Poisoned Stab","floor":1},{"not_picked":["Leg Sweep","Slice"],"picked":"Poisoned Stab","floor":2},{"not_picked":["PiercingWail","Calculated Gamble"],"picked":"Deadly Poison","floor":3},{"not_picked":["All Out Attack","Outmaneuver"],"picked":"Crippling Poison","floor":4},{"not_picked":["Quick Slash","Bane","Underhanded Strike"],"picked":"SKIP","floor":7},{"not_picked":["Blade Dance","Deflect"],"picked":"Reflex","floor":11},{"not_picked":["Cloak And Dagger","Sucker Punch","Choke"],"picked":"SKIP","floor":13},{"not_picked":["Poisoned Stab","Backflip"],"picked":"Malaise","floor":14},{"not_picked":["Burst","Phantasmal Killer"],"picked":"Adrenaline","floor":16},{"not_picked":["Acrobatics","Underhanded Strike+1","Dagger Throw+1"],"picked":"SKIP","floor":18},{"not_picked":["Dagger Spray","Quick Slash"],"picked":"Reflex+1","floor":19},{"not_picked":["Night Terror","Dagger Throw","Outmaneuver"],"picked":"SKIP","floor":21},{"not_picked":["Dagger Spray","Flying Knee","Storm of Steel"],"picked":"SKIP","floor":24},{"not_picked":["Prepared","Acrobatics"],"picked":"Concentrate+1","floor":25}],"player_experience":714088,"relics_obtained":[{"floor":7,"key":"Art of War"},{"floor":9,"key":"Regal Pillow"},{"floor":24,"key":"Eternal Feather"},{"floor":26,"key":"Blood Vial"}],"event_choices":[{"cards_removed":["Strike_G"],"damage_healed":0,"gold_gain":0,"player_choice":"Card Removal","damage_taken":7,"max_hp_gain":0,"max_hp_loss":0,"event_name":"Golden Wing","floor":5,"gold_loss":0},{"cards_removed":["Strike_G"],"damage_healed":0,"gold_gain":0,"player_choice":"Purged","damage_taken":0,"max_hp_gain":0,"max_hp_loss":0,"event_name":"Purifier","floor":10,"gold_loss":0},{"damage_healed":0,"gold_gain":0,"player_choice":"Copied","damage_taken":0,"max_hp_gain":0,"max_hp_loss":0,"event_name":"Duplicator","floor":27,"gold_loss":0,"cards_obtained":["Deadly Poison"]}],"is_beta":false,"boss_relics":[{"not_picked":["Astrolabe","Ectoplasm"],"picked":"Fusion Hammer"}],"items_purged_floors":[20,22,28],"is_endless":false,"potions_floor_spawned":[1,7,13,16,19,24],"killed_by":"Slavers","ascension_level":20}}