{"host":"rag04wbrzwiojxfu","time":1609526057,"event":{"mods":["AchievementEnabler","Alarm Clock","BaseMod","Bestiary","Block Reminder","Colored Map","Colored Powertips","Highlight Path","Minty Spire (QoL Compilation)","Quick Restart","Relic Sorter","Relic Stats","Shop Mod","StSLib"],"gold_per_floor":[118,118,118,118,143,143,143,143,143,171,189,189,189,254,254,357,357,375,394,45,61,61,61,61,61,88,13,13,13,27,61,61,166,166],"floor_reached":33,"playtime":3131,"items_purged":["Regret"],"score":664,"play_id":"a100c764-97da-43d7-a576-ff97f397b5f0","local_time":"20210101123417","daily_mods":["SealedDeck","Colorless Cards","Heirloom","Flight","Elite Swarm"],"is_ascension_mode":true,"campfire_choices":[{"data":"Deadly Poison","floor":6,"key":"SMITH"},{"data":"Deadly Poison","floor":7,"key":"SMITH"},{"data":"Acrobatics","floor":8,"key":"SMITH"},{"data":"After Image","floor":12,"key":"SMITH"},{"data":"Flash of Steel","floor":15,"key":"SMITH"},{"data":"Bouncing Flask","floor":23,"key":"SMITH"},{"data":"Venomology","floor":24,"key":"SMITH"},{"data":"Adrenaline","floor":32,"key":"SMITH"}],"circlet_count":0,"master_deck":["Blur+1","Blur+1","Flash of Steel+1","Deadly Poison+1","Deadly Poison+1","After Image+1","Venomology+1","Bouncing Flask+1","Bullet Time","Shame","Adrenaline+1"],"relics":["Ring of the Snake","Du-Vu Doll","CaptainsWheel","War Paint","Mummified Hand","Unceasing Top","Letter Opener","Empty Cage","Peace Pipe","Tough Bandages","Strawberry","Art of War","Ice Cream"],"acts_visited":["Exordium","TheCity"],"potions_floor_usage":[10,14,19,19,30,31,31,33,33,33],"damage_taken":[{"damage":10,"enemies":"Small Slimes","floor":1,"turns":3},{"damage":20,"enemies":"3 Sentries","floor":10,"turns":5},{"damage":2,"enemies":"2 Louse","floor":11,"turns":2},{"damage":8,"enemies":"3 Sentries","floor":14,"turns":6},{"damage":0,"enemies":"Hexaghost","floor":16,"turns":6},{"damage":0,"enemies":"Shell Parasite","floor":18,"turns":4},{"damage":3,"enemies":"2 Thieves","floor":19,"turns":3},{"damage":9,"enemies":"Snake Plant","floor":21,"turns":3},{"damage":13,"enemies":"Shelled Parasite and Fungi","floor":30,"turns":3},{"damage":13,"enemies":"Gremlin Leader","floor":31,"turns":4},{"damage":0,"enemies":"Champ","floor":33,"turns":5}],"seed_played":"-7534051709295539613","potions_obtained":[{"floor":1,"key":"ColorlessPotion"},{"floor":11,"key":"DistilledChaos"},{"floor":18,"key":"Regen Potion"},{"floor":30,"key":"DistilledChaos"},{"floor":33,"key":"Poison Potion"}],"is_trial":true,"path_per_floor":["M","?","?","?","T","R","R","R","T","E","M","R","$","?","R","B",null,"M","M","$","M","?","R","R","?","T","$","?","?","M","E","R","B"],"character_chosen":"THE_SILENT","items_purchased":["Peace Pipe","Bouncing Flask"],"campfire_rested":0,"item_purchase_floors":[20,20],"current_hp_per_floor":[60,60,42,35,35,35,35,35,35,15,13,13,13,5,5,5,70,70,67,67,58,58,58,58,58,65,65,65,65,52,53,53,53,53],"gold":166,"neow_bonus":"","is_daily":false,"chose_seed":false,"campfire_upgraded":8,"win_rate":0.0,"timestamp":1609526057,"path_taken":["M","?","?","?","?","R","R","R","T","E","?","R","?","?","R","BOSS","M","M","$","M","?","R","R","?","T","$","?","?","?","E","R","BOSS"],"items_purchased_type":["Relic","Card"],"build_version":"2020-12-22","purchased_purges":1,"victory":false,"max_hp_per_floor":[70,70,70,70,70,70,70,70,70,70,70,70,70,70,70,70,70,70,70,70,70,70,70,70,70,77,77,77,77,77,77,77,77,77],"relic_stats":{"Peace Pipe":0,"Tough Bandages":[0],"counters":[11,44],"Mummified Hand":[16],"Art of War":[3],"Letter Opener":[134],"War Paint":["Blur","Blur"],"obtain_stats":[{"Ice Cream":31,"Letter Opener":14,"War Paint":5,"Empty Cage":17,"Du-Vu Doll":0,"Peace Pipe":20,"CaptainsWheel":3,"Tough Bandages":22,"Mummified Hand":9,"Strawberry":26,"Art of War":28,"Unceasing Top":10,"Ring of the Snake":0},{"Ice Cream":10,"Letter Opener":4,"War Paint":1,"Empty Cage":5,"Du-Vu Doll":0,"Peace Pipe":7,"CaptainsWheel":1,"Tough Bandages":8,"Mummified Hand":1,"Strawberry":8,"Art of War":8,"Unceasing Top":2,"Ring of the Snake":0},{"Ice Cream":39,"Letter Opener":16,"War Paint":3,"Empty Cage":22,"Du-Vu Doll":0,"Peace Pipe":29,"CaptainsWheel":3,"Tough Bandages":32,"Mummified Hand":3,"Strawberry":32,"Art of War":32,"Unceasing Top":8,"Ring of the Snake":0}],"Unceasing Top":[0],"Ring of the Snake":[22]},"card_choices":[{"not_picked":["Good Instincts","Infinite Blades","Flying Knee"],"picked":"SKIP","floor":1},{"not_picked":["Mayhem","Grand Finale"],"picked":"After Image","floor":10},{"not_picked":["Underhanded Strike","Poisoned Stab","Deep Breath"],"picked":"SKIP","floor":11},{"not_picked":["Underhanded Strike","Poisoned Stab","Deep Breath"],"picked":"SKIP","floor":11},{"not_picked":["Die Die Die","Secret Weapon"],"picked":"Venomology","floor":16},{"not_picked":["Backflip+1","Dodge and Roll+1","Quick Slash"],"picked":"SKIP","floor":18},{"not_picked":["Quick Slash","Deflect","Dodge and Roll"],"picked":"SKIP","floor":19},{"not_picked":["Outmaneuver","Expertise","PiercingWail"],"picked":"SKIP","floor":21},{"not_picked":["Dagger Throw","Prepared","Blade Dance"],"picked":"SKIP","floor":30},{"not_picked":["Night Terror","Secret Weapon"],"picked":"Adrenaline","floor":31}],"player_experience":189508,"relics_obtained":[{"floor":5,"key":"War Paint"},{"floor":9,"key":"Mummified Hand"},{"floor":10,"key":"Unceasing Top"},{"floor":14,"key":"Letter Opener"},{"floor":26,"key":"Strawberry"},{"floor":31,"key":"Ice Cream"}],"event_choices":[{"cards_removed":["Acrobatics"],"damage_healed":0,"gold_gain":0,"player_choice":"Forget","damage_taken":0,"max_hp_gain":0,"max_hp_loss":0,"event_name":"Living Wall","floor":2,"gold_loss":0},{"damage_healed":0,"gold_gain":0,"player_choice":"Success","damage_taken":18,"relics_obtained":["CaptainsWheel"],"max_hp_gain":0,"max_hp_loss":0,"event_name":"Scrap Ooze","floor":3,"gold_loss":0},{"cards_removed":["Slice"],"damage_healed":0,"gold_gain":0,"player_choice":"Card Removal","damage_taken":7,"max_hp_gain":0,"max_hp_loss":0,"event_name":"Golden Wing","floor":4,"gold_loss":0},{"damage_healed":0,"gold_gain":0,"player_choice":"Searched \u00271\u0027 times","damage_taken":0,"max_hp_gain":0,"max_hp_loss":0,"event_name":"Dead Adventurer","floor":14,"gold_loss":0},{"damage_healed":0,"gold_gain":0,"player_choice":"Opened","damage_taken":0,"relics_obtained":["Tough Bandages"],"max_hp_gain":0,"max_hp_loss":0,"event_name":"The Mausoleum","floor":22,"gold_loss":0,"cards_obtained":["Writhe"]},{"damage_healed":0,"gold_gain":0,"cards_transformed":["Acrobatics","Writhe"],"player_choice":"Became Test Subject","damage_taken":0,"max_hp_gain":0,"max_hp_loss":0,"event_name":"Drug Dealer","floor":25,"gold_loss":0,"cards_obtained":["Bullet Time","Regret"]},{"damage_healed":0,"gold_gain":0,"player_choice":"Stole Relic","damage_taken":0,"relics_obtained":["Art of War"],"max_hp_gain":0,"max_hp_loss":0,"event_name":"Addict","floor":28,"gold_loss":0,"cards_obtained":["Shame"]},{"damage_healed":0,"gold_gain":0,"player_choice":"Ignored","damage_taken":0,"max_hp_gain":0,"max_hp_loss":0,"event_name":"Vampires","floor":29,"gold_loss":0}],"is_beta":false,"boss_relics":[{"not_picked":["Snecko Eye","Ectoplasm"],"picked":"Empty Cage"}],"items_purged_floors":[27],"is_endless":true,"potions_floor_spawned":[1,11,18,30,33],"killed_by":"Champ","ascension_level":1}}