{"host":"zntn5kfpqqjb7mu3","time":1609489612,"event":{"mods":["AchievementEnabler","Aspiration","BaseMod","Better-Laid Plans","BetterRewards","Colored Map","Colored Powertips","DNKmod","Decade(王小明)","Friendly Minions","Marked Mod","Minty Spire (QoL Compilation)","Permanent Neow","Quick Restart","Rare Cards Sparkle","Relic Stats","Remove Card Discount Mod","Replay The Spire","StSLib","SuperFastMode","TestMod","Waifu the Spire","vexMod","【遗物卡牌】REMEMod","篝火指南"],"gold_per_floor":[10018,9636,9638,9652,9652,9652,9686,9686,9686,9217,9247,9233,8854,8815,8050,8151,8151,8164,7808,7827,7827,7840,7746,7781,7495,7495,7245,7263,7283,7191,7191,6922,7024,7024,7047,7057,7057,6866,6876,6747,6805,6847,6873,6722,6750,6565,6586,6654,6362,6399,6399,6026,5916,5952,5995],"floor_reached":56,"playtime":1610,"items_purged":["Decade_Attack","Decade_Attack","Decade_Attack","Decade_Attack","Decade_Defend","Decade_Defend","Decade_Defend","KamenRide","UnarmedAttack1","UnarmedAttack3","testmod-Collector+1"],"score":2228,"play_id":"3f35992c-7a5c-4bc1-a407-891de41fe09b","local_time":"20210101162652","is_ascension_mode":true,"campfire_choices":[{"floor":6.0,"key":"RECALL"}],"circlet_count":0,"master_deck":["Decade_SpecialSkill","DragShield","REME_EyeOfCthun","Blade_Mach","NMDAZYYGL+1","UnarmedAttack5+1","PrometheusPower+1","UnarmedAttack8","UnarmedAttack1","UnarmedAttack7","Swift Strike","Kiva_Swallow+1","Decade_Defend2","UnarmedAttack1","UnarmedAttack7+1","Kuuga_GouramAttack","DenO_Climax+1","Decade_Dash1","AutoVajin","KamenRideFaiz+1","Swift Strike","AutoVajin","UnarmedAttack3","KamenRideKuuga+1","Dragreder","Dragreder+1","UnarmedAttack3+1","UnarmedAttack5+1","AutoVajin","Kabuto_ClockUp","UnarmedAttack3+1","Blade_Beat","REME_TwoStrings","DenO_Rod+1","UnarmedAttack1+1","Blade_Beat","Blade_Beat+1","Hibiki_Attack2+1","Kuuga_GouramAttack","UnarmedAttack1","Kuuga_GouramAttack","Dragreder"],"relics":["Decadriver","TOEIDeficitBill","testmod-TestBox","REME_ComplimentaryCards","testmod-Hope","aspiration:SeaSaltIceCream","testmod-TheFather","testmod-IndustrialRevolution","aspiration:AnachronicSnailShell","testmod-IWantAll","Blood Vial","testmod-AssaultLearning","Matryoshka","testmod-IntensifyImprint","Frozen Egg 2","Sling","Pandora\u0027s Box","Membership Card","Mirror","Boot","testmod-ArcanaOfDestiny","StoneCalendar","Bottled Tornado","aspiration:Lifesprig","Replay:Baseball","REME_CardOfGreed","vexMod:MemoryStick","Blue Doll","Omamori","ReplayTheSpireMod:Shallot","testmod-Fanaticism","Juzu Bracelet","Bottled Flame","REME_ArchaeologicalTools","Dream Catcher","Pear","MealTicket","Replay:Bottled Snecko","War Paint","ReplayTheSpireMod:ShopPack","Replay:Kaleidoscope","testmod-Justice","Shuriken","Guide Book","Thread and Needle","Ice Cream","Bag of Marbles"],"acts_visited":["Exordium","TheCity","TheBeyond","TheEnding"],"potions_floor_usage":[55,55,55],"damage_taken":[{"damage":0.0,"enemies":"Cultist","floor":1.0,"turns":1.0},{"damage":0.0,"enemies":"Jaw Worm","floor":3.0,"turns":2.0},{"damage":0.0,"enemies":"2 Louse","floor":4.0,"turns":1.0},{"damage":0.0,"enemies":"3 Sentries","floor":7.0,"turns":2.0},{"damage":0.0,"enemies":"Gremlin Nob","floor":11.0,"turns":1.0},{"damage":3.0,"enemies":"Looter","floor":12.0,"turns":2.0},{"damage":0.0,"enemies":"The Guardian","floor":16.0,"turns":1.0},{"damage":0.0,"enemies":"3 Byrds","floor":18.0,"turns":1.0},{"damage":0.0,"enemies":"Chosen","floor":20.0,"turns":1.0},{"damage":0.0,"enemies":"Shelled Parasite and Fungi","floor":22.0,"turns":1.0},{"damage":0.0,"enemies":"Slavers","floor":24.0,"turns":1.0},{"damage":0.0,"enemies":"Sentry and Sphere","floor":28.0,"turns":1.0},{"damage":0.0,"enemies":"Centurion and Healer","floor":29.0,"turns":1.0},{"damage":0.0,"enemies":"Snake Plant","floor":31.0,"turns":1.0},{"damage":0.0,"enemies":"Collector","floor":33.0,"turns":1.0},{"damage":0.0,"enemies":"3 Darklings","floor":35.0,"turns":1.0},{"damage":0.0,"enemies":"3 Shapes","floor":36.0,"turns":1.0},{"damage":0.0,"enemies":"Sphere and 2 Shapes","floor":39.0,"turns":1.0},{"damage":0.0,"enemies":"Giant Head","floor":41.0,"turns":1.0},{"damage":0.0,"enemies":"Transient","floor":42.0,"turns":1.0},{"damage":0.0,"enemies":"Jaw Worm Horde","floor":45.0,"turns":1.0},{"damage":0.0,"enemies":"4 Shapes","floor":47.0,"turns":1.0},{"damage":0,"enemies":"2 Orb Walkers","floor":48,"turns":1},{"damage":0,"enemies":"Awakened One","floor":50,"turns":2},{"damage":0,"enemies":"Shield and Spear","floor":54,"turns":1},{"damage":3,"enemies":"The Heart","floor":55,"turns":1}],"seed_played":"-3145603679948531797","potions_obtained":[{"floor":11.0,"key":"Fire Potion"},{"floor":28.0,"key":"Swift Potion"},{"floor":29.0,"key":"Adrenaline Potion"},{"floor":33.0,"key":"testmod-SpacePotion"},{"floor":36.0,"key":"SteroidPotion"},{"floor":39.0,"key":"REME_GoldPotion"}],"is_trial":false,"path_per_floor":["M","$","M","M","?","R","E","?","T","R","E","M","$","$","R","B",null,"M","$","M","?","M","R","E","$","T","R","M","M","R","M","R","B",null,"M","M","?","$","M","R","E","M","T","R","M","R","M","?","R","B",null,"R","$","E","B",null],"character_chosen":"Decade","items_purchased":["NMDAZYYGL","aspiration:SeaSaltIceCream","testmod-IWantAll","Blood Vial","UnarmedAttack1","UnarmedAttack7","Swift Strike","Matryoshka","MirrorWorld","UnarmedAttack1","UnarmedAttack7+1","testmod-IntensifyImprint","Frozen Egg 2","Kuuga_GouramAttack","Sling","Swift Strike","Membership Card","Mirror","UnarmedAttack3","Boot","StoneCalendar","Bottled Tornado","REME_CardOfGreed","vexMod:MemoryStick","Blue Doll","Dragreder","Omamori","UnarmedAttack3+1","ReplayTheSpireMod:Shallot","vexMod:BerryBomb","AutoVajin","Juzu Bracelet","Bottled Flame","REME_ArchaeologicalTools","Replay:Bottled Snecko","testmod-Collector+1","War Paint","Hibiki_Attack2+1","ReplayTheSpireMod:ShopPack","Kuuga_GouramAttack","Kuuga_GouramAttack","testmod-Justice","Shuriken","Guide Book","Thread and Needle","Ice Cream","Bag of Marbles","Dragreder"],"campfire_rested":0,"item_purchase_floors":[2,2,10,10,10,10,10,13,13,13,14,15,15,15,15,19,19,19,23,23,25,25,27,27,27,27,30,30,32,32,32,38,38,40,44,44,46,46,46,46,49,49,49,52,52,52,53,53],"current_hp_per_floor":[100,100,100,100,97,97,97,77,77,77,79,78,78,78,78,80,95,97,97,99,99,100,100,100,100,100,100,100,100,100,100,106,106,106,106,106,96,96,98,98,100,102,112,112,114,114,116,116,116,116,116,116,116,116,114],"gold":5995,"neow_bonus":"THREE_CARDS","is_daily":false,"chose_seed":false,"campfire_upgraded":0,"win_rate":0.0,"timestamp":1609489612,"path_taken":["M","$","M","M","?","R","E","?","T","R","E","M","?","$","R","BOSS","M","$","M","?","M","R","E","$","T","R","M","?","R","M","R","BOSS","M","M","?","$","M","R","E","M","T","R","M","R","M","?","R","BOSS","R","$","E","BOSS"],"items_purchased_type":["Card","Relic","Relic","Relic","Card","Card","Card","Relic","Card","Card","Card","Relic","Relic","Card","Relic","Card","Relic","Relic","Card","Relic","Relic","Relic","Relic","Relic","Relic","Card","Relic","Card","Relic","Relic","Card","Relic","Relic","Relic","Relic","Card","Relic","Card","Relic","Card","Card","Relic","Relic","Relic","Relic","Relic","Relic","Card"],"build_version":"2020-12-22","purchased_purges":11,"victory":true,"max_hp_per_floor":[100,100,100,100,100,100,100,100,100,100,100,100,100,100,100,100,100,100,100,100,100,100,100,100,100,100,100,100,100,100,100,106,106,106,106,106,106,106,106,106,106,106,116,116,116,116,116,116,116,116,116,116,116,116,116],"relic_stats":{"Blood Vial":21,"Dream Catcher":0,"counters":[26,30],"Shuriken":[1],"Pandora\u0027s Box":["Decade_Dash1"],"StoneCalendar":[0],"MealTicket":0,"Juzu Bracelet":0,"War Paint":["PrometheusPower","Dragreder"],"Boot":[22],"obtain_stats":[{"Ice Cream":52,"aspiration:Lifesprig":26,"vexMod:MemoryStick":27,"Decadriver":0,"StoneCalendar":25,"Blue Doll":27,"testmod-IWantAll":10,"Juzu Bracelet":38,"Bottled Tornado":25,"Sling":15,"Boot":23,"Blood Vial":10,"testmod-Fanaticism":34,"Dream Catcher":41,"Matryoshka":13,"aspiration:AnachronicSnailShell":7,"testmod-TheFather":2,"MealTicket":43,"REME_ArchaeologicalTools":40,"Replay:Bottled Snecko":44,"testmod-ArcanaOfDestiny":24,"testmod-IntensifyImprint":15,"testmod-TestBox":0,"Pear":43,"Guide Book":52,"vexMod:BerryBomb":32,"Thread and Needle":52,"Omamori":30,"TOEIDeficitBill":0,"aspiration:SeaSaltIceCream":2,"Replay:Kaleidoscope":48,"Frozen Egg 2":15,"War Paint":46,"testmod-Justice":49,"testmod-IndustrialRevolution":5,"Replay:Baseball":26,"Bottled Flame":38,"ReplayTheSpireMod:Shallot":32,"Shuriken":49,"testmod-AssaultLearning":11,"testmod-Hope":0,"Pandora\u0027s Box":17,"Bag of Marbles":53,"Membership Card":19,"REME_CardOfGreed":27,"Mirror":19,"REME_ComplimentaryCards":0,"ReplayTheSpireMod:ShopPack":46},{"Ice Cream":24,"aspiration:Lifesprig":11,"vexMod:MemoryStick":11,"Decadriver":0,"StoneCalendar":11,"Blue Doll":11,"testmod-IWantAll":4,"Juzu Bracelet":17,"Bottled Tornado":11,"Sling":6,"Boot":10,"Blood Vial":4,"testmod-Fanaticism":15,"Dream Catcher":19,"Matryoshka":6,"aspiration:AnachronicSnailShell":4,"testmod-TheFather":1,"MealTicket":20,"REME_ArchaeologicalTools":18,"Replay:Bottled Snecko":20,"testmod-ArcanaOfDestiny":11,"testmod-IntensifyImprint":6,"testmod-TestBox":0,"Pear":20,"Guide Book":24,"vexMod:BerryBomb":14,"Thread and Needle":24,"Omamori":13,"TOEIDeficitBill":0,"aspiration:SeaSaltIceCream":1,"Replay:Kaleidoscope":23,"Frozen Egg 2":6,"War Paint":21,"testmod-Justice":23,"testmod-IndustrialRevolution":3,"Replay:Baseball":11,"Bottled Flame":17,"ReplayTheSpireMod:Shallot":14,"Shuriken":23,"testmod-AssaultLearning":5,"testmod-Hope":0,"Pandora\u0027s Box":7,"Bag of Marbles":24,"Membership Card":8,"REME_CardOfGreed":11,"Mirror":8,"REME_ComplimentaryCards":0,"ReplayTheSpireMod:ShopPack":21},{"Ice Cream":28,"aspiration:Lifesprig":14,"vexMod:MemoryStick":14,"Decadriver":0,"StoneCalendar":14,"Blue Doll":14,"testmod-IWantAll":6,"Juzu Bracelet":20,"Bottled Tornado":14,"Sling":9,"Boot":13,"Blood Vial":6,"testmod-Fanaticism":18,"Dream Catcher":22,"Matryoshka":9,"aspiration:AnachronicSnailShell":6,"testmod-TheFather":1,"MealTicket":23,"REME_ArchaeologicalTools":21,"Replay:Bottled Snecko":23,"testmod-ArcanaOfDestiny":14,"testmod-IntensifyImprint":9,"testmod-TestBox":0,"Pear":23,"Guide Book":28,"vexMod:BerryBomb":17,"Thread and Needle":28,"Omamori":16,"TOEIDeficitBill":0,"aspiration:SeaSaltIceCream":1,"Replay:Kaleidoscope":26,"Frozen Egg 2":9,"War Paint":24,"testmod-Justice":26,"testmod-IndustrialRevolution":4,"Replay:Baseball":14,"Bottled Flame":20,"ReplayTheSpireMod:Shallot":17,"Shuriken":26,"testmod-AssaultLearning":7,"testmod-Hope":0,"Pandora\u0027s Box":10,"Bag of Marbles":28,"Membership Card":11,"REME_CardOfGreed":14,"Mirror":11,"REME_ComplimentaryCards":0,"ReplayTheSpireMod:ShopPack":24}]},"card_choices":[{"not_picked":["DenO_Sword","FormRideTitan"],"picked":"DragShield","floor":0.0},{"not_picked":["RideBooker","FormRideFlame"],"picked":"Blade_Mach","floor":1.0},{"not_picked":["KamenRideKabuto","DenO_Rod"],"picked":"UnarmedAttack5","floor":3.0},{"not_picked":["KamenRideDecade","Dragreder"],"picked":"PrometheusPower","floor":4.0},{"not_picked":["DenO_Rod","Hibiki_Attack1"],"picked":"UnarmedAttack8","floor":7.0},{"not_picked":["KamenRideDecade","RideBooker"],"picked":"Kiva_Swallow","floor":11.0},{"not_picked":["Blade_Kick","FormRidePegasus"],"picked":"Decade_Defend2","floor":12.0},{"not_picked":["Decade_Invisible","Blade_Mach"],"picked":"UnarmedAttack1","floor":12.0},{"not_picked":["Kiva_Eat","Hibiki_FEVER"],"picked":"DenO_Climax+1","floor":16.0},{"not_picked":["Blade_Mach","DragShield"],"picked":"AutoVajin","floor":18.0},{"not_picked":["DragClaw","FormRideGaruru"],"picked":"KamenRideFaiz+1","floor":18.0},{"not_picked":["UnarmedAttack3","Decade_Dash2"],"picked":"AutoVajin","floor":22.0},{"not_picked":["Decade_Defend2","KamenRideDecade+1"],"picked":"KamenRideKuuga+1","floor":24.0},{"not_picked":["Hibiki_FEVER","RideBooker","KamenRideKuuga+1"],"picked":"SKIP","floor":29.0},{"not_picked":["Hibiki_Attack2+1","Decade_Invisible+1"],"picked":"UnarmedAttack5+1","floor":31.0},{"not_picked":["Kiva_Swallow","UnarmedAttack9"],"picked":"Kabuto_ClockUp","floor":33.0},{"not_picked":["Blade_Kick+1","Blade_Mach"],"picked":"UnarmedAttack3+1","floor":35.0},{"not_picked":["FormRideDragon","FormRideJack"],"picked":"Blade_Beat","floor":36.0},{"not_picked":["Good Instincts","Replay:BasicMightCard+1"],"picked":"REME_TwoStrings","floor":37.0},{"not_picked":["KamenRideKiva+1","Decade_Dash1"],"picked":"DenO_Rod+1","floor":39.0},{"not_picked":["Hibiki_Attack1","KamenRideDenO+1"],"picked":"UnarmedAttack1+1","floor":41.0},{"not_picked":["FormRidePegasus+1","DenO_Gun+1"],"picked":"Blade_Beat","floor":42.0},{"not_picked":["UnarmedAttack5+1","MirrorWorld+1"],"picked":"Blade_Beat+1","floor":45.0},{"not_picked":["FormRideTitan","FormRideDogga"],"picked":"UnarmedAttack1","floor":48}],"player_experience":100011,"relics_obtained":[{"floor":7.0,"key":"aspiration:AnachronicSnailShell"},{"floor":11.0,"key":"testmod-AssaultLearning"},{"floor":24.0,"key":"testmod-ArcanaOfDestiny"},{"floor":26.0,"key":"aspiration:Lifesprig"},{"floor":26.0,"key":"Replay:Baseball"},{"floor":41.0,"key":"Dream Catcher"},{"floor":43.0,"key":"Pear"},{"floor":43.0,"key":"MealTicket"},{"floor":48,"key":"Replay:Kaleidoscope"}],"event_choices":[{"damage_healed":0.0,"max_hp_gain":0.0,"max_hp_loss":0.0,"gold_gain":0.0,"event_name":"Scrap Ooze","player_choice":"Success","floor":5.0,"gold_loss":0.0,"damage_taken":3.0,"relics_obtained":["testmod-IndustrialRevolution"]},{"damage_healed":0.0,"max_hp_gain":0.0,"max_hp_loss":0.0,"gold_gain":0.0,"event_name":"Shining Light","player_choice":"Entered Light","floor":8.0,"gold_loss":0.0,"damage_taken":20.0,"cards_upgraded":["Decade_Defend","UnarmedAttack5"]},{"damage_healed":0.0,"max_hp_gain":0.0,"max_hp_loss":0.0,"gold_gain":0.0,"event_name":"FaceTrader","player_choice":"Leave","floor":21.0,"gold_loss":0.0,"damage_taken":0.0},{"damage_healed":0.0,"max_hp_gain":0.0,"max_hp_loss":0.0,"gold_gain":0.0,"event_name":"SensoryStone","player_choice":"Memory 3","floor":37.0,"gold_loss":0.0,"damage_taken":10.0},{"damage_healed":0,"gold_gain":0,"player_choice":"Fight","damage_taken":0,"max_hp_gain":0,"max_hp_loss":0,"event_name":"Mysterious Sphere","floor":48,"gold_loss":0}],"is_beta":false,"boss_relics":[{"not_picked":["aspiration:RunicSpoon","testmod-EnergyCheck"],"picked":"Pandora\u0027s Box"},{"not_picked":["testmod-Prudence","Replay:Grab Bag"],"picked":"testmod-Fanaticism"}],"items_purged_floors":[10,10,10,10,13,13,13,19,30,30,49],"is_endless":false,"potions_floor_spawned":[11,28,29,33,36,39,42,47,54],"ascension_level":9}}