{"host":"dekhxjxhillho72f","time":1609513132,"event":{"mods":["AchievementEnabler","BaseMod","Better Third Choice","Block Reminder","Colored Map","Colored Powertips","Hermit","Highlight Path","Minty Spire (QoL Compilation)","Permanent Neow","Quick Restart","Rare Cards Sparkle","Relic Stats","StSLib","slay the spire mod where everything is the same but ironclad has a cowboy hat"],"gold_per_floor":[116,130,144,69,86,86,153,164,164,182,182,54,65,90,90,90,90],"floor_reached":16,"playtime":629,"items_purged":["hermit:Defend_Hermit"],"score":104,"play_id":"7e4549da-cfd5-4f59-a37d-8753634384d3","local_time":"20210101155852","is_ascension_mode":false,"campfire_choices":[{"data":"hermit:Dive","floor":6,"key":"SMITH"},{"floor":15,"key":"REST"}],"circlet_count":0,"master_deck":["hermit:Strike_Hermit","hermit:Strike_Hermit","hermit:Strike_Hermit","hermit:Strike_Hermit","hermit:Defend_Hermit","hermit:Defend_Hermit","hermit:Defend_Hermit","hermit:Covet","hermit:Ricochet","hermit:GoldenBullet","hermit:Dive+1","hermit:Gambit","hermit:Virtue","hermit:Quickdraw","hermit:PistolWhip","hermit:Deadeye","hermit:Dive","hermit:Spite"],"relics":["hermit:Momento","Blue Candle","Nunchaku"],"acts_visited":["Exordium"],"potions_floor_usage":[14],"damage_taken":[{"damage":0,"enemies":"2 Louse","floor":1,"turns":2},{"damage":3,"enemies":"Small Slimes","floor":2,"turns":4},{"damage":0,"enemies":"Jaw Worm","floor":3,"turns":3},{"damage":29,"enemies":"Exordium Wildlife","floor":5,"turns":6},{"damage":1,"enemies":"Red Slaver","floor":8,"turns":3},{"damage":3,"enemies":"Looter","floor":10,"turns":3},{"damage":0,"enemies":"Large Slime","floor":13,"turns":5},{"damage":19,"enemies":"Lagavulin","floor":14,"turns":5},{"damage":0,"enemies":"The Guardian","floor":16,"turns":1}],"seed_played":"-4663182838576942013","potions_obtained":[{"floor":1,"key":"Dexterity Potion"},{"floor":5,"key":"DuplicationPotion"},{"floor":8,"key":"ColorlessPotion"},{"floor":14,"key":"PowerPotion"}],"is_trial":false,"path_per_floor":["M","M","M","$","M","R","?","M","T","M","?","$","M","E","R","B"],"character_chosen":"HERMIT","items_purchased":["hermit:Deadeye","hermit:Dive"],"campfire_rested":1,"item_purchase_floors":[12,12],"current_hp_per_floor":[75,72,72,72,43,43,43,42,42,39,39,39,39,20,42,42,42],"gold":90,"neow_bonus":"TRANSFORM_CARD","is_daily":false,"chose_seed":false,"campfire_upgraded":1,"win_rate":0.0,"timestamp":1609513132,"path_taken":["M","M","M","$","M","R","?","M","T","M","?","$","?","E","R","BOSS"],"items_purchased_type":["Card","Card"],"build_version":"2020-12-22","purchased_purges":1,"victory":false,"max_hp_per_floor":[75,75,75,75,75,75,75,75,75,75,75,75,75,75,75,75,75],"relic_stats":{"Nunchaku":[0],"counters":[9,32],"Blue Candle":[0],"obtain_stats":[{"Nunchaku":14,"Blue Candle":9,"hermit:Momento":0},{"Nunchaku":8,"Blue Candle":5,"hermit:Momento":0},{"Nunchaku":31,"Blue Candle":18,"hermit:Momento":0}]},"card_choices":[{"not_picked":["hermit:Misfire","hermit:SprayPray"],"picked":"hermit:GoldenBullet","floor":1},{"not_picked":["hermit:ItchyTrigger","hermit:CalledShot"],"picked":"hermit:Dive","floor":2},{"not_picked":["hermit:Snipe","hermit:HoleUp"],"picked":"hermit:Gambit","floor":3},{"not_picked":["hermit:Malice","hermit:Manifest"],"picked":"hermit:Virtue","floor":5},{"not_picked":["hermit:Glare","hermit:Misfire"],"picked":"hermit:Quickdraw","floor":8},{"not_picked":["hermit:Quickdraw","hermit:WideOpen"],"picked":"hermit:PistolWhip","floor":10},{"not_picked":["hermit:Roulette","hermit:Glare","hermit:Desperado"],"picked":"SKIP","floor":13},{"not_picked":["hermit:ItchyTrigger","hermit:BodyArmor"],"picked":"hermit:Spite","floor":14}],"player_experience":257802,"relics_obtained":[{"floor":9,"key":"Blue Candle"},{"floor":14,"key":"Nunchaku"}],"event_choices":[{"damage_healed":0,"gold_gain":67,"player_choice":"Gained Gold","damage_taken":0,"max_hp_gain":0,"max_hp_loss":0,"event_name":"Golden Wing","floor":7,"gold_loss":0},{"damage_healed":0,"gold_gain":0,"player_choice":"Ignored","damage_taken":182,"max_hp_gain":0,"max_hp_loss":0,"event_name":"betterThird:BetterSerpent","floor":11,"gold_loss":0}],"is_beta":false,"boss_relics":[],"items_purged_floors":[4],"is_endless":false,"potions_floor_spawned":[1,5,8,13,14],"killed_by":"The Guardian","ascension_level":0}}