{"host":"wl47xhfxme4nig5w","time":1609495127,"event":{"mods":["BaseMod","Colored Map","Colored Powertips","Googly Eyes","Minty Spire (QoL Compilation)","StSLib","SuperFastMode","everything is the same but u backflip on backflip","slay the spire mod where everything is the same but ironclad has a cowboy hat"],"gold_per_floor":[111,186,186,200,211,229,240,240,240,240,50,50,25,25,25,128,128,145,60,10,24,24,24,24],"floor_reached":23,"playtime":834,"items_purged":["Strike_G","Strike_G"],"score":231,"play_id":"96c276ff-f0a8-471f-9eb0-7b47a676242d","local_time":"20210101015847","is_ascension_mode":true,"campfire_choices":[{"floor":8,"key":"REST"},{"data":"Cloak And Dagger","floor":10,"key":"SMITH"},{"data":"Cloak And Dagger","floor":12,"key":"SMITH"},{"data":"Finisher","floor":15,"key":"SMITH"}],"circlet_count":0,"master_deck":["Strike_G","Strike_G","Defend_G","Defend_G","Defend_G","Defend_G","Defend_G","Survivor","Neutralize","Quick Slash","Infinite Blades","Quick Slash","Cloak And Dagger+1","Cloak And Dagger+1","Finisher+1","Slice","A Thousand Cuts","Ghostly","Ghostly","Ghostly","Ghostly","Ghostly"],"relics":["Ring of the Snake","NeowsBlessing","Singing Bowl","Membership Card","Darkstone Periapt","Black Star","Pantograph"],"acts_visited":["Exordium","TheCity"],"potions_floor_usage":[7,18,21],"damage_taken":[{"damage":0,"enemies":"2 Louse","floor":1,"turns":1},{"damage":0,"enemies":"Small Slimes","floor":4,"turns":1},{"damage":0,"enemies":"Cultist","floor":5,"turns":1},{"damage":0,"enemies":"Red Slaver","floor":6,"turns":6},{"damage":5,"enemies":"Exordium Thugs","floor":7,"turns":5},{"damage":26,"enemies":"Hexaghost","floor":16,"turns":9},{"damage":17,"enemies":"Shell Parasite","floor":18,"turns":9},{"damage":13,"enemies":"Chosen","floor":21,"turns":6},{"damage":40,"enemies":"Book of Stabbing","floor":23,"turns":6}],"seed_played":"1212522350975903637","potions_obtained":[{"floor":1,"key":"CunningPotion"},{"floor":16,"key":"BlessingOfTheForge"},{"floor":18,"key":"SneckoOil"}],"is_trial":false,"path_per_floor":["M","?","?","M","M","M","M","R","T","R","$","R","$","T","R","B",null,"M","?","$","M","?","E"],"character_chosen":"THE_SILENT","items_purchased":["Membership Card","Slice"],"campfire_rested":1,"item_purchase_floors":[11,13],"current_hp_per_floor":[70,59,59,59,59,59,54,70,70,70,70,70,70,70,70,44,70,55,55,55,44,37,0,0],"gold":24,"neow_bonus":"THREE_ENEMY_KILL","is_daily":false,"chose_seed":false,"campfire_upgraded":3,"win_rate":0.0,"timestamp":1609495127,"path_taken":["M","?","?","M","M","?","M","R","T","R","$","R","?","?","R","BOSS","M","?","?","?","?","E"],"items_purchased_type":["Relic","Card"],"build_version":"2020-12-22","purchased_purges":2,"victory":false,"max_hp_per_floor":[70,70,70,70,70,70,70,70,70,70,70,70,70,70,70,70,70,72,72,72,74,37,37,37],"card_choices":[{"not_picked":["Expertise","Setup"],"picked":"Quick Slash","floor":1},{"not_picked":["Dagger Throw","PiercingWail"],"picked":"Quick Slash","floor":4},{"not_picked":["Bane","Heel Hook"],"picked":"Cloak And Dagger","floor":5},{"not_picked":["Dodge and Roll","Setup"],"picked":"Cloak And Dagger","floor":6},{"not_picked":["Endless Agony","Predator"],"picked":"Finisher","floor":7},{"not_picked":["Venomology","Unload"],"picked":"A Thousand Cuts","floor":16},{"not_picked":["Dagger Throw+1","Backflip+1","Skewer"],"picked":"Singing Bowl","floor":18},{"not_picked":["PiercingWail","Heel Hook+1","Poisoned Stab"],"picked":"Singing Bowl","floor":21}],"player_experience":337815,"relics_obtained":[{"floor":9,"key":"Singing Bowl"},{"floor":14,"key":"Darkstone Periapt"}],"event_choices":[{"damage_healed":0,"gold_gain":75,"player_choice":"Gather Gold","damage_taken":11,"max_hp_gain":0,"max_hp_loss":0,"event_name":"World of Goop","floor":2,"gold_loss":0},{"damage_healed":0,"gold_gain":0,"cards_transformed":["Strike_G"],"player_choice":"Transformed","damage_taken":0,"max_hp_gain":0,"max_hp_loss":0,"event_name":"Transmorgrifier","floor":3,"gold_loss":0,"cards_obtained":["Infinite Blades"]},{"damage_healed":0,"gold_gain":0,"player_choice":"Obtained Relic","damage_taken":0,"relics_obtained":["Pantograph"],"max_hp_gain":0,"max_hp_loss":0,"event_name":"Addict","floor":19,"gold_loss":85},{"damage_healed":0,"gold_gain":0,"player_choice":"Became a Ghost","damage_taken":0,"max_hp_gain":0,"max_hp_loss":37,"event_name":"Ghosts","floor":22,"gold_loss":0,"cards_obtained":["Ghostly","Ghostly","Ghostly","Ghostly","Ghostly"]}],"is_beta":false,"boss_relics":[{"not_picked":["Snecko Eye","Fusion Hammer"],"picked":"Black Star"}],"items_purged_floors":[11,20],"is_endless":false,"potions_floor_spawned":[1,16,18],"killed_by":"Book of Stabbing","ascension_level":3}}