{"host":"ukdlatf34uvzhtkt","time":1609480813,"event":{"mods":["AchievementEnabler","BaseMod","Bestiary","Better Altar","Better Match","Better Note","Better Sensory Stone","BetterRewards","DeckTracker","Dota2Spire","Downfall","Highlight Path","Minty Spire (QoL Compilation)","Rare Cards Sparkle","Relic Stats","StSLib","UnlockEverythingMod"],"gold_per_floor":[114,129,144,144,144,174,174,24,24,69,69,69,129,129,129,129,129],"floor_reached":16,"playtime":910,"items_purged":[],"score":108,"play_id":"a392b260-66f5-41fe-adc5-08982bb6a92f","local_time":"20201231220013","daily_mods":["Chimera","Flight","downfall:Enraging"],"is_ascension_mode":false,"campfire_choices":[{"floor":7,"key":"REST"},{"data":"Zap","floor":12,"key":"SMITH"},{"data":"Blade Dance","floor":15,"key":"SMITH"}],"circlet_count":0,"master_deck":["Bash","Survivor","Zap+1","Strike_R","Strike_G","Strike_B","Defend_R","Defend_G","Defend_P","Slice","Riddle With Holes","Slice","Endless Agony","Blade Dance+1"],"relics":["Ring of the Snake","Dota2Spire:Butterfly","Dream Catcher","sneckomod:BlankCard","Dota2Spire:HandOfMidas","Oddly Smooth Stone"],"acts_visited":["Exordium"],"potions_floor_usage":[2,6,13],"damage_taken":[{"damage":8,"enemies":"Cultist","floor":1,"turns":3},{"damage":0,"enemies":"Small Slimes","floor":2,"turns":2},{"damage":0,"enemies":"2 Louse","floor":3,"turns":3},{"damage":17,"enemies":"3 Sentries","floor":6,"turns":6},{"damage":2,"enemies":"Blue Slaver","floor":10,"turns":2},{"damage":14,"enemies":"Lagavulin","floor":13,"turns":5},{"damage":48,"enemies":"Hexaghost","floor":16,"turns":7}],"seed_played":"-2495295926900846280","potions_obtained":[{"floor":1,"key":"CunningPotion"},{"floor":2,"key":"SteroidPotion"},{"floor":10,"key":"Strength Potion"}],"is_trial":false,"path_per_floor":["M","M","M","?","?","E","R","$","T","M","?","R","E","$","R","B"],"character_chosen":"THE_SILENT","items_purchased":["sneckomod:BlankCard"],"campfire_rested":1,"item_purchase_floors":[8],"current_hp_per_floor":[62,62,62,62,55,38,59,59,59,57,57,57,43,43,43,0,0],"gold":129,"neow_bonus":"","is_daily":true,"chose_seed":false,"campfire_upgraded":2,"win_rate":0.0,"timestamp":1609480813,"path_taken":["M","?","M","?","?","E","R","?","T","?","?","R","E","$","R","BOSS"],"items_purchased_type":["Relic"],"build_version":"2020-12-22","purchased_purges":0,"victory":false,"max_hp_per_floor":[70,70,70,70,70,70,70,70,70,70,70,70,70,70,70,70,70],"relic_stats":{"Dream Catcher":1,"counters":[7,28],"obtain_stats":[{"Dota2Spire:HandOfMidas":9,"Dream Catcher":6,"Dota2Spire:Butterfly":5,"sneckomod:BlankCard":8,"Oddly Smooth Stone":13,"Ring of the Snake":0},{"Dota2Spire:HandOfMidas":4,"Dream Catcher":4,"Dota2Spire:Butterfly":3,"sneckomod:BlankCard":4,"Oddly Smooth Stone":6,"Ring of the Snake":0},{"Dota2Spire:HandOfMidas":14,"Dream Catcher":14,"Dota2Spire:Butterfly":8,"sneckomod:BlankCard":14,"Oddly Smooth Stone":21,"Ring of the Snake":0}],"Ring of the Snake":[14]},"card_choices":[{"not_picked":["Masterful Stab","Flying Knee"],"picked":"Slice","floor":1},{"not_picked":["Leg Sweep","Prepared"],"picked":"Riddle With Holes","floor":2},{"not_picked":["Finisher","Caltrops","Bane"],"picked":"SKIP","floor":3},{"not_picked":["Deflect","Dagger Throw","Skewer"],"picked":"SKIP","floor":6},{"not_picked":["Outmaneuver","Backstab"],"picked":"Slice","floor":7},{"not_picked":["Dagger Throw","Deadly Poison"],"picked":"Endless Agony","floor":10},{"not_picked":["Concentrate","Leg Sweep"],"picked":"Blade Dance","floor":13}],"player_experience":729927,"relics_obtained":[{"floor":6,"key":"Dream Catcher"},{"floor":9,"key":"Dota2Spire:HandOfMidas"},{"floor":13,"key":"Oddly Smooth Stone"}],"event_choices":[{"damage_healed":0,"gold_gain":0,"player_choice":"Leave","damage_taken":0,"max_hp_gain":0,"max_hp_loss":0,"event_name":"The Cleric","floor":4,"gold_loss":0},{"damage_healed":0,"gold_gain":0,"player_choice":"Success","damage_taken":7,"relics_obtained":["Dota2Spire:Butterfly"],"max_hp_gain":0,"max_hp_loss":0,"event_name":"Scrap Ooze","floor":5,"gold_loss":0},{"cards_removed":["Eruption"],"damage_healed":0,"gold_gain":0,"player_choice":"Card Removal","damage_taken":0,"max_hp_gain":0,"max_hp_loss":0,"event_name":"Wheel of Change","floor":11,"gold_loss":0}],"is_beta":false,"boss_relics":[],"items_purged_floors":[],"is_endless":false,"potions_floor_spawned":[1,2,10],"killed_by":"Hexaghost","ascension_level":0}}