{"host":"hzinic87vu8p95wn","time":1609490937,"event":{"mods":["BaseMod","Minty Spire (QoL Compilation)"],"gold_per_floor":[118,118,118,128,203,234,253,265,265,265,282,282,282,177,177,249,249,268,268,130,50,50],"floor_reached":21,"playtime":622,"items_purged":["Strike_G"],"score":388,"play_id":"15a84660-95e4-4731-bbb3-100d350a1e20","local_time":"20210101194857","is_ascension_mode":true,"campfire_choices":[{"floor":10.0,"key":"REST"},{"floor":12.0,"key":"REST"},{"data":"Noxious Fumes","floor":15.0,"key":"SMITH"}],"circlet_count":0,"master_deck":["AscendersBane","Strike_G","Strike_G","Strike_G","Defend_G","Defend_G","Defend_G","Defend_G","Defend_G","Survivor","Neutralize","Dodge and Roll","Blur","Noxious Fumes+1","Footwork","Dagger Spray","Venomology","Poisoned Stab","Deflect","Well Laid Plans"],"relics":["Ring of the Snake","NeowsBlessing","Singing Bowl","Sundial","Ornamental Fan","Black Star"],"acts_visited":["Exordium","TheCity"],"potions_floor_usage":[],"damage_taken":[{"damage":0.0,"enemies":"Jaw Worm","floor":1.0,"turns":1.0},{"damage":0.0,"enemies":"Small Slimes","floor":4.0,"turns":1.0},{"damage":0.0,"enemies":"Gremlin Nob","floor":6.0,"turns":1.0},{"damage":0.0,"enemies":"Cultist","floor":7.0,"turns":5.0},{"damage":0.0,"enemies":"Blue Slaver","floor":8.0,"turns":5.0},{"damage":6.0,"enemies":"2 Fungi Beasts","floor":11.0,"turns":6.0},{"damage":0.0,"enemies":"Lots of Slimes","floor":13.0,"turns":1.0},{"damage":13.0,"enemies":"The Guardian","floor":16.0,"turns":15.0},{"damage":10.0,"enemies":"3 Byrds","floor":18.0,"turns":4.0},{"damage":23,"enemies":"2 Thieves","floor":21,"turns":3}],"seed_played":"3211589322427281949","potions_obtained":[{"floor":4.0,"key":"SmokeBomb"},{"floor":6.0,"key":"DuplicationPotion"},{"floor":8.0,"key":"LiquidBronze"}],"is_trial":false,"path_per_floor":["M","?","?","M","?","E","M","M","T","R","M","R","M","$","R","B",null,"M","?","$","M"],"character_chosen":"THE_SILENT","items_purchased":["Dagger Spray","Deflect","Well Laid Plans"],"campfire_rested":2,"item_purchase_floors":[14,20,20],"current_hp_per_floor":[59,33,33,33,22,22,24,24,24,44,40,61,61,61,61,48,65,55,49,49,26,26],"gold":50,"neow_bonus":"THREE_ENEMY_KILL","is_daily":false,"chose_seed":false,"campfire_upgraded":1,"win_rate":0.0,"timestamp":1609490937,"path_taken":["M","?","?","?","?","E","M","M","T","R","M","R","M","$","R","BOSS","M","?","$","?"],"items_purchased_type":["Card","Card","Card"],"build_version":"2020-12-22","purchased_purges":1,"victory":false,"max_hp_per_floor":[66,66,66,66,66,66,68,68,68,68,70,70,70,70,70,70,70,70,70,70,70,70],"card_choices":[{"not_picked":["Slice","Escape Plan"],"picked":"Dodge and Roll","floor":1.0},{"not_picked":["Backflip","Bouncing Flask"],"picked":"Blur","floor":4.0},{"not_picked":["Poisoned Stab","Acrobatics"],"picked":"Noxious Fumes","floor":6.0},{"not_picked":["Blade Dance","Flying Knee","Dodge and Roll"],"picked":"Singing Bowl","floor":7.0},{"not_picked":["Underhanded Strike","Slice"],"picked":"Footwork","floor":8.0},{"not_picked":["Backflip","Dagger Throw","Crippling Poison"],"picked":"Singing Bowl","floor":11.0},{"not_picked":["Doppelganger","Corpse Explosion"],"picked":"Venomology","floor":16.0},{"not_picked":["PiercingWail","All Out Attack"],"picked":"Poisoned Stab","floor":18.0}],"player_experience":1552419,"relics_obtained":[{"floor":6.0,"key":"Sundial"},{"floor":9.0,"key":"Ornamental Fan"}],"event_choices":[{"damage_healed":0.0,"max_hp_gain":0.0,"max_hp_loss":0.0,"gold_gain":0.0,"event_name":"Scrap Ooze","player_choice":"Success","floor":2.0,"gold_loss":0.0,"damage_taken":26.0,"relics_obtained":["Singing Bowl"]},{"cards_removed":["Strike_G"],"damage_healed":0.0,"max_hp_gain":0.0,"max_hp_loss":0.0,"gold_gain":0.0,"event_name":"Bonfire Elementals","player_choice":"Offered Basic","floor":3.0,"gold_loss":0.0,"damage_taken":0.0},{"damage_healed":0.0,"max_hp_gain":0.0,"max_hp_loss":0.0,"gold_gain":75.0,"event_name":"World of Goop","player_choice":"Gather Gold","floor":5.0,"gold_loss":0.0,"damage_taken":11.0},{"damage_healed":0.0,"max_hp_gain":0.0,"max_hp_loss":0.0,"gold_gain":0.0,"event_name":"Knowing Skull","player_choice":"","floor":19.0,"potions_obtained":[],"gold_loss":0.0,"damage_taken":6.0,"cards_obtained":[]}],"is_beta":false,"boss_relics":[{"not_picked":["Fusion Hammer","Ring of the Serpent"],"picked":"Black Star"}],"items_purged_floors":[14],"is_endless":false,"potions_floor_spawned":[4,6,8],"killed_by":"2 Thieves","ascension_level":18}}