{"host":"9rplp4stncpaeegj","time":1609500170,"event":{"mods":["AchievementEnabler","BaseMod","Best Route Mod","Colored Map","Evolution","Highlight Path","Keyboard Shortcuts","Minty Spire (QoL Compilation)","Shop Mod","StSLib"],"gold_per_floor":[113,124,137,137,153,179,179,179,205,205,215,233,263,21,21,118,118,135,145,161,180,180,208,208,208,208],"floor_reached":25,"playtime":875,"items_purged":[],"score":260,"play_id":"0feb723a-ccc6-40fe-a51c-ea958f0e91be","local_time":"20210101122250","is_ascension_mode":false,"campfire_choices":[{"data":"Armaments","floor":7,"key":"SMITH"},{"data":"Pommel Strike","floor":10,"key":"SMITH"},{"floor":15,"key":"REST"}],"circlet_count":0,"master_deck":["Pommel Strike+1","Strike_R+1","Strike_R+1","Strike_R+1","Defend_R+1","Defend_R+1","Defend_R+1","Defend_R+1","Bash","Armaments+1","Perfected Strike","Cleave","Double Tap","Bloodletting","Dropkick"],"relics":["Burning Blood","EVO:Axolotl","Nunchaku","Ancient Tea Set","PreservedInsect","Boot","Paper Frog","SlaversCollar","MutagenicStrength","Juzu Bracelet"],"acts_visited":["Exordium","TheCity"],"potions_floor_usage":[13,16,16,16,21],"damage_taken":[{"damage":0,"enemies":"Small Slimes","floor":1,"turns":3},{"damage":1,"enemies":"2 Louse","floor":2,"turns":3},{"damage":1,"enemies":"Cultist","floor":3,"turns":3},{"damage":0,"enemies":"Large Slime","floor":5,"turns":4},{"damage":36,"enemies":"Lagavulin","floor":6,"turns":6},{"damage":12,"enemies":"Blue Slaver","floor":11,"turns":2},{"damage":18,"enemies":"Exordium Wildlife","floor":12,"turns":5},{"damage":6,"enemies":"Gremlin Nob","floor":13,"turns":3},{"damage":9,"enemies":"Slime Boss","floor":16,"turns":10},{"damage":31,"enemies":"Shell Parasite","floor":18,"turns":7},{"damage":30,"enemies":"Chosen","floor":19,"turns":7},{"damage":13,"enemies":"Snecko","floor":20,"turns":4},{"damage":38,"enemies":"Shelled Parasite and Fungi","floor":21,"turns":6},{"damage":0,"enemies":"Gremlin Leader","floor":23,"turns":2},{"damage":20,"enemies":"Slavers","floor":25,"turns":1}],"seed_played":"-6238505845604153190","potions_obtained":[{"floor":2,"key":"SpeedPotion"},{"floor":5,"key":"BloodPotion"},{"floor":12,"key":"Ancient Potion"},{"floor":13,"key":"Energy Potion"},{"floor":18,"key":"Fire Potion"},{"floor":20,"key":"Regen Potion"},{"floor":23,"key":"Regen Potion"}],"is_trial":false,"path_per_floor":["M","M","M","?","M","E","R","?","T","R","M","M","E","$","R","B",null,"M","M","M","M","?","E","?","E"],"character_chosen":"IRONCLAD","items_purchased":["Paper Frog"],"campfire_rested":1,"item_purchase_floors":[14],"current_hp_per_floor":[80,80,80,85,85,55,55,55,55,55,49,37,54,54,79,76,85,60,36,29,12,12,18,18,0,0],"gold":208,"neow_bonus":"RANDOM_COMMON_RELIC","is_daily":false,"chose_seed":false,"campfire_upgraded":2,"win_rate":0.0,"timestamp":1609500170,"path_taken":["M","M","M","?","M","E","R","?","T","R","M","M","E","$","R","BOSS","M","?","M","M","?","E","?","E"],"items_purchased_type":["Relic"],"build_version":"2020-12-22","purchased_purges":0,"victory":false,"max_hp_per_floor":[80,80,80,85,85,85,85,85,85,85,85,85,85,85,85,85,85,85,85,85,85,85,85,85,85,85],"card_choices":[{"not_picked":["Whirlwind","Pommel Strike","Body Slam"],"picked":"SKIP","floor":1},{"not_picked":["Hemokinesis","Metallicize"],"picked":"Armaments","floor":2},{"not_picked":["True Grit","Sever Soul"],"picked":"Perfected Strike","floor":3},{"not_picked":["Armaments","Headbutt","Sword Boomerang"],"picked":"SKIP","floor":5},{"not_picked":["Bludgeon","Anger","Clash"],"picked":"SKIP","floor":6},{"not_picked":["Whirlwind","Flex","Clothesline"],"picked":"SKIP","floor":11},{"not_picked":["Entrench","Thunderclap","Fire Breathing"],"picked":"SKIP","floor":12},{"not_picked":["Clothesline","Dropkick"],"picked":"Cleave","floor":13},{"not_picked":["Fiend Fire","Berserk"],"picked":"Double Tap","floor":16},{"not_picked":["Infernal Blade","True Grit","Body Slam"],"picked":"SKIP","floor":18},{"not_picked":["Heavy Blade","Perfected Strike+1"],"picked":"Bloodletting","floor":19},{"not_picked":["Uppercut","True Grit","Feel No Pain"],"picked":"SKIP","floor":20},{"not_picked":["Sever Soul+1","Warcry","Thunderclap"],"picked":"SKIP","floor":21},{"not_picked":["Infernal Blade","Body Slam"],"picked":"Dropkick","floor":23}],"player_experience":2274,"relics_obtained":[{"floor":6,"key":"Ancient Tea Set"},{"floor":9,"key":"PreservedInsect"},{"floor":13,"key":"Boot"},{"floor":23,"key":"Juzu Bracelet"}],"event_choices":[{"damage_healed":0,"gold_gain":0,"player_choice":"Donut","damage_taken":0,"max_hp_gain":5,"max_hp_loss":0,"event_name":"Big Fish","floor":4,"gold_loss":0},{"cards_removed":["Strike_R"],"damage_healed":0,"gold_gain":0,"player_choice":"Offered Basic","damage_taken":0,"max_hp_gain":0,"max_hp_loss":0,"event_name":"Bonfire Elementals","floor":8,"gold_loss":0},{"damage_healed":0,"gold_gain":0,"player_choice":"Inject Mutagens","damage_taken":0,"relics_obtained":["MutagenicStrength"],"max_hp_gain":0,"max_hp_loss":0,"event_name":"Drug Dealer","floor":22,"gold_loss":0},{"damage_healed":0,"gold_gain":0,"player_choice":"Simplicity","damage_taken":0,"max_hp_gain":0,"max_hp_loss":0,"event_name":"Back to Basics","floor":24,"gold_loss":0,"cards_upgraded":["Strike_R","Strike_R","Strike_R","Defend_R","Defend_R","Defend_R","Defend_R"]}],"is_beta":false,"boss_relics":[{"not_picked":["Empty Cage","Fusion Hammer"],"picked":"SlaversCollar"}],"items_purged_floors":[],"is_endless":false,"potions_floor_spawned":[2,5,12,13,18,20,23],"killed_by":"Slavers","ascension_level":0}}