{"host":"avjwtc49fhlk6kym","time":1609529110,"event":{"mods":["AchievementEnabler","BaseMod","Better Match","Better Note","Better Third Choice","Colored Map","Colored Powertips","Displayed Cursed Tome","Highlight Path","Minty Spire (QoL Compilation)","Permanent Neow","Quick Restart","StSLib"],"gold_per_floor":[109,122,0,0,0,0,30,42,54,96,108,132,162,174,186,298,310,333,345,357,357],"floor_reached":20,"playtime":732,"items_purged":["Normality"],"score":170,"play_id":"c28a23d3-e7ad-4b6c-a7b9-b39c524cfd59","local_time":"20210101142510","is_ascension_mode":false,"campfire_choices":[{"data":"Eruption","floor":6,"key":"SMITH"},{"floor":8,"key":"REST"},{"floor":15,"key":"REST"}],"circlet_count":0,"master_deck":["Strike_P","Strike_P","Strike_P","Strike_P","Defend_P","Defend_P","Defend_P","Eruption+1","Vigilance","Swivel","ClearTheMind","FollowUp","Protect","TalkToTheHand","PathToVictory","FollowUp+1","MasterReality","SashWhip+1"],"relics":["PureWater","Torii","MawBank","Odd Mushroom","Runic Pyramid"],"acts_visited":["Exordium","TheCity"],"potions_floor_usage":[16,16,20],"damage_taken":[{"damage":1,"enemies":"Jaw Worm","floor":1,"turns":6},{"damage":0,"enemies":"Small Slimes","floor":2,"turns":2},{"damage":37,"enemies":"Lagavulin","floor":7,"turns":9},{"damage":8,"enemies":"The Mushroom Lair","floor":10,"turns":4},{"damage":0,"enemies":"Cultist","floor":12,"turns":2},{"damage":7,"enemies":"Exordium Wildlife","floor":13,"turns":4},{"damage":11,"enemies":"Hexaghost","floor":16,"turns":13},{"damage":38,"enemies":"2 Thieves","floor":18,"turns":5},{"damage":34,"enemies":"Masked Bandits","floor":20,"turns":4}],"seed_played":"-7715463502656940130","potions_obtained":[{"floor":2,"key":"Dexterity Potion"},{"floor":10,"key":"Swift Potion"},{"floor":18,"key":"SteroidPotion"}],"is_trial":false,"path_per_floor":["M","M","$","?","$","R","E","R","T","?","$","M","M","?","R","B",null,"M","?","?"],"character_chosen":"WATCHER","items_purchased":["FollowUp"],"campfire_rested":2,"item_purchase_floors":[3],"current_hp_per_floor":[71,71,71,64,64,64,27,48,48,40,40,40,33,33,54,43,72,34,34,0,0],"gold":357,"neow_bonus":"ONE_RARE_RELIC","is_daily":false,"chose_seed":false,"campfire_upgraded":1,"win_rate":0.0,"timestamp":1609529110,"path_taken":["M","M","$","?","$","R","E","R","T","?","?","?","M","?","R","BOSS","M","?","?"],"items_purchased_type":["Card"],"build_version":"2020-12-22","purchased_purges":1,"victory":false,"max_hp_per_floor":[72,72,72,72,72,72,72,72,72,72,72,72,72,72,72,72,72,72,72,72,72],"card_choices":[{"not_picked":["Protect","JustLucky"],"picked":"Swivel","floor":1},{"not_picked":["EmptyFist","Worship"],"picked":"ClearTheMind","floor":2},{"not_picked":["EmptyFist","JustLucky"],"picked":"Protect","floor":7},{"not_picked":["Perseverance","Crescendo"],"picked":"TalkToTheHand","floor":10},{"not_picked":["FollowUp","Tantrum"],"picked":"PathToVictory","floor":12},{"not_picked":["Protect","Meditate"],"picked":"FollowUp","floor":13},{"not_picked":["ConjureBlade","DeusExMachina"],"picked":"MasterReality","floor":16},{"not_picked":["BowlingBash","Fasting2"],"picked":"SashWhip+1","floor":18}],"player_experience":355704,"relics_obtained":[{"floor":7,"key":"MawBank"},{"floor":10,"key":"Odd Mushroom"}],"event_choices":[{"cards_removed":["Defend_P"],"damage_healed":0,"gold_gain":0,"player_choice":"Card Removal","damage_taken":7,"max_hp_gain":0,"max_hp_loss":0,"event_name":"Golden Wing","floor":4,"gold_loss":0},{"damage_healed":0,"gold_gain":0,"player_choice":"Fought Mushrooms","damage_taken":0,"max_hp_gain":0,"max_hp_loss":0,"event_name":"Mushrooms","floor":10,"gold_loss":0},{"damage_healed":0,"gold_gain":0,"player_choice":"Grow","damage_taken":0,"max_hp_gain":0,"max_hp_loss":0,"event_name":"Living Wall","floor":14,"gold_loss":0,"cards_upgraded":["FollowUp"]},{"cards_removed":["Defend_P"],"damage_healed":0,"gold_gain":0,"player_choice":"Give","damage_taken":0,"max_hp_gain":0,"max_hp_loss":0,"event_name":"betterNote:BetterNote","floor":19,"gold_loss":0,"cards_obtained":["Defend_P"]},{"damage_healed":0,"gold_gain":0,"player_choice":"Fought Bandits","damage_taken":0,"max_hp_gain":0,"max_hp_loss":0,"event_name":"Masked Bandits","floor":20,"gold_loss":0}],"is_beta":false,"boss_relics":[{"not_picked":["Pandora\u0027s Box","VioletLotus"],"picked":"Runic Pyramid"}],"items_purged_floors":[3],"is_endless":false,"potions_floor_spawned":[2,10,18],"killed_by":"Masked Bandits","ascension_level":0}}