{"host":"hwrdjx5eod2cxh09","time":1609514400,"event":{"mods":["AchievementEnabler","BaseMod","Bestiary","Minty Spire (QoL Compilation)","Relic Stats"],"gold_per_floor":[212,227,240,240,39,71,71,71,71],"floor_reached":8,"playtime":284,"items_purged":[],"score":56,"play_id":"479a5d8f-a60f-4857-9db9-88261324087f","local_time":"20210102002000","is_ascension_mode":false,"campfire_choices":[],"circlet_count":0,"master_deck":["Strike_B","Strike_B","Strike_B","Defend_B","Defend_B","Defend_B","Defend_B","Zap","Dualcast","BootSequence","Leap","Steam","Coolheaded"],"relics":["Cracked Core","Sling"],"acts_visited":["Exordium"],"potions_floor_usage":[8],"damage_taken":[{"damage":10,"enemies":"Small Slimes","floor":1,"turns":4},{"damage":2,"enemies":"2 Louse","floor":2,"turns":3},{"damage":1,"enemies":"Cultist","floor":3,"turns":4},{"damage":20,"enemies":"Lagavulin","floor":6,"turns":7},{"damage":74,"enemies":"Gremlin Nob","floor":8,"turns":5}],"seed_played":"2227878304572082435","potions_obtained":[{"floor":1,"key":"SneckoOil"},{"floor":6,"key":"Explosive Potion"}],"is_trial":false,"path_per_floor":["M","M","M","?","$","E","?","E"],"character_chosen":"DEFECT","items_purchased":["Swift Potion","Sling"],"campfire_rested":0,"item_purchase_floors":[5,5],"current_hp_per_floor":[65,63,62,55,55,35,35,0,0],"gold":71,"neow_bonus":"HUNDRED_GOLD","is_daily":false,"chose_seed":false,"campfire_upgraded":0,"win_rate":0.0,"timestamp":1609514400,"path_taken":["M","M","M","?","$","E","?","E"],"items_purchased_type":["Potion","Relic"],"build_version":"2020-12-22","purchased_purges":0,"victory":false,"max_hp_per_floor":[75,75,75,75,75,75,75,75,75],"relic_stats":{"counters":[5,23],"obtain_stats":[{"Cracked Core":0,"Sling":5},{"Cracked Core":0,"Sling":3},{"Cracked Core":0,"Sling":11}]},"card_choices":[{"not_picked":["Rebound","Auto Shields"],"picked":"BootSequence","floor":1},{"not_picked":["Barrage","Storm"],"picked":"Leap","floor":2},{"not_picked":["Hologram","Force Field"],"picked":"Steam","floor":3},{"not_picked":["Lockon","Rebound"],"picked":"Coolheaded","floor":6}],"player_experience":151185,"relics_obtained":[],"event_choices":[{"cards_removed":["Strike_B"],"damage_healed":0,"gold_gain":0,"player_choice":"Card Removal","damage_taken":7,"max_hp_gain":0,"max_hp_loss":0,"event_name":"Golden Wing","floor":4,"gold_loss":0},{"damage_healed":0,"gold_gain":0,"player_choice":"Ignored","damage_taken":0,"max_hp_gain":0,"max_hp_loss":0,"event_name":"NoteForYourself","floor":7,"gold_loss":0}],"is_beta":false,"boss_relics":[],"items_purged_floors":[],"is_endless":false,"potions_floor_spawned":[1,6],"killed_by":"Gremlin Nob","ascension_level":0}}