{"host":"6gwm7y0tp7acoxay","time":1609499007,"event":{"mods":["BaseMod","Colored Map","Keyboard Shortcuts","Minty Spire (QoL Compilation)","Quick Restart","StSLib","SuperFastMode","everything is the same but u backflip on backflip"],"gold_per_floor":[117,133,58,133,133,168,201,234,234,277,308,308,308,125,125,214,277,301,133,133,157,157,191,227,263,263,303,303,336,336,50,50,139,139,163,163,53,0,0,39,73,113,163,163,197,530,548,582,582,582,582,582,582,188,220,220,220],"floor_reached":56,"playtime":1745,"items_purged":["Loop"],"score":2934,"play_id":"c9cc9feb-7913-4a87-9367-c1d8f4a7372e","local_time":"20210101200327","daily_mods":["SealedDeck","Heirloom","Flight"],"is_ascension_mode":true,"campfire_choices":[{"data":"White Noise","floor":13.0,"key":"SMITH"},{"data":"Recycle","floor":15,"key":"SMITH"},{"data":"Panache","floor":30,"key":"SMITH"},{"data":"Capacitor","floor":32,"key":"SMITH"},{"floor":44,"key":"RECALL"},{"floor":49,"key":"REST"},{"floor":53,"key":"REST"}],"circlet_count":0,"master_deck":["AscendersBane","Beam Cell+1","Go for the Eyes","Recycle+1","Coolheaded+1","Skim+1","White Noise+1","Gash","Self Repair+1","Gash","Undo","Gash","Panache+1","Chill","All For One","Double Energy+1","Capacitor+1","Fission+1","Coolheaded+1","Hologram+1"],"relics":["Cracked Core","CaptainsWheel","Regal Pillow","Darkstone Periapt","Bottled Flame","Nunchaku","Symbiotic Virus","Gremlin Horn","Oddly Smooth Stone","Tiny House","Orrery","Juzu Bracelet","Bronze Scales","Blood Vial","Bottled Lightning","Bottled Tornado","Toxic Egg 2","InkBottle","Fusion Hammer","Red Mask","Sundial","Kunai","Du-Vu Doll","War Paint","FossilizedHelix","Shuriken","White Beast Statue"],"acts_visited":["Exordium","TheCity","TheBeyond","TheEnding"],"potions_floor_usage":[21,25,45,56,56],"damage_taken":[{"damage":0.0,"enemies":"Cultist","floor":1.0,"turns":2.0},{"damage":5.0,"enemies":"Jaw Worm","floor":2.0,"turns":3.0},{"damage":8.0,"enemies":"Gremlin Nob","floor":6.0,"turns":3.0},{"damage":31.0,"enemies":"3 Sentries","floor":7.0,"turns":8.0},{"damage":0.0,"enemies":"Lagavulin","floor":8.0,"turns":5.0},{"damage":9.0,"enemies":"Gremlin Nob","floor":10.0,"turns":4.0},{"damage":8.0,"enemies":"3 Sentries","floor":11.0,"turns":6.0},{"damage":0,"enemies":"The Guardian","floor":16,"turns":6},{"damage":0,"enemies":"3 Byrds","floor":18,"turns":3},{"damage":15,"enemies":"Shell Parasite","floor":21,"turns":4},{"damage":10,"enemies":"Book of Stabbing","floor":23,"turns":3},{"damage":6,"enemies":"Gremlin Leader","floor":24,"turns":4},{"damage":31,"enemies":"Slavers","floor":25,"turns":4},{"damage":15,"enemies":"Gremlin Leader","floor":27,"turns":4},{"damage":20,"enemies":"Slavers","floor":29,"turns":4},{"damage":15,"enemies":"Collector","floor":33,"turns":4},{"damage":26,"enemies":"3 Darklings","floor":35,"turns":3},{"damage":0,"enemies":"Giant Head","floor":40,"turns":3},{"damage":27,"enemies":"Nemesis","floor":41,"turns":5},{"damage":0,"enemies":"Reptomancer","floor":42,"turns":2},{"damage":16,"enemies":"Nemesis","floor":45,"turns":5},{"damage":0,"enemies":"3 Shapes","floor":47,"turns":1},{"damage":0,"enemies":"Reptomancer","floor":48,"turns":1},{"damage":0,"enemies":"Donu and Deca","floor":50,"turns":2},{"damage":0,"enemies":"Awakened One","floor":51,"turns":3},{"damage":8,"enemies":"Shield and Spear","floor":55,"turns":2},{"damage":74,"enemies":"The Heart","floor":56,"turns":2}],"seed_played":"-7772347132785054223","potions_obtained":[{"floor":8.0,"key":"FearPotion"},{"floor":11.0,"key":"ColorlessPotion"},{"floor":23,"key":"Regen Potion"},{"floor":27,"key":"EssenceOfDarkness"},{"floor":45,"key":"Fruit Juice"}],"is_trial":true,"path_per_floor":["M","M","?","?","?","E","E","E","T","E","E","?","R","$","R","B",null,"M","$","?","M","?","E","E","E","T","E","?","E","R","$","R","B",null,"M","?","?","?","?","E","E","E","T","R","E","?","M","E","R","B","B",null,"R","$","E","B"],"character_chosen":"DEFECT","items_purchased":["Panache","Orrery","InkBottle","Shuriken","FocusPotion"],"campfire_rested":2,"item_purchase_floors":[14,19,31,54,54],"current_hp_per_floor":[64,66,66,55,55,54,30,37,37,35,34,23,23,23,23,30,61,68,68,68,60,60,57,58,46,46,47,47,36,36,36,36,30,59,42,42,42,42,42,54,39,51,51,51,52,52,64,74,74,74,74,74,74,74,74,0,0],"gold":220,"neow_bonus":"","is_daily":false,"chose_seed":false,"campfire_upgraded":4,"win_rate":0.0,"timestamp":1609499007,"path_taken":["M","?","?","?","?","E","E","E","T","E","E","?","R","?","R","BOSS","M","?","?","?","?","E","E","E","T","E","?","E","R","$","R","BOSS","M","?","?","?","?","E","E","E","T","R","E","?","M","E","R","BOSS","BOSS","R","$","E","BOSS"],"items_purchased_type":["Card","Relic","Relic","Relic","Potion"],"build_version":"2020-12-22","purchased_purges":1,"victory":false,"max_hp_per_floor":[71,71,71,71,64,64,64,64,64,64,64,64,64,64,64,64,69,69,69,69,69,69,69,69,69,69,69,69,69,69,69,69,69,69,69,69,69,69,69,69,69,69,69,69,74,74,74,74,74,74,74,74,74,74,74,74,74],"card_choices":[{"not_picked":["Lockon","Tempest"],"picked":"Self Repair","floor":1.0},{"not_picked":["Skim","BootSequence"],"picked":"Gash","floor":2.0},{"not_picked":["Cold Snap","Leap","Fusion"],"picked":"SKIP","floor":6.0},{"not_picked":["Stack","Force Field","BootSequence"],"picked":"SKIP","floor":7.0},{"not_picked":["BootSequence","Ball Lightning"],"picked":"Undo","floor":8.0},{"not_picked":["Barrage","Stack"],"picked":"Gash","floor":10.0},{"not_picked":["Compile Driver","Leap","Rainbow"],"picked":"SKIP","floor":11.0},{"not_picked":["Heatsinks","Hologram"],"picked":"Chill","floor":17},{"not_picked":["Gash","Blizzard","Leap"],"picked":"SKIP","floor":18},{"not_picked":["Barrage","Coolheaded+1"],"picked":"All For One","floor":19},{"not_picked":["Turbo","Leap"],"picked":"Loop","floor":19},{"not_picked":["Lockon","Go for the Eyes"],"picked":"Double Energy+1","floor":21},{"not_picked":["Conserve Battery","Turbo+1","Sweeping Beam"],"picked":"SKIP","floor":23},{"not_picked":["Double Energy","Sunder"],"picked":"Capacitor","floor":24},{"not_picked":["Undo","Sweeping Beam","Turbo"],"picked":"SKIP","floor":25},{"not_picked":["BootSequence","Cold Snap","Undo"],"picked":"SKIP","floor":27},{"not_picked":["Compile Driver","Reinforced Body+1","Auto Shields+1"],"picked":"SKIP","floor":29},{"not_picked":["Hyperbeam","Seek+1"],"picked":"Fission+1","floor":33},{"not_picked":["Stack+1","Ball Lightning","Cold Snap"],"picked":"SKIP","floor":35},{"not_picked":["Machine Learning","Leap+1","Double Energy+1"],"picked":"SKIP","floor":40},{"not_picked":["Static Discharge+1","Barrage"],"picked":"Coolheaded+1","floor":41},{"not_picked":["Stack+1","Chaos+1","Double Energy+1"],"picked":"SKIP","floor":42},{"not_picked":["Genetic Algorithm+1","Ball Lightning+1"],"picked":"Hologram+1","floor":45},{"not_picked":["Stack+1","Cold Snap","Redo+1"],"picked":"SKIP","floor":47},{"not_picked":["Turbo+1","Barrage","Melter"],"picked":"SKIP","floor":48},{"not_picked":["Rebound","Machine Learning","Beam Cell"],"picked":"SKIP","floor":55}],"player_experience":4345180,"relics_obtained":[{"floor":6.0,"key":"Regal Pillow"},{"floor":7.0,"key":"Darkstone Periapt"},{"floor":8.0,"key":"Bottled Flame"},{"floor":9.0,"key":"Nunchaku"},{"floor":10.0,"key":"Symbiotic Virus"},{"floor":11.0,"key":"Gremlin Horn"},{"floor":23,"key":"Juzu Bracelet"},{"floor":24,"key":"Bronze Scales"},{"floor":25,"key":"Blood Vial"},{"floor":26,"key":"Bottled Lightning"},{"floor":27,"key":"Bottled Tornado"},{"floor":29,"key":"Toxic Egg 2"},{"floor":40,"key":"Sundial"},{"floor":41,"key":"Kunai"},{"floor":42,"key":"Du-Vu Doll"},{"floor":45,"key":"War Paint"},{"floor":48,"key":"FossilizedHelix"},{"floor":55,"key":"White Beast Statue"}],"event_choices":[{"cards_removed":["Compile Driver"],"damage_healed":0.0,"max_hp_gain":0.0,"max_hp_loss":0.0,"gold_gain":0.0,"event_name":"The Cleric","player_choice":"Card Removal","floor":3.0,"gold_loss":75.0,"damage_taken":0.0},{"damage_healed":0.0,"max_hp_gain":0.0,"max_hp_loss":0.0,"gold_gain":75.0,"event_name":"World of Goop","player_choice":"Gather Gold","floor":4.0,"gold_loss":0.0,"damage_taken":11.0},{"damage_healed":0.0,"max_hp_gain":0.0,"max_hp_loss":7.0,"gold_gain":0.0,"event_name":"Golden Idol","player_choice":"Lose Max HP","floor":5.0,"gold_loss":0.0,"damage_taken":0.0,"relics_obtained":["Golden Idol"]},{"damage_healed":0.0,"max_hp_gain":0.0,"max_hp_loss":0.0,"gold_gain":0.0,"event_name":"Scrap Ooze","player_choice":"Success","floor":12.0,"gold_loss":0.0,"damage_taken":11.0,"relics_obtained":["Oddly Smooth Stone"]},{"damage_healed":0,"gold_gain":0,"player_choice":"Ignored","damage_taken":0,"max_hp_gain":0,"max_hp_loss":0,"event_name":"Transmorgrifier","floor":20,"gold_loss":0},{"damage_healed":0,"gold_gain":0,"player_choice":"Ignored","damage_taken":0,"max_hp_gain":0,"max_hp_loss":0,"event_name":"Cursed Tome","floor":22,"gold_loss":0},{"damage_healed":0,"gold_gain":0,"player_choice":"Ignored","damage_taken":0,"max_hp_gain":0,"max_hp_loss":0,"event_name":"Ghosts","floor":28,"gold_loss":0},{"cards_removed":["Conserve Battery"],"damage_healed":0,"gold_gain":0,"player_choice":"Removed Skill","damage_taken":0,"max_hp_gain":0,"max_hp_loss":0,"event_name":"Falling","floor":36,"gold_loss":0},{"cards_removed":["Ball Lightning"],"damage_healed":0,"gold_gain":0,"player_choice":"Upgrade and Remove","damage_taken":0,"max_hp_gain":0,"max_hp_loss":0,"event_name":"Designer","floor":37,"gold_loss":110,"cards_upgraded":["Self Repair"]},{"damage_healed":0,"gold_gain":0,"player_choice":"Paid","damage_taken":0,"relics_obtained":["Red Mask"],"max_hp_gain":0,"max_hp_loss":0,"event_name":"Tomb of Lord Red Mask","floor":38,"gold_loss":53},{"damage_healed":0,"gold_gain":0,"player_choice":"Ignored","damage_taken":0,"max_hp_gain":0,"max_hp_loss":0,"event_name":"SecretPortal","floor":39,"gold_loss":0},{"damage_healed":0,"gold_gain":333,"player_choice":"Gave Idol","damage_taken":0,"max_hp_gain":0,"max_hp_loss":0,"event_name":"The Moai Head","floor":46,"relics_lost":["Golden Idol"],"gold_loss":0}],"is_beta":false,"boss_relics":[{"not_picked":["Runic Pyramid","Velvet Choker"],"picked":"Tiny House"},{"not_picked":["Snecko Eye","SacredBark"],"picked":"Fusion Hammer"}],"items_purged_floors":[54],"is_endless":false,"potions_floor_spawned":[8,11,18,23,27,35,40,45],"killed_by":"The Heart","ascension_level":20}}