{"host":"qxeepl7ydvsgmfdb","time":1609509493,"event":{"mods":["AchievementEnabler","BaseMod","Colored Powertips","Minty Spire (QoL Compilation)","Quick Restart","slay the spire mod where everything is the same but ironclad has a cowboy hat"],"gold_per_floor":[109,109,284,284,294,294,307,335,335,350,350,300,44,55,55,155,155,167,67,38,38,53,53,53,53],"floor_reached":24,"playtime":724,"items_purged":[],"score":320,"play_id":"dc548747-538d-4346-bddf-1ce399e06c93","local_time":"20210101085813","is_ascension_mode":true,"campfire_choices":[{"data":"Poisoned Stab","floor":6.0,"key":"SMITH"},{"floor":11.0,"key":"REST"},{"data":"Cloak And Dagger","floor":15.0,"key":"SMITH"},{"floor":23,"key":"REST"}],"circlet_count":0,"master_deck":["Strike_G","Strike_G","Strike_G","Strike_G","Defend_G","Defend_G","Defend_G","Defend_G","Defend_G","Survivor","Neutralize","Dagger Throw","Poisoned Stab+1","Slice","Blade Dance","Cloak And Dagger+1","A Thousand Cuts","Deadly Poison","Deadly Poison","Poisoned Stab","Poisoned Stab"],"relics":["Ring of the Snake","Snake Skull","Singing Bowl","Toy Ornithopter","Shuriken","Pen Nib","SacredBark"],"acts_visited":["Exordium","TheCity"],"potions_floor_usage":[20,22],"damage_taken":[{"damage":0.0,"enemies":"Cultist","floor":1.0,"turns":3.0},{"damage":1.0,"enemies":"Jaw Worm","floor":5.0,"turns":3.0},{"damage":0.0,"enemies":"Small Slimes","floor":7.0,"turns":2.0},{"damage":22.0,"enemies":"Lagavulin","floor":8.0,"turns":5.0},{"damage":3.0,"enemies":"Looter","floor":10.0,"turns":2.0},{"damage":1.0,"enemies":"Red Slaver","floor":14.0,"turns":3.0},{"damage":0.0,"enemies":"Slime Boss","floor":16.0,"turns":6.0},{"damage":17,"enemies":"3 Byrds","floor":18,"turns":4},{"damage":17,"enemies":"2 Thieves","floor":20,"turns":5},{"damage":40,"enemies":"Shelled Parasite and Fungi","floor":22,"turns":4},{"damage":40,"enemies":"Sentry and Sphere","floor":24,"turns":5}],"seed_played":"-3881109756673560785","potions_obtained":[{"floor":5.0,"key":"CultistPotion"},{"floor":7.0,"key":"Explosive Potion"},{"floor":18,"key":"SneckoOil"},{"floor":20,"key":"LiquidBronze"}],"is_trial":false,"path_per_floor":["M","T","?","?","M","R","M","E","T","M","R","?","$","M","R","B",null,"M","$","M","$","M","R","M"],"character_chosen":"THE_SILENT","items_purchased":["Pen Nib","Fruit Juice","Deadly Poison","Poisoned Stab"],"campfire_rested":2,"item_purchase_floors":[13,13,19,19],"current_hp_per_floor":[63,63,63,56,55,55,55,35,35,32,53,53,63,62,62,67,75,58,58,46,46,13,36,0,0],"gold":53,"neow_bonus":"RANDOM_COMMON_RELIC","is_daily":false,"chose_seed":false,"campfire_upgraded":2,"win_rate":0.0,"timestamp":1609509493,"path_taken":["M","?","?","?","M","R","M","E","T","M","R","?","?","?","R","BOSS","M","$","M","$","M","R","M"],"items_purchased_type":["Relic","Potion","Card","Card"],"build_version":"2020-12-22","purchased_purges":0,"victory":false,"max_hp_per_floor":[70,70,70,70,70,70,70,72,72,72,72,72,77,77,77,77,77,77,77,77,77,79,79,79,79],"card_choices":[{"not_picked":["Flying Knee","Prepared"],"picked":"Dagger Throw","floor":1.0},{"not_picked":["Wraith Form v2","Escape Plan"],"picked":"Poisoned Stab","floor":5.0},{"not_picked":["PiercingWail","Prepared"],"picked":"Slice","floor":7.0},{"not_picked":["Setup","Bullet Time","Escape Plan"],"picked":"Singing Bowl","floor":8.0},{"not_picked":["Cloak And Dagger","Flying Knee"],"picked":"Blade Dance","floor":10.0},{"not_picked":["Predator","Backflip"],"picked":"Cloak And Dagger","floor":14.0},{"not_picked":["Night Terror","Grand Finale"],"picked":"A Thousand Cuts","floor":16.0},{"not_picked":["Calculated Gamble","Dodge and Roll+1"],"picked":"Deadly Poison","floor":18},{"not_picked":["Prepared","Riddle With Holes"],"picked":"Poisoned Stab","floor":20},{"not_picked":["Acrobatics","Distraction","Backflip"],"picked":"Singing Bowl","floor":22}],"player_experience":347682,"relics_obtained":[{"floor":2.0,"key":"Singing Bowl"},{"floor":8.0,"key":"Toy Ornithopter"},{"floor":9.0,"key":"Shuriken"}],"event_choices":[{"damage_healed":0.0,"max_hp_gain":0.0,"max_hp_loss":0.0,"gold_gain":175.0,"event_name":"Liars Game","player_choice":"AGREE","floor":3.0,"gold_loss":0.0,"damage_taken":0.0,"cards_obtained":["Doubt"]},{"cards_removed":["Doubt"],"damage_healed":0.0,"max_hp_gain":0.0,"max_hp_loss":0.0,"gold_gain":0.0,"event_name":"Golden Wing","player_choice":"Card Removal","floor":4.0,"gold_loss":0.0,"damage_taken":7.0},{"cards_removed":["Strike_G"],"damage_healed":0.0,"max_hp_gain":0.0,"max_hp_loss":0.0,"gold_gain":0.0,"event_name":"The Cleric","player_choice":"Card Removal","floor":12.0,"gold_loss":50.0,"damage_taken":0.0}],"is_beta":false,"boss_relics":[{"not_picked":["Ring of the Serpent","Sozu"],"picked":"SacredBark"}],"items_purged_floors":[],"is_endless":false,"potions_floor_spawned":[5,7,18,20],"killed_by":"Sentry and Sphere","ascension_level":6}}