{"host":"k85tjwrh7mjrrc9a","time":1609535435,"event":{"mods":["AchievementEnabler","BaseMod","Colored Powertips","Highlight Path","Minty Spire (QoL Compilation)","Rare Cards Sparkle","StSLib"],"gold_per_floor":[114,129,144,144,116,116,146,161,161,161,176,176,191,206,206,306,306,321,321,171,171,186,186,216,231,231,231,246,276,276,291,291,391,391,406,406,448,463,313,313,63,93,93,123,123,123,138,138,138,138],"floor_reached":51,"playtime":2949,"items_purged":[],"score":825,"play_id":"e411f964-b5c0-4bfc-beec-497a99a314b0","local_time":"20210101161035","daily_mods":["Shiny","ControlledChaos","Elite Swarm"],"is_ascension_mode":false,"campfire_choices":[{"data":"After Image","floor":6,"key":"SMITH"},{"floor":12,"key":"REST"},{"floor":15,"key":"REST"},{"floor":23,"key":"REST"},{"floor":27,"key":"REST"},{"floor":32,"key":"REST"},{"data":"Wraith Form v2","floor":40,"key":"SMITH"},{"floor":46,"key":"REST"},{"floor":49,"key":"REST"}],"circlet_count":0,"master_deck":["Venomology","Corpse Explosion","Phantasmal Killer","Die Die Die","Adrenaline","Envenom","Doppelganger","Burst","Wraith Form v2+1","Tools of the Trade","Night Terror","Unload","After Image+1","Bullet Time","Storm of Steel","Glass Knife","A Thousand Cuts","Dagger Spray","Dodge and Roll","Flechettes","Bullet Time","Bullet Time","Deflect"],"relics":["Ring of the Snake","Frozen Eye","Prayer Wheel","PreservedInsect","Orichalcum","Snecko Eye","Nilry\u0027s Codex","Bag of Preparation","Snake Skull","Singing Bowl","Strawberry","Empty Cage","Lizard Tail","Bronze Scales","Letter Opener","Pen Nib","TungstenRod","White Beast Statue"],"acts_visited":["Exordium","TheCity","TheBeyond"],"potions_floor_usage":[16,22,24,25,25,29,29,33,33,33,37,42,44,47,48,50,50],"damage_taken":[{"damage":0,"enemies":"Cultist","floor":1,"turns":3},{"damage":9,"enemies":"Small Slimes","floor":2,"turns":4},{"damage":6,"enemies":"2 Louse","floor":3,"turns":2},{"damage":23,"enemies":"3 Sentries","floor":7,"turns":5},{"damage":10,"enemies":"Blue Slaver","floor":8,"turns":3},{"damage":4,"enemies":"Exordium Wildlife","floor":11,"turns":3},{"damage":16,"enemies":"3 Louse","floor":13,"turns":3},{"damage":8,"enemies":"Exordium Thugs","floor":14,"turns":3},{"damage":4,"enemies":"Hexaghost","floor":16,"turns":6},{"damage":13,"enemies":"Chosen","floor":18,"turns":4},{"damage":9,"enemies":"3 Byrds","floor":22,"turns":3},{"damage":31,"enemies":"Gremlin Leader","floor":24,"turns":4},{"damage":3,"enemies":"Centurion and Healer","floor":25,"turns":2},{"damage":0,"enemies":"3 Cultists","floor":28,"turns":2},{"damage":8,"enemies":"Book of Stabbing","floor":29,"turns":4},{"damage":12,"enemies":"Snake Plant","floor":31,"turns":3},{"damage":15,"enemies":"Automaton","floor":33,"turns":5},{"damage":1,"enemies":"3 Darklings","floor":35,"turns":3},{"damage":15,"enemies":"2 Orb Walkers","floor":37,"turns":3},{"damage":6,"enemies":"3 Shapes","floor":38,"turns":2},{"damage":43,"enemies":"Nemesis","floor":42,"turns":3},{"damage":0,"enemies":"Reptomancer","floor":44,"turns":4},{"damage":0,"enemies":"Spire Growth","floor":47,"turns":3},{"damage":0,"enemies":"Giant Head","floor":48,"turns":1},{"damage":113,"enemies":"Awakened One","floor":50,"turns":11}],"seed_played":"-2495295926900846280","potions_obtained":[{"floor":1,"key":"GamblersBrew"},{"floor":2,"key":"Explosive Potion"},{"floor":7,"key":"DuplicationPotion"},{"floor":18,"key":"SneckoOil"},{"floor":24,"key":"SteroidPotion"},{"floor":28,"key":"Swift Potion"},{"floor":29,"key":"CultistPotion"},{"floor":33,"key":"Explosive Potion"},{"floor":35,"key":"FairyPotion"},{"floor":44,"key":"LiquidBronze"}],"is_trial":false,"path_per_floor":["M","M","M","?","?","R","E","M","T","$","M","R","M","M","R","B",null,"M","?","$","?","M","R","E","M","T","R","M","E","?","M","R","B",null,"M","?","?","M","$","R","$","E","T","E","?","R","M","E","R","B",null],"character_chosen":"THE_SILENT","items_purchased":["Bag of Preparation","Bronze Scales","Letter Opener"],"campfire_rested":7,"item_purchase_floors":[20,39,41],"current_hp_per_floor":[70,61,55,55,55,55,32,22,22,22,18,39,23,15,36,32,70,57,41,41,41,32,53,22,19,19,40,40,39,39,31,55,42,83,86,88,75,73,73,73,73,32,32,32,32,61,65,65,95,30],"gold":138,"neow_bonus":"","is_daily":true,"chose_seed":false,"campfire_upgraded":2,"win_rate":0.0,"timestamp":1609535435,"path_taken":["M","M","?","?","?","R","E","M","T","?","M","R","M","M","R","BOSS","M","?","$","?","M","R","E","?","T","R","M","E","?","M","R","BOSS","M","?","?","M","$","R","$","E","T","E","?","R","M","E","R","BOSS"],"items_purchased_type":["Relic","Relic","Relic"],"build_version":"2020-12-22","purchased_purges":0,"victory":true,"max_hp_per_floor":[70,70,70,70,70,70,70,70,70,70,70,70,70,70,70,70,70,70,70,70,70,70,70,70,70,70,70,70,77,77,81,81,83,83,87,89,91,95,95,95,95,97,97,97,97,97,101,101,101,101],"card_choices":[{"not_picked":["Setup","Underhanded Strike"],"picked":"Dagger Spray","floor":1},{"not_picked":["Bouncing Flask","Accuracy"],"picked":"Dodge and Roll","floor":2},{"not_picked":["Footwork","Bane"],"picked":"Flechettes","floor":3},{"not_picked":["Die Die Die","After Image","Envenom"],"picked":"SKIP","floor":7},{"not_picked":["Die Die Die","After Image","Envenom"],"picked":"SKIP","floor":7},{"not_picked":["Flying Knee","Sucker Punch","Underhanded Strike"],"picked":"SKIP","floor":8},{"not_picked":["Slice","Backflip","Eviscerate"],"picked":"SKIP","floor":8},{"not_picked":["Acrobatics","Predator","Slice"],"picked":"SKIP","floor":11},{"not_picked":["Finisher","Distraction","Choke"],"picked":"SKIP","floor":11},{"not_picked":["Acrobatics","Predator","Night Terror"],"picked":"SKIP","floor":13},{"not_picked":["PiercingWail","Blade Dance","Dagger Throw"],"picked":"SKIP","floor":13},{"not_picked":["Bane","Dagger Spray","Setup"],"picked":"SKIP","floor":14},{"not_picked":["Underhanded Strike","Dagger Spray","Skewer"],"picked":"SKIP","floor":14},{"not_picked":["Blade Dance","Expertise","Reflex"],"picked":"SKIP","floor":18},{"not_picked":["Crippling Poison","Slice","Bane"],"picked":"SKIP","floor":18},{"not_picked":["Deflect","Leg Sweep","Quick Slash"],"picked":"SKIP","floor":22},{"not_picked":["Deflect+1","Backflip","Prepared"],"picked":"SKIP","floor":22},{"not_picked":["Corpse Explosion","Malaise","Envenom"],"picked":"SKIP","floor":24},{"not_picked":["Deflect","Quick Slash","Backflip"],"picked":"SKIP","floor":25},{"not_picked":["Deflect","Blade Dance+1","Dash+1"],"picked":"SKIP","floor":25},{"not_picked":["PiercingWail","Poisoned Stab+1","Cloak And Dagger"],"picked":"SKIP","floor":28},{"not_picked":["Leg Sweep","Outmaneuver","Prepared+1"],"picked":"SKIP","floor":28},{"not_picked":["Tools of the Trade","Malaise"],"picked":"Bullet Time","floor":29},{"not_picked":["PiercingWail+1","Outmaneuver+1","Underhanded Strike"],"picked":"Singing Bowl","floor":31},{"not_picked":["Flying Knee","Footwork+1","Blade Dance+1"],"picked":"Singing Bowl","floor":31},{"not_picked":["Die Die Die","Glass Knife","Doppelganger"],"picked":"Singing Bowl","floor":33},{"not_picked":["Dodge and Roll+1","Slice","Accuracy+1"],"picked":"Singing Bowl","floor":35},{"not_picked":["Sucker Punch+1","Underhanded Strike+1","Quick Slash"],"picked":"Singing Bowl","floor":35},{"not_picked":["PanicButton","Deep Breath","Madness"],"picked":"Singing Bowl","floor":36},{"not_picked":["Skewer+1","Poisoned Stab","Finisher+1"],"picked":"Singing Bowl","floor":37},{"not_picked":["Quick Slash","Blade Dance+1","Poisoned Stab"],"picked":"Singing Bowl","floor":38},{"not_picked":["Flying Knee+1","Flechettes","Accuracy+1"],"picked":"Singing Bowl","floor":38},{"not_picked":["Bullet Time","Venomology","Unload"],"picked":"Singing Bowl","floor":42},{"not_picked":["Tools of the Trade","A Thousand Cuts"],"picked":"Bullet Time","floor":44},{"not_picked":["Outmaneuver+1","Dagger Spray+1","Sucker Punch+1"],"picked":"Singing Bowl","floor":47},{"not_picked":["Poisoned Stab+1","Slice+1","Underhanded Strike+1"],"picked":"Singing Bowl","floor":47}],"player_experience":115784,"relics_obtained":[{"floor":7,"key":"PreservedInsect"},{"floor":9,"key":"Orichalcum"},{"floor":19,"key":"Nilry\u0027s Codex"},{"floor":24,"key":"Snake Skull"},{"floor":26,"key":"Singing Bowl"},{"floor":29,"key":"Strawberry"},{"floor":37,"key":"Lizard Tail"},{"floor":42,"key":"Pen Nib"},{"floor":43,"key":"TungstenRod"},{"floor":44,"key":"White Beast Statue"}],"event_choices":[{"damage_healed":0,"gold_gain":0,"player_choice":"Box","damage_taken":0,"relics_obtained":["Prayer Wheel"],"max_hp_gain":0,"max_hp_loss":0,"event_name":"Big Fish","floor":4,"gold_loss":0,"cards_obtained":["Regret"]},{"damage_healed":0,"gold_gain":0,"player_choice":"Left Gold","damage_taken":0,"max_hp_gain":0,"max_hp_loss":0,"event_name":"World of Goop","floor":5,"gold_loss":28},{"damage_healed":0,"gold_gain":0,"player_choice":"Obtained Book","damage_taken":16,"max_hp_gain":0,"max_hp_loss":0,"event_name":"Cursed Tome","floor":19,"gold_loss":0},{"damage_healed":0,"gold_gain":0,"player_choice":"Ignored","damage_taken":0,"max_hp_gain":0,"max_hp_loss":0,"event_name":"N\u0027loth","floor":21,"gold_loss":0},{"damage_healed":0,"gold_gain":0,"player_choice":"Ignored","damage_taken":0,"max_hp_gain":0,"max_hp_loss":0,"event_name":"Ghosts","floor":30,"gold_loss":0},{"damage_healed":0,"gold_gain":0,"player_choice":"Memory 1","damage_taken":0,"max_hp_gain":0,"max_hp_loss":0,"event_name":"SensoryStone","floor":36,"gold_loss":0},{"damage_healed":0,"gold_gain":0,"player_choice":"Fight","damage_taken":0,"max_hp_gain":0,"max_hp_loss":0,"event_name":"Mysterious Sphere","floor":37,"gold_loss":0},{"damage_healed":0,"gold_gain":0,"cards_transformed":["Malaise"],"player_choice":"Transformed","damage_taken":0,"max_hp_gain":0,"max_hp_loss":0,"event_name":"Transmorgrifier","floor":45,"gold_loss":0,"cards_obtained":["Deflect"]}],"is_beta":false,"boss_relics":[{"not_picked":["Velvet Choker","Coffee Dripper"],"picked":"Snecko Eye"},{"not_picked":["SacredBark","Sozu"],"picked":"Empty Cage"}],"items_purged_floors":[],"is_endless":false,"potions_floor_spawned":[1,2,7,8,18,24,28,29,33,35,44,47,48],"ascension_level":0}}