{"host":"xdg5osv0fulac4z3","time":1609481592,"event":{"mods":["2.2 Compatiblity","Act Like it!","BaseMod","Colored Map","Hallownest","Minty Spire (QoL Compilation)","Rare Cards Sparkle","Replay The Spire","StSLib","The Bug Knight"],"gold_per_floor":[154,11,51,91,91,159,159,209,232,232,271,69,69,107,107,228,328,378,378,417,471,471,471],"floor_reached":22,"playtime":1483,"items_purged":["HollowMod:QuickDashStart","HollowMod:QuickDashStart"],"score":203,"play_id":"cac3298f-7ad7-444f-9de7-fc3b5e4c652f","local_time":"20210101161312","is_ascension_mode":true,"campfire_choices":[{"data":"HollowMod:PureVessel","floor":7,"key":"SMITH"},{"floor":10,"key":"DIG"},{"data":"HollowMod:HuntersJournal","floor":13,"key":"SMITH"},{"floor":15,"key":"REST"}],"circlet_count":0,"master_deck":["HollowMod:NailStrikeStart","HollowMod:NailStrikeStart","HollowMod:NailStrikeStart","HollowMod:NailStrikeStart","HollowMod:QuickDashStart","HollowMod:QuickDashStart","HollowMod:FocusHealStart","HollowMod:PogoStrike","HandOfGreed","HollowMod:CornifersMapStart","HollowMod:BrokenVessel","HollowMod:PureVessel+1","HollowMod:HuntersJournal+1","HollowMod:SoulStrike","HollowMod:MantisMark","HollowMod:NewGlowingWomb","HollowMod:SoulStrike+1","HollowMod:InfectedAttack","HollowMod:InfectedCysts+1"],"relics":["HollowMod:VesselMask","Hallownest:DreamNailRelic","Vajra","Shovel","Orichalcum","Replay:Wax Seal","BargainBundle","Replay:Wanted Poster"],"acts_visited":["Hallownest:Greenpath","Hallownest:CityofTears"],"potions_floor_usage":[16,16,21],"damage_taken":[{"damage":3,"enemies":"Hallownest:2_MossCreeps","floor":1,"turns":3},{"damage":2,"enemies":"Hallownest:monsterHuskGuard","floor":3,"turns":4},{"damage":16,"enemies":"Hallownest:eliteVengeflyKing","floor":6,"turns":7},{"damage":17,"enemies":"Hallownest:eliteCrystalGuardian","floor":8,"turns":5},{"damage":0,"enemies":"Hallownest:2_Baldur","floor":11,"turns":2},{"damage":6,"enemies":"Hallownest:monsterFoolEater","floor":14,"turns":2},{"damage":17,"enemies":"Hallownest:BossBrokenVessel","floor":16,"turns":11},{"damage":22,"enemies":"Hallownest:3_Youths","floor":18,"turns":5},{"damage":28,"enemies":"Hallownest:Guard_and_Sentry","floor":20,"turns":4},{"damage":42,"enemies":"Hallownest:Master_and_Novice","floor":21,"turns":4},{"damage":13,"enemies":"Hallownest:monsterMisterMushroom","floor":22,"turns":3}],"seed_played":"9096077715382012656","potions_obtained":[{"floor":11,"key":"LifebloodPotion"},{"floor":14,"key":"SkillPotion"},{"floor":16,"key":"Weak Potion"},{"floor":20,"key":"Milkshake"}],"is_trial":false,"path_per_floor":["M","$","M","?","?","E","R","E","T","R","M","$","R","M","R","B",null,"M","?","M","M","M"],"character_chosen":"THE_BUGKNIGHT","items_purchased":["HollowMod:BrokenVessel","BargainBundle","HollowMod:SoulStrike","HollowMod:MantisMark","Block Potion","Elixir"],"campfire_rested":1,"item_purchase_floors":[2,12,12,12,12,12],"current_hp_per_floor":[57,57,61,61,61,51,51,34,34,34,34,34,34,28,50,33,75,59,59,37,1,0,0],"gold":471,"neow_bonus":"RANDOM_COLORLESS_2","is_daily":false,"chose_seed":false,"campfire_upgraded":2,"win_rate":0.0,"timestamp":1609481592,"path_taken":["M","$","M","?","?","E","R","E","T","R","?","$","R","M","R","BOSS","M","?","M","M","?"],"items_purchased_type":["Card","Relic","Card","Card","Potion","Potion"],"build_version":"2020-12-22","purchased_purges":2,"victory":false,"max_hp_per_floor":[75,75,75,75,75,75,75,75,75,75,75,75,75,75,75,75,75,75,75,75,75,75,75],"card_choices":[{"not_picked":["Chrysalis","Secret Weapon"],"picked":"HandOfGreed","floor":0},{"not_picked":["HollowMod:HowlingWraiths","HollowMod:GreatSlash"],"picked":"HollowMod:CornifersMapStart","floor":1},{"not_picked":["HollowMod:SoulSplash","HollowMod:theNailsmith","HollowMod:LifebloodCocoon"],"picked":"SKIP","floor":3},{"not_picked":["HollowMod:SiblingsShadow","HollowMod:AbyssShriek"],"picked":"HollowMod:PureVessel","floor":6},{"not_picked":["HollowMod:NewLittleFool","HollowMod:ChannelNail","HollowMod:ShadowDash"],"picked":"SKIP","floor":8},{"not_picked":["HollowMod:RecoilStrike","HollowMod:DreamGate"],"picked":"HollowMod:HuntersJournal","floor":11},{"not_picked":["HollowMod:ShadowDash","HollowMod:HowlingWraiths"],"picked":"HollowMod:NewGlowingWomb","floor":14},{"not_picked":["HollowMod:DescendingDark","HollowMod:HeavyBlow+1"],"picked":"HollowMod:SoulStrike+1","floor":18},{"not_picked":["HollowMod:SoulSplash","HollowMod:MidwifesHunger"],"picked":"HollowMod:InfectedAttack","floor":19},{"not_picked":["HollowMod:NewLittleFool","HollowMod:SharpenedNail","HollowMod:ChannelNail"],"picked":"SKIP","floor":20},{"not_picked":["HollowMod:SiblingsSouls","HollowMod:LifebloodCocoon"],"picked":"HollowMod:InfectedCysts+1","floor":21}],"player_experience":138759,"relics_obtained":[{"floor":6,"key":"Vajra"},{"floor":8,"key":"Shovel"},{"floor":9,"key":"Orichalcum"},{"floor":10,"key":"Replay:Wax Seal"}],"event_choices":[],"is_beta":false,"boss_relics":[{"not_picked":["Runic Dome","Ectoplasm"],"picked":"Replay:Wanted Poster"}],"items_purged_floors":[2,12],"is_endless":false,"potions_floor_spawned":[11,14,16,20],"killed_by":"Hallownest:monsterMisterMushroom","ascension_level":1}}