{"host":"dl7h25vjpuplx29g","time":1609534663,"event":{"mods":["BaseMod","Colored Map","Minty Spire (QoL Compilation)"],"gold_per_floor":[110,125,125,140,153,153,185,200,200,220,220,246,246,263,263,338,338,348,360,360,360,360,360,370,370,394,394,14,32,65,84,84,162,162,176,176,176,195,206,206,232,232,232,249,249,249,249],"floor_reached":46,"playtime":31557,"items_purged":["Strike_G"],"score":819,"play_id":"55d22c3b-b0a8-44f8-8524-53aab1922001","local_time":"20210102055743","is_ascension_mode":true,"campfire_choices":[{"data":"Neutralize","floor":6.0,"key":"SMITH"},{"data":"Finisher","floor":11.0,"key":"SMITH"},{"floor":13.0,"key":"REST"},{"data":"Bouncing Flask","floor":15.0,"key":"SMITH"},{"floor":23.0,"key":"REST"},{"data":"Tactician","floor":25.0,"key":"SMITH"},{"data":"Leg Sweep","floor":27.0,"key":"SMITH"},{"data":"Burst","floor":32.0,"key":"SMITH"},{"data":"Burst","floor":40.0,"key":"SMITH"},{"floor":42.0,"key":"RECALL"},{"data":"Dodge and Roll","floor":45.0,"key":"SMITH"}],"circlet_count":0,"master_deck":["AscendersBane","Strike_G","Strike_G","Strike_G","Defend_G","Defend_G","Defend_G","Defend_G","Defend_G","Survivor","Neutralize+1","Finisher+1","Quick Slash","Deadly Poison","After Image","Finisher","Leg Sweep+1","Poisoned Stab","Bouncing Flask+1","Tools of the Trade","Tactician+1","PiercingWail","Slice","Outmaneuver","Terror","Burst+1","Burst+1","Backflip","Madness","Madness","Reflex","Dodge and Roll+1"],"relics":["Ring of the Snake","Meat on the Bone","Art of War","Omamori","Snecko Eye","Necronomicon","Orichalcum","Happy Flower","TwistedFunnel","Blue Candle","SacredBark","Bag of Preparation"],"acts_visited":["Exordium","TheCity","TheBeyond"],"potions_floor_usage":[46,46],"damage_taken":[{"damage":0.0,"enemies":"Cultist","floor":1.0,"turns":4.0},{"damage":1.0,"enemies":"Small Slimes","floor":2.0,"turns":3.0},{"damage":4.0,"enemies":"2 Louse","floor":4.0,"turns":3.0},{"damage":12.0,"enemies":"Blue Slaver","floor":5.0,"turns":4.0},{"damage":9.0,"enemies":"Gremlin Nob","floor":7.0,"turns":3.0},{"damage":8.0,"enemies":"Red Slaver","floor":8.0,"turns":3.0},{"damage":15.0,"enemies":"Large Slime","floor":10.0,"turns":10.0},{"damage":19.0,"enemies":"Lagavulin","floor":12.0,"turns":8.0},{"damage":3.0,"enemies":"Blue Slaver","floor":14.0,"turns":4.0},{"damage":13.0,"enemies":"Slime Boss","floor":16.0,"turns":9.0},{"damage":44.0,"enemies":"3 Byrds","floor":18.0,"turns":6.0},{"damage":7.0,"enemies":"2 Thieves","floor":19.0,"turns":5.0},{"damage":6.0,"enemies":"Snecko","floor":24.0,"turns":5.0},{"damage":0.0,"enemies":"Shelled Parasite and Fungi","floor":29.0,"turns":6.0},{"damage":13.0,"enemies":"Book of Stabbing","floor":30.0,"turns":5.0},{"damage":0.0,"enemies":"Snake Plant","floor":31.0,"turns":4.0},{"damage":37.0,"enemies":"Collector","floor":33.0,"turns":13.0},{"damage":9.0,"enemies":"Orb Walker","floor":35.0,"turns":4.0},{"damage":22.0,"enemies":"3 Shapes","floor":38.0,"turns":3.0},{"damage":9.0,"enemies":"Writhing Mass","floor":39.0,"turns":5.0},{"damage":60.0,"enemies":"Giant Head","floor":41.0,"turns":8.0},{"damage":5.0,"enemies":"Maw","floor":44.0,"turns":8.0},{"damage":41,"enemies":"Reptomancer","floor":46,"turns":8}],"seed_played":"-4706384668636991007","potions_obtained":[{"floor":1.0,"key":"PowerPotion"},{"floor":2.0,"key":"DuplicationPotion"},{"floor":14.0,"key":"FairyPotion"},{"floor":30.0,"key":"DistilledChaos"},{"floor":33.0,"key":"Explosive Potion"},{"floor":39.0,"key":"Dexterity Potion"},{"floor":44.0,"key":"Fire Potion"}],"is_trial":false,"path_per_floor":["M","M","?","M","M","R","E","M","T","M","R","E","R","M","R","B",null,"M","M","?","?","?","R","M","R","T","R","$","M","E","M","R","B",null,"M","?","?","M","M","R","E","R","T","M","R","E"],"character_chosen":"THE_SILENT","items_purchased":["Happy Flower","TwistedFunnel"],"campfire_rested":2,"item_purchase_floors":[28,28],"current_hp_per_floor":[65,64,57,53,41,41,32,36,36,33,33,26,47,44,44,43,65,33,38,22,22,9,32,38,38,38,38,38,50,49,49,49,24,64,55,45,45,35,38,38,46,46,46,41,41,0,0],"gold":249,"neow_bonus":"TEN_PERCENT_HP_BONUS","is_daily":false,"chose_seed":false,"campfire_upgraded":8,"win_rate":0.0,"timestamp":1609534663,"path_taken":["M","?","?","M","M","R","E","?","T","M","R","E","R","M","R","BOSS","M","?","?","?","?","R","M","R","T","R","?","?","E","M","R","BOSS","M","?","?","M","M","R","E","R","T","M","R","E"],"items_purchased_type":["Relic","Relic"],"build_version":"2020-12-22","purchased_purges":1,"victory":false,"max_hp_per_floor":[72,72,72,72,72,72,72,72,72,72,72,72,72,72,72,72,72,72,72,72,72,77,77,77,77,77,77,77,77,77,77,77,77,77,77,77,77,77,77,77,77,77,77,77,77,77,77],"card_choices":[{"not_picked":["Terror","Masterful Stab"],"picked":"Finisher","floor":1.0},{"not_picked":["Prepared","Expertise"],"picked":"Quick Slash","floor":2.0},{"not_picked":["Prepared","Quick Slash"],"picked":"Deflect","floor":4.0},{"not_picked":["Prepared","Flying Knee"],"picked":"Deadly Poison","floor":5.0},{"not_picked":["Quick Slash","Bane"],"picked":"After Image","floor":7.0},{"not_picked":["Expertise","PiercingWail"],"picked":"Finisher","floor":8.0},{"not_picked":["Crippling Poison","Expertise"],"picked":"Leg Sweep","floor":10.0},{"not_picked":["Unload","Deadly Poison"],"picked":"Poisoned Stab","floor":12.0},{"not_picked":["Dagger Throw","Sucker Punch"],"picked":"Bouncing Flask","floor":14.0},{"not_picked":["Grand Finale","Die Die Die"],"picked":"Tools of the Trade","floor":16.0},{"not_picked":["Outmaneuver","Cloak And Dagger"],"picked":"Tactician","floor":18.0},{"not_picked":["Bane","Dodge and Roll","Sucker Punch+1"],"picked":"SKIP","floor":19.0},{"not_picked":["Dagger Throw","Bane","Heel Hook"],"picked":"SKIP","floor":24.0},{"not_picked":["Skewer","Dagger Spray"],"picked":"Outmaneuver","floor":29.0},{"not_picked":["Tactician","Prepared"],"picked":"Terror","floor":30.0},{"not_picked":["Reflex","Quick Slash"],"picked":"Burst","floor":31.0},{"not_picked":["Doppelganger","A Thousand Cuts"],"picked":"Burst","floor":33.0},{"not_picked":["Quick Slash","Cloak And Dagger"],"picked":"Backflip","floor":35.0},{"not_picked":["Finisher","Quick Slash"],"picked":"Reflex","floor":38.0},{"not_picked":["Bane","Terror","Deadly Poison"],"picked":"SKIP","floor":39.0},{"not_picked":["Distraction","Burst","Expertise"],"picked":"SKIP","floor":41.0},{"not_picked":["Poisoned Stab+1","Backstab+1"],"picked":"Dodge and Roll","floor":44.0}],"player_experience":1400333,"relics_obtained":[{"floor":7.0,"key":"Meat on the Bone"},{"floor":9.0,"key":"Art of War"},{"floor":12.0,"key":"Omamori"},{"floor":20.0,"key":"Necronomicon"},{"floor":26.0,"key":"Orichalcum"},{"floor":30.0,"key":"Blue Candle"},{"floor":41.0,"key":"Bag of Preparation"}],"event_choices":[{"damage_healed":0.0,"max_hp_gain":0.0,"max_hp_loss":0.0,"gold_gain":0.0,"event_name":"Wheel of Change","player_choice":"Damaged","floor":3.0,"gold_loss":0.0,"damage_taken":7.0},{"damage_healed":0.0,"max_hp_gain":0.0,"max_hp_loss":0.0,"gold_gain":0.0,"event_name":"Cursed Tome","player_choice":"Obtained Book","floor":20.0,"gold_loss":0.0,"damage_taken":16.0},{"damage_healed":0.0,"max_hp_gain":0.0,"max_hp_loss":0.0,"gold_gain":0.0,"cards_transformed":["Deflect","Strike_G"],"event_name":"Drug Dealer","player_choice":"Became Test Subject","floor":21.0,"gold_loss":0.0,"damage_taken":0.0,"cards_obtained":["PiercingWail","Slice"]},{"damage_healed":0.0,"max_hp_gain":5.0,"max_hp_loss":0.0,"gold_gain":0.0,"event_name":"Forgotten Altar","player_choice":"Shed Blood","floor":22.0,"gold_loss":0.0,"damage_taken":18.0},{"damage_healed":0.0,"max_hp_gain":0.0,"max_hp_loss":0.0,"gold_gain":0.0,"event_name":"Winding Halls","player_choice":"Embrace Madness","floor":36.0,"gold_loss":0.0,"damage_taken":10.0,"cards_obtained":["Madness","Madness"]},{"damage_healed":0.0,"max_hp_gain":0.0,"max_hp_loss":0.0,"gold_gain":0.0,"event_name":"Tomb of Lord Red Mask","player_choice":"Ignored","floor":37.0,"gold_loss":0.0,"damage_taken":0.0}],"is_beta":false,"boss_relics":[{"not_picked":["Calling Bell","Sozu"],"picked":"Snecko Eye"},{"not_picked":["Runic Dome","Velvet Choker"],"picked":"SacredBark"}],"items_purged_floors":[28],"is_endless":false,"potions_floor_spawned":[1,2,5,14,30,31,33,35,39,44],"killed_by":"Reptomancer","ascension_level":14}}