{"host":"1bnrkmg0bmhwam8n","time":1609530351,"event":{"mods":["2.2 Compatiblity","BaseMod","Colored Map","Hermit","Infinite Spire","Minty Spire (QoL Compilation)","Quick Restart","StSLib"],"gold_per_floor":[119,119,119,69,69,69,244,244,244,269,269,288,288,213,213,341,341,360,360,383,383,383,383,76,76,102,137,137,150,150,175,175,175,175],"floor_reached":33,"playtime":1133,"items_purged":["hermit:SprayPray"],"score":249,"play_id":"4ffe7ad7-690a-441a-a7f4-289643366ada","local_time":"20210101134551","is_ascension_mode":false,"campfire_choices":[{"data":"hermit:Vantage","floor":6,"key":"SMITH"},{"floor":11,"key":"REST"},{"floor":15,"key":"REST"},{"floor":23,"key":"REST"},{"data":"hermit:TakeAim","floor":25,"key":"SMITH"},{"floor":32,"key":"REST"}],"circlet_count":0,"master_deck":["hermit:Strike_Hermit","hermit:Strike_Hermit+1","hermit:Strike_Hermit","hermit:Defend_Hermit","hermit:Defend_Hermit","hermit:Defend_Hermit","hermit:Defend_Hermit+1","hermit:Snapshot+1","hermit:Covet","hermit:ShadowCloak","infinitespire:FinalStrike","hermit:Vantage+1","Doubt","Pain","hermit:BigShot","hermit:TakeAim+1","hermit:FinalCanter","hermit:Dive+1"],"relics":["hermit:Momento","Golden Idol","WarpedTongs","Gremlin Horn","hermit:BartenderGlass","StrikeDummy","Gambling Chip","Bronze Scales","Pen Nib"],"acts_visited":["Exordium","TheCity"],"potions_floor_usage":[31,31,31,31,33],"damage_taken":[{"damage":0,"enemies":"2 Louse","floor":1,"turns":3},{"damage":0,"enemies":"Jaw Worm","floor":10,"turns":3},{"damage":0,"enemies":"Small Slimes","floor":12,"turns":2},{"damage":33,"enemies":"The Guardian","floor":16,"turns":17},{"damage":18,"enemies":"Shell Parasite","floor":18,"turns":7},{"damage":8,"enemies":"Chosen","floor":20,"turns":6},{"damage":38,"enemies":"Book of Stabbing","floor":27,"turns":7},{"damage":10,"enemies":"Snecko","floor":29,"turns":6},{"damage":12,"enemies":"Snake Plant","floor":31,"turns":4},{"damage":60,"enemies":"Champ","floor":33,"turns":13}],"seed_played":"9072633228534141898","potions_obtained":[{"floor":10,"key":"SteroidPotion"},{"floor":12,"key":"Explosive Potion"},{"floor":18,"key":"SpeedPotion"},{"floor":27,"key":"EssenceOfSteel"}],"is_trial":false,"path_per_floor":["M","?","?","$","?","R","?","?","T","M","R","M","?","$","R","B",null,"M","AVR","M","$","?","R","$","R","T","E","$","M","?","M","R","B"],"character_chosen":"HERMIT","items_purchased":["hermit:Vantage","Gambling Chip"],"campfire_rested":4,"item_purchase_floors":[4,24],"current_hp_per_floor":[75,60,41,41,23,23,23,23,23,23,45,45,45,45,67,34,75,57,57,49,49,49,71,71,71,71,33,33,23,23,11,33,0,0],"gold":175,"neow_bonus":"UPGRADE_CARD","is_daily":false,"chose_seed":false,"campfire_upgraded":2,"win_rate":0.0,"timestamp":1609530351,"path_taken":["M","?","?","$","?","R","?","?","T","?","R","M","?","?","R","BOSS","M","AVR","M","?","?","R","$","R","T","E","$","?","?","M","R","BOSS"],"items_purchased_type":["Card","Relic"],"build_version":"2020-12-22","purchased_purges":1,"victory":false,"max_hp_per_floor":[75,75,75,75,75,75,75,75,75,75,75,75,75,75,75,75,75,75,75,75,75,75,75,75,75,75,75,75,75,75,75,75,75,75],"card_choices":[{"not_picked":["hermit:Coalescence","hermit:Enervate"],"picked":"hermit:ShadowCloak","floor":1},{"not_picked":["infinitespire:Menacing","infinitespire:SealOfDarkness+"],"picked":"infinitespire:FinalStrike","floor":3},{"not_picked":["hermit:TakeCover","hermit:HoleUp"],"picked":"hermit:BigShot","floor":10},{"not_picked":["hermit:ItchyTrigger","hermit:DeadMansHand"],"picked":"hermit:TakeAim","floor":12},{"not_picked":["hermit:Gambit","hermit:OverwhelmingPower"],"picked":"hermit:FinalCanter","floor":16},{"not_picked":["hermit:Headshot","hermit:TakeCover+1","hermit:Feint+1"],"picked":"SKIP","floor":18},{"not_picked":["hermit:Malice","hermit:Deadeye","hermit:Vantage"],"picked":"SKIP","floor":20},{"not_picked":["hermit:DeadMansHand","hermit:NoHoldsBarred","hermit:Desperado"],"picked":"SKIP","floor":27},{"not_picked":["hermit:FlashPowder+1","hermit:Glare+1","hermit:GoldenBullet"],"picked":"SKIP","floor":29},{"not_picked":["hermit:TrackingShot","hermit:Grudge"],"picked":"hermit:Dive+1","floor":31}],"player_experience":401478,"relics_obtained":[{"floor":9,"key":"Gremlin Horn"},{"floor":26,"key":"Bronze Scales"},{"floor":27,"key":"Pen Nib"}],"event_choices":[{"damage_healed":0,"gold_gain":0,"player_choice":"Entered Light","damage_taken":15,"max_hp_gain":0,"max_hp_loss":0,"event_name":"Shining Light","floor":2,"gold_loss":0,"cards_upgraded":["hermit:Strike_Hermit","hermit:Defend_Hermit"]},{"damage_healed":0,"gold_gain":0,"player_choice":"Take Damage","damage_taken":18,"relics_obtained":["Golden Idol"],"max_hp_gain":0,"max_hp_loss":0,"event_name":"Golden Idol","floor":5,"gold_loss":0},{"damage_healed":0,"gold_gain":175,"player_choice":"AGREE","damage_taken":0,"max_hp_gain":0,"max_hp_loss":0,"event_name":"Liars Game","floor":7,"gold_loss":0,"cards_obtained":["Doubt"]},{"damage_healed":0,"gold_gain":0,"player_choice":"Rummage","damage_taken":0,"relics_obtained":["WarpedTongs"],"max_hp_gain":0,"max_hp_loss":0,"event_name":"Accursed Blacksmith","floor":8,"gold_loss":0,"cards_obtained":["Pain"]},{"damage_healed":0,"gold_gain":0,"cards_transformed":["hermit:Strike_Hermit"],"player_choice":"Transformed","damage_taken":0,"max_hp_gain":0,"max_hp_loss":0,"event_name":"Transmorgrifier","floor":13,"gold_loss":0,"cards_obtained":["hermit:SprayPray"]},{"damage_healed":0,"gold_gain":0,"player_choice":"Ignored","damage_taken":0,"max_hp_gain":0,"max_hp_loss":0,"event_name":"Duplicator","floor":22,"gold_loss":0},{"damage_healed":0,"gold_gain":0,"player_choice":"Ignored","damage_taken":0,"max_hp_gain":0,"max_hp_loss":0,"event_name":"Cursed Tome","floor":30,"gold_loss":0}],"is_beta":false,"boss_relics":[{"not_picked":["Pandora\u0027s Box","Runic Pyramid"],"picked":"hermit:BartenderGlass"}],"items_purged_floors":[14],"is_endless":false,"potions_floor_spawned":[10,12,18,27],"killed_by":"Champ","ascension_level":0}}