{"host":"r53pw7z744tg3fxg","time":1609519751,"event":{"mods":["AchievementEnabler","BaseMod","Colored Map","Colored Powertips","Highlight Path","Minty Spire (QoL Compilation)","Quick Restart","Transform Curses"],"gold_per_floor":[114,114,127,10,20,20,39,39,110,128,143,143,0,29,29,130,130,140,140,37,37,53,53,53,53],"floor_reached":24,"playtime":865,"items_purged":[],"score":304,"play_id":"6ca0df03-247f-4377-b892-48ddc7eb9f04","local_time":"20210101094911","is_ascension_mode":true,"campfire_choices":[{"data":"Eruption","floor":6.0,"key":"SMITH"},{"data":"Wallop","floor":8.0,"key":"SMITH"},{"floor":15.0,"key":"REST"},{"data":"Conclude","floor":23,"key":"SMITH"}],"circlet_count":0,"master_deck":["AscendersBane","Strike_P","Strike_P","Strike_P","Strike_P","Defend_P","Defend_P","Defend_P","Defend_P","Eruption+1","Vigilance","SashWhip","Wallop+1","PathToVictory","WheelKick","WindmillStrike","ThirdEye","Conclude+1","Prostrate"],"relics":["PureWater","NeowsBlessing","Blood Vial","Darkstone Periapt","Bronze Scales","Strange Spoon","Smiling Mask","Black Star"],"acts_visited":["Exordium","TheCity"],"potions_floor_usage":[18,24],"damage_taken":[{"damage":0.0,"enemies":"Small Slimes","floor":1.0,"turns":1.0},{"damage":0.0,"enemies":"Cultist","floor":3.0,"turns":1.0},{"damage":0.0,"enemies":"Jaw Worm","floor":5.0,"turns":1.0},{"damage":1.0,"enemies":"Exordium Thugs","floor":7.0,"turns":5.0},{"damage":0.0,"enemies":"Looter","floor":10.0,"turns":2.0},{"damage":0.0,"enemies":"Exordium Wildlife","floor":11.0,"turns":2.0},{"damage":23.0,"enemies":"3 Sentries","floor":14.0,"turns":6.0},{"damage":23.0,"enemies":"The Guardian","floor":16.0,"turns":10.0},{"damage":23,"enemies":"3 Byrds","floor":18,"turns":4},{"damage":20,"enemies":"Chosen","floor":22,"turns":6},{"damage":68,"enemies":"Slavers","floor":24,"turns":5}],"seed_played":"3562182892582944070","potions_obtained":[{"floor":5.0,"key":"LiquidBronze"},{"floor":14.0,"key":"DuplicationPotion"},{"floor":16.0,"key":"GamblersBrew"},{"floor":18,"key":"Swift Potion"}],"is_trial":false,"path_per_floor":["M","?","M","?","M","R","M","R","T","M","M","T","$","E","R","B",null,"M","?","$","?","M","R","E"],"character_chosen":"WATCHER","items_purchased":["Strange Spoon","Conclude","Prostrate"],"campfire_rested":1,"item_purchase_floors":[13,20,20],"current_hp_per_floor":[65,65,65,65,67,67,68,68,68,70,72,72,72,49,70,49,66,45,82,82,82,62,62,0,0],"gold":53,"neow_bonus":"THREE_ENEMY_KILL","is_daily":false,"chose_seed":false,"campfire_upgraded":3,"win_rate":0.0,"timestamp":1609519751,"path_taken":["M","?","?","?","?","R","M","R","T","M","M","?","$","E","R","BOSS","M","?","?","?","?","R","E"],"items_purchased_type":["Relic","Card","Card"],"build_version":"2020-12-22","purchased_purges":0,"victory":false,"max_hp_per_floor":[72,72,72,72,72,72,72,72,72,72,72,72,72,72,72,72,72,72,82,82,82,82,82,82,82],"card_choices":[{"not_picked":["Prostrate","InnerPeace","CrushJoints"],"picked":"SKIP","floor":1.0},{"not_picked":["LikeWater","Prostrate"],"picked":"SashWhip","floor":3.0},{"not_picked":["Evaluate","Prostrate"],"picked":"Wallop","floor":5.0},{"not_picked":["Prostrate","Halt"],"picked":"PathToVictory","floor":7.0},{"not_picked":["CrushJoints","Indignation","Halt"],"picked":"SKIP","floor":10.0},{"not_picked":["Fasting2","PathToVictory"],"picked":"WheelKick","floor":11.0},{"not_picked":["FlyingSleeves","Adaptation"],"picked":"WindmillStrike","floor":14.0},{"not_picked":["Brilliance","Scrawl"],"picked":"Blasphemy","floor":16.0},{"not_picked":["PathToVictory","Worship+1"],"picked":"ThirdEye","floor":18},{"not_picked":["Prostrate","FlyingSleeves+1","EmptyFist"],"picked":"SKIP","floor":22}],"player_experience":1176049,"relics_obtained":[{"floor":9.0,"key":"Darkstone Periapt"},{"floor":12.0,"key":"Bronze Scales"},{"floor":14.0,"key":"Smiling Mask"}],"event_choices":[{"damage_healed":0.0,"max_hp_gain":0.0,"max_hp_loss":0.0,"gold_gain":0.0,"event_name":"Purifier","player_choice":"Ignored","floor":2.0,"gold_loss":0.0,"damage_taken":0.0},{"damage_healed":0.0,"max_hp_gain":0.0,"max_hp_loss":0.0,"gold_gain":0.0,"event_name":"WeMeetAgain","player_choice":"Paid Gold","floor":4.0,"gold_loss":117.0,"damage_taken":0.0,"relics_obtained":["Blood Vial"]},{"cards_removed":["Blasphemy"],"damage_healed":27,"gold_gain":0,"player_choice":"Offered Rare","damage_taken":0,"max_hp_gain":10,"max_hp_loss":0,"event_name":"Bonfire Elementals","floor":19,"gold_loss":0},{"damage_healed":0,"gold_gain":0,"player_choice":"Ignored","damage_taken":0,"max_hp_gain":0,"max_hp_loss":0,"event_name":"Ghosts","floor":21,"gold_loss":0}],"is_beta":false,"boss_relics":[{"not_picked":["Cursed Key","Philosopher\u0027s Stone"],"picked":"Black Star"}],"items_purged_floors":[],"is_endless":false,"potions_floor_spawned":[5,14,16,18],"killed_by":"Slavers","ascension_level":11}}