{"host":"qgru5siit3fz0wh9","time":1609531174,"event":{"mods":["AchievementEnabler","BaseMod","Highlight Path","Minty Spire (QoL Compilation)"],"gold_per_floor":[17,17,17,17,30,59,59,84,84,84,94,122,46,63,63,166,166,186,31,31,43,61,61,72,72,72],"floor_reached":25,"playtime":1019,"items_purged":[],"score":265,"play_id":"5c07f32f-fa57-4bf5-92c1-18decfd9baf6","local_time":"20210101205934","is_ascension_mode":true,"campfire_choices":[{"floor":7,"key":"REST"},{"data":"Redo","floor":10,"key":"SMITH"},{"floor":15,"key":"REST"},{"data":"Machine Learning","floor":23,"key":"SMITH"}],"circlet_count":0,"master_deck":["Strike_B","Strike_B","Strike_B","Strike_B","Defend_B","Defend_B+1","Defend_B","Defend_B+1","Zap","Dualcast","Darkness+1","White Noise","Redo+1","Capacitor","Self Repair","Turbo","Machine Learning+1","Shame","Defragment+1"],"relics":["Cracked Core","Turnip","Bottled Lightning","DataDisk","Mercury Hourglass","Cables","Black Star","PreservedInsect","Thread and Needle"],"acts_visited":["Exordium","TheCity"],"potions_floor_usage":[6,6,12,25],"damage_taken":[{"damage":0,"enemies":"Small Slimes","floor":1,"turns":3},{"damage":2,"enemies":"Jaw Worm","floor":5,"turns":3},{"damage":16,"enemies":"Gremlin Nob","floor":6,"turns":4},{"damage":4,"enemies":"Lagavulin","floor":8,"turns":5},{"damage":0,"enemies":"Cultist","floor":11,"turns":2},{"damage":9,"enemies":"3 Sentries","floor":12,"turns":4},{"damage":11,"enemies":"Looter","floor":14,"turns":3},{"damage":8,"enemies":"The Guardian","floor":16,"turns":5},{"damage":16,"enemies":"Shell Parasite","floor":18,"turns":4},{"damage":14,"enemies":"Chosen","floor":21,"turns":5},{"damage":10,"enemies":"3 Cultists","floor":22,"turns":4},{"damage":21,"enemies":"Centurion and Healer","floor":24,"turns":6},{"damage":51,"enemies":"Gremlin Leader","floor":25,"turns":4}],"seed_played":"1031246177163576940","potions_obtained":[{"floor":1,"key":"ColorlessPotion"},{"floor":5,"key":"EssenceOfDarkness"},{"floor":8,"key":"BlessingOfTheForge"},{"floor":24,"key":"Dexterity Potion"}],"is_trial":false,"path_per_floor":["M","$","?","?","M","E","R","E","T","R","M","E","$","M","R","B",null,"M","$","?","M","M","R","M","E"],"character_chosen":"DEFECT","items_purchased":["Self Repair","PreservedInsect"],"campfire_rested":2,"item_purchase_floors":[13,19],"current_hp_per_floor":[75,75,75,60,58,42,64,60,60,60,60,51,51,47,69,61,75,66,66,66,59,56,56,42,0,0],"gold":72,"neow_bonus":"ONE_RARE_RELIC","is_daily":false,"chose_seed":false,"campfire_upgraded":2,"win_rate":0.0,"timestamp":1609531174,"path_taken":["M","$","?","?","M","E","R","E","T","R","M","E","?","?","R","BOSS","M","$","?","M","M","R","M","E"],"items_purchased_type":["Card","Relic"],"build_version":"2020-12-22","purchased_purges":0,"victory":false,"max_hp_per_floor":[75,75,75,75,75,75,75,75,75,75,75,75,75,75,75,75,75,75,75,75,75,75,75,75,75,75],"card_choices":[{"not_picked":["Beam Cell","Cold Snap"],"picked":"Darkness","floor":1},{"not_picked":["Glacier","Turbo"],"picked":"White Noise","floor":5},{"not_picked":["Turbo","Beam Cell","Steam"],"picked":"SKIP","floor":6},{"not_picked":["Hologram","Sweeping Beam"],"picked":"Redo","floor":8},{"not_picked":["Coolheaded","Amplify","Ball Lightning"],"picked":"SKIP","floor":11},{"not_picked":["Aggregate","Leap"],"picked":"Capacitor","floor":12},{"not_picked":["Compile Driver","Go for the Eyes"],"picked":"Turbo","floor":14},{"not_picked":["Thunder Strike","Hyperbeam"],"picked":"Machine Learning","floor":16},{"not_picked":["Genetic Algorithm","Ball Lightning","Leap"],"picked":"SKIP","floor":18},{"not_picked":["Redo","Stack+1","Glacier"],"picked":"SKIP","floor":21},{"not_picked":["Cold Snap","Beam Cell","Coolheaded"],"picked":"SKIP","floor":22},{"not_picked":["Streamline","Hologram+1"],"picked":"Defragment+1","floor":24}],"player_experience":374763,"relics_obtained":[{"floor":6,"key":"Bottled Lightning"},{"floor":8,"key":"DataDisk"},{"floor":9,"key":"Mercury Hourglass"},{"floor":12,"key":"Cables"}],"event_choices":[{"damage_healed":0,"gold_gain":0,"player_choice":"Grow","damage_taken":0,"max_hp_gain":0,"max_hp_loss":0,"event_name":"Living Wall","floor":3,"gold_loss":0,"cards_upgraded":["Darkness"]},{"damage_healed":0,"gold_gain":0,"player_choice":"Entered Light","damage_taken":15,"max_hp_gain":0,"max_hp_loss":0,"event_name":"Shining Light","floor":4,"gold_loss":0,"cards_upgraded":["Defend_B","Defend_B"]},{"damage_healed":0,"gold_gain":0,"player_choice":"Stole Relic","damage_taken":0,"relics_obtained":["Thread and Needle"],"max_hp_gain":0,"max_hp_loss":0,"event_name":"Addict","floor":20,"gold_loss":0,"cards_obtained":["Shame"]}],"is_beta":false,"boss_relics":[{"not_picked":["Fusion Hammer","Cursed Key"],"picked":"Black Star"}],"items_purged_floors":[],"is_endless":false,"potions_floor_spawned":[1,5,8,24],"killed_by":"Gremlin Leader","ascension_level":4}}