{"host":"97feeoqujgl2pi7v","time":1609492750,"event":{"mods":["AchievementEnabler","Act Like it!","Aspiration","Bard","BaseMod","Better Third Choice","Colored Map","Colored Powertips","Conspire","DeckTracker","Downfall","Duelist Mod","Gensokyo","GifTheSpireLib","Halation","Hallownest","Hermit","Hubris","Infinite Spire","Jorbs\u0027s Wanderer Trilogy","Koishi","Mad Scientist","Marisa（霧雨　魔理沙）","Minty Spire (QoL Compilation)","Rare Cards Sparkle","Reimu（博丽灵梦）","Replay The Spire","Shop Mod","StSLib","The Administrix","The Blackbeard","The Bladedancer","The Bug Knight","The Construct","The Cursed","The Disciple","The Mystic","The Necromancer","The Runesmith","The Saiyan","The Servant 0.9.4","TheBandit"],"gold_per_floor":[140,140,160,160,174,203,1,29,56,81,113,150,162,185,197,308,320,332,332],"floor_reached":18,"playtime":3160,"items_purged":[],"score":241,"play_id":"369aa445-95e1-46d9-ba62-de3829669612","local_time":"20210101041910","is_ascension_mode":true,"campfire_choices":[{"data":"hubris:DuctTapeCard","floor":13,"key":"SMITH"},{"data":"theDuelist:PowerKaishin","floor":15,"key":"SMITH"}],"circlet_count":0,"master_deck":["theDuelist:CastleWalls","theDuelist:CastleWalls","theDuelist:DarkMagician","theDuelist:MysticalElf","theDuelist:MysticalElf","theDuelist:NeoMagic","theDuelist:NeoMagic","theDuelist:Sparks","theDuelist:Sparks","theDuelist:Sparks","theDuelist:FeatherPho","theDuelist:LightningDarts","theDuelist:ExodiaLL","theDuelist:RainbowMagician","hubris:DuctTapeCard+2","theDuelist:VoidVanishment","theDuelist:PowerKaishin+1","theDuelist:FrontierWiseman","theDuelist:FluteKuriboh","theDuelist:DarkPaladin"],"relics":["theDuelist:MillenniumPuzzle","theDuelist:CardPoolRelic","theDuelist:CardPoolBasicRelic","theDuelist:BoosterPackPoolRelic","theDuelist:CardPoolAddRelic","theDuelist:CardPoolMinusRelic","theDuelist:CardPoolSaveRelic","theDuelist:CardPoolOptionsRelic","hubris:ToyBattleship","Carrot","hubris:BallOfYels","MerchantsRug","hubris:DuctTape","MawBank","Sundial","hubris:Backtick","stsjorbsmod:MindGlassRelic"],"acts_visited":["Exordium","Gensokyo:Gensokyoer"],"potions_floor_usage":[12,12],"damage_taken":[{"damage":0,"enemies":"Small Slimes","floor":1,"turns":4},{"damage":0,"enemies":"Cultist","floor":3,"turns":3},{"damage":0,"enemies":"Jaw Worm","floor":5,"turns":4},{"damage":20,"enemies":"Gremlin Nob","floor":6,"turns":7},{"damage":8,"enemies":"Replay:BlueRogue","floor":8,"turns":6},{"damage":0,"enemies":"Blue Slaver","floor":10,"turns":3},{"damage":0,"enemies":"3 Louse","floor":11,"turns":2},{"damage":19,"enemies":"Lagavulin","floor":12,"turns":6},{"damage":17,"enemies":"Gremlin Gang","floor":14,"turns":2},{"damage":24,"enemies":"The Guardian","floor":16,"turns":8},{"damage":0,"enemies":"Gensokyo:CosmicMonolith","floor":18,"turns":1}],"seed_played":"7005512809339853823","potions_obtained":[{"floor":1,"key":"theDuelist:BarricadePotion"},{"floor":8,"key":"theDuelist:VoidBottle"},{"floor":11,"key":"theDuelist:ExtraOrbsBottle"},{"floor":14,"key":"theDuelist:ElectricPotion"}],"is_trial":false,"path_per_floor":["M","?","M","?","M","E","$","E","T","M","M","E","R","M","R","B",null,"M"],"character_chosen":"THE_DUELIST","items_purchased":["theDuelist:ExodiaLL","MerchantsRug"],"campfire_rested":0,"item_purchase_floors":[7,7],"current_hp_per_floor":[174,174,174,174,174,154,154,146,146,146,146,127,127,110,110,86,174,174,174],"gold":332,"neow_bonus":"RANDOM_COMMON_RELIC","is_daily":false,"chose_seed":false,"campfire_upgraded":2,"win_rate":0.0,"timestamp":1609492750,"path_taken":["M","?","?","?","M","E","$","E","T","M","M","E","R","M","R","BOSS","M"],"items_purchased_type":["Card","Relic"],"build_version":"2020-12-22","purchased_purges":0,"victory":false,"max_hp_per_floor":[174,174,174,174,174,174,174,174,174,174,174,174,174,174,174,174,174,174,174],"card_choices":[{"not_picked":["theDuelist:WormWarlord","theDuelist:MagicHoleGolem","theDuelist:BlackPendant","theDuelist:RainbowLife"],"picked":"theDuelist:FeatherPho","floor":1},{"not_picked":["theDuelist:StatueAnguishPattern","theDuelist:MindAir","theDuelist:WonderWand"],"picked":"theDuelist:Yami","floor":3},{"not_picked":["theDuelist:WhiteHowling","theDuelist:VoidExpansion","theDuelist:WonderWand"],"picked":"theDuelist:MagiciansRobe","floor":5},{"not_picked":["theDuelist:WormKing","theDuelist:PreventRat","theDuelist:FlameTiger","theDuelist:LightningVortex"],"picked":"theDuelist:LightningDarts","floor":6},{"not_picked":["theDuelist:RainbowDarkDragon","theDuelist:IrisEarthMother","theDuelist:RainbowKuriboh","theDuelist:RainbowOverdragon"],"picked":"theDuelist:RainbowMagician","floor":8},{"not_picked":["theDuelist:ExodiaNecross","theDuelist:GrandSpellbookTower"],"picked":"theDuelist:VoidVanishment","floor":10},{"not_picked":["theDuelist:SangaThunder","theDuelist:GeminiElf","theDuelist:DarkMagician","theDuelist:ThousandEyesIdol"],"picked":"theDuelist:PowerKaishin","floor":11},{"not_picked":["theDuelist:FogKing","theDuelist:NeoMagic","theDuelist:CrystalWingDragon","theDuelist:CharcoalInpachi"],"picked":"theDuelist:FrontierWiseman","floor":12},{"not_picked":["theDuelist:FuryFire","theDuelist:Reload","theDuelist:GemArmadillo","theDuelist:BlueBloodedOni"],"picked":"theDuelist:FluteKuriboh","floor":14},{"not_picked":["theDuelist:ExodiaNecross","theDuelist:ExodiaHead","theDuelist:RainbowDarkDragon","theDuelist:SwordsBurning"],"picked":"theDuelist:DarkPaladin","floor":16}],"player_experience":366791,"relics_obtained":[{"floor":6,"key":"hubris:BallOfYels"},{"floor":8,"key":"hubris:DuctTape"},{"floor":9,"key":"MawBank"},{"floor":12,"key":"Sundial"}],"event_choices":[{"damage_healed":0,"gold_gain":0,"player_choice":"Gave Potion","damage_taken":0,"relics_obtained":["Carrot"],"max_hp_gain":0,"max_hp_loss":0,"event_name":"WeMeetAgain","floor":2,"gold_loss":0},{"damage_healed":0,"gold_gain":0,"player_choice":"Leave","damage_taken":0,"max_hp_gain":0,"max_hp_loss":0,"event_name":"The Cleric","floor":4,"gold_loss":0}],"is_beta":false,"boss_relics":[{"not_picked":["hubris:VirtuousBlindfold","Ring of Chaos"],"picked":"hubris:Backtick"}],"items_purged_floors":[],"is_endless":false,"potions_floor_spawned":[1,8,11,14],"killed_by":"Gensokyo:CosmicMonolith","ascension_level":1}}