{"host":"lkyw40t68mxhwfjf","time":1609516035,"event":{"mods":["2.2 Compatiblity","Act Like it!","Arknights The Spire","BaseMod","Hallownest","HololiveMod","Hubris","Koishi","Lobotomy","Marisa¡]Ãú«B¡@Å]²z¨F¡^","Minty Spire (QoL Compilation)","Prisma Mod","Reimu¡]³Õ???¡^","Remilia¡]Á¢¦Ì²ú?¡^","Replay The Spire","RumiaBox-ÅS¦Ì?ªº¯«¯µ²°¤l","StSLib","The Animator","The Servant 0.9.4","TheSwordswoman","WarShipGirlsR/??¤Ö¤kR mod","Youmu¡]»î¾z§¯?¡^","Yuyuko"],"gold_per_floor":[113,113,126,126,139,139,174,174,174,174,185,185,185],"floor_reached":12,"playtime":267,"items_purged":[],"score":78,"play_id":"0dc19d83-917e-4373-b152-0476ff065de0","local_time":"20210101234715","is_ascension_mode":false,"campfire_choices":[{"data":"ats:Explosion Area Strengthen","floor":6,"key":"SMITH"}],"circlet_count":0,"master_deck":["ats:Strike C","ats:Strike G","ats:Strike S","ats:Strike V","ats:Armor Crushing Shot","ats:Defend","ats:Defend","ats:Defend","ats:Defend","ats:Emotion Absorption+1","ats:Apocalypse","ats:Explosion Area Strengthen+1","ats:Revitalization","ats:Flexible Camouflage","ats:Explosion Area Strengthen","ats:Apocalypse"],"relics":["ats:Sanity","NeowsBlessing","Baka","ats:Originium","Quantum Egg","hubris:Icosahedron"],"acts_visited":["Exordium"],"potions_floor_usage":[],"damage_taken":[{"damage":0,"enemies":"Cultist","floor":1,"turns":1},{"damage":0,"enemies":"2 Louse","floor":3,"turns":1},{"damage":0,"enemies":"Small Slimes","floor":5,"turns":1},{"damage":48,"enemies":"3 Sentries","floor":7,"turns":9},{"damage":22,"enemies":"Looter","floor":11,"turns":4},{"damage":49,"enemies":"Gremlin Nob","floor":12,"turns":3}],"seed_played":"-2574582626686497269","potions_obtained":[],"is_trial":false,"path_per_floor":["M","T","M","?","M","R","E","?","T","?","M","E"],"character_chosen":"DOCTOR_CLASS","items_purchased":[],"campfire_rested":0,"item_purchase_floors":[],"current_hp_per_floor":[72,72,72,72,72,72,49,49,49,49,33,0,0],"gold":185,"neow_bonus":"THREE_ENEMY_KILL","is_daily":false,"chose_seed":false,"campfire_upgraded":1,"win_rate":0.0,"timestamp":1609516035,"path_taken":["M","?","M","?","?","R","E","?","T","?","M","E"],"items_purchased_type":[],"build_version":"2020-12-22","purchased_purges":0,"victory":false,"max_hp_per_floor":[72,72,72,72,72,72,72,72,72,72,72,72,72],"card_choices":[{"not_picked":["ats:Leaping Hammer","ats:Powerful Strike"],"picked":"ats:Apocalypse","floor":1},{"not_picked":["ats:Childhood Dance","ats:Ignite"],"picked":"ats:Explosion Area Strengthen","floor":3},{"not_picked":["ats:Assault Order","ats:Consecutive Shot Auto"],"picked":"ats:Revitalization","floor":5},{"not_picked":["ats:Poison Spread","ats:Nebulous Foxfire"],"picked":"ats:Flexible Camouflage","floor":7},{"not_picked":["ats:Flexible Camouflage","ats:Explosion Area Strengthen"],"picked":"ats:Apocalypse","floor":11}],"player_experience":399658,"relics_obtained":[{"floor":1,"key":"Baka"},{"floor":7,"key":"ats:Originium"},{"floor":7,"key":"Quantum Egg"}],"event_choices":[{"damage_healed":0,"gold_gain":0,"player_choice":"Upgraded","damage_taken":0,"max_hp_gain":0,"max_hp_loss":0,"event_name":"Upgrade Shrine","floor":4,"gold_loss":0,"cards_upgraded":["ats:Emotion Absorption"]}],"is_beta":false,"boss_relics":[],"items_purged_floors":[],"is_endless":false,"potions_floor_spawned":[],"killed_by":"Gremlin Nob","ascension_level":723677239}}