{"host":"Yuki","time":1609471615,"event":{"mods":["AchievementEnabler","BaseMod","Block Reminder","Colored Map","Colored Powertips","Googly Eyes","Highlight Path","Minty Spire (QoL Compilation)","Permanent Neow","Quick Restart","Random Character Button","Random Character Mod","Relic Stats","StSLib","The Wild Card","everything is the same but u backflip on backflip","slay the spire mod where everything is the same but ironclad has a cowboy hat"],"gold_per_floor":[111,111,128,128,79,106,121,121,145,145,23,58,58,70,70,166,166,183,199,214,214,214,247,247,262,285,285,297,297,297],"floor_reached":29,"playtime":1157,"items_purged":[],"score":354,"play_id":"4fa84323-bd46-418b-82cf-8fd7b0e7bdc4","local_time":"20201231212655","is_ascension_mode":true,"campfire_choices":[{"data":"Armaments","floor":8,"key":"SMITH"},{"data":"Inflame","floor":10,"key":"SMITH"},{"data":"Barricade","floor":13,"key":"SMITH"},{"data":"Inflame","floor":15,"key":"SMITH"},{"data":"Disarm","floor":24,"key":"SMITH"},{"data":"Fire Breathing","floor":27,"key":"SMITH"}],"circlet_count":0,"master_deck":["Defend_R","Defend_R+1","Defend_R+1","Defend_R+1","Bash","Sadistic Nature+1","Armaments+1","Shockwave","Battle Trance","Inflame+1","Inflame+1","Cleave","Barricade+1","Iron Wave","Uppercut+1","Disarm+1","Bite","Bite","Bite","Bite","Bite","Fire Breathing+1","Power Through"],"relics":["Burning Blood","Juzu Bracelet","War Paint","Smiling Mask","Runic Dome","Shovel","Centennial Puzzle"],"acts_visited":["Exordium","TheCity"],"potions_floor_usage":[6,16],"damage_taken":[{"damage":5,"enemies":"Jaw Worm","floor":1,"turns":4},{"damage":8,"enemies":"2 Louse","floor":3,"turns":3},{"damage":27,"enemies":"Gremlin Nob","floor":6,"turns":4},{"damage":0,"enemies":"Small Slimes","floor":7,"turns":3},{"damage":19,"enemies":"3 Sentries","floor":12,"turns":6},{"damage":11,"enemies":"Exordium Thugs","floor":14,"turns":4},{"damage":16,"enemies":"The Guardian","floor":16,"turns":14},{"damage":3,"enemies":"Chosen","floor":18,"turns":6},{"damage":6,"enemies":"2 Thieves","floor":19,"turns":4},{"damage":32,"enemies":"3 Cultists","floor":20,"turns":5},{"damage":45,"enemies":"Book of Stabbing","floor":23,"turns":6},{"damage":31,"enemies":"Cultist and Chosen","floor":25,"turns":6},{"damage":10,"enemies":"Snake Plant","floor":28,"turns":4},{"damage":40,"enemies":"Slavers","floor":29,"turns":3}],"seed_played":"-1385226931805679630","potions_obtained":[{"floor":1,"key":"BlessingOfTheForge"},{"floor":7,"key":"Energy Potion"},{"floor":14,"key":"FairyPotion"},{"floor":20,"key":"Energy Potion"}],"is_trial":false,"path_per_floor":["M","?","M","?","?","E","M","R","T","R","$","E","R","M","R","B",null,"M","M","M","?","?","E","R","M","T","R","M","E"],"character_chosen":"IRONCLAD","items_purchased":["Inflame","Cleave"],"campfire_rested":0,"item_purchase_floors":[11,11],"current_hp_per_floor":[73,57,55,55,55,34,40,40,40,40,40,27,27,22,22,12,63,66,66,40,40,40,20,20,28,28,28,29,0,0],"gold":297,"neow_bonus":"RANDOM_COLORLESS_2","is_daily":false,"chose_seed":false,"campfire_upgraded":6,"win_rate":0.0,"timestamp":1609471615,"path_taken":["M","?","M","?","?","E","M","R","T","R","?","E","R","M","R","BOSS","M","M","M","?","?","E","R","M","T","R","M","E"],"items_purchased_type":["Card","Card"],"build_version":"2020-12-18","purchased_purges":0,"victory":false,"max_hp_per_floor":[80,80,80,80,80,80,80,80,80,80,80,80,80,80,80,80,80,80,80,80,80,56,56,56,56,56,56,56,56,56],"relic_stats":{"Centennial Puzzle":[6],"Shovel":0,"counters":[14,72],"Juzu Bracelet":0,"War Paint":["Defend_R","Defend_R"],"Smiling Mask":0,"obtain_stats":[{"Runic Dome":17,"Centennial Puzzle":26,"Shovel":23,"Juzu Bracelet":6,"War Paint":9,"Smiling Mask":12,"Burning Blood":0},{"Runic Dome":7,"Centennial Puzzle":12,"Shovel":11,"Juzu Bracelet":3,"War Paint":4,"Smiling Mask":5,"Burning Blood":0},{"Runic Dome":38,"Centennial Puzzle":65,"Shovel":59,"Juzu Bracelet":11,"War Paint":14,"Smiling Mask":20,"Burning Blood":0}],"Burning Blood":78},"card_choices":[{"not_picked":["Chrysalis","Secret Weapon"],"picked":"Sadistic Nature","floor":0},{"not_picked":["Perfected Strike","Pommel Strike"],"picked":"Armaments","floor":1},{"not_picked":["Heavy Blade","Sword Boomerang"],"picked":"Shockwave","floor":3},{"not_picked":["Fiend Fire","Clash"],"picked":"Battle Trance","floor":6},{"not_picked":["Perfected Strike","Twin Strike"],"picked":"Inflame","floor":7},{"not_picked":["Bludgeon","True Grit"],"picked":"Barricade","floor":12},{"not_picked":["Heavy Blade","Warcry"],"picked":"Iron Wave","floor":14},{"not_picked":["Cleave","Burning Pact"],"picked":"Uppercut+1","floor":18},{"not_picked":["Reckless Charge","Pommel Strike","Flex"],"picked":"SKIP","floor":19},{"not_picked":["Shockwave+1","Pummel+1"],"picked":"Disarm","floor":20},{"not_picked":["Sentinel+1","Havoc"],"picked":"Fire Breathing","floor":23},{"not_picked":["Twin Strike","Sword Boomerang"],"picked":"Power Through","floor":25},{"not_picked":["Corruption","Searing Blow","Power Through"],"picked":"SKIP","floor":28}],"player_experience":1246910,"relics_obtained":[{"floor":6,"key":"Juzu Bracelet"},{"floor":9,"key":"War Paint"},{"floor":12,"key":"Smiling Mask"},{"floor":23,"key":"Shovel"},{"floor":26,"key":"Centennial Puzzle"}],"event_choices":[{"damage_healed":0,"gold_gain":0,"player_choice":"Entered Light","damage_taken":16,"max_hp_gain":0,"max_hp_loss":0,"event_name":"Shining Light","floor":2,"gold_loss":0,"cards_upgraded":["Sadistic Nature","Defend_R"]},{"cards_removed":["Regret"],"damage_healed":0,"gold_gain":0,"player_choice":"Forget","damage_taken":0,"max_hp_gain":0,"max_hp_loss":0,"event_name":"Living Wall","floor":4,"gold_loss":0},{"damage_healed":0,"gold_gain":0,"player_choice":"Left Gold","damage_taken":0,"max_hp_gain":0,"max_hp_loss":0,"event_name":"World of Goop","floor":5,"gold_loss":49},{"damage_healed":0,"gold_gain":0,"player_choice":"Ignored","damage_taken":0,"max_hp_gain":0,"max_hp_loss":0,"event_name":"Ghosts","floor":21,"gold_loss":0},{"damage_healed":0,"gold_gain":0,"player_choice":"Became a vampire","damage_taken":0,"max_hp_gain":0,"max_hp_loss":24,"event_name":"Vampires","floor":22,"gold_loss":0,"cards_obtained":["Bite","Bite","Bite","Bite","Bite"]}],"is_beta":true,"boss_relics":[{"not_picked":["Ectoplasm","Philosopher\u0027s Stone"],"picked":"Runic Dome"}],"items_purged_floors":[],"is_endless":false,"potions_floor_spawned":[1,7,14,20],"killed_by":"Slavers","ascension_level":6}}