{"host":"xazfs2cmso1lkipw","time":1609524129,"event":{"mods":["AchievementEnabler","Arknights The Spire","BaseMod","Bestiary","Better Third Choice","BetterRewards","Colored Map","Colored Powertips","Highlight Path","Infinite Spire","Minty Spire (QoL Compilation)","Quick Restart","Railgun Mod","Rare Cards Sparkle","Relic Stats","Replay The Spire","Shop Mod","StSLib","The Servant 0.9.4"],"gold_per_floor":[118,136,149,163,163,193,193,220,220,220,220,230,263,296,296,400,400,417,430,430,440,454,454,467,493,493,493,493,493,517,526,526,563,563,563,563,676,676,690,709,723,723,723,723,758,775,801,720,764,764,814,826,826,826],"floor_reached":55,"playtime":2155,"items_purged":[],"score":1075,"play_id":"72d12e8b-e9e3-4dc3-b6ab-fcb1ae752bae","local_time":"20210102020209","daily_mods":["Vintage","Heirloom","Time Dilation","Flight","Elite Swarm"],"is_ascension_mode":false,"campfire_choices":[{"data":"Echo Form","floor":10,"key":"SMITH"},{"data":"DevaForm","floor":10,"key":"SMITH"},{"data":"TheRailgun:Level_6","floor":15,"key":"SMITH"},{"data":"TheWorld","floor":15,"key":"SMITH"},{"data":"infinitespire:Punishment","floor":23,"key":"SMITH"},{"data":"Duplication","floor":23,"key":"SMITH"},{"data":"Rearm","floor":31,"key":"SMITH"},{"data":"KillingDoll","floor":31,"key":"SMITH"},{"data":"Sunlight","floor":36,"key":"SMITH"},{"data":"FlawlessForm","floor":36,"key":"SMITH"},{"data":"Initiator","floor":44,"key":"SMITH"},{"data":"Vigilance","floor":44,"key":"SMITH"},{"data":"InstantArmor","floor":53,"key":"SMITH"},{"data":"TheWorld","floor":53,"key":"SMITH"}],"circlet_count":0,"master_deck":["Demon Form","Wraith Form v2","Echo Form+1","DevaForm+1","TheRailgun:Level_6+1","FlawlessForm+1","Strike_S+1","Strike_S+1","Strike_S+1","Strike_S+1","Defend_S+1","Defend_S+1","Defend_S+1","KidneyShot+1","Exchange","TheWorld+1","ForgedInTime","Orbit+1","SilverMatrix","Duplication+1","Dilation","CommonCold","Vigilance+1","Dilation","Impatience","infinitespire:Punishment+1","KillingDoll+1","Rearm+1","Sunlight+1","Initiator+1","InstantArmor+1","Dilation","TheWorld+1","infinitespire:SealOfDarkness+"],"relics":["Uniform","replay:Trail_Library","Turnip","InkBottle","Thread and Needle","Replay:Arrowhead","Broom","NeowsBlessing","Bird Faced Urn","Garlic","NeowsBlessing","Lantern","Unceasing Top","Replay:Rubber Ducky","ReplayTheSpireMod:SealedPack","Replay:Towering Pillar of Hats","Bag of Preparation","Replay:Baseball","Whetstone","infinitespire:Beetle Shell","Quantum Egg","CeramicFish","Pocketwatch","NeowsBlessing","Onion Ring","White Beast Statue","PocketWatch","NeowsBlessing","NeowsBlessing","Replay:PocketPolymizer","Centennial Puzzle","Pet Ghost","Anchor","Letter Opener","Strawberry"],"acts_visited":["Exordium","TheCity","TheBeyond"],"potions_floor_usage":[],"damage_taken":[{"damage":18,"enemies":"infinitespire:Voidling","floor":1,"turns":6},{"damage":0,"enemies":"Small Slimes","floor":2,"turns":4},{"damage":9,"enemies":"2 Louse","floor":3,"turns":3},{"damage":15,"enemies":"Looter","floor":4,"turns":5},{"damage":23,"enemies":"Replay:BlueRogue","floor":6,"turns":6},{"damage":0,"enemies":"Gremlin Nob","floor":8,"turns":1},{"damage":0,"enemies":"Gremlin Gang","floor":12,"turns":3},{"damage":0,"enemies":"Lagavulin","floor":13,"turns":3},{"damage":0,"enemies":"Gremlin Nob","floor":14,"turns":1},{"damage":0,"enemies":"Hexaghost","floor":16,"turns":1},{"damage":0,"enemies":"3 Byrds","floor":18,"turns":4},{"damage":0,"enemies":"Chosen","floor":19,"turns":5},{"damage":0,"enemies":"Sentry and Sphere","floor":21,"turns":4},{"damage":0,"enemies":"Snecko","floor":22,"turns":4},{"damage":0,"enemies":"Cultist and Chosen","floor":24,"turns":5},{"damage":5,"enemies":"Slavers","floor":25,"turns":4},{"damage":0,"enemies":"Gremlin Leader","floor":33,"turns":1},{"damage":0,"enemies":"Pondfish","floor":37,"turns":1},{"damage":0,"enemies":"Orb Walker","floor":39,"turns":1},{"damage":0,"enemies":"3 Darklings","floor":40,"turns":1},{"damage":0,"enemies":"4 Shapes","floor":41,"turns":4},{"damage":0,"enemies":"R_Hoarder","floor":45,"turns":1},{"damage":0,"enemies":"Sphere and 2 Shapes","floor":46,"turns":1},{"damage":0,"enemies":"Reptomancer","floor":49,"turns":1},{"damage":0,"enemies":"Nightmare","floor":51,"turns":1},{"damage":0,"enemies":"Jaw Worm Horde","floor":52,"turns":1},{"damage":0,"enemies":"Awakened One","floor":54,"turns":5}],"seed_played":"420849095838365465","potions_obtained":[{"floor":1,"key":"EssenceOfSteel"},{"floor":8,"key":"Doom Potion"},{"floor":12,"key":"Energy Potion"},{"floor":25,"key":"FairyPotion"},{"floor":52,"key":"infinitespire:BlackPotion"}],"is_trial":true,"path_per_floor":["M","M","M","M","WH","E","WH","E","T","R","WH","M","E","E","R_BF","B",null,"M","M","WH","M","M","R","M","E","PTL","PTL","PTL","PTL","T","R","?","E","WH","?","R","B",null,"M","M","M","WH","WH","R","E","M","T","?","E","AVR","NM","M","R","B",null],"character_chosen":"THE_SERVANT","items_purchased":[],"campfire_rested":0,"item_purchase_floors":[],"current_hp_per_floor":[54,54,45,30,36,13,13,13,13,13,13,17,25,27,27,27,71,71,71,78,78,78,78,78,78,78,78,78,78,78,78,78,78,78,78,78,78,78,78,78,78,78,78,78,78,78,78,78,78,78,78,85,85,85],"gold":826,"neow_bonus":"THREE_ENEMY_KILL","is_daily":false,"chose_seed":false,"campfire_upgraded":14,"win_rate":0.0,"timestamp":1609524129,"path_taken":["M","M","M","M","WH","E","WH","E","T","R","WH","M","E","E","R_BF","BOSS","M","M","WH","M","?","R","M","E","PTL","PTL","PTL","PTL","T","R","?","E","WH","?","R","BOSS","M","M","M","WH","WH","R","E","M","T","?","E","AVR","NM","M","R","BOSS"],"items_purchased_type":[],"build_version":"2020-12-22","purchased_purges":0,"victory":true,"max_hp_per_floor":[65,65,65,65,71,71,71,71,71,71,71,71,71,71,71,71,71,71,71,78,78,78,78,78,78,78,78,78,78,78,78,78,78,78,78,78,78,78,78,78,78,78,78,78,78,78,78,78,78,78,78,85,85,85],"relic_stats":{"Centennial Puzzle":[0],"counters":[27,77],"Bird Faced Urn":[14],"CeramicFish":63,"Turnip":[13],"Bag of Preparation":[30],"Whetstone":["Strike_S","Orbit"],"Letter Opener":[30],"obtain_stats":[{"Lantern":12,"Replay:PocketPolymizer":45,"CeramicFish":30,"Uniform":0,"Broom":6,"Bag of Preparation":19,"Whetstone":22,"Pet Ghost":47,"Replay:Rubber Ducky":14,"Centennial Puzzle":46,"Strawberry":52,"PocketWatch":41,"InkBottle":1,"replay:Trail_Library":0,"NeowsBlessing":7,"Replay:Towering Pillar of Hats":18,"Quantum Egg":25,"Thread and Needle":2,"ReplayTheSpireMod:SealedPack":17,"infinitespire:Beetle Shell":24,"Letter Opener":51,"Replay:Arrowhead":4,"White Beast Statue":40,"Replay:Baseball":21,"Anchor":49,"Bird Faced Urn":8,"Onion Ring":39,"Turnip":0,"Garlic":9,"Unceasing Top":13,"Pocketwatch":33},{"Lantern":7,"Replay:PocketPolymizer":22,"CeramicFish":16,"Uniform":0,"Broom":5,"Bag of Preparation":12,"Whetstone":14,"Pet Ghost":23,"Replay:Rubber Ducky":9,"Centennial Puzzle":23,"Strawberry":26,"PocketWatch":21,"InkBottle":1,"replay:Trail_Library":0,"NeowsBlessing":5,"Replay:Towering Pillar of Hats":11,"Quantum Egg":16,"Thread and Needle":2,"ReplayTheSpireMod:SealedPack":10,"infinitespire:Beetle Shell":15,"Letter Opener":25,"Replay:Arrowhead":4,"White Beast Statue":20,"Replay:Baseball":13,"Anchor":24,"Bird Faced Urn":6,"Onion Ring":19,"Turnip":0,"Garlic":6,"Unceasing Top":8,"Pocketwatch":17},{"Lantern":28,"Replay:PocketPolymizer":68,"CeramicFish":59,"Uniform":0,"Broom":24,"Bag of Preparation":42,"Whetstone":50,"Pet Ghost":69,"Replay:Rubber Ducky":32,"Centennial Puzzle":69,"Strawberry":72,"PocketWatch":67,"InkBottle":6,"replay:Trail_Library":0,"NeowsBlessing":24,"Replay:Towering Pillar of Hats":37,"Quantum Egg":59,"Thread and Needle":10,"ReplayTheSpireMod:SealedPack":33,"infinitespire:Beetle Shell":55,"Letter Opener":71,"Replay:Arrowhead":18,"White Beast Statue":63,"Replay:Baseball":46,"Anchor":70,"Bird Faced Urn":25,"Onion Ring":62,"Turnip":0,"Garlic":25,"Unceasing Top":31,"Pocketwatch":60}],"InkBottle":[28],"Unceasing Top":[7],"Pocketwatch":[6]},"card_choices":[{"not_picked":["MurderousAura","Solidify"],"picked":"TheWorld","floor":6},{"not_picked":["Deny","Duplication"],"picked":"ForgedInTime","floor":8},{"not_picked":["MurderousAura","FloweringNight"],"picked":"SilverMatrix","floor":13},{"not_picked":["Deny","Initiator"],"picked":"Duplication","floor":14},{"not_picked":["Duplication","Sunlight"],"picked":"Dilation","floor":16},{"not_picked":["Bash","ats:Emotion Absorption"],"picked":"Vigilance","floor":17},{"not_picked":["PendulumOfEternity","MurderousAura"],"picked":"Dilation","floor":17},{"not_picked":["Replay:BasicMightCard","Jack Of All Trades"],"picked":"Impatience","floor":17},{"not_picked":["infinitespire:SealOfDarkness+","infinitespire:Fortify"],"picked":"infinitespire:Punishment","floor":17},{"not_picked":["FloweringNight","Sunlight"],"picked":"KillingDoll","floor":25},{"not_picked":["TheWorld","PendulumOfEternity"],"picked":"Sunlight","floor":33},{"not_picked":["TrueSight","TheWorld"],"picked":"Initiator","floor":37},{"not_picked":["LightFlow","SilverMatrix","PendulumOfEternity"],"picked":"SKIP","floor":45},{"not_picked":["SoulSculpture","FlawlessForm"],"picked":"Dilation","floor":49},{"not_picked":["ForgedInTime","FlawlessForm"],"picked":"TheWorld","floor":51},{"not_picked":["infinitespire:Fortify","infinitespire:Starlight"],"picked":"infinitespire:SealOfDarkness+","floor":51}],"player_experience":19858,"relics_obtained":[{"floor":1,"key":"InkBottle"},{"floor":2,"key":"Thread and Needle"},{"floor":4,"key":"Replay:Arrowhead"},{"floor":6,"key":"Broom"},{"floor":8,"key":"Bird Faced Urn"},{"floor":9,"key":"Garlic"},{"floor":12,"key":"Lantern"},{"floor":13,"key":"Unceasing Top"},{"floor":14,"key":"Replay:Rubber Ducky"},{"floor":18,"key":"Replay:Towering Pillar of Hats"},{"floor":19,"key":"Bag of Preparation"},{"floor":21,"key":"Replay:Baseball"},{"floor":22,"key":"Whetstone"},{"floor":24,"key":"infinitespire:Beetle Shell"},{"floor":25,"key":"Quantum Egg"},{"floor":30,"key":"CeramicFish"},{"floor":33,"key":"Pocketwatch"},{"floor":39,"key":"Onion Ring"},{"floor":40,"key":"White Beast Statue"},{"floor":41,"key":"PocketWatch"},{"floor":45,"key":"Replay:PocketPolymizer"},{"floor":46,"key":"Centennial Puzzle"},{"floor":47,"key":"Pet Ghost"},{"floor":49,"key":"Anchor"},{"floor":51,"key":"Letter Opener"},{"floor":52,"key":"Strawberry"}],"event_choices":[{"damage_healed":0,"gold_gain":0,"player_choice":"Simplicity","damage_taken":0,"max_hp_gain":0,"max_hp_loss":7,"event_name":"betterThird:BetterWriting","floor":35,"gold_loss":0},{"cards_removed":["Defend_S"],"damage_healed":0,"gold_gain":0,"player_choice":"Upgrade and Remove","damage_taken":0,"max_hp_gain":0,"max_hp_loss":0,"event_name":"Designer","floor":48,"gold_loss":90,"cards_upgraded":["KidneyShot"]}],"is_beta":false,"boss_relics":[{"not_picked":["Cursed Key","Empty Cage"],"picked":"ReplayTheSpireMod:SealedPack"},{"not_picked":["Fusion Hammer","Replay:Bronze Core","Astrolabe"]}],"items_purged_floors":[],"is_endless":false,"potions_floor_spawned":[1,8,12,13,19,24,25,39,40,41,45,46,49,52],"ascension_level":0}}