{"host":"axuns55dzq466eei","time":1609509977,"event":{"mods":["BaseMod","Colored Map","Keyboard Shortcuts","Minty Spire (QoL Compilation)","StSLib","SuperFastMode"],"gold_per_floor":[114,130,30,30,30,30,60,60,60,80,99,99,64,74,74,149,149,165,165,165,183,183,208,208,208],"floor_reached":24,"playtime":644,"items_purged":["Regret"],"score":428,"play_id":"27e6ef8e-22ef-40fd-8863-22fa76abb1ad","local_time":"20210101230617","is_ascension_mode":true,"campfire_choices":[{"data":"Malaise","floor":6,"key":"SMITH"},{"floor":8,"key":"REST"},{"data":"A Thousand Cuts","floor":15,"key":"SMITH"}],"circlet_count":0,"master_deck":["AscendersBane","Strike_G","Strike_G","Strike_G","Strike_G","Defend_G","Defend_G","Defend_G","Defend_G","Survivor","Neutralize","Malaise+1","Deflect","Blade Dance","Well Laid Plans","Cloak And Dagger","Underhanded Strike","Quick Slash","A Thousand Cuts+1","Acrobatics","Phantasmal Killer","Calculated Gamble","Dagger Throw"],"relics":["Ring of the Snake","Paper Crane","Potion Belt","SlaversCollar","StoneCalendar","Kunai"],"acts_visited":["Exordium","TheCity"],"potions_floor_usage":[7,23,23],"damage_taken":[{"damage":6,"enemies":"Cultist","floor":1,"turns":6},{"damage":0,"enemies":"Small Slimes","floor":2,"turns":4},{"damage":48,"enemies":"3 Sentries","floor":7,"turns":14},{"damage":0,"enemies":"Jaw Worm","floor":10,"turns":5},{"damage":15,"enemies":"Exordium Wildlife","floor":11,"turns":6},{"damage":10,"enemies":"Large Slime","floor":14,"turns":5},{"damage":20,"enemies":"The Guardian","floor":16,"turns":16},{"damage":14,"enemies":"3 Byrds","floor":18,"turns":6},{"damage":23,"enemies":"Shell Parasite","floor":21,"turns":7},{"damage":5,"enemies":"Book of Stabbing","floor":23,"turns":6},{"damage":13,"enemies":"Snake Plant","floor":24,"turns":1}],"seed_played":"8037016761350111852","potions_obtained":[{"floor":1,"key":"SteroidPotion"},{"floor":16,"key":"Strength Potion"},{"floor":21,"key":"Strength Potion"}],"is_trial":false,"path_per_floor":["M","M","$","?","$","R","E","R","T","M","M","T","?","M","R","B",null,"M","?","?","M","?","E","M"],"character_chosen":"THE_SILENT","items_purchased":["Cloak And Dagger"],"campfire_rested":1,"item_purchase_floors":[3],"current_hp_per_floor":[53,53,53,58,58,58,10,31,31,31,16,16,33,23,23,3,54,40,40,40,17,17,12,0,0],"gold":208,"neow_bonus":"TRANSFORM_TWO_CARDS","is_daily":false,"chose_seed":false,"campfire_upgraded":2,"win_rate":0.0,"timestamp":1609509977,"path_taken":["M","?","$","?","?","R","E","R","T","M","M","?","?","M","R","BOSS","M","?","?","?","?","E","M"],"items_purchased_type":["Card"],"build_version":"2020-12-22","purchased_purges":1,"victory":false,"max_hp_per_floor":[66,66,66,71,71,71,71,71,71,71,71,71,71,71,71,71,71,71,71,71,71,71,71,71,71],"card_choices":[{"not_picked":["Terror","Sucker Punch"],"picked":"Blade Dance","floor":1},{"not_picked":["Distraction","PiercingWail"],"picked":"Well Laid Plans","floor":2},{"not_picked":["Calculated Gamble","Bane"],"picked":"Underhanded Strike","floor":7},{"not_picked":["Blade Dance","Outmaneuver"],"picked":"Quick Slash","floor":10},{"not_picked":["Backstab","Cloak And Dagger"],"picked":"A Thousand Cuts","floor":11},{"not_picked":["Flechettes","Dagger Throw"],"picked":"Acrobatics","floor":14},{"not_picked":["Burst","Die Die Die"],"picked":"Phantasmal Killer","floor":16},{"not_picked":["Cloak And Dagger","Outmaneuver","Acrobatics"],"picked":"SKIP","floor":18},{"not_picked":["Well Laid Plans","Footwork"],"picked":"Calculated Gamble","floor":21},{"not_picked":["Outmaneuver","Acrobatics"],"picked":"Dagger Throw","floor":23}],"player_experience":1050100,"relics_obtained":[{"floor":7,"key":"Paper Crane"},{"floor":9,"key":"Potion Belt"},{"floor":20,"key":"StoneCalendar"},{"floor":23,"key":"Kunai"}],"event_choices":[{"damage_healed":0,"gold_gain":0,"player_choice":"Donut","damage_taken":0,"max_hp_gain":5,"max_hp_loss":0,"event_name":"Big Fish","floor":4,"gold_loss":0},{"damage_healed":17,"gold_gain":0,"player_choice":"Healed","damage_taken":0,"max_hp_gain":0,"max_hp_loss":0,"event_name":"The Cleric","floor":13,"gold_loss":35},{"damage_healed":0,"gold_gain":0,"player_choice":"Ignored","damage_taken":0,"max_hp_gain":0,"max_hp_loss":0,"event_name":"Vampires","floor":19,"gold_loss":0},{"damage_healed":0,"gold_gain":0,"player_choice":"Relic","damage_taken":0,"max_hp_gain":0,"max_hp_loss":0,"event_name":"Wheel of Change","floor":20,"gold_loss":0},{"damage_healed":0,"gold_gain":0,"player_choice":"Ignored","damage_taken":0,"max_hp_gain":0,"max_hp_loss":0,"event_name":"Ghosts","floor":22,"gold_loss":0}],"is_beta":false,"boss_relics":[{"not_picked":["Runic Pyramid","Snecko Eye"],"picked":"SlaversCollar"}],"items_purged_floors":[3],"is_endless":false,"potions_floor_spawned":[1,16,21],"killed_by":"Snake Plant","ascension_level":20}}