{"host":"sc0o2qwpf9j16a4i","time":1609518273,"event":{"mods":["AchievementEnabler","BaseMod","BetterRewards","Block Reminder","Colored Map","Colored Powertips","Custom Start","Highlight Path","Minty Spire (QoL Compilation)","Relic Stats"],"gold_per_floor":[111,122,134,209,48,48,81,81,105,105,121,121,121,47,47,145,145,164,164,178,178,178],"floor_reached":21,"playtime":550,"items_purged":[],"score":454,"play_id":"edb1686c-3fb0-4f9b-b277-0856d944e4a9","local_time":"20210101182433","is_ascension_mode":true,"campfire_choices":[{"floor":6,"key":"REST"},{"floor":8,"key":"REST"},{"data":"Conclude","floor":10,"key":"SMITH"},{"data":"BattleHymn","floor":15,"key":"SMITH"}],"circlet_count":0,"master_deck":["AscendersBane","Strike_P","Strike_P","Strike_P","Strike_P","Defend_P","Defend_P","Defend_P","Defend_P","Eruption","Vigilance","Conclude+1","LikeWater","CutThroughFate","Adaptation","Protect","Meditate","Indignation","FlyingSleeves","SandsOfTime","BattleHymn+1","DevaForm","CurseOfTheBell","EmptyBody+1","ThirdEye+1","Protect+1","FollowUp+1"],"relics":["PureWater","Prayer Wheel","OrangePellets","Bag of Preparation","Toy Ornithopter","Unceasing Top","Golden Idol","Calling Bell","PreservedInsect","Toxic Egg 2","Thread and Needle"],"acts_visited":["Exordium","TheCity"],"potions_floor_usage":[3,18,20],"damage_taken":[{"damage":6,"enemies":"Cultist","floor":1,"turns":5},{"damage":7,"enemies":"Jaw Worm","floor":2,"turns":4},{"damage":0,"enemies":"2 Louse","floor":3,"turns":2},{"damage":21,"enemies":"Lagavulin","floor":7,"turns":8},{"damage":0,"enemies":"2 Fungi Beasts","floor":11,"turns":1},{"damage":0,"enemies":"Slime Boss","floor":16,"turns":4},{"damage":13,"enemies":"Shell Parasite","floor":18,"turns":5},{"damage":56,"enemies":"3 Byrds","floor":20,"turns":6},{"damage":5,"enemies":"Snake Plant","floor":21,"turns":4}],"seed_played":"-1477396013570987623","potions_obtained":[{"floor":1,"key":"SkillPotion"},{"floor":3,"key":"Dexterity Potion"},{"floor":11,"key":"Swift Potion"}],"is_trial":false,"path_per_floor":["M","M","M","?","$","R","E","R","T","R","M","?","?","$","R","B",null,"M","?","M","M"],"character_chosen":"WATCHER","items_purchased":["OrangePellets","BattleHymn"],"campfire_rested":2,"item_purchase_floors":[5,14],"current_hp_per_floor":[55,48,48,37,37,55,34,52,52,52,52,41,41,41,41,41,52,43,56,5,0,0],"gold":178,"neow_bonus":"ONE_RARE_RELIC","is_daily":false,"chose_seed":false,"campfire_upgraded":2,"win_rate":0.0,"timestamp":1609518273,"path_taken":["M","M","M","?","$","R","E","R","T","R","M","?","?","$","R","BOSS","M","?","?","M"],"items_purchased_type":["Relic","Card"],"build_version":"2020-12-22","purchased_purges":0,"victory":false,"max_hp_per_floor":[62,62,62,62,62,62,62,62,62,62,62,62,56,56,56,56,56,56,56,56,56,56],"relic_stats":{"OrangePellets":[0],"counters":[9,39],"Golden Idol":27,"Prayer Wheel":6,"PreservedInsect":0,"Bag of Preparation":[10],"obtain_stats":[{"Calling Bell":17,"OrangePellets":5,"Golden Idol":13,"Prayer Wheel":0,"Thread and Needle":17,"PreservedInsect":17,"Bag of Preparation":7,"PureWater":0,"Toxic Egg 2":17,"Toy Ornithopter":9,"Unceasing Top":12},{"Calling Bell":6,"OrangePellets":3,"Golden Idol":5,"Prayer Wheel":0,"Thread and Needle":6,"PreservedInsect":6,"Bag of Preparation":4,"PureWater":0,"Toxic Egg 2":6,"Toy Ornithopter":4,"Unceasing Top":5},{"Calling Bell":24,"OrangePellets":11,"Golden Idol":20,"Prayer Wheel":0,"Thread and Needle":24,"PreservedInsect":24,"Bag of Preparation":19,"PureWater":0,"Toxic Egg 2":24,"Toy Ornithopter":19,"Unceasing Top":20}],"Toy Ornithopter":9,"Unceasing Top":[0]},"card_choices":[{"not_picked":["WindmillStrike","WreathOfFlame"],"picked":"Conclude","floor":1},{"not_picked":["PathToVictory","Vengeance"],"picked":"LikeWater","floor":1},{"not_picked":["ThirdEye","CrushJoints"],"picked":"CutThroughFate","floor":2},{"not_picked":["FlurryOfBlows","Protect"],"picked":"Adaptation","floor":2},{"not_picked":["Prostrate","DeceiveReality"],"picked":"Protect","floor":3},{"not_picked":["WreathOfFlame","SashWhip"],"picked":"Meditate","floor":3},{"not_picked":["FlyingSleeves","JustLucky"],"picked":"Indignation","floor":7},{"not_picked":["Prostrate","Judgement"],"picked":"FlyingSleeves","floor":11},{"not_picked":["Prostrate","WindmillStrike"],"picked":"SandsOfTime","floor":11},{"not_picked":["Wish","Omniscience"],"picked":"DevaForm","floor":16},{"not_picked":["Adaptation","CutThroughFate"],"picked":"EmptyBody+1","floor":18},{"not_picked":["BattleHymn","Crescendo+1"],"picked":"ThirdEye+1","floor":18},{"not_picked":["SandsOfTime+1","EmptyFist"],"picked":"Protect+1","floor":20},{"not_picked":["LessonLearned","Consecrate"],"picked":"FollowUp+1","floor":20}],"player_experience":480995,"relics_obtained":[{"floor":7,"key":"Bag of Preparation"},{"floor":9,"key":"Toy Ornithopter"},{"floor":17,"key":"PreservedInsect"},{"floor":17,"key":"Toxic Egg 2"},{"floor":17,"key":"Thread and Needle"}],"event_choices":[{"damage_healed":0,"gold_gain":75,"player_choice":"Gather Gold","damage_taken":11,"max_hp_gain":0,"max_hp_loss":0,"event_name":"World of Goop","floor":4,"gold_loss":0},{"damage_healed":0,"gold_gain":0,"player_choice":"Success","damage_taken":11,"relics_obtained":["Unceasing Top"],"max_hp_gain":0,"max_hp_loss":0,"event_name":"Scrap Ooze","floor":12,"gold_loss":0},{"damage_healed":0,"gold_gain":0,"player_choice":"Lose Max HP","damage_taken":0,"relics_obtained":["Golden Idol"],"max_hp_gain":0,"max_hp_loss":6,"event_name":"Golden Idol","floor":13,"gold_loss":0},{"damage_healed":13,"gold_gain":0,"player_choice":"Full Heal","damage_taken":0,"max_hp_gain":0,"max_hp_loss":0,"event_name":"Wheel of Change","floor":19,"gold_loss":0}],"is_beta":false,"boss_relics":[{"not_picked":["Ectoplasm","Tiny House"],"picked":"Calling Bell"}],"items_purged_floors":[],"is_endless":false,"potions_floor_spawned":[1,3,11],"killed_by":"Snake Plant","ascension_level":20}}