{"host":"3qkmyeoym75lj4wn","time":1609512371,"event":{"mods":["2.2 Compatiblity","BaseMod","Block Reminder","Colored Powertips","Highlight Path","Minty Spire (QoL Compilation)","Permanent Neow","Potion Indicator Mod","Rare Cards Sparkle","Relic Stats","StSLib"],"gold_per_floor":[116,116,35,185,196,196,230,230,230,230,249,265,292,292,292,365,365,381,391,415,415,415,415,441,441,441,44,58,58,71,85,85,160,160,180,180,194,214,33,63,6,6,6,38,57,57,57],"floor_reached":46,"playtime":1348,"items_purged":["Doubt","Strike_G"],"score":1062,"play_id":"0ce653de-2a1f-4a87-8392-015042639204","local_time":"20210101144611","is_ascension_mode":true,"campfire_choices":[{"data":"Dagger Spray","floor":6,"key":"SMITH"},{"data":"Blade Dance","floor":8,"key":"SMITH"},{"data":"Neutralize","floor":10,"key":"SMITH"},{"floor":15,"key":"REST"},{"data":"Accuracy","floor":23,"key":"SMITH"},{"floor":25,"key":"REST"},{"data":"Cloak And Dagger","floor":29,"key":"SMITH"},{"data":"Cloak And Dagger","floor":32,"key":"SMITH"},{"floor":42,"key":"RECALL"}],"circlet_count":0,"master_deck":["AscendersBane","Strike_G","Strike_G","Strike_G","Defend_G","Defend_G","Defend_G","Defend_G","Defend_G","Survivor","Neutralize+1","Backstab","Infinite Blades","Dagger Spray+1","Blade Dance+1","Cloak And Dagger+1","Slice","Cloak And Dagger+1","Bane","Dash+1","Accuracy+1","Cloak And Dagger","Escape Plan","Accuracy","Envenom"],"relics":["Ring of the Snake","NeowsBlessing","Pear","Torii","Question Card","WristBlade","Bag of Marbles","Regal Pillow","Bottled Lightning","Ninja Scroll","Philosopher\u0027s Stone","Oddly Smooth Stone","Juzu Bracelet","Akabeko"],"acts_visited":["Exordium","TheCity","TheBeyond"],"potions_floor_usage":[13,16,19,31,33,33,40,44,46],"damage_taken":[{"damage":0,"enemies":"Small Slimes","floor":1,"turns":1},{"damage":0,"enemies":"2 Louse","floor":5,"turns":1},{"damage":0,"enemies":"Lagavulin","floor":7,"turns":1},{"damage":0,"enemies":"Jaw Worm","floor":11,"turns":3},{"damage":0,"enemies":"Red Slaver","floor":12,"turns":2},{"damage":42,"enemies":"Gremlin Nob","floor":13,"turns":5},{"damage":14,"enemies":"The Guardian","floor":16,"turns":14},{"damage":11,"enemies":"2 Thieves","floor":18,"turns":4},{"damage":12,"enemies":"Spheric Guardian","floor":19,"turns":4},{"damage":32,"enemies":"Slavers","floor":24,"turns":6},{"damage":0,"enemies":"Snecko","floor":28,"turns":1},{"damage":0,"enemies":"Cultist and Chosen","floor":30,"turns":1},{"damage":0,"enemies":"Sentry and Sphere","floor":31,"turns":1},{"damage":45,"enemies":"Collector","floor":33,"turns":4},{"damage":0,"enemies":"3 Shapes","floor":35,"turns":2},{"damage":0,"enemies":"Orb Walker","floor":37,"turns":1},{"damage":6,"enemies":"Maw","floor":38,"turns":5},{"damage":1,"enemies":"Giant Head","floor":40,"turns":4},{"damage":17,"enemies":"Nemesis","floor":44,"turns":5},{"damage":30,"enemies":"Transient","floor":45,"turns":6},{"damage":20,"enemies":"Giant Head","floor":46,"turns":4}],"seed_played":"6870873206596359554","potions_obtained":[{"floor":1,"key":"SpeedPotion"},{"floor":12,"key":"LiquidBronze"},{"floor":16,"key":"Ancient Potion"},{"floor":28,"key":"Fruit Juice"},{"floor":30,"key":"CunningPotion"},{"floor":31,"key":"Strength Potion"},{"floor":37,"key":"AttackPotion"},{"floor":45,"key":"Explosive Potion"}],"is_trial":false,"path_per_floor":["M","?","$","?","M","R","E","R","T","R","M","M","E","?","R","B",null,"M","M","T","?","T","R","E","R","T","$","M","R","M","M","R","B",null,"M","?","M","M","$","E","$","R","T","E","M","E"],"character_chosen":"THE_SILENT","items_purchased":["Infinite Blades","Ninja Scroll","Cloak And Dagger","Accuracy","AttackPotion"],"campfire_rested":2,"item_purchase_floors":[3,27,27,39,41],"current_hp_per_floor":[59,59,59,59,59,59,69,69,69,69,69,69,27,27,49,35,66,55,43,43,43,43,43,11,48,48,48,48,48,48,53,53,8,63,63,63,63,57,57,56,56,56,56,39,9,0,0],"gold":57,"neow_bonus":"THREE_ENEMY_KILL","is_daily":false,"chose_seed":false,"campfire_upgraded":6,"win_rate":0.0,"timestamp":1609512371,"path_taken":["M","?","$","?","M","R","E","R","T","R","M","M","E","?","R","BOSS","M","M","?","?","?","R","E","R","T","$","M","R","M","M","R","BOSS","M","?","M","?","$","E","$","R","T","E","M","E"],"items_purchased_type":["Card","Relic","Card","Card","Potion"],"build_version":"2020-12-22","purchased_purges":2,"victory":false,"max_hp_per_floor":[66,66,66,66,66,66,76,76,76,76,76,76,76,76,76,76,76,76,76,76,76,76,76,76,76,76,76,76,76,76,81,81,81,81,81,81,81,81,81,81,81,81,81,81,81,81,81],"relic_stats":{"Regal Pillow":15,"Torii":37,"counters":[21,75],"Juzu Bracelet":0,"Question Card":14,"obtain_stats":[{"Regal Pillow":24,"Pear":7,"NeowsBlessing":0,"Torii":9,"Oddly Smooth Stone":40,"Juzu Bracelet":43,"Question Card":13,"Akabeko":44,"WristBlade":17,"Ninja Scroll":27,"Philosopher\u0027s Stone":34,"Bag of Marbles":20,"Bottled Lightning":26,"Ring of the Snake":0},{"Regal Pillow":10,"Pear":3,"NeowsBlessing":0,"Torii":3,"Oddly Smooth Stone":18,"Juzu Bracelet":18,"Question Card":6,"Akabeko":19,"WristBlade":7,"Ninja Scroll":10,"Philosopher\u0027s Stone":14,"Bag of Marbles":9,"Bottled Lightning":10,"Ring of the Snake":0},{"Regal Pillow":41,"Pear":3,"NeowsBlessing":0,"Torii":3,"Oddly Smooth Stone":60,"Juzu Bracelet":60,"Question Card":13,"Akabeko":65,"WristBlade":27,"Ninja Scroll":41,"Philosopher\u0027s Stone":48,"Bag of Marbles":35,"Bottled Lightning":41,"Ring of the Snake":0}],"Ring of the Snake":[42]},"card_choices":[{"not_picked":["Heel Hook","Prepared"],"picked":"Backstab","floor":1},{"not_picked":["Well Laid Plans","Prepared"],"picked":"Dagger Spray","floor":5},{"not_picked":["Sucker Punch","Predator"],"picked":"Blade Dance","floor":7},{"not_picked":["Flying Knee","Bane"],"picked":"Cloak And Dagger","floor":11},{"not_picked":["Distraction","Dodge and Roll"],"picked":"Slice","floor":12},{"not_picked":["Underhanded Strike","Outmaneuver"],"picked":"Cloak And Dagger","floor":13},{"not_picked":["Tactician+1","Reflex+1","Acrobatics"],"picked":"Dash+1","floor":18},{"not_picked":["Flying Knee","Prepared","Dagger Throw"],"picked":"Accuracy","floor":19},{"not_picked":["Flechettes","Dodge and Roll","Caltrops","Dagger Spray"],"picked":"SKIP","floor":24},{"not_picked":["Bane","Prepared","Dodge and Roll","PiercingWail"],"picked":"SKIP","floor":28},{"not_picked":["Infinite Blades","Grand Finale","PiercingWail","Blade Dance"],"picked":"SKIP","floor":30},{"not_picked":["Acrobatics","PiercingWail","Backflip"],"picked":"Escape Plan","floor":31},{"not_picked":["Dagger Throw","Sucker Punch","Expertise","Eviscerate"],"picked":"SKIP","floor":35},{"not_picked":["Cloak And Dagger","Sucker Punch","Endless Agony","Blade Dance+1"],"picked":"SKIP","floor":37},{"not_picked":["Skewer","Dagger Spray+1","All Out Attack","Dodge and Roll"],"picked":"SKIP","floor":38},{"not_picked":["Night Terror","Sucker Punch","Flechettes","Distraction"],"picked":"SKIP","floor":40},{"not_picked":["Eviscerate+1","Bouncing Flask","Bane+1"],"picked":"Envenom","floor":44},{"not_picked":["Flechettes","Eviscerate","Reflex","Underhanded Strike+1"],"picked":"SKIP","floor":45}],"player_experience":1636268,"relics_obtained":[{"floor":7,"key":"Pear"},{"floor":9,"key":"Torii"},{"floor":13,"key":"Question Card"},{"floor":20,"key":"Bag of Marbles"},{"floor":24,"key":"Regal Pillow"},{"floor":26,"key":"Bottled Lightning"},{"floor":40,"key":"Oddly Smooth Stone"},{"floor":43,"key":"Juzu Bracelet"},{"floor":44,"key":"Akabeko"}],"event_choices":[{"damage_healed":0,"gold_gain":0,"player_choice":"Leave","damage_taken":0,"max_hp_gain":0,"max_hp_loss":0,"event_name":"The Cleric","floor":2,"gold_loss":0},{"damage_healed":0,"gold_gain":150,"player_choice":"AGREE","damage_taken":0,"max_hp_gain":0,"max_hp_loss":0,"event_name":"Liars Game","floor":4,"gold_loss":0,"cards_obtained":["Doubt"]},{"damage_healed":0,"gold_gain":0,"cards_transformed":["Strike_G"],"player_choice":"Transformed","damage_taken":0,"max_hp_gain":0,"max_hp_loss":0,"event_name":"Transmorgrifier","floor":14,"gold_loss":0,"cards_obtained":["Bane"]},{"damage_healed":0,"gold_gain":0,"player_choice":"Ignored","damage_taken":0,"max_hp_gain":0,"max_hp_loss":0,"event_name":"Vampires","floor":21,"gold_loss":0},{"damage_healed":0,"gold_gain":0,"player_choice":"Ignored","damage_taken":0,"max_hp_gain":0,"max_hp_loss":0,"event_name":"SecretPortal","floor":36,"gold_loss":0}],"is_beta":false,"boss_relics":[{"not_picked":["Sozu","Runic Dome"],"picked":"WristBlade"},{"not_picked":["Empty Cage","HoveringKite"],"picked":"Philosopher\u0027s Stone"}],"items_purged_floors":[27,39],"is_endless":false,"potions_floor_spawned":[1,12,16,28,30,31,37,45],"killed_by":"Giant Head","ascension_level":20}}