{"host":"4vq2xwkpdrxril92","time":1609514875,"event":{"mods":["BaseMod","Card Forge","Energized Spire","Hubris","Infinite Spire","Minty Spire (QoL Compilation)","Quick Restart","Shop Mod","StSLib","The Cursed"],"gold_per_floor":[109,109,122,122,122,155,181,208,217,249,433,461,538,372,372,480,480,497,315,324,324,202,227,142,168,177,210,210,239,239,268,268,380,380,698,598,607,460,460,490,519,544,553,562,643,436,468,477,477,588,588,599,726,726,576,576,607,635,654,716,749,749,749,832,868,868,971,971,989,1006,1029,1041,1109,1149,1149,1180,1189,1189,1200,1227,1227,1291,1291,1291,1291],"floor_reached":84,"playtime":33190,"items_purged":[],"score":2311,"play_id":"c1645a94-b5d3-4b85-9abe-ceb5845fdab2","local_time":"20210102002755","daily_mods":["SealedDeck","Vintage","Heirloom","Time Dilation","Flight","Cursed Run","Elite Swarm","Lethality"],"is_ascension_mode":false,"campfire_choices":[{"floor":15.0,"key":"DIG"},{"floor":32.0,"key":"DIG"},{"floor":49.0,"key":"DIG"},{"floor":66.0,"key":"DIG"},{"floor":83,"key":"DIG"}],"circlet_count":0,"master_deck":["Flex+1","Cleave","Thunderclap+1","Necronomicurse","hubris:InfiniteBlow+6952","infinitespire:FutureSight+1","hubris:Lust"],"relics":["Cursed Key","Darkstone Periapt","Du-Vu Doll","Hammer of Thor","Seething Fire","Anvil of the Gods","infinitespire:Lychee Nut","Red Skull","infinitespire:EmpoweringShard","Membership Card","hubris:EvacipatedBox","hubris:Macrotransations","hubris:FruitBowl","Shovel","ClockworkSouvenir","Bag of Marbles","CeramicFish","Orichalcum","Frozen Egg 2","Blood Vial","CaptainsWheel","Regal Pillow","hubris:PeanutButter","infinitespire:Eraser","Nunchaku","Self Forming Clay","hubris:IronBody","Magic Flower","Boot","Bronze Scales","infinitespire:Lucky Rock","hubris:CuriousFeather","hubris:DisguiseKit","infinitespire:WardingShard","PreservedInsect","Peace Pipe","hubris:ToyBattleship","Juzu Bracelet","Lizard Tail","Toy Ornithopter","Sundial","Akabeko","Tiny Chest","HornCleat","StrikeDummy","infinitespire:PuzzleCube","hubris:OldNail","Smiling Mask","hubris:Icosahedron","Art of War","Bag of Preparation","Ancient Tea Set","hubris:Reverence","infinitespire:Midas Blood","Anchor","MerchantsRug","Strange Spoon","infinitespire:ShieldingShard","MealTicket","Coffee Dripper","Gremlin Horn","hubris:SlimyHat","hubris:SphereOfDissonance","Paper Frog","hubris:Metronome","Toxic Egg 2","Question Card","Centennial Puzzle","Mercury Hourglass","hubris:TenFootPole","hubris:Towel","Pen Nib","Runic Pyramid","infinitespire:Magic Flask","Vajra","infinitespire:FocusingShard","infinitespire:Burning Sword","hubris:MobiusCoin","Molten Egg 2","Lantern","Shuriken","Thread and Needle","Eternal Feather","Singing Bowl","Blue Candle","Chemical X","Unceasing Top","Happy Flower","Kunai","Frozen Eye","Pocketwatch","The Courier","hubris:Potato","energizedSpire:NeverEndingSparkler","Prayer Wheel","Oddly Smooth Stone","Dream Catcher","Necronomicon","Matryoshka","Pantograph","Cauldron","Meat on the Bone","FossilizedHelix","InkBottle","White Beast Statue","Mummified Hand","Turnip","Charon\u0027s Ashes","Ginger","hubris:Spice","hubris:FunFungus","Medical Kit","infinitespire:Golems Mask"],"acts_visited":["Exordium","TheCity","TheBeyond","Exordium","TheCity"],"potions_floor_usage":[],"damage_taken":[{"damage":0.0,"enemies":"Small Slimes","floor":1.0,"turns":1.0},{"damage":0.0,"enemies":"Cultist","floor":3.0,"turns":1.0},{"damage":0.0,"enemies":"Gremlin Nob","floor":6.0,"turns":1.0},{"damage":0.0,"enemies":"Lagavulin","floor":7.0,"turns":1.0},{"damage":0.0,"enemies":"3 Sentries","floor":8.0,"turns":1.0},{"damage":0.0,"enemies":"Gremlin Nob","floor":10.0,"turns":1.0},{"damage":0.0,"enemies":"3 Sentries","floor":12.0,"turns":1.0},{"damage":0.0,"enemies":"Slime Boss","floor":16.0,"turns":1.0},{"damage":0.0,"enemies":"Shell Parasite","floor":18.0,"turns":1.0},{"damage":0.0,"enemies":"Gremlin Leader","floor":23.0,"turns":1.0},{"damage":0.0,"enemies":"Nightmare","floor":25.0,"turns":1.0},{"damage":0.0,"enemies":"Book of Stabbing","floor":27.0,"turns":1.0},{"damage":0.0,"enemies":"Gremlin Leader","floor":29.0,"turns":1.0},{"damage":0.0,"enemies":"Slavers","floor":31.0,"turns":1.0},{"damage":0.0,"enemies":"Collector","floor":33.0,"turns":1.0},{"damage":0.0,"enemies":"3 Darklings","floor":35.0,"turns":1.0},{"damage":0.0,"enemies":"Nemesis","floor":40.0,"turns":1.0},{"damage":0.0,"enemies":"Giant Head","floor":41.0,"turns":1.0},{"damage":0.0,"enemies":"Reptomancer","floor":42.0,"turns":1.0},{"damage":0.0,"enemies":"Nightmare","floor":45.0,"turns":1.0},{"damage":0.0,"enemies":"Reptomancer","floor":47.0,"turns":1.0},{"damage":0.0,"enemies":"hubris:GrandSnecko","floor":50.0,"turns":1.0},{"damage":0.0,"enemies":"Jaw Worm","floor":52.0,"turns":1.0},{"damage":0.0,"enemies":"Gremlin Nob","floor":57.0,"turns":1.0},{"damage":0.0,"enemies":"Lagavulin","floor":58.0,"turns":1.0},{"damage":0.0,"enemies":"3 Sentries","floor":61.0,"turns":1.0},{"damage":0.0,"enemies":"Nightmare_Alpha","floor":64.0,"turns":1.0},{"damage":0.0,"enemies":"The Guardian","floor":67.0,"turns":1.0},{"damage":0.0,"enemies":"3 Byrds","floor":69.0,"turns":1.0},{"damage":0.0,"enemies":"Spheric Guardian","floor":71.0,"turns":1.0},{"damage":0.0,"enemies":"Nightmare","floor":74.0,"turns":1.0},{"damage":0.0,"enemies":"Gremlin Leader","floor":76.0,"turns":1.0},{"damage":0.0,"enemies":"Shelled Parasite and Fungi","floor":79.0,"turns":1.0},{"damage":0.0,"enemies":"Book of Stabbing","floor":80.0,"turns":1.0},{"damage":0,"enemies":"Champ","floor":84,"turns":1}],"seed_played":"3319385838863673559","potions_obtained":[{"floor":6.0,"key":"Energy Potion"},{"floor":7.0,"key":"BlessingOfTheForge"},{"floor":8.0,"key":"SpeedPotion"},{"floor":27.0,"key":"Block Potion"},{"floor":29.0,"key":"DuplicationPotion"},{"floor":33.0,"key":"Dexterity Potion"},{"floor":40.0,"key":"BloodPotion"},{"floor":42.0,"key":"SneckoOil"},{"floor":45.0,"key":"SteroidPotion"},{"floor":52.0,"key":"Energy Potion"},{"floor":61.0,"key":"DuplicationPotion"},{"floor":62.0,"key":"Dexterity Potion"},{"floor":62.0,"key":"LiquidMemories"},{"floor":62.0,"key":"Fire Potion"},{"floor":72.0,"key":"SmokeBomb"},{"floor":72.0,"key":"HeartOfIron"},{"floor":72.0,"key":"PowerPotion"},{"floor":72.0,"key":"BloodPotion"},{"floor":72.0,"key":"LiquidMemories"},{"floor":76.0,"key":"SkillPotion"},{"floor":79.0,"key":"FearPotion"},{"floor":80.0,"key":"SkillPotion"}],"is_trial":true,"path_per_floor":["M","?","M","$","?","E","E","E","T","E","?","E","?","$","R","B",null,"M","$","T","?","$","E","?","NM","T","E","?","E","AVR","E","R","B",null,"M","NS","T","$","?","E","E","E","T","?","NM","$","E","AVR","R","B",null,"M","T","?","$","?","E","E","$","T","E","?","AVR","NM","T","R","B",null,"M","?","M","$","T","NM","$","E","T","?","M","E","AVR","T","R","B"],"character_chosen":"IRONCLAD","items_purchased":["Membership Card","hubris:EvacipatedBox","hubris:Macrotransations","hubris:FruitBowl","Shovel","ClockworkSouvenir","Bag of Marbles","CeramicFish","Orichalcum","Frozen Egg 2","Blood Vial","CaptainsWheel","Regal Pillow","hubris:PeanutButter","infinitespire:Eraser","Nunchaku","Self Forming Clay","Strawberry","hubris:IronBody","Magic Flower","Boot","Bronze Scales","infinitespire:Lucky Rock","hubris:CuriousFeather","hubris:DisguiseKit","infinitespire:WardingShard","PreservedInsect","Potion Belt","Peace Pipe","hubris:ToyBattleship","Juzu Bracelet","Lizard Tail","Toy Ornithopter","Sundial","Akabeko","Tiny Chest","HornCleat","StrikeDummy","infinitespire:PuzzleCube","hubris:OldNail","War Paint","Smiling Mask","MerchantsRug","Strange Spoon","infinitespire:ShieldingShard","Matryoshka","Gremlin Horn","Paper Frog","Lantern","Shuriken","DollysMirror","Blue Candle","Chemical X","Unceasing Top","Frozen Eye","Pocketwatch","Matryoshka","Pantograph","Cauldron","Meat on the Bone","FossilizedHelix"],"campfire_rested":0,"item_purchase_floors":[4,4,4,4,4,4,4,4,4,4,4,4,4,4,4,4,4,4,4,4,4,4,4,4,4,4,4,4,4,4,4,4,4,4,4,4,4,4,4,4,4,4,14,14,14,19,19,22,38,38,38,46,46,46,55,55,72,72,72,72,72],"current_hp_per_floor":[735,735,735,177,177,180,183,186,195,198,207,210,199,199,199,211,772,784,784,793,793,793,793,793,793,802,802,802,802,802,802,802,811,811,811,811,820,820,820,820,820,820,829,829,832,832,835,835,850,862,862,862,881,881,881,888,891,915,915,924,927,927,927,930,939,939,951,951,951,953,956,960,972,975,975,978,987,991,1003,1006,1006,1015,1027,1027,1027],"gold":1291,"neow_bonus":"","is_daily":false,"chose_seed":false,"campfire_upgraded":0,"win_rate":0.0,"timestamp":1609514875,"path_taken":["M","?","M","?","?","E","E","E","T","E","?","E","?","$","R","BOSS","M","$","?","?","$","E","?","NM","T","E","?","E","AVR","E","R","BOSS","M","NS","?","?","?","E","E","E","T","?","NM","$","E","AVR","R","BOSS","M","?","?","$","?","E","E","$","T","E","?","AVR","NM","?","R","BOSS","M","?","M","$","?","NM","$","E","T","?","M","E","AVR","?","R","BOSS"],"items_purchased_type":["Relic","Relic","Relic","Relic","Relic","Relic","Relic","Relic","Relic","Relic","Relic","Relic","Relic","Relic","Relic","Relic","Relic","Relic","Relic","Relic","Relic","Relic","Relic","Relic","Relic","Relic","Relic","Relic","Relic","Relic","Relic","Relic","Relic","Relic","Relic","Relic","Relic","Relic","Relic","Relic","Relic","Relic","Relic","Relic","Relic","Relic","Relic","Relic","Relic","Relic","Relic","Relic","Relic","Relic","Relic","Relic","Relic","Relic","Relic","Relic","Relic"],"build_version":"2020-12-22","purchased_purges":0,"victory":false,"max_hp_per_floor":[735,735,735,745,745,745,745,745,754,754,763,763,763,763,763,772,772,784,784,793,793,793,793,793,793,802,802,802,802,802,802,802,811,811,811,811,820,820,820,820,820,820,829,829,832,832,835,835,850,862,862,862,881,881,881,888,891,915,915,924,927,927,927,930,939,939,951,951,951,960,960,960,972,975,975,978,987,991,1003,1006,1006,1015,1027,1027,1027],"card_choices":[{"not_picked":["Reaper","hubris:StunningStrike","Bludgeon","DeusExMachina"],"picked":"SKIP","floor":6.0},{"not_picked":["Double Tap","Exhume","Berserk+1","Blasphemy"],"picked":"SKIP","floor":7.0},{"not_picked":["Brutality+1","Juggernaut+1","Bludgeon","Judgement"],"picked":"SKIP","floor":8.0},{"not_picked":["Bludgeon","Double Tap","Reaper","Omniscience"],"picked":"SKIP","floor":10.0},{"not_picked":["Fiend Fire","hubris:StunningStrike","Immolate","Scrawl"],"picked":"SKIP","floor":12.0},{"not_picked":["Juggernaut+1","Immolate","Berserk+1","Blasphemy"],"picked":"SKIP","floor":23.0},{"not_picked":["Double Tap+1","Juggernaut+1","Bludgeon","Judgement"],"picked":"SKIP","floor":25.0},{"not_picked":["Berserk+1","Corruption+1","Reaper","Offering+1","Brilliance"],"picked":"SKIP","floor":27.0},{"not_picked":["Bludgeon","Fiend Fire","Berserk+1","Feed","DevaForm"],"picked":"SKIP","floor":29.0},{"not_picked":["Reaper","Exhume+1","Limit Break+1","Offering+1","Alpha"],"picked":"SKIP","floor":31.0},{"not_picked":["Berserk+1","Brutality+1","Exhume+1","Offering+1","SpiritShield"],"picked":"SKIP","floor":40.0},{"not_picked":["Double Tap+1","Offering+1","Impervious+1","Exhume+1","MasterReality"],"picked":"SKIP","floor":41.0},{"not_picked":["Bludgeon+1","Brutality+1","Impervious+1","Double Tap+1","Judgement"],"picked":"SKIP","floor":42.0},{"not_picked":["Demon Form+1","Exhume+1","Fiend Fire+1","hubris:StunningStrike+1","MasterReality"],"picked":"Singing Bowl","floor":45.0},{"not_picked":["Bludgeon+1","Feed+1","Brutality+1","Corruption+1","Alpha"],"picked":"Singing Bowl","floor":47.0},{"not_picked":["Impervious+1","Demon Form+1","Corruption+1","Barricade+1","Wish"],"picked":"Singing Bowl","floor":50.0},{"not_picked":["Barricade+1","Double Tap+1","Juggernaut+1","Offering+1","Devotion"],"picked":"Singing Bowl","floor":57.0},{"not_picked":["Barricade+1","hubris:StunningStrike+1","Bludgeon+1","Berserk+1","ConjureBlade"],"picked":"Singing Bowl","floor":58.0},{"not_picked":["Limit Break+1","Juggernaut+1","Offering+1","Exhume+1","Wish"],"picked":"Singing Bowl","floor":61.0},{"not_picked":["Immolate+1","Reaper+1","Feed+1","hubris:StunningStrike+1","Scrawl"],"picked":"Singing Bowl","floor":64.0},{"not_picked":["Limit Break+1","Corruption+1","Fiend Fire+1","Feed+1","Brilliance"],"picked":"Singing Bowl","floor":67.0},{"not_picked":["infinitespire:Collect","infinitespire:SealOfDarkness+","infinitespire:UltimateForm"],"picked":"Singing Bowl","floor":73.0},{"not_picked":["infinitespire:DeathsTouch","infinitespire:Collect"],"picked":"infinitespire:FutureSight","floor":74.0},{"not_picked":["Brutality+1","Juggernaut+1","Berserk+1","hubris:StunningStrike+1","DeusExMachina"],"picked":"Singing Bowl","floor":74.0},{"not_picked":["Brutality+1","Impervious+1","Reaper+1","Fiend Fire+1","Devotion"],"picked":"Singing Bowl","floor":76.0},{"not_picked":["Offering+1","Demon Form+1","Corruption+1","Feed+1","SpiritShield"],"picked":"Singing Bowl","floor":80.0}],"player_experience":1124547,"relics_obtained":[{"floor":1.0,"key":"Red Skull"},{"floor":3.0,"key":"infinitespire:EmpoweringShard"},{"floor":6.0,"key":"Art of War"},{"floor":7.0,"key":"Bag of Preparation"},{"floor":8.0,"key":"Ancient Tea Set"},{"floor":9.0,"key":"hubris:Reverence"},{"floor":10.0,"key":"infinitespire:Midas Blood"},{"floor":12.0,"key":"Anchor"},{"floor":15.0,"key":"MealTicket"},{"floor":18.0,"key":"hubris:Spice"},{"floor":20.0,"key":"hubris:SlimyHat"},{"floor":20.0,"key":"hubris:SphereOfDissonance"},{"floor":23.0,"key":"hubris:Metronome"},{"floor":25.0,"key":"Question Card"},{"floor":26.0,"key":"Centennial Puzzle"},{"floor":26.0,"key":"Mercury Hourglass"},{"floor":27.0,"key":"hubris:TenFootPole"},{"floor":29.0,"key":"Pen Nib"},{"floor":31.0,"key":"Vajra"},{"floor":32.0,"key":"infinitespire:FocusingShard"},{"floor":35.0,"key":"hubris:MobiusCoin"},{"floor":37.0,"key":"Molten Egg 2"},{"floor":40.0,"key":"Whetstone"},{"floor":41.0,"key":"Thread and Needle"},{"floor":42.0,"key":"Eternal Feather"},{"floor":43.0,"key":"Singing Bowl"},{"floor":45.0,"key":"MawBank"},{"floor":47.0,"key":"Happy Flower"},{"floor":49.0,"key":"Pear"},{"floor":53.0,"key":"Strawberry"},{"floor":57.0,"key":"The Courier"},{"floor":58.0,"key":"Mango"},{"floor":60.0,"key":"Whetstone"},{"floor":61.0,"key":"hubris:Potato"},{"floor":64.0,"key":"Prayer Wheel"},{"floor":65.0,"key":"Oddly Smooth Stone"},{"floor":66.0,"key":"Potion Belt"},{"floor":69.0,"key":"Dream Catcher"},{"floor":70.0,"key":"Necronomicon"},{"floor":71.0,"key":"hubris:DuctTape"},{"floor":73.0,"key":"InkBottle"},{"floor":73.0,"key":"White Beast Statue"},{"floor":74.0,"key":"Mummified Hand"},{"floor":76.0,"key":"Turnip"},{"floor":77.0,"key":"Charon\u0027s Ashes"},{"floor":77.0,"key":"Ginger"},{"floor":79.0,"key":"hubris:Spice"},{"floor":80.0,"key":"hubris:FunFungus"},{"floor":82,"key":"infinitespire:Golems Mask"},{"floor":83,"key":"hubris:Spice"}],"event_choices":[{"damage_healed":0.0,"max_hp_gain":0.0,"max_hp_loss":0.0,"gold_gain":0.0,"event_name":"Living Wall","player_choice":"Grow","floor":2.0,"gold_loss":0.0,"damage_taken":0.0,"cards_upgraded":["Flex"]},{"damage_healed":0.0,"max_hp_gain":0.0,"max_hp_loss":0.0,"gold_gain":175.0,"event_name":"Liars Game","player_choice":"AGREE","floor":11.0,"gold_loss":0.0,"damage_taken":0.0,"cards_obtained":["Doubt"]},{"damage_healed":0.0,"max_hp_gain":0.0,"max_hp_loss":0.0,"gold_gain":75.0,"event_name":"World of Goop","player_choice":"Gather Gold","floor":13.0,"gold_loss":0.0,"damage_taken":11.0},{"damage_healed":0.0,"max_hp_gain":0.0,"max_hp_loss":0.0,"gold_gain":0.0,"event_name":"Vampires","player_choice":"Ignored","floor":21.0,"gold_loss":0.0,"damage_taken":0.0},{"damage_healed":0.0,"max_hp_gain":0.0,"max_hp_loss":0.0,"gold_gain":0.0,"event_name":"Addict","player_choice":"Obtained Relic","floor":24.0,"gold_loss":85.0,"damage_taken":0.0,"relics_obtained":["Toxic Egg 2"]},{"damage_healed":0.0,"max_hp_gain":0.0,"max_hp_loss":0.0,"gold_gain":0.0,"event_name":"SensoryStone","player_choice":"Memory 1","floor":39.0,"gold_loss":0.0,"damage_taken":0.0},{"cards_removed":["Infinite Blades"],"damage_healed":0.0,"max_hp_gain":0.0,"max_hp_loss":0.0,"gold_gain":0.0,"event_name":"NoteForYourself","player_choice":"Took Card","floor":44.0,"gold_loss":0.0,"damage_taken":0.0,"cards_obtained":["Infinite Blades"]},{"damage_healed":0.0,"max_hp_gain":0.0,"max_hp_loss":0.0,"gold_gain":0.0,"event_name":"The Cleric","player_choice":"Leave","floor":54.0,"gold_loss":0.0,"damage_taken":0.0},{"damage_healed":0.0,"max_hp_gain":5.0,"max_hp_loss":0.0,"gold_gain":0.0,"event_name":"Big Fish","player_choice":"Donut","floor":56.0,"gold_loss":0.0,"damage_taken":0.0},{"damage_healed":0.0,"max_hp_gain":0.0,"max_hp_loss":0.0,"gold_gain":0.0,"event_name":"Lab","player_choice":"Got Potions","floor":62.0,"gold_loss":0.0,"damage_taken":0.0},{"damage_healed":0.0,"max_hp_gain":0.0,"max_hp_loss":0.0,"gold_gain":0.0,"event_name":"Cursed Tome","player_choice":"Obtained Book","floor":70.0,"gold_loss":0.0,"damage_taken":16.0}],"is_beta":false,"boss_relics":[{"not_picked":["Runic Dome","energizedSpire:StickyHand","Astrolabe"],"picked":"Coffee Dripper"},{"not_picked":["energizedSpire:TabascoSauce","energizedSpire:OgreHead","Sozu"],"picked":"infinitespire:Burning Sword"},{"not_picked":["hubris:CrackedHourglass","hubris:GrandSneckoEye","hubris:Stopwatch","Snecko Eye"]},{"not_picked":["Tiny House","energizedSpire:HugeHouse","Runic Cube"],"picked":"hubris:Backtick"}],"items_purged_floors":[],"is_endless":true,"potions_floor_spawned":[6,7,8,27,29,33,40,42,45,52,61,76,79,80],"killed_by":"Champ","ascension_level":0}}