{"host":"xg5jeeis2it0kviw","time":1609518133,"event":{"mods":["Aspiration","BaseMod","Conspire","Minty Spire (QoL Compilation)","Relic Stats","Spicy Shops","StSLib","vexMod","¡¾ÒÅÎï¿¨ÅÆ¡¿REMEMod"],"gold_per_floor":[119,119,131,146,146,173,186,213,260,260,260,276,117,136,136,236,236,256,306,344,394,28,28,50,50,50,50,60,60,80,2,2,100,100,116,128,178,178],"floor_reached":37,"playtime":1896,"items_purged":["conspire:GhostlyStrike"],"score":449,"play_id":"3d79117f-ead3-4b24-987d-c70f86978537","local_time":"20210102002213","is_ascension_mode":false,"campfire_choices":[{"floor":10.0,"key":"REST"},{"floor":15.0,"key":"REST"},{"floor":23.0,"key":"RECALL"},{"floor":25.0,"key":"REST"},{"floor":29.0,"key":"REST"},{"data":"Accuracy","floor":32.0,"key":"SMITH"}],"circlet_count":0,"master_deck":["conspire:GhostlyStrike","conspire:GhostlyStrike","conspire:GhostlyStrike","conspire:GhostlyDefend","conspire:GhostlyDefend","conspire:GhostlyDefend","conspire:GhostlyDefend","conspire:GhostlyDefend","Survivor","Neutralize","Cloak And Dagger","Infinite Blades","Blade Dance","Tools of the Trade","Quick Slash","Flying Knee","REME_GreenPollution","Blade Dance","Accuracy+1","Dagger Spray","Noxious Fumes","Blade Dance","Outmaneuver","A Thousand Cuts","Slice+1","Prepared+1","Accuracy","Backflip","Blade Dance","Flying Knee+1","Dagger Spray+1","REME_ShadowForm","Quick Slash+1"],"relics":["Ring of the Snake","REME_ComplimentaryCards","FossilizedHelix","Bag of Preparation","SsserpentHead","vexMod:DeviousBotling","aspiration:RitualStick","Bottled Tornado","Omamori","Molten Egg 2","vexMod:TanglingVine"],"acts_visited":["Exordium","TheCity","TheBeyond"],"potions_floor_usage":[37],"damage_taken":[{"damage":4.0,"enemies":"Small Slimes","floor":1.0,"turns":4.0},{"damage":0.0,"enemies":"Cultist","floor":3.0,"turns":4.0},{"damage":1.0,"enemies":"Jaw Worm","floor":4.0,"turns":4.0},{"damage":31.0,"enemies":"Lagavulin","floor":6.0,"turns":7.0},{"damage":1.0,"enemies":"Large Slime","floor":7.0,"turns":6.0},{"damage":12.0,"enemies":"Gremlin Nob","floor":8.0,"turns":4.0},{"damage":0.0,"enemies":"Red Slaver","floor":12.0,"turns":4.0},{"damage":0.0,"enemies":"3 Louse","floor":14.0,"turns":2.0},{"damage":41.0,"enemies":"Hexaghost","floor":16.0,"turns":7.0},{"damage":0.0,"enemies":"3 Byrds","floor":18.0,"turns":3.0},{"damage":0.0,"enemies":"2 Thieves","floor":20.0,"turns":2.0},{"damage":44.0,"enemies":"Slavers","floor":24.0,"turns":4.0},{"damage":0.0,"enemies":"Chosen and Byrds","floor":28.0,"turns":4.0},{"damage":10.0,"enemies":"Sentry and Sphere","floor":30.0,"turns":3.0},{"damage":16.0,"enemies":"Automaton","floor":33.0,"turns":5.0},{"damage":15.0,"enemies":"Orb Walker","floor":35.0,"turns":3.0},{"damage":34.0,"enemies":"3 Darklings","floor":36.0,"turns":3.0},{"damage":26,"enemies":"Sphere and 2 Shapes","floor":37,"turns":3}],"seed_played":"-8302811588976878846","potions_obtained":[{"floor":1.0,"key":"SpeedPotion"},{"floor":3.0,"key":"PowerPotion"},{"floor":6.0,"key":"Explosive Potion"},{"floor":16.0,"key":"AttackPotion"},{"floor":18.0,"key":"ColorlessPotion"},{"floor":30.0,"key":"DuplicationPotion"},{"floor":35.0,"key":"ColorlessPotion"}],"is_trial":false,"path_per_floor":["M","?","M","M","?","E","M","E","T","R","?","M","$","M","R","B",null,"M","?","M","?","$","R","E","R","T","?","M","R","M","$","R","B",null,"M","M","M"],"character_chosen":"THE_SILENT","items_purchased":["Noxious Fumes","Blade Dance","Bottled Tornado","Accuracy","Backflip","Strength Potion"],"campfire_rested":4,"item_purchase_floors":[13,13,22,22,22,31],"current_hp_per_floor":[66,66,66,65,65,34,33,21,21,42,42,42,42,42,63,22,70,70,70,70,56,56,56,12,33,33,33,33,54,44,44,44,28,70,55,21,0,0],"gold":178,"neow_bonus":"THREE_CARDS","is_daily":false,"chose_seed":false,"campfire_upgraded":1,"win_rate":0.0,"timestamp":1609518133,"path_taken":["M","?","?","M","?","E","M","E","T","R","?","M","$","M","R","BOSS","M","?","M","?","$","R","E","R","T","?","M","R","M","$","R","BOSS","M","M","?"],"items_purchased_type":["Card","Card","Relic","Card","Card","Potion"],"build_version":"2020-12-22","purchased_purges":1,"victory":false,"max_hp_per_floor":[70,70,70,70,70,70,70,70,70,70,70,70,70,70,70,70,70,70,70,70,70,70,70,70,70,70,70,70,70,70,70,70,70,70,70,70,70,70],"relic_stats":{"SsserpentHead":200,"counters":[18,72],"Bag of Preparation":[24],"obtain_stats":[{"SsserpentHead":11,"Molten Egg 2":26,"vexMod:DeviousBotling":17,"Bag of Preparation":8,"Omamori":24,"vexMod:TanglingVine":34,"Bottled Tornado":22,"FossilizedHelix":6,"aspiration:RitualStick":21,"Ring of the Snake":0,"REME_ComplimentaryCards":0},{"SsserpentHead":6,"Molten Egg 2":12,"vexMod:DeviousBotling":9,"Bag of Preparation":6,"Omamori":12,"vexMod:TanglingVine":15,"Bottled Tornado":11,"FossilizedHelix":4,"aspiration:RitualStick":11,"Ring of the Snake":0,"REME_ComplimentaryCards":0},{"SsserpentHead":29,"Molten Egg 2":51,"vexMod:DeviousBotling":42,"Bag of Preparation":29,"Omamori":51,"vexMod:TanglingVine":63,"Bottled Tornado":47,"FossilizedHelix":19,"aspiration:RitualStick":47,"Ring of the Snake":0,"REME_ComplimentaryCards":0}],"aspiration:RitualStick":[1],"Ring of the Snake":[36]},"card_choices":[{"not_picked":["Bane","Masterful Stab"],"picked":"Cloak And Dagger","floor":0.0},{"not_picked":["Dagger Throw","Crippling Poison"],"picked":"Blade Dance","floor":1.0},{"not_picked":["Underhanded Strike","Eviscerate"],"picked":"Quick Slash","floor":3.0},{"not_picked":["PiercingWail","Underhanded Strike"],"picked":"Flying Knee","floor":4.0},{"not_picked":["Dodge and Roll","Terror"],"picked":"REME_GreenPollution","floor":6.0},{"not_picked":["Acrobatics","Footwork"],"picked":"Blade Dance","floor":7.0},{"not_picked":["Poisoned Stab","REME_ShadowStrike"],"picked":"Accuracy","floor":8.0},{"not_picked":["Prepared","Dagger Throw"],"picked":"Dagger Spray","floor":12.0},{"not_picked":["Poisoned Stab","Night Terror"],"picked":"Outmaneuver","floor":14.0},{"not_picked":["Tools of the Trade","REME_CopyPotion"],"picked":"A Thousand Cuts","floor":16.0},{"not_picked":["Deadly Poison","Caltrops"],"picked":"Slice+1","floor":18.0},{"not_picked":["Deflect","PiercingWail"],"picked":"Prepared+1","floor":20.0},{"not_picked":["Underhanded Strike","REME_ShadowStrike"],"picked":"Blade Dance","floor":24.0},{"not_picked":["Prepared","Acrobatics"],"picked":"Flying Knee+1","floor":28.0},{"not_picked":["Sucker Punch+1","Deadly Poison"],"picked":"Dagger Spray+1","floor":30.0},{"not_picked":["Doppelganger","Die Die Die+1"],"picked":"REME_ShadowForm","floor":33.0},{"not_picked":["Poisoned Stab+1","Catalyst","PiercingWail"],"picked":"SKIP","floor":35.0},{"not_picked":["Calculated Gamble+1","Deflect+1"],"picked":"Quick Slash+1","floor":36.0}],"player_experience":297684,"relics_obtained":[{"floor":6.0,"key":"FossilizedHelix"},{"floor":8.0,"key":"Bag of Preparation"},{"floor":24.0,"key":"Omamori"},{"floor":26.0,"key":"Molten Egg 2"}],"event_choices":[{"damage_healed":0.0,"max_hp_gain":0.0,"max_hp_loss":0.0,"gold_gain":0.0,"cards_transformed":["Strike_G"],"event_name":"Transmorgrifier","player_choice":"Transformed","floor":2.0,"gold_loss":0.0,"damage_taken":0.0,"cards_obtained":["Tools of the Trade"]},{"damage_healed":0.0,"max_hp_gain":0.0,"max_hp_loss":0.0,"gold_gain":0.0,"event_name":"conspire:LoneGhost","player_choice":"Agree","floor":5.0,"gold_loss":0.0,"damage_taken":0.0},{"damage_healed":0.0,"max_hp_gain":0.0,"max_hp_loss":0.0,"gold_gain":0.0,"event_name":"FaceTrader","player_choice":"Trade","floor":11.0,"gold_loss":0.0,"damage_taken":0.0,"relics_obtained":["SsserpentHead"]},{"damage_healed":0.0,"max_hp_gain":0.0,"max_hp_loss":0.0,"gold_gain":0.0,"event_name":"Vampires","player_choice":"Ignored","floor":19.0,"gold_loss":0.0,"damage_taken":0.0},{"damage_healed":0.0,"max_hp_gain":0.0,"max_hp_loss":0.0,"gold_gain":0.0,"event_name":"The Joust","player_choice":"Bet on Murderer","floor":27.0,"gold_loss":50.0,"damage_taken":0.0}],"is_beta":false,"boss_relics":[{"not_picked":["vexMod:MegatonBomb","Sozu"],"picked":"vexMod:DeviousBotling"},{"not_picked":["Fusion Hammer","Snecko Eye"],"picked":"vexMod:TanglingVine"}],"items_purged_floors":[13],"is_endless":false,"potions_floor_spawned":[1,3,6,16,18,30,35],"killed_by":"Sphere and 2 Shapes","ascension_level":0}}