{"host":"6pfj0wha12yu6wq3","time":1609492712,"event":{"mods":["BaseMod","Colored Map","Colored Powertips","Curses Come First","DeckTracker","Minty Spire (QoL Compilation)","RNG Fix","Relic Sorter","Relic Stats","StSLib","ojb\u0027s Better Paths Mod","ojb\u0027s Info Mod"],"gold_per_floor":[113,113,113,126,126,161,176,189,214,179,197,235,248,267,267,363,363,386,401,419,419,443,443,479,479,506,547,547,547],"floor_reached":28,"playtime":1433,"items_purged":[],"score":594,"play_id":"7ef15198-9c09-4daa-add6-11cc9afc8380","local_time":"20210101041832","is_ascension_mode":true,"campfire_choices":[{"data":"Blade Dance","floor":15.0,"key":"SMITH"},{"floor":23.0,"key":"REST"},{"floor":25.0,"key":"REST"}],"circlet_count":0,"master_deck":["AscendersBane","Strike_G","Strike_G+1","Strike_G+1","Strike_G+1","Strike_G","Defend_G","Defend_G","Defend_G","Defend_G","Defend_G+1","Survivor","Neutralize","Choke","Poisoned Stab","Slice","Blade Dance+1","Caltrops+1","Flying Knee","Well Laid Plans+1","Calculated Gamble","Envenom+1","Burst","Footwork+1","Leg Sweep","Noxious Fumes+1"],"relics":["Ring of the Snake","NeowsBlessing","Golden Idol","Frozen Egg 2","PreservedInsect","Mercury Hourglass","Black Star","Incense Burner","Happy Flower","MealTicket","Whetstone"],"acts_visited":["Exordium","TheCity"],"potions_floor_usage":[27,27],"damage_taken":[{"damage":0.0,"enemies":"Jaw Worm","floor":1.0,"turns":1.0},{"damage":0.0,"enemies":"Small Slimes","floor":4.0,"turns":1.0},{"damage":0.0,"enemies":"3 Sentries","floor":6.0,"turns":2.0},{"damage":0.0,"enemies":"Cultist","floor":7.0,"turns":3.0},{"damage":7.0,"enemies":"Large Slime","floor":8.0,"turns":5.0},{"damage":1.0,"enemies":"3 Louse","floor":11.0,"turns":4.0},{"damage":4.0,"enemies":"Gremlin Nob","floor":12.0,"turns":3.0},{"damage":5.0,"enemies":"Blue Slaver","floor":13.0,"turns":2.0},{"damage":0.0,"enemies":"Red Slaver","floor":14.0,"turns":3.0},{"damage":10.0,"enemies":"Hexaghost","floor":16.0,"turns":7.0},{"damage":4.0,"enemies":"Chosen","floor":18.0,"turns":3.0},{"damage":1.0,"enemies":"3 Byrds","floor":19.0,"turns":4.0},{"damage":26.0,"enemies":"Shelled Parasite and Fungi","floor":20.0,"turns":6.0},{"damage":12.0,"enemies":"Snecko","floor":22.0,"turns":6.0},{"damage":18.0,"enemies":"Book of Stabbing","floor":24.0,"turns":4.0},{"damage":24,"enemies":"Slavers","floor":27,"turns":4},{"damage":7,"enemies":"Snake Plant","floor":28,"turns":1}],"seed_played":"6600429824857802335","potions_obtained":[{"floor":4.0,"key":"FearPotion"},{"floor":8.0,"key":"SteroidPotion"},{"floor":12.0,"key":"PowerPotion"},{"floor":16.0,"key":"LiquidMemories"},{"floor":20.0,"key":"LiquidMemories"},{"floor":22.0,"key":"Strength Potion"},{"floor":24.0,"key":"Swift Potion"}],"is_trial":false,"path_per_floor":["M","?","?","M","?","E","M","M","T","?","M","E","M","M","R","B",null,"M","M","M","?","M","R","E","R","T","E","M"],"character_chosen":"THE_SILENT","items_purchased":[],"campfire_rested":2,"item_purchase_floors":[],"current_hp_per_floor":[59,39,39,39,39,39,39,32,32,47,46,42,37,37,37,27,52,48,47,21,21,9,27,9,27,27,3,0,0],"gold":547,"neow_bonus":"THREE_ENEMY_KILL","is_daily":false,"chose_seed":false,"campfire_upgraded":1,"win_rate":0.0,"timestamp":1609492712,"path_taken":["M","?","?","M","?","E","M","M","T","?","?","E","M","M","R","BOSS","M","M","M","?","M","R","E","R","T","E","M"],"items_purchased_type":[],"build_version":"2020-12-22","purchased_purges":0,"victory":false,"max_hp_per_floor":[66,66,60,60,60,60,60,60,60,60,60,60,60,60,60,60,60,60,60,60,60,60,60,60,60,60,60,60,60],"relic_stats":{"Happy Flower":[1],"counters":[17,59],"Golden Idol":86,"MealTicket":0,"PreservedInsect":107,"Black Star":2,"Whetstone":["Strike_G","Strike_G"],"obtain_stats":[{"NeowsBlessing":0,"Happy Flower":24,"Golden Idol":3,"MealTicket":27,"PreservedInsect":9,"Black Star":17,"Incense Burner":24,"Whetstone":27,"Frozen Egg 2":6,"Ring of the Snake":0,"Mercury Hourglass":12},{"NeowsBlessing":0,"Happy Flower":15,"Golden Idol":1,"MealTicket":16,"PreservedInsect":5,"Black Star":10,"Incense Burner":15,"Whetstone":16,"Frozen Egg 2":3,"Ring of the Snake":0,"Mercury Hourglass":7},{"NeowsBlessing":0,"Happy Flower":54,"Golden Idol":1,"MealTicket":58,"PreservedInsect":12,"Black Star":31,"Incense Burner":54,"Whetstone":58,"Frozen Egg 2":4,"Ring of the Snake":0,"Mercury Hourglass":19}],"Ring of the Snake":[34],"Mercury Hourglass":[137]},"card_choices":[{"not_picked":["Dagger Spray","Deflect"],"picked":"Choke","floor":1.0},{"not_picked":["Cloak And Dagger","Sucker Punch"],"picked":"Poisoned Stab","floor":4.0},{"not_picked":["All Out Attack","Heel Hook"],"picked":"Slice","floor":6.0},{"not_picked":["Footwork+1","PiercingWail"],"picked":"Blade Dance","floor":7.0},{"not_picked":["Escape Plan","Calculated Gamble"],"picked":"Caltrops+1","floor":8.0},{"not_picked":["Dagger Spray","Acrobatics"],"picked":"Flying Knee","floor":11.0},{"not_picked":["Deflect","Underhanded Strike"],"picked":"Well Laid Plans+1","floor":12.0},{"not_picked":["Quick Slash","Dagger Spray"],"picked":"Calculated Gamble","floor":13.0},{"not_picked":["Backflip","Cloak And Dagger"],"picked":"Envenom+1","floor":14.0},{"not_picked":["Bullet Time","Adrenaline"],"picked":"Burst","floor":16.0},{"not_picked":["Prepared","Deadly Poison","Flechettes"],"picked":"SKIP","floor":18.0},{"not_picked":["Backflip","Heel Hook"],"picked":"Footwork+1","floor":19.0},{"not_picked":["Riddle With Holes","Underhanded Strike"],"picked":"Leg Sweep","floor":20.0},{"not_picked":["Dodge and Roll","Dagger Spray","Slice"],"picked":"SKIP","floor":22.0},{"not_picked":["Slice","Dodge and Roll","Heel Hook"],"picked":"SKIP","floor":24.0},{"not_picked":["Escape Plan+1","Eviscerate+1"],"picked":"Noxious Fumes+1","floor":27}],"player_experience":61607,"relics_obtained":[{"floor":6.0,"key":"Frozen Egg 2"},{"floor":9.0,"key":"PreservedInsect"},{"floor":12.0,"key":"Mercury Hourglass"},{"floor":24.0,"key":"Incense Burner"},{"floor":24.0,"key":"Happy Flower"},{"floor":27,"key":"MealTicket"},{"floor":27,"key":"Whetstone"}],"event_choices":[{"damage_healed":0.0,"max_hp_gain":0.0,"max_hp_loss":0.0,"gold_gain":0.0,"event_name":"Shining Light","player_choice":"Entered Light","floor":2.0,"gold_loss":0.0,"damage_taken":20.0,"cards_upgraded":["Strike_G","Defend_G"]},{"damage_healed":0.0,"max_hp_gain":0.0,"max_hp_loss":6.0,"gold_gain":0.0,"event_name":"Golden Idol","player_choice":"Lose Max HP","floor":3.0,"gold_loss":0.0,"damage_taken":0.0,"relics_obtained":["Golden Idol"]},{"damage_healed":0.0,"max_hp_gain":0.0,"max_hp_loss":0.0,"gold_gain":0.0,"event_name":"Liars Game","player_choice":"Ignored","floor":5.0,"gold_loss":0.0,"damage_taken":0.0},{"damage_healed":15.0,"max_hp_gain":0.0,"max_hp_loss":0.0,"gold_gain":0.0,"event_name":"The Cleric","player_choice":"Healed","floor":10.0,"gold_loss":35.0,"damage_taken":0.0},{"damage_healed":0.0,"max_hp_gain":0.0,"max_hp_loss":0.0,"gold_gain":0.0,"event_name":"Cursed Tome","player_choice":"Ignored","floor":21.0,"gold_loss":0.0,"damage_taken":0.0}],"is_beta":false,"boss_relics":[{"not_picked":["Snecko Eye","WristBlade"],"picked":"Black Star"}],"items_purged_floors":[],"is_endless":false,"potions_floor_spawned":[4,8,12,16,20,22,24],"killed_by":"Snake Plant","ascension_level":20}}