{"host":"9sqwgc7o3s0c6ttp","time":1609492499,"event":{"mods":["AchievementEnabler","Act Like it!","Arknights The Spire","Aspiration","BaseMod","CapriCore","Colored Map","Colored Powertips","Dota2Spire","Friendly Minions","Gensokyo","HololiveMod","Infinite Spire","Minty Spire (QoL Compilation)","Pale of the Ancients","Replay The Spire","StSLib","Waifu the Spire","WarShipGirlsR/??á´Ò³R mod"],"gold_per_floor":[115,95,95,95,114,114,397,412,482,499,51,51,66,100,100,100,100],"floor_reached":16,"playtime":533,"items_purged":["ats:Defend"],"score":147,"play_id":"03d29157-d922-4331-b4ca-3c41b7706541","local_time":"20210101181459","is_ascension_mode":true,"campfire_choices":[{"data":"ats:Explosion Area Strengthen","floor":6,"key":"SMITH"},{"floor":12,"key":"REST"},{"data":"ats:Demon Strength","floor":15,"key":"SMITH"}],"circlet_count":0,"master_deck":["ats:Strike C","ats:Strike G","ats:Strike S","ats:Strike V","ats:Armor Crushing Shot","ats:Defend","ats:Defend","ats:Defend","ats:Emotion Absorption","ats:Explosion Area Strengthen+1","ats:Defend Order+1","ats:Rapid Magazine","ats:Poison Spread","ats:Overload","ats:Poison Spread","ats:Demon Strength+1","ats:Composite Medical Shells","ats:Cat Scratch"],"relics":["ats:Sanity","ats:Originium","Mirror","ReplayTheSpireMod:Ninjato","Dota2Spire:Mjollnir","Meat on the Bone"],"acts_visited":["Gensokyo:Gensokyo"],"potions_floor_usage":[13,13],"damage_taken":[{"damage":2,"enemies":"Gensokyo:Python","floor":1,"turns":4},{"damage":3,"enemies":"Gensokyo:3_Fairies","floor":5,"turns":6},{"damage":53,"enemies":"Gensokyo:Mamizou","floor":7,"turns":13},{"damage":4,"enemies":"Gensokyo:2_Kodama","floor":8,"turns":4},{"damage":0,"enemies":"Gensokyo:LivingMonolith","floor":10,"turns":3},{"damage":0,"enemies":"Gensokyo:3_Kodama","floor":13,"turns":1},{"damage":0,"enemies":"Gensokyo:Cirno","floor":14,"turns":4},{"damage":49,"enemies":"Gensokyo:Reimu","floor":16,"turns":5}],"seed_played":"-52721905186890035","potions_obtained":[{"floor":7,"key":"Energy Potion"},{"floor":8,"key":"Adrenaline Potion"},{"floor":14,"key":"LiquidBronze"}],"is_trial":false,"path_per_floor":["M","COS","?","?","M","R","E","M","T","M","$","R","M","E","R","B"],"character_chosen":"DOCTOR_CLASS","items_purchased":["ats:Demon Strength","Dota2Spire:Mjollnir"],"campfire_rested":1,"item_purchase_floors":[11,11],"current_hp_per_floor":[77,77,77,77,74,74,21,17,17,17,17,40,40,40,40,0,0],"gold":100,"neow_bonus":"TEN_PERCENT_HP_BONUS","is_daily":false,"chose_seed":false,"campfire_upgraded":2,"win_rate":0.0,"timestamp":1609492499,"path_taken":["M","COS","?","?","M","R","E","M","T","?","$","R","M","E","R","BOSS"],"items_purchased_type":["Card","Relic"],"build_version":"2020-12-22","purchased_purges":1,"victory":false,"max_hp_per_floor":[79,79,79,79,79,79,79,79,79,79,79,79,79,79,79,79,79],"card_choices":[{"not_picked":["ats:Revitalization","ats:Apocalypse"],"picked":"ats:Explosion Area Strengthen","floor":1},{"not_picked":["ats:Red Shift","ats:Assault Order"],"picked":"ats:Rapid Magazine","floor":5},{"not_picked":["ats:Consecutive Shot Auto","ats:Automatic Cover"],"picked":"ats:Poison Spread","floor":7},{"not_picked":["ats:Powerful Strike","ats:Poison Spread"],"picked":"ats:Overload","floor":8},{"not_picked":["ats:Shell Defense","ats:Explosion Area Strengthen"],"picked":"ats:Poison Spread","floor":10},{"not_picked":["ats:Closed Bolt Burst Fire","ats:Part Time Job"],"picked":"ats:Composite Medical Shells","floor":13},{"not_picked":["ats:Magnetic Hammer","ats:Shell Defense"],"picked":"ats:Cat Scratch","floor":14}],"player_experience":308940,"relics_obtained":[{"floor":7,"key":"ats:Originium"},{"floor":7,"key":"Mirror"},{"floor":9,"key":"ReplayTheSpireMod:Ninjato"},{"floor":14,"key":"ats:Originium"},{"floor":14,"key":"Meat on the Bone"}],"event_choices":[],"is_beta":false,"boss_relics":[],"items_purged_floors":[11],"is_endless":false,"potions_floor_spawned":[7,8,14],"killed_by":"Gensokyo:Reimu","ascension_level":2}}