{"host":"7z9izfsmsy4azoxx","time":1609511674,"event":{"mods":["AchievementEnabler","BaseMod","Colored Map","Custom Start","Hermit","Minty Spire (QoL Compilation)","StSLib","SuperFastMode"],"gold_per_floor":[10000110,9999449,9999449,9999449,9999449,9999483,9999507,9999536,9999602,9999614,9999626,9999638,9999650,9999683,9999695,9999707,9999707],"floor_reached":16,"playtime":296,"items_purged":["Strike_G"],"score":271,"play_id":"5131af8a-80fd-40a4-8905-f273018631bb","local_time":"20210101233434","is_ascension_mode":true,"campfire_choices":[{"floor":12,"key":"REST"},{"data":"Noxious Fumes","floor":15,"key":"SMITH"}],"circlet_count":0,"master_deck":["AscendersBane","Strike_G","Strike_G+1","Defend_G","Defend_G","Defend_G","Defend_G","Defend_G","Survivor","Neutralize","Die Die Die+1","PiercingWail+1","Backstab","Acrobatics","Concentrate","Terror","Dagger Spray","Noxious Fumes+1"],"relics":["Ring of the Snake","Boot","Regal Pillow","MawBank","Bag of Preparation","Oddly Smooth Stone","CeramicFish"],"acts_visited":["Exordium"],"potions_floor_usage":[6,16,16,16],"damage_taken":[{"damage":6,"enemies":"2 Louse","floor":1,"turns":2},{"damage":57,"enemies":"Lagavulin","floor":6,"turns":9},{"damage":6,"enemies":"Jaw Worm","floor":7,"turns":4},{"damage":0,"enemies":"Small Slimes","floor":8,"turns":1},{"damage":0,"enemies":"Gremlin Gang","floor":14,"turns":1},{"damage":61,"enemies":"Slime Boss","floor":16,"turns":9}],"seed_played":"6372809553817615597","potions_obtained":[{"floor":6,"key":"CunningPotion"},{"floor":7,"key":"EntropicBrew"}],"is_trial":false,"path_per_floor":["M","$","?","?","?","E","M","M","T","?","?","R","?","M","R","B"],"character_chosen":"THE_SILENT","items_purchased":["Boot","Regal Pillow","Backstab","Acrobatics","BlessingOfTheForge","Poison Potion"],"campfire_rested":1,"item_purchase_floors":[2,2,2,2,2,2],"current_hp_per_floor":[53,53,53,33,33,24,18,18,18,18,7,41,34,34,34,0,0],"gold":9999707,"neow_bonus":"ONE_RANDOM_RARE_CARD","is_daily":false,"chose_seed":false,"campfire_upgraded":1,"win_rate":0.0,"timestamp":1609511674,"path_taken":["M","$","?","?","?","E","?","M","T","?","?","R","?","M","R","BOSS"],"items_purchased_type":["Relic","Relic","Card","Card","Potion","Potion"],"build_version":"2020-12-22","purchased_purges":1,"victory":false,"max_hp_per_floor":[66,66,66,66,66,66,66,66,66,66,66,66,66,66,66,66,66],"card_choices":[{"not_picked":["Prepared","Bane"],"picked":"PiercingWail","floor":1},{"not_picked":["Doppelganger","Finisher","Accuracy"],"picked":"SKIP","floor":6},{"not_picked":["Sucker Punch","Blur"],"picked":"Terror","floor":7},{"not_picked":["Acrobatics","Sucker Punch"],"picked":"Dagger Spray","floor":8},{"not_picked":["Backstab","Skewer"],"picked":"Noxious Fumes","floor":14}],"player_experience":512771,"relics_obtained":[{"floor":6,"key":"MawBank"},{"floor":9,"key":"Bag of Preparation"}],"event_choices":[{"damage_healed":0,"gold_gain":0,"player_choice":"Grow","damage_taken":0,"max_hp_gain":0,"max_hp_loss":0,"event_name":"Living Wall","floor":3,"gold_loss":0,"cards_upgraded":["Die Die Die"]},{"damage_healed":0,"gold_gain":0,"player_choice":"Entered Light","damage_taken":20,"max_hp_gain":0,"max_hp_loss":0,"event_name":"Shining Light","floor":4,"gold_loss":0,"cards_upgraded":["PiercingWail","Strike_G"]},{"damage_healed":0,"gold_gain":0,"cards_transformed":["Strike_G"],"player_choice":"Transformed","damage_taken":0,"max_hp_gain":0,"max_hp_loss":0,"event_name":"Transmorgrifier","floor":5,"gold_loss":0,"cards_obtained":["Concentrate"]},{"damage_healed":0,"gold_gain":0,"player_choice":"Searched \u00272\u0027 times","damage_taken":0,"relics_obtained":["Oddly Smooth Stone"],"max_hp_gain":0,"max_hp_loss":0,"event_name":"Dead Adventurer","floor":10,"gold_loss":0},{"damage_healed":0,"gold_gain":0,"player_choice":"Success","damage_taken":11,"relics_obtained":["CeramicFish"],"max_hp_gain":0,"max_hp_loss":0,"event_name":"Scrap Ooze","floor":11,"gold_loss":0},{"cards_removed":["Strike_G"],"damage_healed":0,"gold_gain":0,"player_choice":"Card Removal","damage_taken":7,"max_hp_gain":0,"max_hp_loss":0,"event_name":"Golden Wing","floor":13,"gold_loss":0}],"is_beta":false,"boss_relics":[],"items_purged_floors":[2],"is_endless":false,"potions_floor_spawned":[6,7,8],"killed_by":"Slime Boss","ascension_level":20}}