{"host":"Sumable","time":1609470899,"event":{"mods":["AchievementEnabler","BaseMod","Better Note","BetterRewards","Googly Eyes","Hermit","Minty Spire (QoL Compilation)","Quick Restart","Shop Mod","StSLib","The Cursed","everything is the same but u backflip on backflip","slay the spire mod where everything is the same but ironclad has a cowboy hat"],"gold_per_floor":[216,14,14,34,46,46,46],"floor_reached":6,"playtime":304,"items_purged":[],"score":59,"play_id":"1064f54b-b83f-40bc-9a22-d26d71d9c715","local_time":"20201231201459","is_ascension_mode":true,"campfire_choices":[],"circlet_count":0,"master_deck":["AscendersBane","Strike_R","Strike_R","Strike_R","Strike_R","Strike_R","Defend_R","Defend_R","Defend_R","Defend_R","Bloodletting","Sentinel","Flame Barrier","Shrug It Off"],"relics":["Burning Blood","Juzu Bracelet"],"acts_visited":["Exordium"],"potions_floor_usage":[4],"damage_taken":[{"damage":20,"enemies":"Small Slimes","floor":1,"turns":3},{"damage":4,"enemies":"Cultist","floor":4,"turns":4},{"damage":3,"enemies":"2 Louse","floor":5,"turns":4},{"damage":106,"enemies":"Gremlin Nob","floor":6,"turns":6}],"seed_played":"-4271359176755711426","potions_obtained":[{"floor":1,"key":"FairyPotion"},{"floor":5,"key":"LiquidMemories"}],"is_trial":false,"path_per_floor":["M","$","?","M","M","E"],"character_chosen":"IRONCLAD","items_purchased":["Juzu Bracelet","SteroidPotion"],"campfire_rested":0,"item_purchase_floors":[2,2],"current_hp_per_floor":[58,58,58,60,63,0,0],"gold":46,"neow_bonus":"HUNDRED_GOLD","is_daily":false,"chose_seed":false,"campfire_upgraded":0,"win_rate":0.0,"timestamp":1609470899,"path_taken":["M","$","?","M","M","E"],"items_purchased_type":["Relic","Potion"],"build_version":"2020-12-18","purchased_purges":0,"victory":false,"max_hp_per_floor":[80,80,80,80,80,80,80],"card_choices":[{"not_picked":["Second Wind","Body Slam"],"picked":"Bloodletting","floor":1},{"not_picked":["Fire Breathing","Metallicize"],"picked":"Flame Barrier","floor":4},{"not_picked":["Warcry","Clash"],"picked":"Shrug It Off","floor":5}],"player_experience":1020135,"relics_obtained":[],"event_choices":[{"damage_healed":0,"gold_gain":0,"cards_transformed":["Bash"],"player_choice":"Transformed","damage_taken":0,"max_hp_gain":0,"max_hp_loss":0,"event_name":"Transmorgrifier","floor":3,"gold_loss":0,"cards_obtained":["Sentinel"]}],"is_beta":true,"boss_relics":[],"items_purged_floors":[],"is_endless":false,"potions_floor_spawned":[1,5],"killed_by":"Gremlin Nob","ascension_level":13}}