{"host":"Kyle","time":1609535760,"event":{"mods":["A Magickal Journey","BaseMod","BetterRewards","Clockwork Mod","Custom Start","Downfall","Duelist Mod","GifTheSpireLib","KinomotoSakuraMod(????)","Marisa????????","Minty Spire (QoL Compilation)","Pikachu Mod","Replay The Spire","Shop Mod","StSLib","The Animator","The Disciple","The Gatherer","The Senshi","The Wild Card","TheBandit","Yuri Mod"],"gold_per_floor":[111,111,186,199,228,263,263,280,280,297,327,344,309,320,320,425,425,442,462,474,264,264,264,295,308,308,308,308],"floor_reached":27,"playtime":2252,"items_purged":[],"score":242,"play_id":"3306b42b-50b2-4b20-b891-08ef6db33027","local_time":"20210101211600","is_ascension_mode":false,"campfire_choices":[{"floor":7,"key":"REST"},{"data":"theSenshi:SailorUranusAssists","floor":15,"key":"SMITH"},{"data":"theSenshi:RainbowMoonHeartAche","floor":23,"key":"SMITH"}],"circlet_count":0,"master_deck":["theSenshi:SailorBlock","theSenshi:SailorBlock","theSenshi:SailorBlock","theSenshi:SailorBlock+1","theSenshi:RoseThrow","theSenshi:MoonPrismPowerMakeUp","theSenshi:VenusGlamour","theSenshi:MoonsReflection","theSenshi:MoonPunch","theSenshi:EncouragingSpeech","theSenshi:VenusGlamour","theSenshi:SailorMarsAssists","theSenshi:MoonCosmicPowerMakeUp","theSenshi:SailorUranusAssists+1","theSenshi:SailorStarHealerAssists","theSenshi:UranusStrength","theSenshi:RainbowMoonHeartAche+1","theSenshi:UranusStrength","theSenshi:MoonPrismPowerMakeUp","theSenshi:LunasBite","Bite","Bite","Bite","Bite","Bite","theSenshi:LunasBite"],"relics":["theSenshi:TransformationBroochRelic","Lizard Tail","White Beast Statue","Vajra","Odd Mushroom","DollysMirror"],"acts_visited":["Exordium","TheCity"],"potions_floor_usage":[6,6,11,16,18,24,24,25,27],"damage_taken":[{"damage":0,"enemies":"2 Louse","floor":1,"turns":4},{"damage":0,"enemies":"Jaw Worm","floor":4,"turns":3},{"damage":20,"enemies":"Lagavulin","floor":6,"turns":9},{"damage":0,"enemies":"Small Slimes","floor":8,"turns":3},{"damage":5,"enemies":"Blue Slaver","floor":10,"turns":4},{"damage":0,"enemies":"The Mushroom Lair","floor":11,"turns":3},{"damage":0,"enemies":"Large Slime","floor":12,"turns":4},{"damage":3,"enemies":"Exordium Wildlife","floor":14,"turns":3},{"damage":85,"enemies":"The Guardian","floor":16,"turns":18},{"damage":4,"enemies":"2 Thieves","floor":18,"turns":2},{"damage":12,"enemies":"Chosen","floor":19,"turns":6},{"damage":25,"enemies":"Snake Plant","floor":20,"turns":5},{"damage":28,"enemies":"Shelled Parasite and Fungi","floor":24,"turns":6},{"damage":43,"enemies":"Centurion and Healer","floor":25,"turns":8},{"damage":21,"enemies":"Snake Plant","floor":27,"turns":1}],"seed_played":"6992109194509430652","potions_obtained":[{"floor":1,"key":"Energy Potion"},{"floor":4,"key":"Energy Potion"},{"floor":8,"key":"PowerPotion"},{"floor":10,"key":"SpeedPotion"},{"floor":11,"key":"sneckomod:MuddlingPotion"},{"floor":12,"key":"FearPotion"},{"floor":14,"key":"PowerPotion"},{"floor":16,"key":"ColorlessPotion"},{"floor":18,"key":"FairyPotion"},{"floor":19,"key":"Fire Potion"},{"floor":20,"key":"ColorlessPotion"},{"floor":24,"key":"Fire Potion"},{"floor":25,"key":"DuplicationPotion"}],"is_trial":false,"path_per_floor":["M","?","?","M","?","E","R","M","T","M","?","M","?","M","R","B",null,"M","M","M","$","?","R","M","M","T","M"],"character_chosen":"THE_SENSHI","items_purchased":["DollysMirror","theSenshi:LunasBite"],"campfire_rested":1,"item_purchase_floors":[21,21],"current_hp_per_floor":[75,75,64,64,46,26,48,48,48,43,43,43,61,58,58,10,75,71,63,43,43,43,43,30,17,17,0,0],"gold":308,"neow_bonus":"","is_daily":false,"chose_seed":false,"campfire_upgraded":2,"win_rate":0.0,"timestamp":1609535760,"path_taken":["M","?","?","?","?","E","R","M","T","M","?","M","?","M","R","BOSS","M","M","M","$","?","R","M","M","T","M"],"items_purchased_type":["Relic","Card"],"build_version":"2020-12-18","purchased_purges":0,"victory":false,"max_hp_per_floor":[75,75,75,75,75,75,75,75,75,75,75,75,75,75,75,75,75,75,75,75,75,52,52,52,52,52,52,52],"card_choices":[{"not_picked":["theSenshi:LunaWiseMentor","theSenshi:SchoolBag"],"picked":"theSenshi:VenusGlamour","floor":1},{"not_picked":["theSenshi:EncouragingSpeech","theSenshi:NeptunesGrace"],"picked":"theSenshi:MoonsReflection","floor":4},{"not_picked":["theSenshi:MoonKick","theSenshi:GatheringStrength"],"picked":"theSenshi:MoonPunch","floor":5},{"not_picked":["theSenshi:NeptunesGrace","theSenshi:MoonGorgeousMeditation"],"picked":"theSenshi:EncouragingSpeech","floor":6},{"not_picked":["theSenshi:MoonSpiralHeartAttack","theSenshi:MoonPrincessHalation"],"picked":"theSenshi:VenusGlamour","floor":8},{"not_picked":["theSenshi:TuxedoMaskAssists","theSenshi:MoonsReflection"],"picked":"theSenshi:SailorMarsAssists","floor":10},{"not_picked":["theSenshi:MoonPrincessHalation","theSenshi:MoonsReflection"],"picked":"theSenshi:MoonCosmicPowerMakeUp","floor":11},{"not_picked":["theSenshi:SchoolBag","theSenshi:MoonsReflection","theSenshi:MoonPunch"],"picked":"SKIP","floor":12},{"not_picked":["theSenshi:Sidestep","theSenshi:EncouragingSpeech"],"picked":"theSenshi:SailorUranusAssists","floor":14},{"not_picked":["theSenshi:SailorPlutoAssists","theSenshi:ChibiMoonsLove"],"picked":"theSenshi:SailorStarHealerAssists","floor":16},{"not_picked":["theSenshi:MoonKick","theSenshi:LunaWiseMentor+1"],"picked":"theSenshi:UranusStrength","floor":18},{"not_picked":["theSenshi:InTheNickOfTime","theSenshi:MoonCosmicPowerMakeUp+1"],"picked":"theSenshi:RainbowMoonHeartAche","floor":19},{"not_picked":["theSenshi:Sidestep+1","theSenshi:EncouragingSpeech"],"picked":"theSenshi:UranusStrength","floor":20},{"not_picked":["theSenshi:PlutosSolemnity","theSenshi:SailorPlanetPower"],"picked":"theSenshi:LunasBite","floor":24},{"not_picked":["theSenshi:MoonTiaraMagic","theSenshi:Sidestep","theSenshi:EncouragingSpeech"],"picked":"SKIP","floor":25}],"player_experience":519268,"relics_obtained":[{"floor":5,"key":"Lizard Tail"},{"floor":6,"key":"White Beast Statue"},{"floor":9,"key":"Vajra"},{"floor":11,"key":"Odd Mushroom"}],"event_choices":[{"damage_healed":0,"gold_gain":75,"player_choice":"Gather Gold","damage_taken":11,"max_hp_gain":0,"max_hp_loss":0,"event_name":"World of Goop","floor":3,"gold_loss":0},{"damage_healed":0,"gold_gain":0,"player_choice":"Fought Mushrooms","damage_taken":0,"max_hp_gain":0,"max_hp_loss":0,"event_name":"Mushrooms","floor":11,"gold_loss":0},{"damage_healed":18,"gold_gain":0,"player_choice":"Healed","damage_taken":0,"max_hp_gain":0,"max_hp_loss":0,"event_name":"The Cleric","floor":13,"gold_loss":35},{"damage_healed":0,"gold_gain":0,"player_choice":"Became a vampire","damage_taken":0,"max_hp_gain":0,"max_hp_loss":23,"event_name":"Vampires","floor":22,"gold_loss":0,"cards_obtained":["Bite","Bite","Bite","Bite","Bite"]}],"is_beta":true,"boss_relics":[{"not_picked":["Runic Dome","Velvet Choker","Cursed Key"]}],"items_purged_floors":[],"is_endless":false,"potions_floor_spawned":[1,4,8,10,11,12,14,16,18,19,20,24,25],"killed_by":"Snake Plant","ascension_level":0}}