{"host":"uflv0e3ja7hvnij7","time":1609467968,"event":{"mods":["BaseMod","Better Altar","Better Match","Better Note","Better Sensory Stone","Better Skull","Better Third Choice","Hubris","Infinite Spire","Minty Spire (QoL Compilation)","Permanent Neow","StSLib"],"gold_per_floor":[112,112,112,131,56,89,99,111,111,111,111,140,151,179,179,179,179],"floor_reached":16,"playtime":829,"items_purged":["Defend_R"],"score":156,"play_id":"39e370d0-a60a-4e28-b339-6ec355d96728","local_time":"20201231212608","is_ascension_mode":true,"campfire_choices":[{"floor":15,"key":"REST"}],"circlet_count":0,"master_deck":["Strike_R","Strike_R","Strike_R","Strike_R","Defend_R","Defend_R","Defend_R","Bash","Ghostly Armor","Apotheosis+1","Ghostly Armor","Headbutt","Twin Strike"],"relics":["Burning Blood","Oddly Smooth Stone","hubris:TinFlute","Blood Vial","Smiling Mask"],"acts_visited":["Exordium"],"potions_floor_usage":[12],"damage_taken":[{"damage":3,"enemies":"Jaw Worm","floor":1,"turns":4},{"damage":8,"enemies":"Small Slimes","floor":4,"turns":4},{"damage":19,"enemies":"3 Sentries","floor":6,"turns":10},{"damage":0,"enemies":"Cultist","floor":7,"turns":4},{"damage":0,"enemies":"Blue Slaver","floor":8,"turns":4},{"damage":24,"enemies":"Gremlin Nob","floor":12,"turns":4},{"damage":4,"enemies":"Exordium Wildlife","floor":13,"turns":5},{"damage":26,"enemies":"Lagavulin","floor":14,"turns":5},{"damage":60,"enemies":"The Guardian","floor":16,"turns":10}],"seed_played":"8669531702145863385","potions_obtained":[{"floor":1,"key":"Ancient Potion"},{"floor":7,"key":"FearPotion"},{"floor":12,"key":"Fire Potion"},{"floor":13,"key":"BlessingOfTheForge"},{"floor":14,"key":"ElixirPotion"}],"is_trial":false,"path_per_floor":["M","?","?","M","$","E","M","M","T","$","?","E","M","E","R","B"],"character_chosen":"IRONCLAD","items_purchased":[],"campfire_rested":1,"item_purchase_floors":[],"current_hp_per_floor":[75,68,68,66,66,53,59,65,65,65,65,47,51,33,57,0,0],"gold":179,"neow_bonus":"THREE_CARDS","is_daily":false,"chose_seed":false,"campfire_upgraded":0,"win_rate":0.0,"timestamp":1609467968,"path_taken":["M","?","?","M","?","E","M","?","T","$","?","E","M","E","R","BOSS"],"items_purchased_type":[],"build_version":"2020-12-22","purchased_purges":1,"victory":false,"max_hp_per_floor":[80,80,80,80,80,80,80,80,80,80,80,80,80,80,80,80,80],"card_choices":[{"not_picked":["Metallicize","hubris:ReadiedAction"],"picked":"Ghostly Armor","floor":0},{"not_picked":["Perfected Strike","Cleave","Iron Wave"],"picked":"SKIP","floor":1},{"not_picked":["Warcry","Body Slam","Evolve"],"picked":"SKIP","floor":4},{"not_picked":["Rage","Sentinel"],"picked":"Ghostly Armor","floor":6},{"not_picked":["Rage","Pummel"],"picked":"Headbutt","floor":7},{"not_picked":["Pommel Strike","Limit Break","Thunderclap"],"picked":"SKIP","floor":8},{"not_picked":["Thunderclap","hubris:ReadiedAction","Heavy Blade"],"picked":"SKIP","floor":12},{"not_picked":["Power Through","True Grit"],"picked":"Twin Strike","floor":13},{"not_picked":["Hemokinesis","Dual Wield","Uppercut"],"picked":"SKIP","floor":14}],"player_experience":448579,"relics_obtained":[{"floor":6,"key":"Oddly Smooth Stone"},{"floor":9,"key":"hubris:TinFlute"},{"floor":12,"key":"Blood Vial"},{"floor":14,"key":"Smiling Mask"}],"event_choices":[{"cards_removed":["Strike_R"],"damage_healed":0,"gold_gain":0,"player_choice":"Card Removal","damage_taken":7,"max_hp_gain":0,"max_hp_loss":0,"event_name":"Golden Wing","floor":2,"gold_loss":0},{"damage_healed":68,"gold_gain":0,"player_choice":"Embrace","damage_taken":0,"max_hp_gain":0,"max_hp_loss":80,"event_name":"betterThird:BetterShining","floor":3,"gold_loss":0},{"damage_healed":0,"gold_gain":0,"player_choice":"Ignored","damage_taken":111,"max_hp_gain":0,"max_hp_loss":0,"event_name":"betterThird:BetterSerpent","floor":11,"gold_loss":0}],"is_beta":false,"boss_relics":[],"items_purged_floors":[5],"is_endless":false,"potions_floor_spawned":[1,7,12,13,14],"killed_by":"The Guardian","ascension_level":6}}