{"host":"82vjcvwyw2j7afb1","time":1609513677,"event":{"mods":["BaseMod","Colored Map","DeckTracker","Keyboard Shortcuts","Minty Spire (QoL Compilation)","Permanent Neow","Quick Restart","StSLib","SuperFastMode","everything is the same but u backflip on backflip"],"gold_per_floor":[113,63,238,317,317,337,337,363,363,375,375,80,91,51,51,155,155,175,175,100,112,112,112,143,143,169,183,214,67,67,67,67,168,168,183,193,193,206,106,106,135,135,135,154,1,1,32,50,50,50,50],"floor_reached":50,"playtime":1866,"items_purged":["Compile Driver","Redo"],"score":609,"play_id":"aa868e7b-88b0-48be-841a-742321b3bab6","local_time":"20210102000757","is_ascension_mode":false,"campfire_choices":[{"data":"Dualcast","floor":7.0,"key":"SMITH"},{"data":"Coolheaded","floor":11.0,"key":"SMITH"},{"data":"Tempest","floor":15.0,"key":"SMITH"},{"data":"Thunder Strike","floor":23.0,"key":"SMITH"},{"data":"Defragment","floor":25.0,"key":"SMITH"},{"floor":32.0,"key":"REST"},{"floor":40.0,"key":"REST"},{"floor":49.0,"key":"REST"}],"circlet_count":0,"master_deck":["Strike_B","Strike_B","Strike_B","Defend_B","Defend_B","Defend_B","Defend_B","Zap","Dualcast+1","Cold Snap","Melter","Coolheaded+1","Compile Driver","Tempest+1","Thunder Strike+1","Hologram","Defragment+1","Beam Cell+1","Thunder Strike+1","Barrage+1","Redo+1","Multi-Cast"],"relics":["Cracked Core","NeowsBlessing","Bottled Flame","Ornamental Fan","Eternal Feather","Chemical X","Inserter","Singing Bowl","Regal Pillow","Juzu Bracelet","Letter Opener","Frozen Eye","Strawberry","Fusion Hammer","Mango","Dead Branch","Lee\u0027s Waffle","Centennial Puzzle"],"acts_visited":["Exordium","TheCity","TheBeyond"],"potions_floor_usage":[50,50],"damage_taken":[{"damage":0.0,"enemies":"Small Slimes","floor":1.0,"turns":1.0},{"damage":0.0,"enemies":"Jaw Worm","floor":6.0,"turns":1.0},{"damage":0.0,"enemies":"Lagavulin","floor":8.0,"turns":1.0},{"damage":0.0,"enemies":"2 Louse","floor":10.0,"turns":2.0},{"damage":18.0,"enemies":"Exordium Thugs","floor":13.0,"turns":4.0},{"damage":36.0,"enemies":"Hexaghost","floor":16.0,"turns":11.0},{"damage":0.0,"enemies":"Spheric Guardian","floor":18.0,"turns":3.0},{"damage":8.0,"enemies":"Chosen","floor":21.0,"turns":3.0},{"damage":27.0,"enemies":"Slavers","floor":24.0,"turns":2.0},{"damage":0.0,"enemies":"Snecko","floor":27.0,"turns":2.0},{"damage":44.0,"enemies":"Gremlin Leader","floor":28.0,"turns":5.0},{"damage":55.0,"enemies":"Automaton","floor":33.0,"turns":7.0},{"damage":14.0,"enemies":"Orb Walker","floor":35.0,"turns":3.0},{"damage":48.0,"enemies":"3 Shapes","floor":36.0,"turns":3.0},{"damage":3.0,"enemies":"Sphere and 2 Shapes","floor":38.0,"turns":2.0},{"damage":55.0,"enemies":"Nemesis","floor":41.0,"turns":5.0},{"damage":10.0,"enemies":"4 Shapes","floor":44.0,"turns":4.0},{"damage":80.0,"enemies":"Reptomancer","floor":47.0,"turns":5.0},{"damage":14.0,"enemies":"3 Darklings","floor":48.0,"turns":3.0},{"damage":88,"enemies":"Donu and Deca","floor":50,"turns":6}],"seed_played":"-969207014629522037","potions_obtained":[{"floor":8.0,"key":"Weak Potion"},{"floor":13.0,"key":"BlessingOfTheForge"},{"floor":16.0,"key":"GamblersBrew"},{"floor":21.0,"key":"DuplicationPotion"},{"floor":24.0,"key":"Fire Potion"},{"floor":28.0,"key":"SneckoOil"},{"floor":36.0,"key":"Fire Potion"},{"floor":47.0,"key":"LiquidBronze"},{"floor":48.0,"key":"DistilledChaos"}],"is_trial":false,"path_per_floor":["M","?","?","T","?","M","R","E","T","M","R","$","M","$","R","B",null,"M","?","?","M","?","R","E","R","T","M","E","$","?","?","R","B",null,"M","M","?","M","$","R","E","?","T","M","$","$","E","M","R","B"],"character_chosen":"DEFECT","items_purchased":["Chemical X","Compile Driver","Redo","Tempest","Frozen Eye","Lee\u0027s Waffle"],"campfire_rested":3,"item_purchase_floors":[12,12,12,14,29,45],"current_hp_per_floor":[75,75,75,75,75,75,75,75,75,75,75,75,57,57,66,30,75,75,75,75,67,67,75,48,60,60,62,20,20,27,27,79,24,86,74,26,26,25,25,79,38,38,38,30,113,113,33,21,82,0,0],"gold":50,"neow_bonus":"THREE_ENEMY_KILL","is_daily":false,"chose_seed":false,"campfire_upgraded":5,"win_rate":0.0,"timestamp":1609513677,"path_taken":["M","?","?","?","?","?","R","E","T","M","R","$","M","$","R","BOSS","M","?","?","?","?","R","E","R","T","M","E","$","?","?","R","BOSS","M","M","?","M","$","R","E","?","T","M","?","$","E","M","R","BOSS"],"items_purchased_type":["Relic","Card","Card","Card","Relic","Relic"],"build_version":"2020-12-22","purchased_purges":2,"victory":false,"max_hp_per_floor":[75,75,75,75,75,75,75,75,75,75,75,75,75,75,75,75,75,75,75,75,75,75,75,75,75,75,77,79,79,86,86,86,86,86,88,88,88,90,90,90,104,104,104,106,113,113,113,115,115,115,115],"card_choices":[{"not_picked":["Stack","Skim","Cold Snap"],"picked":"SKIP","floor":1.0},{"not_picked":["Stack","Skim"],"picked":"Cold Snap","floor":1.0},{"not_picked":["Compile Driver","Scrape"],"picked":"Melter","floor":6.0},{"not_picked":["Steam","Go for the Eyes"],"picked":"Compile Driver","floor":8.0},{"not_picked":["Redo","Multi-Cast"],"picked":"Coolheaded","floor":10.0},{"not_picked":["Gash","Cold Snap","BootSequence"],"picked":"SKIP","floor":13.0},{"not_picked":["Fission","Seek"],"picked":"Thunder Strike","floor":16.0},{"not_picked":["Loop","Reinforced Body"],"picked":"Barrage","floor":18.0},{"not_picked":["Skim","Lockon"],"picked":"Hologram","floor":21.0},{"not_picked":["Doom and Gloom","Amplify"],"picked":"Beam Cell+1","floor":24.0},{"not_picked":["Cold Snap+1","Redo","Hello World"],"picked":"Singing Bowl","floor":27.0},{"not_picked":["Steam","Reinforced Body+1","Chaos+1"],"picked":"Singing Bowl","floor":28.0},{"not_picked":["Rainbow","Creative AI"],"picked":"Thunder Strike","floor":33.0},{"not_picked":["Barrage+1","Compile Driver","Cold Snap"],"picked":"Singing Bowl","floor":35.0},{"not_picked":["Rip and Tear+1","Sweeping Beam+1"],"picked":"Barrage+1","floor":36.0},{"not_picked":["Conserve Battery+1","Redo","Reinforced Body"],"picked":"Singing Bowl","floor":38.0},{"not_picked":["Heatsinks","Melter"],"picked":"Redo+1","floor":41.0},{"not_picked":["Cold Snap","Darkness","Capacitor"],"picked":"Singing Bowl","floor":44.0},{"not_picked":["White Noise+1","Darkness+1"],"picked":"Multi-Cast","floor":47.0},{"not_picked":["Stack+1","Barrage","Leap+1"],"picked":"Singing Bowl","floor":48.0}],"player_experience":42129,"relics_obtained":[{"floor":4.0,"key":"Bottled Flame"},{"floor":8.0,"key":"Ornamental Fan"},{"floor":9.0,"key":"Eternal Feather"},{"floor":24.0,"key":"Regal Pillow"},{"floor":26.0,"key":"Juzu Bracelet"},{"floor":28.0,"key":"Letter Opener"},{"floor":30.0,"key":"Strawberry"},{"floor":41.0,"key":"Mango"},{"floor":43.0,"key":"Dead Branch"},{"floor":47.0,"key":"Centennial Puzzle"}],"event_choices":[{"cards_removed":["Strike_B"],"damage_healed":0.0,"max_hp_gain":0.0,"max_hp_loss":0.0,"gold_gain":0.0,"event_name":"The Cleric","player_choice":"Card Removal","floor":2.0,"gold_loss":50.0,"damage_taken":0.0},{"damage_healed":0.0,"max_hp_gain":0.0,"max_hp_loss":0.0,"gold_gain":175.0,"event_name":"Liars Game","player_choice":"AGREE","floor":3.0,"gold_loss":0.0,"damage_taken":0.0,"cards_obtained":["Doubt"]},{"damage_healed":0.0,"max_hp_gain":0.0,"max_hp_loss":0.0,"gold_gain":0.0,"event_name":"WeMeetAgain","player_choice":"Ignored","floor":5.0,"gold_loss":0.0,"damage_taken":0.0},{"damage_healed":0.0,"max_hp_gain":0.0,"max_hp_loss":0.0,"gold_gain":0.0,"event_name":"The Mausoleum","player_choice":"Opened","floor":19.0,"gold_loss":0.0,"damage_taken":0.0,"relics_obtained":["Singing Bowl"]},{"cards_removed":["Doubt"],"damage_healed":0.0,"max_hp_gain":0.0,"max_hp_loss":0.0,"gold_gain":0.0,"event_name":"Beggar","player_choice":"Gave Gold","floor":20.0,"gold_loss":75.0,"damage_taken":0.0},{"damage_healed":0.0,"max_hp_gain":0.0,"max_hp_loss":0.0,"gold_gain":0.0,"event_name":"The Library","player_choice":"Read","floor":22.0,"gold_loss":0.0,"damage_taken":0.0,"cards_obtained":["Defragment"]},{"damage_healed":0.0,"max_hp_gain":0.0,"max_hp_loss":0.0,"gold_gain":0.0,"event_name":"Wheel of Change","player_choice":"Relic","floor":30.0,"gold_loss":0.0,"damage_taken":0.0},{"damage_healed":0.0,"max_hp_gain":0.0,"max_hp_loss":0.0,"gold_gain":0.0,"event_name":"Upgrade Shrine","player_choice":"Upgraded","floor":37.0,"gold_loss":0.0,"damage_taken":0.0,"cards_upgraded":["Thunder Strike"]},{"cards_removed":["Barrage"],"damage_healed":0.0,"max_hp_gain":0.0,"max_hp_loss":0.0,"gold_gain":0.0,"event_name":"Purifier","player_choice":"Purged","floor":42.0,"gold_loss":0.0,"damage_taken":0.0}],"is_beta":false,"boss_relics":[{"not_picked":["Black Star","Cursed Key"],"picked":"Inserter"},{"not_picked":["SacredBark","Astrolabe"],"picked":"Fusion Hammer"}],"items_purged_floors":[12,39],"is_endless":false,"potions_floor_spawned":[8,13,16,21,24,28,36,47,48],"killed_by":"Donu and Deca","ascension_level":0}}