{"host":"i0avyit1s6jb1siw","time":1609489112,"event":{"mods":["BaseMod","DeckTracker","Dota2Spire","Highlight Path","Minty Spire (QoL Compilation)","Quick Restart","Replay The Spire","StSLib","SuperFastMode"],"gold_per_floor":[109,109,123,123,48,48,82,82,133,161,177,196,231,131,131,205,205,220,220,52,70,83,108,108,143,169,197,33,59,59,71,71,148,148,162,182,93,112,112,112,145,145,172,206,206,37,72,72,72,72,72,72,72,72,106,106,106],"floor_reached":56,"playtime":1213,"items_purged":["Strike_P","Defend_P"],"score":2104,"play_id":"cb3ddcb3-d5ce-4a80-ac1c-c656ee315da1","local_time":"20210101091832","is_ascension_mode":true,"campfire_choices":[{"data":"Eruption","floor":6.0,"key":"SMITH"},{"floor":8.0,"key":"RECALL"},{"data":"Strike_P","floor":15.0,"key":"PURGE"},{"data":"EmptyFist","floor":24.0,"key":"SMITH"},{"data":"Defend_P","floor":40.0,"key":"SMITH"},{"data":"Finesse","floor":42.0,"key":"SMITH"},{"data":"Strike_P","floor":45.0,"key":"SMITH"},{"data":"Strike_P","floor":49,"key":"SMITH"},{"data":"Strike_P","floor":53,"key":"SMITH"}],"circlet_count":0,"master_deck":["AscendersBane","Strike_P","Strike_P+3","Defend_P","Eruption+1","Vigilance+1","Ragnarok+1","Wallop+1","CrushJoints+1","EmptyFist+1","Protect+1","Vault+1","Finesse+1","Replay:BasicMightCard+1","Adaptation","Creative AI","Echo Form"],"relics":["PureWater","Whetstone","Dota2Spire:UrnOfShadows","Vajra","Gremlin Horn","Coffee Dripper","PrismaticShard","Pen Nib","Juzu Bracelet","Regal Pillow","Dota2Spire:EchoSabre","Bottled Lightning","Snecko Eye","Orichalcum","Simple Rune","Dota2Spire:OctarineCore","PreservedInsect","Dota2Spire:LinkenSphere","Replay:Rubber Ducky"],"acts_visited":["Exordium","TheCity","TheBeyond","TheEnding"],"potions_floor_usage":[56],"damage_taken":[{"damage":7.0,"enemies":"Jaw Worm","floor":1.0,"turns":2.0},{"damage":0.0,"enemies":"2 Louse","floor":3.0,"turns":1.0},{"damage":0.0,"enemies":"Replay:BlueRogue","floor":7.0,"turns":4.0},{"damage":0.0,"enemies":"Lagavulin","floor":10.0,"turns":3.0},{"damage":0.0,"enemies":"Cultist","floor":11.0,"turns":3.0},{"damage":0.0,"enemies":"2 Fungi Beasts","floor":12.0,"turns":1.0},{"damage":0.0,"enemies":"Gremlin Nob","floor":13.0,"turns":3.0},{"damage":2.0,"enemies":"The Guardian","floor":16.0,"turns":5.0},{"damage":4.0,"enemies":"Shell Parasite","floor":18.0,"turns":3.0},{"damage":0.0,"enemies":"2 Thieves","floor":21.0,"turns":3.0},{"damage":0.0,"enemies":"Chosen and Byrds","floor":22.0,"turns":3.0},{"damage":1.0,"enemies":"Slavers","floor":23.0,"turns":4.0},{"damage":0.0,"enemies":"Gremlin Leader","floor":25.0,"turns":2.0},{"damage":0.0,"enemies":"Book of Stabbing","floor":27.0,"turns":4.0},{"damage":26.0,"enemies":"Slavers","floor":29.0,"turns":6.0},{"damage":0.0,"enemies":"Centurion and Healer","floor":31.0,"turns":3.0},{"damage":17.0,"enemies":"Collector","floor":33.0,"turns":4.0},{"damage":0.0,"enemies":"3 Darklings","floor":35.0,"turns":3.0},{"damage":5.0,"enemies":"3 Shapes","floor":36.0,"turns":2.0},{"damage":0.0,"enemies":"Jaw Worm Horde","floor":38.0,"turns":3.0},{"damage":0.0,"enemies":"Nemesis","floor":41.0,"turns":2.0},{"damage":0.0,"enemies":"R_Hoarder","floor":44.0,"turns":5.0},{"damage":0.0,"enemies":"Giant Head","floor":47.0,"turns":3.0},{"damage":9,"enemies":"Replay:Hell Engine","floor":50,"turns":5},{"damage":24,"enemies":"Time Eater","floor":51,"turns":7},{"damage":0,"enemies":"Shield and Spear","floor":55,"turns":2},{"damage":52,"enemies":"The Heart","floor":56,"turns":4}],"seed_played":"3743468732703059755","potions_obtained":[{"floor":7.0,"key":"Ambrosia"},{"floor":10.0,"key":"Strength Potion"},{"floor":11.0,"key":"EssenceOfSteel"},{"floor":22.0,"key":"SkillPotion"},{"floor":25.0,"key":"PowerPotion"},{"floor":33.0,"key":"GamblersBrew"},{"floor":36.0,"key":"Block Potion"},{"floor":38.0,"key":"Energy Potion"}],"is_trial":false,"path_per_floor":["M","?","M","?","$","R","E","R","T","E","M","M","E","$","R","B",null,"M","?","$","M","M","E","R","E","T","E","$","E","?","M","R","B",null,"M","M","$","M","?","R","E","R","T","E","R","$","E","?","R","B","B",null,"R","$","E","B"],"character_chosen":"WATCHER","items_purchased":["PrismaticShard","Dota2Spire:EchoSabre","Adaptation","PreservedInsect"],"campfire_rested":0,"item_purchase_floors":[20,28,37,46],"current_hp_per_floor":[54,35,35,28,28,28,28,28,28,34,34,34,34,34,34,32,55,51,51,51,51,51,50,50,50,50,50,50,24,24,24,57,40,57,57,52,52,52,52,52,52,52,52,52,52,52,52,52,52,43,19,51,51,51,51,0,0],"gold":106,"neow_bonus":"THREE_RARE_CARDS","is_daily":false,"chose_seed":false,"campfire_upgraded":7,"win_rate":0.0,"timestamp":1609489112,"path_taken":["M","?","M","?","$","R","E","R","T","E","M","M","E","$","R","BOSS","M","?","$","?","M","E","R","E","T","E","$","E","?","M","R","BOSS","M","M","$","M","?","R","E","R","T","E","R","$","E","?","R","BOSS","BOSS","R","$","E","BOSS"],"items_purchased_type":["Relic","Relic","Card","Relic"],"build_version":"2020-12-22","purchased_purges":2,"victory":false,"max_hp_per_floor":[62,62,62,62,62,62,62,62,62,62,62,62,62,62,62,62,62,62,62,62,62,62,62,62,62,62,62,62,62,62,62,62,62,62,62,62,62,62,62,62,62,62,62,62,62,62,62,62,62,62,62,62,62,62,62,62,62],"card_choices":[{"not_picked":["Judgement","Scrawl"],"picked":"Ragnarok","floor":0.0},{"not_picked":["SashWhip","BattleHymn","Replay:Battleflow"],"picked":"SKIP","floor":1.0},{"not_picked":["Crescendo","EmptyFist"],"picked":"Wallop","floor":3.0},{"not_picked":["Evaluate","Halt"],"picked":"CrushJoints","floor":7.0},{"not_picked":["Alpha","Evaluate"],"picked":"EmptyFist","floor":10.0},{"not_picked":["Consecrate","Conclude"],"picked":"Protect","floor":11.0},{"not_picked":["Crescendo","SashWhip","PathToVictory"],"picked":"SKIP","floor":12.0},{"not_picked":["Protect","Replay:ManipulateFuture","Sanctity"],"picked":"SKIP","floor":13.0},{"not_picked":["Protect","Replay:ManipulateFuture","Sanctity"],"picked":"SKIP","floor":13.0},{"not_picked":["Devotion","MasterReality"],"picked":"Vault","floor":16.0},{"not_picked":["Replay:AtTheReady","Replay:BluntJabs","FlurryOfBlows"],"picked":"SKIP","floor":18.0},{"not_picked":["Hidden Blade","Bane","ThirdEye"],"picked":"SKIP","floor":21.0},{"not_picked":["Cleave","Panic Button","Hidden Blade"],"picked":"SKIP","floor":22.0},{"not_picked":["All Out Attack+1","BattleHymn","Perfected Strike"],"picked":"SKIP","floor":23.0},{"not_picked":["LessonLearned","Conserve Battery"],"picked":"Finesse","floor":25.0},{"not_picked":["FlurryOfBlows","FollowUp"],"picked":"Replay:BasicMightCard+1","floor":27.0},{"not_picked":["Dash","Cold Snap","Prepared"],"picked":"SKIP","floor":29.0},{"not_picked":["Streamline","Crescendo","Searing Blow"],"picked":"SKIP","floor":31.0},{"not_picked":["Crippling Poison","Blade Dance+1","Heavy Blade"],"picked":"SKIP","floor":35.0},{"not_picked":["Toxin Wave","SashWhip+1","Barrage"],"picked":"SKIP","floor":36.0},{"not_picked":["Prepared","Deadly Poison","PanicButton"],"picked":"SKIP","floor":38.0},{"not_picked":["Pummel","Sentinel"],"picked":"Creative AI","floor":41.0},{"not_picked":["ThirdEye","ReplayTheSpireMod:Private Reserves","Purity"],"picked":"SKIP","floor":44.0},{"not_picked":["Poisoned Stab","EmptyFist","Setup"],"picked":"SKIP","floor":47.0},{"not_picked":["Beam Cell","Meditate"],"picked":"Echo Form","floor":55}],"player_experience":2151547,"relics_obtained":[{"floor":7.0,"key":"Whetstone"},{"floor":9.0,"key":"Dota2Spire:UrnOfShadows"},{"floor":10.0,"key":"Vajra"},{"floor":13.0,"key":"Gremlin Horn"},{"floor":23.0,"key":"Pen Nib"},{"floor":25.0,"key":"Juzu Bracelet"},{"floor":27.0,"key":"Regal Pillow"},{"floor":29.0,"key":"Bottled Lightning"},{"floor":41.0,"key":"Orichalcum"},{"floor":43.0,"key":"Simple Rune"},{"floor":44.0,"key":"Dota2Spire:OctarineCore"},{"floor":47.0,"key":"Dota2Spire:LinkenSphere"},{"floor":55,"key":"Replay:Rubber Ducky"}],"event_choices":[{"damage_healed":0.0,"max_hp_gain":0.0,"max_hp_loss":0.0,"gold_gain":0.0,"event_name":"Shining Light","player_choice":"Entered Light","floor":2.0,"gold_loss":0.0,"damage_taken":19.0,"cards_upgraded":["Ragnarok","Vigilance"]},{"cards_removed":["Defend_P"],"damage_healed":0.0,"max_hp_gain":0.0,"max_hp_loss":0.0,"gold_gain":0.0,"event_name":"Golden Wing","player_choice":"Card Removal","floor":4.0,"gold_loss":0.0,"damage_taken":7.0},{"damage_healed":0.0,"max_hp_gain":0.0,"max_hp_loss":0.0,"gold_gain":0.0,"event_name":"Accursed Blacksmith","player_choice":"Forge","floor":19.0,"gold_loss":0.0,"damage_taken":0.0,"cards_upgraded":["Vault"]},{"damage_healed":0.0,"max_hp_gain":0.0,"max_hp_loss":0.0,"gold_gain":0.0,"event_name":"Vampires","player_choice":"Ignored","floor":30.0,"gold_loss":0.0,"damage_taken":0.0},{"cards_removed":["Defend_P"],"damage_healed":0.0,"max_hp_gain":0.0,"max_hp_loss":0.0,"gold_gain":0.0,"event_name":"Falling","player_choice":"Removed Skill","floor":39.0,"gold_loss":0.0,"damage_taken":0.0}],"is_beta":false,"boss_relics":[{"not_picked":["Tiny House","Replay:Wanted Poster"],"picked":"Coffee Dripper"},{"not_picked":["Black Star","VioletLotus"],"picked":"Snecko Eye"}],"items_purged_floors":[5,14],"is_endless":false,"potions_floor_spawned":[7,10,11,22,25,31,33,36,38,44,47],"killed_by":"The Heart","ascension_level":20}}