{"host":"52ffv6k934cb8aj3","time":1609500288,"event":{"mods":["AchievementEnabler","BaseMod","Bestiary","Colored Map","Colored Powertips","DeckTracker","Highlight Path","Keyboard Shortcuts","Minty Spire (QoL Compilation)","Rare Cards Sparkle","Relic Sorter"],"gold_per_floor":[19,19,38,54,78,116,116,136,181,212,212,212,212,227,227,227,227],"floor_reached":16,"playtime":743,"items_purged":[],"score":118,"play_id":"9016b162-c5b4-46bf-b9bb-c209df3cdbf2","local_time":"20210101052448","is_ascension_mode":true,"campfire_choices":[{"data":"Neutralize","floor":7,"key":"SMITH"},{"floor":13,"key":"REST"},{"data":"Dagger Spray","floor":15,"key":"SMITH"}],"circlet_count":0,"master_deck":["Strike_G","Strike_G","Strike_G","Defend_G","Defend_G","Defend_G","Defend_G","Defend_G","Survivor","Neutralize+1","Quick Slash","Dagger Spray+1","Sucker Punch","Acrobatics","Crippling Poison","Catalyst","Deflect","Footwork"],"relics":["Ring of the Snake","Golden Idol","Ancient Tea Set","Bag of Preparation","Meat on the Bone","Vajra"],"acts_visited":["Exordium"],"potions_floor_usage":[6,6,10,10],"damage_taken":[{"damage":5,"enemies":"Jaw Worm","floor":1,"turns":7},{"damage":0,"enemies":"2 Louse","floor":3,"turns":3},{"damage":0,"enemies":"Small Slimes","floor":4,"turns":3},{"damage":0,"enemies":"Exordium Wildlife","floor":5,"turns":7},{"damage":12,"enemies":"Lagavulin","floor":6,"turns":8},{"damage":4,"enemies":"2 Fungi Beasts","floor":8,"turns":2},{"damage":27,"enemies":"3 Sentries","floor":10,"turns":6},{"damage":0,"enemies":"3 Louse","floor":14,"turns":1},{"damage":44,"enemies":"Hexaghost","floor":16,"turns":15}],"seed_played":"7046229032449332542","potions_obtained":[{"floor":3,"key":"SteroidPotion"},{"floor":4,"key":"Regen Potion"},{"floor":5,"key":"ColorlessPotion"},{"floor":8,"key":"SteroidPotion"}],"is_trial":false,"path_per_floor":["M","?","M","M","M","E","R","M","T","E","?","?","R","M","R","B"],"character_chosen":"THE_SILENT","items_purchased":[],"campfire_rested":1,"item_purchase_floors":[],"current_hp_per_floor":[65,65,65,65,65,53,53,49,49,37,30,23,44,44,44,0,0],"gold":227,"neow_bonus":"REMOVE_TWO","is_daily":false,"chose_seed":false,"campfire_upgraded":2,"win_rate":0.0,"timestamp":1609500288,"path_taken":["M","?","M","M","M","E","R","M","T","E","?","?","R","M","R","BOSS"],"items_purchased_type":[],"build_version":"2020-12-22","purchased_purges":0,"victory":false,"max_hp_per_floor":[70,70,70,70,70,70,70,70,70,70,70,70,70,70,70,70,70],"card_choices":[{"not_picked":["Cloak And Dagger","All Out Attack"],"picked":"Quick Slash","floor":1},{"not_picked":["Catalyst","Skewer"],"picked":"Dagger Spray","floor":3},{"not_picked":["Eviscerate","Prepared"],"picked":"Sucker Punch","floor":4},{"not_picked":["Expertise","Sucker Punch"],"picked":"Acrobatics","floor":5},{"not_picked":["Venomology","Dodge and Roll"],"picked":"Crippling Poison","floor":6},{"not_picked":["Heel Hook","Leg Sweep"],"picked":"Catalyst","floor":8},{"not_picked":["Catalyst","Distraction"],"picked":"Deflect","floor":10},{"not_picked":["Backflip","Calculated Gamble"],"picked":"Footwork","floor":14}],"player_experience":598148,"relics_obtained":[{"floor":6,"key":"Ancient Tea Set"},{"floor":9,"key":"Bag of Preparation"},{"floor":10,"key":"Meat on the Bone"}],"event_choices":[{"damage_healed":0,"gold_gain":0,"player_choice":"Take Wound","damage_taken":0,"relics_obtained":["Golden Idol"],"max_hp_gain":0,"max_hp_loss":0,"event_name":"Golden Idol","floor":2,"gold_loss":0,"cards_obtained":["Injury"]},{"cards_removed":["Injury"],"damage_healed":0,"gold_gain":0,"player_choice":"Card Removal","damage_taken":7,"max_hp_gain":0,"max_hp_loss":0,"event_name":"Golden Wing","floor":11,"gold_loss":0},{"damage_healed":0,"gold_gain":0,"player_choice":"Success","damage_taken":7,"relics_obtained":["Vajra"],"max_hp_gain":0,"max_hp_loss":0,"event_name":"Scrap Ooze","floor":12,"gold_loss":0}],"is_beta":false,"boss_relics":[],"items_purged_floors":[],"is_endless":false,"potions_floor_spawned":[3,4,5,8],"killed_by":"Hexaghost","ascension_level":1}}