{"host":"c2og1cp357bgjv9b","time":1609492831,"event":{"mods":["BaseMod","Colored Map","Minty Spire (QoL Compilation)","Replay The Spire","StSLib"],"gold_per_floor":[112,187,199,44,44,44,370,370,423,423,433,443,453,467,467,571,571,589,604,604,57,57,57,92,92,115,115,115,115],"floor_reached":28,"playtime":1211,"items_purged":["Strike_R","Strike_R"],"score":261,"play_id":"a061eda7-e3f2-495e-b80c-5dcf0067ff47","local_time":"20210101172031","is_ascension_mode":false,"campfire_choices":[{"data":"Searing Blow","floor":6,"key":"SMITH"},{"data":"Searing Blow+2","floor":10,"key":"SMITH"},{"data":"Searing Blow+3","floor":15,"key":"SMITH"},{"data":"Searing Blow+4","floor":23,"key":"SMITH"},{"floor":25,"key":"REST"}],"circlet_count":0,"master_deck":["Strike_R","Strike_R","Defend_R","Defend_R","Defend_R","Defend_R","Bash","Armaments","Searing Blow+5","ReplayTheSpireMod:LeadingStrike","Inflame","Shrug It Off","Headbutt","Offering","True Grit","ReplayTheSpireMod:Muscle Training","Languid"],"relics":["Burning Blood","NeowsBlessing","Old Coin","ReplayTheSpireMod:Lightbulb","Black Star","Iron Hammer","Bronze Scales","Ginger","Juzu Bracelet","Red Skull","Bag of Preparation"],"acts_visited":["Exordium","TheCity"],"potions_floor_usage":[24,24],"damage_taken":[{"damage":0,"enemies":"Small Slimes","floor":1,"turns":1},{"damage":0,"enemies":"2 Louse","floor":3,"turns":1},{"damage":0,"enemies":"Gremlin Nob","floor":7,"turns":1},{"damage":1,"enemies":"Cultist","floor":11,"turns":3},{"damage":16,"enemies":"Exordium Wildlife","floor":12,"turns":4},{"damage":10,"enemies":"Looter","floor":13,"turns":3},{"damage":9,"enemies":"3 Louse","floor":14,"turns":5},{"damage":6,"enemies":"Slime Boss","floor":16,"turns":8},{"damage":23,"enemies":"2 Thieves","floor":18,"turns":3},{"damage":22,"enemies":"Shell Parasite","floor":19,"turns":4},{"damage":44,"enemies":"Slavers","floor":24,"turns":6},{"damage":39,"enemies":"Gremlin Leader","floor":28,"turns":3}],"seed_played":"4098867609990541412","potions_obtained":[{"floor":7,"key":"FearPotion"},{"floor":12,"key":"BlessingOfTheForge"},{"floor":16,"key":"Energy Potion"}],"is_trial":false,"path_per_floor":["M","?","M","$","?","R","E","?","T","R","M","M","M","M","R","B",null,"M","M","?","$","?","R","E","R","T","?","E"],"character_chosen":"IRONCLAD","items_purchased":["ReplayTheSpireMod:LeadingStrike","Iron Hammer","True Grit","Bronze Scales"],"campfire_rested":1,"item_purchase_floors":[4,21,21,21],"current_hp_per_floor":[80,69,75,75,68,68,74,74,74,74,79,69,65,62,62,62,80,63,47,47,47,47,47,9,33,33,33,0,0],"gold":115,"neow_bonus":"THREE_ENEMY_KILL","is_daily":false,"chose_seed":false,"campfire_upgraded":4,"win_rate":0.0,"timestamp":1609492831,"path_taken":["M","?","M","$","?","R","E","?","T","R","M","M","M","M","R","BOSS","M","M","?","$","?","R","E","R","T","?","E"],"items_purchased_type":["Card","Relic","Card","Relic"],"build_version":"2020-12-22","purchased_purges":2,"victory":false,"max_hp_per_floor":[80,80,80,80,80,80,80,80,80,80,80,80,80,80,80,80,80,80,80,80,80,80,80,80,80,80,80,80,80],"card_choices":[{"not_picked":["Run Through","Disarm"],"picked":"Armaments","floor":1},{"not_picked":["ReplayReversal","Feel No Pain"],"picked":"Searing Blow","floor":3},{"not_picked":["Warcry","Perfected Strike"],"picked":"Inflame","floor":7},{"not_picked":["Perfected Strike","Havoc","Disarm"],"picked":"SKIP","floor":11},{"not_picked":["Warcry","Hemokinesis","Wild Strike"],"picked":"SKIP","floor":12},{"not_picked":["Flex","Replay:Undeath\u0027s Touch"],"picked":"Shrug It Off","floor":13},{"not_picked":["Feel No Pain","Replay:Undeath\u0027s Touch"],"picked":"Headbutt","floor":14},{"not_picked":["Demon Form","Eclipse"],"picked":"Offering","floor":16},{"not_picked":["Pommel Strike+1","Twin Strike+1","Hemokinesis"],"picked":"SKIP","floor":18},{"not_picked":["Dark Embrace","Reckless Charge","Rampage+1"],"picked":"SKIP","floor":19},{"not_picked":["Twin Strike+1","Armaments"],"picked":"ReplayTheSpireMod:Muscle Training","floor":24}],"player_experience":150072,"relics_obtained":[{"floor":7,"key":"Old Coin"},{"floor":9,"key":"ReplayTheSpireMod:Lightbulb"},{"floor":24,"key":"Ginger"},{"floor":24,"key":"Juzu Bracelet"},{"floor":26,"key":"Red Skull"}],"event_choices":[{"damage_healed":0,"gold_gain":75,"player_choice":"Gather Gold","damage_taken":11,"max_hp_gain":0,"max_hp_loss":0,"event_name":"World of Goop","floor":2,"gold_loss":0},{"cards_removed":["Strike_R"],"damage_healed":0,"gold_gain":0,"player_choice":"Card Removal","damage_taken":7,"max_hp_gain":0,"max_hp_loss":0,"event_name":"Golden Wing","floor":5,"gold_loss":0},{"damage_healed":0,"gold_gain":0,"player_choice":"Grow","damage_taken":0,"max_hp_gain":0,"max_hp_loss":0,"event_name":"Living Wall","floor":8,"gold_loss":0,"cards_upgraded":["Searing Blow"]},{"damage_healed":0,"gold_gain":0,"player_choice":"Ignored","damage_taken":0,"max_hp_gain":0,"max_hp_loss":0,"event_name":"Ghosts","floor":20,"gold_loss":0}],"is_beta":false,"boss_relics":[{"not_picked":["Calling Bell","Velvet Choker"],"picked":"Black Star"}],"items_purged_floors":[4,21],"is_endless":false,"potions_floor_spawned":[7,12,16],"killed_by":"Gremlin Leader","ascension_level":0}}