{"host":"k85tjwrh7mjrrc9a","time":1609527984,"event":{"mods":["AchievementEnabler","BaseMod","Colored Powertips","Highlight Path","Minty Spire (QoL Compilation)","Rare Cards Sparkle","StSLib"],"gold_per_floor":[116,126,136,156,76,76,76,76,76,109,109,166,166,201,201,324,324,318,166,191,211,138,174,174,273,298,298,298],"floor_reached":27,"playtime":1619,"items_purged":[],"score":329,"play_id":"a8444592-601b-4eba-bf17-57745861c369","local_time":"20210101140624","is_ascension_mode":true,"campfire_choices":[{"data":"Demon Form","floor":6,"key":"SMITH"},{"data":"Heavy Blade","floor":8,"key":"SMITH"},{"data":"Bash","floor":11,"key":"SMITH"},{"data":"True Grit","floor":15,"key":"SMITH"},{"floor":24,"key":"REST"}],"circlet_count":0,"master_deck":["Strike_R","Strike_R","Strike_R","Strike_R","Strike_R","Defend_R","Defend_R","Defend_R","Defend_R","Bash+1","Heavy Blade+1","Inflame","True Grit+1","Shrug It Off","Demon Form+1","Injury","Evolve","Warcry+1","Heavy Blade+1","Headbutt+1"],"relics":["Burning Blood","MealTicket","InkBottle","Golden Idol","Pear","Mark of Pain","Membership Card","Brimstone","Pen Nib","Orichalcum"],"acts_visited":["Exordium","TheCity"],"potions_floor_usage":[23,23,27],"damage_taken":[{"damage":6,"enemies":"Cultist","floor":1,"turns":3},{"damage":9,"enemies":"Jaw Worm","floor":2,"turns":4},{"damage":8,"enemies":"2 Louse","floor":3,"turns":2},{"damage":8,"enemies":"2 Fungi Beasts","floor":4,"turns":3},{"damage":18,"enemies":"Lagavulin","floor":10,"turns":6},{"damage":21,"enemies":"Gremlin Nob","floor":14,"turns":4},{"damage":34,"enemies":"The Guardian","floor":16,"turns":7},{"damage":27,"enemies":"2 Thieves","floor":18,"turns":4},{"damage":13,"enemies":"Spheric Guardian","floor":20,"turns":4},{"damage":59,"enemies":"Snake Plant","floor":21,"turns":6},{"damage":35,"enemies":"Book of Stabbing","floor":23,"turns":4},{"damage":48,"enemies":"Gremlin Leader","floor":27,"turns":4}],"seed_played":"6765962348402987853","potions_obtained":[{"floor":3,"key":"LiquidMemories"},{"floor":14,"key":"Strength Potion"},{"floor":18,"key":"Energy Potion"},{"floor":20,"key":"AttackPotion"},{"floor":23,"key":"SpeedPotion"}],"is_trial":false,"path_per_floor":["M","M","M","M","$","R","$","R","T","E","R","?","?","E","R","B",null,"M","$","M","M","$","E","R","?","T","E"],"character_chosen":"IRONCLAD","items_purchased":["Demon Form","Membership Card","Brimstone"],"campfire_rested":1,"item_purchase_floors":[5,19,22],"current_hp_per_floor":[88,85,83,81,81,81,81,81,81,69,69,69,69,64,64,36,98,77,92,85,32,47,18,47,47,47,0,0],"gold":298,"neow_bonus":"TEN_PERCENT_HP_BONUS","is_daily":false,"chose_seed":false,"campfire_upgraded":4,"win_rate":0.0,"timestamp":1609527984,"path_taken":["M","M","?","M","$","R","?","R","T","E","R","?","?","E","R","BOSS","M","$","M","M","$","E","R","?","T","E"],"items_purchased_type":["Card","Relic","Relic"],"build_version":"2020-12-22","purchased_purges":0,"victory":false,"max_hp_per_floor":[88,88,88,88,88,88,88,88,88,88,88,88,88,98,98,98,98,98,98,98,98,98,98,98,98,98,98,98],"card_choices":[{"not_picked":["Shockwave","Armaments"],"picked":"Heavy Blade","floor":1},{"not_picked":["Heavy Blade","Burning Pact"],"picked":"Inflame","floor":2},{"not_picked":["Wild Strike","Twin Strike"],"picked":"True Grit","floor":3},{"not_picked":["Clothesline","Searing Blow"],"picked":"Shrug It Off","floor":4},{"not_picked":["Searing Blow","Juggernaut","Anger"],"picked":"SKIP","floor":10},{"not_picked":["Burning Pact","Anger"],"picked":"Evolve","floor":14},{"not_picked":["Havoc","Warcry","Iron Wave+1"],"picked":"SKIP","floor":18},{"not_picked":["Carnage","Anger"],"picked":"Warcry+1","floor":20},{"not_picked":["Iron Wave","Armaments"],"picked":"Heavy Blade+1","floor":21},{"not_picked":["Havoc","Berserk"],"picked":"Headbutt+1","floor":23}],"player_experience":110602,"relics_obtained":[{"floor":9,"key":"MealTicket"},{"floor":10,"key":"InkBottle"},{"floor":14,"key":"Pear"},{"floor":23,"key":"Pen Nib"},{"floor":26,"key":"Orichalcum"}],"event_choices":[{"damage_healed":0,"gold_gain":57,"player_choice":"Gained Gold","damage_taken":0,"max_hp_gain":0,"max_hp_loss":0,"event_name":"Golden Wing","floor":12,"gold_loss":0},{"damage_healed":0,"gold_gain":0,"player_choice":"Take Wound","damage_taken":0,"relics_obtained":["Golden Idol"],"max_hp_gain":0,"max_hp_loss":0,"event_name":"Golden Idol","floor":13,"gold_loss":0,"cards_obtained":["Injury"]},{"damage_healed":0,"gold_gain":99,"player_choice":"Stole From Cult","damage_taken":0,"max_hp_gain":0,"max_hp_loss":0,"event_name":"Nest","floor":25,"gold_loss":0}],"is_beta":false,"boss_relics":[{"not_picked":["Empty Cage","Tiny House"],"picked":"Mark of Pain"}],"items_purged_floors":[],"is_endless":false,"potions_floor_spawned":[3,14,18,20,23],"killed_by":"Gremlin Leader","ascension_level":3}}