{"host":"lg1piimdyocafd6j","time":1609508379,"event":{"mods":["AchievementEnabler","BaseMod","Better Third Choice","BetterRewards","Colored Map","Colored Powertips","Downfall","Minty Spire (QoL Compilation)","Quick Restart","Rare Cards Sparkle","StSLib","SuperFastMode"],"gold_per_floor":[115,115,290,290,302,302,177,177,203,217,235,255,265,281,281,281,281],"floor_reached":16,"playtime":685,"items_purged":["Bash","Strike_R","Defend_R"],"score":93,"play_id":"8a577a29-c23c-4182-8180-70fe9ddc5ae0","local_time":"20210101143939","is_ascension_mode":false,"campfire_choices":[{"floor":6,"key":"RECALL"},{"data":"Armaments","floor":8,"key":"SMITH"},{"data":"Combust","floor":15,"key":"SMITH"}],"circlet_count":0,"master_deck":["Strike_R","Strike_R","Strike_R","Defend_R","Defend_R","Defend_R","Whirlwind","Combust+1","Combust","Armaments+1","Iron Wave"],"relics":["Burning Blood","Ice Cream","Spirit Poop"],"acts_visited":["Exordium"],"potions_floor_usage":[0,11,11,16,16],"damage_taken":[{"damage":4,"enemies":"2 Louse","floor":1,"turns":3},{"damage":15,"enemies":"Cultist","floor":5,"turns":5},{"damage":3,"enemies":"Jaw Worm","floor":10,"turns":4},{"damage":4,"enemies":"2 Fungi Beasts","floor":11,"turns":2},{"damage":18,"enemies":"Exordium Thugs","floor":12,"turns":3},{"damage":2,"enemies":"Lots of Slimes","floor":13,"turns":2},{"damage":7,"enemies":"Gremlin Gang","floor":14,"turns":3},{"damage":70,"enemies":"Hexaghost","floor":16,"turns":12}],"seed_played":"-4047812000123836040","potions_obtained":[{"floor":10,"key":"EntropicBrew"},{"floor":13,"key":"SpeedPotion"}],"is_trial":false,"path_per_floor":["M","?","?","?","M","R","$","R","T","M","M","M","M","M","R","B"],"character_chosen":"IRONCLAD","items_purchased":["Whirlwind","Combust","Combust","Ice Cream","Fruit Juice"],"campfire_rested":0,"item_purchase_floors":[0,0,0,0,0],"current_hp_per_floor":[85,78,78,78,69,69,69,69,69,72,74,62,66,65,65,12,12],"gold":281,"neow_bonus":"","is_daily":false,"chose_seed":false,"campfire_upgraded":2,"win_rate":0.0,"timestamp":1609508379,"path_taken":["M","?","?","?","M","R","$","R","T","M","M","M","?","M","R","BOSS"],"items_purchased_type":["Card","Card","Card","Relic","Potion"],"build_version":"2020-12-22","purchased_purges":3,"victory":false,"max_hp_per_floor":[85,85,85,85,85,85,85,85,85,85,85,85,85,85,85,85,85],"card_choices":[{"not_picked":["Evolve","Pommel Strike","Blood for Blood"],"picked":"SKIP","floor":1},{"not_picked":["Clash","Uppercut"],"picked":"Armaments","floor":5},{"not_picked":["Perfected Strike","Body Slam","Havoc"],"picked":"SKIP","floor":10},{"not_picked":["Clash","Thunderclap","True Grit"],"picked":"SKIP","floor":11},{"not_picked":["True Grit","Fiend Fire","Havoc"],"picked":"SKIP","floor":12},{"not_picked":["Clothesline","Rage","Power Through"],"picked":"SKIP","floor":13},{"not_picked":["Cleave","Headbutt"],"picked":"Iron Wave","floor":14}],"player_experience":175253,"relics_obtained":[],"event_choices":[{"cards_removed":["Strike_R"],"damage_healed":0,"gold_gain":0,"player_choice":"Card Removal","damage_taken":7,"max_hp_gain":0,"max_hp_loss":0,"event_name":"Golden Wing","floor":2,"gold_loss":0},{"damage_healed":0,"gold_gain":175,"player_choice":"AGREE","damage_taken":115,"max_hp_gain":0,"max_hp_loss":0,"event_name":"betterThird:BetterSerpent","floor":3,"gold_loss":0},{"cards_removed":["Doubt"],"damage_healed":0,"gold_gain":0,"player_choice":"Offered Curse","damage_taken":0,"relics_obtained":["Spirit Poop"],"max_hp_gain":0,"max_hp_loss":0,"event_name":"Bonfire Elementals","floor":4,"gold_loss":0}],"is_beta":false,"boss_relics":[],"items_purged_floors":[0,0,7],"is_endless":false,"potions_floor_spawned":[10,13],"killed_by":"Hexaghost","ascension_level":0}}