{"host":"3vgzk5mhz751jdrj","time":1609488758,"event":{"mods":["2.2 Compatiblity","AchievementEnabler","Act Like it!","Aspiration","BaseMod","Better Match","Better Note","Better Sensory Stone","Better Skull","Better Third Choice","Block Reminder","Colored Map","Conspire","Displayed Cursed Tome","Downfall","Downfall-Rebalance","Friendly Minions","GifTheSpireLib","Halation","Hubris","Marked Mod","Mimic Mod","Minty Spire (QoL Compilation)","Quick Restart","Rare Cards Sparkle","Replay The Spire","Reworked Bosses","Shop Mod","Spicy Shops","Spikes Relics","StSLib","Stuff the Spire","The Marked","Trackpad","vexMod"],"gold_per_floor":[116,116,136,153,153,153,153,164,164,179,179,205,205,230,230,230,230],"floor_reached":16,"playtime":639,"items_purged":[],"score":110,"play_id":"a4b56ddb-13c0-4c6d-a1d8-9bb223d05835","local_time":"20210101031238","is_ascension_mode":false,"campfire_choices":[{"floor":13,"key":"REST"},{"data":"theMarked:Opportunist","floor":15,"key":"SMITH"}],"circlet_count":0,"master_deck":["theMarked:Strike","theMarked:Strike","theMarked:Strike","theMarked:Strike","theMarked:Defend","theMarked:Defend","theMarked:Defend","theMarked:Defend","theMarked:SoldierOfQuellstein+1","theMarked:ChainLightning","theMarked:Aftermath","theMarked:EmpowerWeapon","theMarked:Opportunist+1","theMarked:TurnInvisible","theMarked:EternalStudent","theMarked:Seal"],"relics":["theMarked:ArtifactOfAir","Strawberry","PreservedInsect","BranchBurnRelic","Omamori"],"acts_visited":["Exordium"],"potions_floor_usage":[12,12],"damage_taken":[{"damage":2,"enemies":"2 Louse","floor":1,"turns":2},{"damage":0,"enemies":"Cultist","floor":3,"turns":3},{"damage":5,"enemies":"Small Slimes","floor":4,"turns":2},{"damage":3,"enemies":"Exordium Wildlife","floor":8,"turns":3},{"damage":3,"enemies":"2 Fungi Beasts","floor":10,"turns":3},{"damage":21,"enemies":"Lagavulin","floor":12,"turns":5},{"damage":18,"enemies":"Gremlin Nob","floor":14,"turns":4},{"damage":71,"enemies":"Slime Boss","floor":16,"turns":9}],"seed_played":"8588307839491874712","potions_obtained":[{"floor":3,"key":"Explosive Potion"},{"floor":4,"key":"SmokeBomb"},{"floor":10,"key":"theMarked:SummonPotion"}],"is_trial":false,"path_per_floor":["M","?","M","M","?","T","?","M","T","M","?","E","R","E","R","B"],"character_chosen":"THE_DEFAULT","items_purchased":[],"campfire_rested":1,"item_purchase_floors":[],"current_hp_per_floor":[68,68,68,63,58,58,58,55,55,52,52,31,54,48,48,0,0],"gold":230,"neow_bonus":"UPGRADE_CARD","is_daily":false,"chose_seed":false,"campfire_upgraded":1,"win_rate":0.0,"timestamp":1609488758,"path_taken":["M","?","?","?","?","?","?","?","T","M","?","E","R","E","R","BOSS"],"items_purchased_type":[],"build_version":"2020-12-22","purchased_purges":0,"victory":false,"max_hp_per_floor":[70,70,70,70,77,77,77,77,77,77,77,77,77,77,77,77,77],"card_choices":[{"not_picked":["theMarked:HeightenedSenses","theMarked:DeterminationOfTheMarked"],"picked":"theMarked:ChainLightning","floor":1},{"not_picked":["theMarked:RepellingDischarge","theMarked:Improvise"],"picked":"theMarked:Aftermath","floor":3},{"not_picked":["theMarked:BanishingWave","theMarked:SwordAndMagic"],"picked":"theMarked:EmpowerWeapon","floor":4},{"not_picked":["theMarked:Static","theMarked:Generate"],"picked":"theMarked:Opportunist","floor":8},{"not_picked":["theMarked:LightningStrikesTwice","theMarked:BanishingWave"],"picked":"theMarked:TurnInvisible","floor":10},{"not_picked":["theMarked:DeterminationOfTheMarked","theMarked:ContemptForTheProud"],"picked":"theMarked:EternalStudent","floor":12},{"not_picked":["theMarked:Polarize","theMarked:EmpowerWeapon"],"picked":"theMarked:Seal","floor":14}],"player_experience":403449,"relics_obtained":[{"floor":9,"key":"Dead Branch"},{"floor":12,"key":"PreservedInsect"},{"floor":14,"key":"Omamori"}],"event_choices":[{"cards_removed":["theMarked:Strike"],"damage_healed":0,"gold_gain":0,"player_choice":"Offered Basic","damage_taken":0,"max_hp_gain":0,"max_hp_loss":0,"event_name":"Bonfire Elementals","floor":2,"gold_loss":0},{"damage_healed":0,"gold_gain":0,"player_choice":"Relic ","damage_taken":12,"max_hp_gain":0,"max_hp_loss":0,"event_name":"betterThird:BetterScrap","floor":5,"gold_loss":0,"cards_obtained":["Ghostly Armor"]},{"damage_healed":0,"gold_gain":0,"player_choice":"Bought 0 Potions","damage_taken":0,"max_hp_gain":0,"max_hp_loss":0,"event_name":"The Woman in Blue","floor":7,"gold_loss":0}],"is_beta":false,"boss_relics":[],"items_purged_floors":[],"is_endless":false,"potions_floor_spawned":[3,4,10],"killed_by":"Slime Boss","ascension_level":0}}