{"host":"97k5lqmr6aaz1p9r","time":1609492870,"event":{"mods":["BaseMod","Colored Map","Downfall","Jorbs\u0027s Wanderer Trilogy","Minty Spire (QoL Compilation)","StSLib"],"gold_per_floor":[99,99,99,99,99,99,99,99,99,99,99,46,46,46,46,46,46,46,46,31,31,31,31,31,31,31,31,31,31,31,31,31,31,31,31,31,31,31,31,31,31,31,31,31,31,31,31,31,31,31,31,31,31,31,31],"floor_reached":56,"playtime":7826,"items_purged":[],"score":1587,"play_id":"862a8e48-932f-4a6c-8e52-529778616a08","local_time":"20210101092110","is_ascension_mode":true,"campfire_choices":[{"data":"Guardian:CurlUp","floor":1,"key":"SMITH"},{"data":"Guardian:BaubleBeam","floor":18,"key":"SMITH"},{"floor":23,"key":"RECALL"},{"data":"Guardian:CompilePackage","floor":35,"key":"SMITH"},{"data":"Guardian:SphericShield","floor":44,"key":"SMITH"},{"data":"Guardian:Repulse","floor":47,"key":"SMITH"},{"data":"Guardian:ChargeUp","floor":54,"key":"SMITH"}],"circlet_count":0,"master_deck":["Guardian:Strike_Guardian","Guardian:Strike_Guardian","Guardian:Strike_Guardian","Guardian:Defend_Guardian","Guardian:Defend_Guardian","Guardian:Defend_Guardian","Guardian:Defend_Guardian","Guardian:CurlUp+1","Guardian:TwinSlam","Guardian:PiercingHide","Guardian:MultiBeam","Guardian:DonusPower","Guardian:DecasProtection","Guardian:Suspension","Guardian:BaubleBeam+1","Guardian:PrimingBeam","Guardian:Repulse+1","Guardian:StasisField","Guardian:SphericShield+1","Necronomicurse","Guardian:ShieldSpikes+1","Guardian:PiercingHide+1","Guardian:CompilePackage+1","Guardian:AncientConstruct","Guardian:FloatingOrbs","Guardian:TimeCapacitor+1","Guardian:ChargeUp+1","Guardian:Orbwalk+1"],"relics":["downfall:Hecktoplasm","downfall:ShatteredFragment","White Beast Statue","FossilizedHelix","Ice Cream","Bronze Scales","InkBottle","Guardian:StasisSlotReductionRelic","Necronomicon","Lizard Tail","Omamori","Oddly Smooth Stone","Runic Pyramid","downfall:HeartBlessingRed","downfall:HeartBlessingGreen","downfall:HeartBlessingBlue","Frozen Egg 2","Thread and Needle","Letter Opener"],"acts_visited":["Exordium","TheCity","TheBeyond","TheEnding"],"potions_floor_usage":[6,8,11,12,13,13,16,16,20,22,25,26,29,31,33,36,40,45,52,55,55],"damage_taken":[{"damage":0,"enemies":"Small Slimes","floor":2,"turns":3},{"damage":3,"enemies":"2 Louse","floor":3,"turns":2},{"damage":48,"enemies":"downfall:LadyInBlue","floor":6,"turns":13},{"damage":0,"enemies":"3 Sentries","floor":8,"turns":5},{"damage":0,"enemies":"Cultist","floor":9,"turns":2},{"damage":0,"enemies":"Exordium Wildlife","floor":10,"turns":3},{"damage":0,"enemies":"Gremlin Nob","floor":11,"turns":3},{"damage":0,"enemies":"downfall:FleeingMerchant","floor":12,"turns":4},{"damage":0,"enemies":"Lagavulin","floor":13,"turns":6},{"damage":0,"enemies":"3 Louse","floor":14,"turns":1},{"damage":0,"enemies":"2 Fungi Beasts","floor":15,"turns":2},{"damage":7,"enemies":"downfall:Silent","floor":16,"turns":6},{"damage":0,"enemies":"Spheric Guardian","floor":19,"turns":4},{"damage":0,"enemies":"downfall:FleeingMerchant","floor":20,"turns":4},{"damage":0,"enemies":"Chosen","floor":22,"turns":4},{"damage":0,"enemies":"Gremlin Leader","floor":25,"turns":4},{"damage":0,"enemies":"downfall:FleeingMerchant","floor":26,"turns":2},{"damage":0,"enemies":"3 Cultists","floor":27,"turns":3},{"damage":0,"enemies":"Centurion and Healer","floor":28,"turns":4},{"damage":0,"enemies":"Snake Plant","floor":29,"turns":3},{"damage":0,"enemies":"Slavers","floor":31,"turns":6},{"damage":0,"enemies":"Snecko","floor":32,"turns":4},{"damage":0,"enemies":"downfall:Defect","floor":33,"turns":7},{"damage":0,"enemies":"Orb Walker","floor":36,"turns":2},{"damage":0,"enemies":"3 Darklings","floor":38,"turns":3},{"damage":0,"enemies":"Maw","floor":40,"turns":6},{"damage":11,"enemies":"Sphere and 2 Shapes","floor":42,"turns":3},{"damage":0,"enemies":"Jaw Worm Horde","floor":43,"turns":1},{"damage":0,"enemies":"Reptomancer","floor":45,"turns":4},{"damage":0,"enemies":"Spire Growth","floor":46,"turns":5},{"damage":0,"enemies":"Transient","floor":49,"turns":5},{"damage":0,"enemies":"downfall:Ironclad","floor":50,"turns":9},{"damage":0,"enemies":"downfall:CharBossMerchant","floor":52,"turns":9},{"damage":9,"enemies":"downfall:NeowBoss","floor":55,"turns":17}],"seed_played":"207433948189901410","potions_obtained":[{"floor":3,"key":"GamblersBrew"},{"floor":6,"key":"EssenceOfSteel"},{"floor":6,"key":"CultistPotion"},{"floor":6,"key":"ColorlessPotion"},{"floor":8,"key":"AttackPotion"},{"floor":10,"key":"Guardian:StasisDiscoveryPotion"},{"floor":11,"key":"ColorlessPotion"},{"floor":12,"key":"PowerPotion"},{"floor":13,"key":"ColorlessPotion"},{"floor":14,"key":"sneckomod:MuddlingPotion"},{"floor":15,"key":"Ancient Potion"},{"floor":16,"key":"Weak Potion"},{"floor":19,"key":"Weak Potion"},{"floor":20,"key":"DistilledChaos"},{"floor":22,"key":"BlessingOfTheForge"},{"floor":25,"key":"Guardian:DefensiveModePotion"},{"floor":26,"key":"Weak Potion"},{"floor":27,"key":"DistilledChaos"},{"floor":29,"key":"Explosive Potion"},{"floor":31,"key":"Weak Potion"},{"floor":32,"key":"SteroidPotion"},{"floor":33,"key":"DistilledChaos"},{"floor":36,"key":"Energy Potion"},{"floor":40,"key":"Swift Potion"},{"floor":43,"key":"SkillPotion"},{"floor":45,"key":"Dexterity Potion"}],"is_trial":false,"path_per_floor":["R","M","M","?","?","?","T","E","M","M","E","$","E","M","M","B",null,"R","M","$","?","M","R","T","E","$","M","M","M","?","E","M","B",null,"R","M","?","M","?","M","T","M","M","R","E","M","R","?","M","B",null,"E","$","R","B",null],"character_chosen":"GUARDIAN","items_purchased":["Guardian:Repulse"],"campfire_rested":0,"item_purchase_floors":[12],"current_hp_per_floor":[80,80,77,82,58,10,10,10,10,10,10,10,10,10,10,3,85,85,85,85,69,69,69,69,69,69,69,69,69,69,69,69,69,85,95,95,109,109,109,109,109,98,98,98,98,98,98,98,98,98,109,109,109,109,100],"gold":31,"neow_bonus":"BOSS_RELIC","is_daily":false,"chose_seed":false,"campfire_upgraded":6,"win_rate":0.0,"timestamp":1609492870,"path_taken":["R","M","M","?","?","?","T","E","M","M","E","$","E","?","M","BOSS","R","M","$","?","M","R","T","E","$","M","M","M","?","E","M","BOSS","R","M","?","M","?","M","T","M","?","R","E","M","R","?","M","BOSS","E","$","R","BOSS"],"items_purchased_type":["Card"],"build_version":"2020-12-22","purchased_purges":0,"victory":true,"max_hp_per_floor":[80,80,80,85,85,85,85,85,85,85,85,85,85,85,85,85,85,85,85,85,85,85,85,85,85,85,85,85,85,85,85,85,85,85,95,95,109,109,109,109,109,109,109,109,109,109,109,109,109,109,109,109,109,109,109],"card_choices":[{"not_picked":["Guardian:Gem_Red","Guardian:RollAttack"],"picked":"Guardian:PiercingHide","floor":2},{"not_picked":["Guardian:CrystalBeam","Guardian:PiercingHide"],"picked":"Guardian:MultiBeam","floor":3},{"not_picked":["Guardian:Planning","Guardian:PiercingHide"],"picked":"Guardian:DonusPower","floor":6},{"not_picked":["Guardian:VentSteam","Guardian:RevengeProtocol"],"picked":"Guardian:Gem_Cyan","floor":8},{"not_picked":["Guardian:Orbwalk","Guardian:RefractedBeam"],"picked":"Guardian:DecasProtection","floor":9},{"not_picked":["Guardian:GuardianWhirl","Guardian:Gem_Red"],"picked":"Guardian:Suspension","floor":10},{"not_picked":["Guardian:CrystalBeam","Guardian:PrimingBeam"],"picked":"Guardian:BaubleBeam","floor":11},{"not_picked":["Guardian:ShieldSpikes","Guardian:MultiBeam"],"picked":"Guardian:PrimingBeam","floor":12},{"not_picked":["Guardian:PrimingBeam","Guardian:Emergency"],"picked":"Guardian:Gem_White","floor":13},{"not_picked":["Guardian:PrismaticBarrier","Guardian:CrystalBeam"],"picked":"Guardian:Gem_Fragmented","floor":14},{"not_picked":["Guardian:Gem_Lightblue","Guardian:Suspension"],"picked":"Guardian:StasisField","floor":15},{"not_picked":["Guardian:StasisStrike","Guardian:ExploitGems"],"picked":"Guardian:SphericShield","floor":16},{"not_picked":["Guardian:WalkerClaw","Guardian:TemporalShield"],"picked":"Guardian:Gem_White","floor":19},{"not_picked":["Guardian:ShieldCharger","Guardian:Orbwalk"],"picked":"Guardian:Gem_Red","floor":20},{"not_picked":["Guardian:RefractedBeam","Guardian:Gem_White"],"picked":"Guardian:Gem_Blue","floor":22},{"not_picked":["Guardian:Gem_Blue","Guardian:PolyBeam+1"],"picked":"Guardian:ShieldSpikes+1","floor":25},{"not_picked":["Guardian:Planning","Guardian:Recover","Guardian:Incinerate+1"],"picked":"SKIP","floor":26},{"not_picked":["Guardian:Recover+1","Guardian:WalkerClaw+1"],"picked":"Guardian:PiercingHide+1","floor":27},{"not_picked":["Guardian:Suspension","Guardian:Planning"],"picked":"Guardian:Gem_Cyan","floor":28},{"not_picked":["Guardian:FloatingOrbs","Guardian:Reroute"],"picked":"Guardian:CompilePackage","floor":29},{"not_picked":["Guardian:VentSteam","Guardian:PrimingBeam"],"picked":"Guardian:Gem_Red","floor":31},{"not_picked":["Guardian:Gem_Lightblue","Guardian:RefractedBeam+1"],"picked":"Guardian:Gem_Red","floor":32},{"not_picked":["Guardian:ConstructionForm","Guardian:BaubleBeam"],"picked":"Guardian:AncientConstruct","floor":33},{"not_picked":["Guardian:FuturePlans+1","Guardian:TemporalStrike+1"],"picked":"Guardian:FloatingOrbs","floor":36},{"not_picked":["Guardian:Suspension+1","Guardian:GuardianWhirl+1","Guardian:Gem_Red"],"picked":"SKIP","floor":38},{"not_picked":["Guardian:VentSteam","Guardian:BronzeOrb","Guardian:Reroute+1"],"picked":"SKIP","floor":40},{"not_picked":["Guardian:Incinerate","Guardian:AncientConstruct+1"],"picked":"Guardian:TimeCapacitor+1","floor":42},{"not_picked":["Guardian:PrismaticBeam+1","Guardian:ShieldCharger","Guardian:Suspension"],"picked":"SKIP","floor":43},{"not_picked":["Guardian:Gem_Lightblue","Guardian:VentSteam","Guardian:Planning"],"picked":"SKIP","floor":45},{"not_picked":["Guardian:Reroute+1","Guardian:Recover","Guardian:RollAttack+1"],"picked":"SKIP","floor":46},{"not_picked":["Guardian:DecasProtection+1","Guardian:PrismaticBarrier"],"picked":"Guardian:ChargeUp","floor":49},{"not_picked":["Guardian:PolyBeam+1","Guardian:RefractedBeam+1"],"picked":"Guardian:Orbwalk+1","floor":52}],"player_experience":571049,"relics_obtained":[{"floor":6,"key":"White Beast Statue"},{"floor":7,"key":"FossilizedHelix"},{"floor":8,"key":"Ice Cream"},{"floor":11,"key":"Bronze Scales"},{"floor":13,"key":"InkBottle"},{"floor":21,"key":"Necronomicon"},{"floor":25,"key":"Lizard Tail"},{"floor":31,"key":"Oddly Smooth Stone"},{"floor":41,"key":"Frozen Egg 2"},{"floor":45,"key":"Thread and Needle"},{"floor":52,"key":"Letter Opener"}],"event_choices":[{"damage_healed":0,"gold_gain":0,"player_choice":"Donut","damage_taken":0,"max_hp_gain":5,"max_hp_loss":0,"event_name":"Big Fish","floor":4,"gold_loss":0},{"cards_removed":["Guardian:Strike_Guardian"],"damage_healed":0,"gold_gain":0,"player_choice":"Offered Basic","damage_taken":0,"max_hp_gain":0,"max_hp_loss":0,"event_name":"Bonfire Elementals","floor":48,"gold_loss":0}],"is_beta":false,"boss_relics":[{"not_picked":["Tiny House","Cursed Key"],"picked":"Guardian:StasisSlotReductionRelic"},{"not_picked":["Snecko Eye","Velvet Choker"],"picked":"Runic Pyramid"}],"items_purged_floors":[],"is_endless":false,"potions_floor_spawned":[3,8,9,10,11,12,13,14,15,16,19,20,22,25,26,27,28,29,31,32,33,36,38,40,42,43,45,46,49,52],"ascension_level":2}}