{"host":"fxrgx7wt2cpkbhka","time":1609498148,"event":{"mods":["AchievementEnabler","BaseMod","Colored Powertips","Minty Spire (QoL Compilation)","Permanent Neow","Slay-I","StSLib","Waifu the Spire"],"gold_per_floor":[114,60,60,71,146,172,183,246,295,307,130,148,200,216,216,311,311,329,148,148,114,213,213,250,250,273,301,327,327,327,327],"floor_reached":30,"playtime":1031,"items_purged":[],"score":440,"play_id":"43eaa0c6-0853-4b81-8dfa-41203fded59c","local_time":"20210101024908","is_ascension_mode":true,"campfire_choices":[{"floor":15,"key":"REST"},{"data":"Apotheosis","floor":23,"key":"SMITH"},{"floor":29,"key":"REST"}],"circlet_count":0,"master_deck":["AscendersBane","Strike_R","Strike_R","Strike_R","Strike_R","Strike_R","Defend_R","Defend_R","Defend_R","Bash","Clash","Metallicize","Shrug It Off","Apotheosis+1","Metallicize","Flex","Offering","Iron Wave+1","Perfected Strike","Wild Strike","Twin Strike","Iron Wave"],"relics":["Burning Blood","NeowsBlessing","Nunchaku","Letter Opener","Omamori","Black Star","Anchor","CeramicFish","Ginger","White Beast Statue","Bronze Scales"],"acts_visited":["Exordium","TheCity"],"potions_floor_usage":[8,12,16,24,28],"damage_taken":[{"damage":0,"enemies":"Small Slimes","floor":1,"turns":1},{"damage":0,"enemies":"Cultist","floor":4,"turns":1},{"damage":0,"enemies":"3 Sentries","floor":6,"turns":1},{"damage":12,"enemies":"Jaw Worm","floor":7,"turns":4},{"damage":47,"enemies":"Lagavulin Event","floor":8,"turns":8},{"damage":24,"enemies":"Lots of Slimes","floor":10,"turns":8},{"damage":2,"enemies":"2 Fungi Beasts","floor":12,"turns":4},{"damage":6,"enemies":"Blue Slaver","floor":14,"turns":5},{"damage":16,"enemies":"The Guardian","floor":16,"turns":14},{"damage":9,"enemies":"3 Byrds","floor":18,"turns":6},{"damage":28,"enemies":"2 Thieves","floor":21,"turns":5},{"damage":36,"enemies":"Book of Stabbing","floor":24,"turns":6},{"damage":8,"enemies":"Sentry and Sphere","floor":27,"turns":4},{"damage":21,"enemies":"Snake Plant","floor":28,"turns":4},{"damage":42,"enemies":"Gremlin Leader","floor":30,"turns":6}],"seed_played":"-2835998619388220303","potions_obtained":[{"floor":1,"key":"AttackPotion"},{"floor":6,"key":"SneckoOil"},{"floor":12,"key":"Fire Potion"},{"floor":21,"key":"ColorlessPotion"},{"floor":24,"key":"LiquidMemories"},{"floor":27,"key":"GamblersBrew"},{"floor":28,"key":"Strength Potion"}],"is_trial":false,"path_per_floor":["M","$","?","M","?","E","M","?","T","M","$","M","T","M","R","B",null,"M","$","?","M","?","R","E","T","T","M","M","R","E"],"character_chosen":"IRONCLAD","items_purchased":["Clash","Apotheosis","Perfected Strike","Anchor"],"campfire_rested":2,"item_purchase_floors":[2,11,19,19],"current_hp_per_floor":[78,78,78,80,72,78,72,31,31,13,13,17,17,17,41,31,68,65,65,80,58,58,58,28,28,28,26,11,35,0,0],"gold":327,"neow_bonus":"THREE_ENEMY_KILL","is_daily":false,"chose_seed":false,"campfire_upgraded":1,"win_rate":0.0,"timestamp":1609498148,"path_taken":["M","$","?","?","?","E","?","?","T","M","$","M","?","M","R","BOSS","M","$","?","?","?","R","E","?","T","M","M","R","E"],"items_purchased_type":["Card","Card","Card","Relic"],"build_version":"2020-12-22","purchased_purges":0,"victory":false,"max_hp_per_floor":[80,80,80,80,80,80,80,80,80,80,80,80,80,80,80,80,80,80,80,80,80,80,80,80,80,80,80,80,80,80,80],"card_choices":[{"not_picked":["Combust","True Grit","Shrug It Off"],"picked":"SKIP","floor":1},{"not_picked":["Dark Embrace","Wild Strike","Seeing Red"],"picked":"SKIP","floor":4},{"not_picked":["Second Wind","Thunderclap"],"picked":"Metallicize","floor":6},{"not_picked":["Sword Boomerang","Heavy Blade","Warcry"],"picked":"SKIP","floor":7},{"not_picked":["Burning Pact","Reaper"],"picked":"Shrug It Off","floor":10},{"not_picked":["Armaments","Shockwave"],"picked":"Metallicize","floor":12},{"not_picked":["Body Slam","Sentinel"],"picked":"Flex","floor":14},{"not_picked":["Bludgeon","Feed"],"picked":"Offering","floor":16},{"not_picked":["Havoc","Sever Soul"],"picked":"Iron Wave+1","floor":18},{"not_picked":["Cleave","Shrug It Off","Pummel"],"picked":"SKIP","floor":21},{"not_picked":["Iron Wave","Pummel"],"picked":"Wild Strike","floor":24},{"not_picked":["Headbutt","Reaper"],"picked":"Twin Strike","floor":27},{"not_picked":["True Grit","Heavy Blade"],"picked":"Iron Wave","floor":28}],"player_experience":689433,"relics_obtained":[{"floor":6,"key":"Nunchaku"},{"floor":8,"key":"Letter Opener"},{"floor":13,"key":"Omamori"},{"floor":24,"key":"CeramicFish"},{"floor":24,"key":"Ginger"},{"floor":25,"key":"White Beast Statue"},{"floor":26,"key":"Bronze Scales"}],"event_choices":[{"damage_healed":0,"gold_gain":0,"cards_transformed":["Defend_R"],"player_choice":"Transformed","damage_taken":0,"max_hp_gain":0,"max_hp_loss":0,"event_name":"Transmorgrifier","floor":3,"gold_loss":0,"cards_obtained":["Bloodletting"]},{"damage_healed":0,"gold_gain":75,"player_choice":"Touch","damage_taken":8,"max_hp_gain":0,"max_hp_loss":0,"event_name":"FaceTrader","floor":5,"gold_loss":0},{"damage_healed":0,"gold_gain":0,"player_choice":"Searched \u00271\u0027 times","damage_taken":0,"max_hp_gain":0,"max_hp_loss":0,"event_name":"Dead Adventurer","floor":8,"gold_loss":0},{"cards_removed":["Bloodletting"],"damage_healed":15,"gold_gain":0,"player_choice":"Offered Uncommon","damage_taken":0,"max_hp_gain":0,"max_hp_loss":0,"event_name":"Bonfire Elementals","floor":20,"gold_loss":0},{"damage_healed":0,"gold_gain":99,"player_choice":"Stole From Cult","damage_taken":0,"max_hp_gain":0,"max_hp_loss":0,"event_name":"Nest","floor":22,"gold_loss":0}],"is_beta":false,"boss_relics":[{"not_picked":["Fusion Hammer","Runic Dome"],"picked":"Black Star"}],"items_purged_floors":[],"is_endless":false,"potions_floor_spawned":[1,6,12,21,24,27,28],"killed_by":"Gremlin Leader","ascension_level":12}}