{"host":"uuef13iiy6j2c50k","time":1609475755,"event":{"mods":["BaseMod","Minty Spire (QoL Compilation)","Quick Restart","Relic Stats","Slay-I","StSLib","SuperFastMode"],"gold_per_floor":[213,213,213,213,231,231,3,18,41,70,89,119,119,130,130,233,233,249,269,302,321,181,214,264,264,288,306,306,174,174,174,174,278,278,291,291,291,307,307,333,333,333,333,161,161,56,88,106,106,106,106,106,56,86,86],"floor_reached":56,"playtime":1580,"items_purged":["Strike_B","Strike_B","Decay","Writhe","Strike_B","Defend_B"],"score":1614,"play_id":"f74ab249-249b-46da-a11f-fb8a33c38c67","local_time":"20201231183555","is_ascension_mode":true,"campfire_choices":[{"data":"Dualcast","floor":6,"key":"SMITH"},{"data":"Zap","floor":15,"key":"SMITH"},{"floor":30,"key":"REST"},{"data":"Coolheaded","floor":32,"key":"SMITH"},{"floor":42,"key":"REST"},{"floor":49,"key":"RECALL"},{"data":"Panacea","floor":52,"key":"SMITH"}],"circlet_count":0,"master_deck":["Defend_B","Defend_B","Defend_B","Zap+1","Dualcast+1","Ball Lightning","Recycle+1","Electrodynamics+1","Biased Cognition+1","CurseOfTheBell","Coolheaded+1","Undo+1","Genetic Algorithm+1","Defragment+1","Leap","Coolheaded+1","Capacitor+1","Conserve Battery","Core Surge","Biased Cognition+1","Barrage+1","Echo Form+1","Panacea+1","Loop+1"],"relics":["Cracked Core","Frozen Egg 2","Runic Capacitor","Pen Nib","Blood Vial","Calling Bell","Regal Pillow","Gremlin Horn","Turnip","Red Mask","Smiling Mask","Tiny Chest","Calipers","Velvet Choker","FossilizedHelix","The Courier","HornCleat","ClockworkSouvenir","Art of War","Pocketwatch"],"acts_visited":["Exordium","TheCity","TheBeyond","TheEnding"],"potions_floor_usage":[12,20,20,25,50],"damage_taken":[{"damage":0,"enemies":"2 Louse","floor":1,"turns":3},{"damage":1,"enemies":"Jaw Worm","floor":5,"turns":4},{"damage":1,"enemies":"Cultist","floor":8,"turns":3},{"damage":25,"enemies":"3 Sentries","floor":10,"turns":6},{"damage":1,"enemies":"2 Fungi Beasts","floor":11,"turns":3},{"damage":0,"enemies":"Gremlin Nob","floor":12,"turns":2},{"damage":0,"enemies":"Gremlin Gang","floor":14,"turns":1},{"damage":0,"enemies":"Slime Boss","floor":16,"turns":5},{"damage":0,"enemies":"Spheric Guardian","floor":18,"turns":2},{"damage":10,"enemies":"Chosen","floor":19,"turns":4},{"damage":16,"enemies":"Masked Bandits","floor":20,"turns":3},{"damage":11,"enemies":"Snecko","floor":21,"turns":4},{"damage":25,"enemies":"Book of Stabbing","floor":23,"turns":4},{"damage":9,"enemies":"Slavers","floor":25,"turns":2},{"damage":14,"enemies":"Snake Plant","floor":27,"turns":4},{"damage":30,"enemies":"Automaton","floor":33,"turns":9},{"damage":42,"enemies":"3 Darklings","floor":35,"turns":5},{"damage":0,"enemies":"Orb Walker","floor":38,"turns":4},{"damage":25,"enemies":"Giant Head","floor":40,"turns":9},{"damage":0,"enemies":"Reptomancer","floor":47,"turns":5},{"damage":0,"enemies":"3 Darklings","floor":48,"turns":3},{"damage":0,"enemies":"Donu and Deca","floor":50,"turns":5},{"damage":3,"enemies":"Shield and Spear","floor":54,"turns":4},{"damage":16,"enemies":"The Heart","floor":55,"turns":9}],"seed_played":"7909433140408877025","potions_obtained":[{"floor":10,"key":"AttackPotion"},{"floor":14,"key":"EntropicBrew"},{"floor":16,"key":"FairyPotion"},{"floor":21,"key":"PotionOfCapacity"},{"floor":27,"key":"PowerPotion"}],"is_trial":false,"path_per_floor":["M","?","?","?","M","R","$","M","T","E","M","E","?","M","R","B",null,"M","M","?","M","$","E","?","E","T","M","?","$","R","?","R","B",null,"M","T","?","M","?","E","T","R","T","$","?","$","E","M","R","B",null,"R","$","E","B",null],"character_chosen":"DEFECT","items_purchased":["Runic Capacitor","Defragment+1","Capacitor+1","Conserve Battery","ClockworkSouvenir","Loop+1"],"campfire_rested":2,"item_purchase_floors":[7,22,29,29,44,46],"current_hp_per_floor":[75,80,73,73,72,72,72,71,71,46,47,49,49,51,51,53,80,80,70,56,47,47,24,24,17,17,5,5,5,44,44,44,16,80,38,38,38,40,40,17,17,56,56,56,46,46,48,50,50,52,80,80,80,77,63],"gold":86,"neow_bonus":"HUNDRED_GOLD","is_daily":false,"chose_seed":false,"campfire_upgraded":4,"win_rate":0.0,"timestamp":1609475755,"path_taken":["M","?","?","?","M","R","$","M","T","E","?","E","?","M","R","BOSS","M","?","?","M","$","E","?","E","T","?","?","$","R","?","R","BOSS","M","?","?","?","?","E","?","R","T","$","?","$","E","M","R","BOSS","R","$","E","BOSS"],"items_purchased_type":["Relic","Card","Card","Card","Relic","Card"],"build_version":"2020-12-22","purchased_purges":6,"victory":true,"max_hp_per_floor":[75,80,80,80,80,80,80,80,80,80,80,80,80,80,80,80,80,80,80,80,80,80,80,80,80,80,80,80,80,80,80,80,80,80,80,80,80,80,80,80,80,80,80,80,80,80,80,80,80,80,80,80,80,80,80],"relic_stats":{"Blood Vial":32,"Regal Pillow":30,"Gremlin Horn":[10,10],"counters":[24,102],"Tiny Chest":2,"Pen Nib":[6],"Turnip":[4],"Art of War":[10],"Smiling Mask":345,"obtain_stats":[{"Regal Pillow":17,"Calipers":31,"Gremlin Horn":17,"Velvet Choker":34,"Pen Nib":9,"The Courier":40,"Runic Capacitor":7,"Frozen Egg 2":3,"Smiling Mask":23,"ClockworkSouvenir":44,"Blood Vial":10,"Calling Bell":17,"HornCleat":43,"Tiny Chest":26,"Turnip":17,"Red Mask":20,"Art of War":47,"Cracked Core":0,"FossilizedHelix":36,"Pocketwatch":54},{"Regal Pillow":8,"Calipers":15,"Gremlin Horn":8,"Velvet Choker":16,"Pen Nib":3,"The Courier":19,"Runic Capacitor":2,"Frozen Egg 2":1,"Smiling Mask":13,"ClockworkSouvenir":19,"Blood Vial":4,"Calling Bell":8,"HornCleat":19,"Tiny Chest":14,"Turnip":8,"Red Mask":11,"Art of War":20,"Cracked Core":0,"FossilizedHelix":17,"Pocketwatch":23},{"Regal Pillow":27,"Calipers":50,"Gremlin Horn":27,"Velvet Choker":59,"Pen Nib":10,"The Courier":77,"Runic Capacitor":7,"Frozen Egg 2":3,"Smiling Mask":44,"ClockworkSouvenir":77,"Blood Vial":16,"Calling Bell":27,"HornCleat":77,"Tiny Chest":46,"Turnip":27,"Red Mask":36,"Art of War":81,"Cracked Core":0,"FossilizedHelix":64,"Pocketwatch":93}],"Pocketwatch":[0]},"card_choices":[{"not_picked":["Steam","Tempest","Fusion"],"picked":"SKIP","floor":1},{"not_picked":["Redo","Turbo"],"picked":"Ball Lightning","floor":5},{"not_picked":["Leap","BootSequence"],"picked":"Ball Lightning","floor":8},{"not_picked":["Hologram","Sunder","Stack"],"picked":"SKIP","floor":10},{"not_picked":["Gash","Redo"],"picked":"Recycle","floor":11},{"not_picked":["Rebound","Force Field"],"picked":"Electrodynamics+1","floor":12},{"not_picked":["Turbo","Go for the Eyes","Stack"],"picked":"SKIP","floor":14},{"not_picked":["Multi-Cast","Seek"],"picked":"Biased Cognition+1","floor":16},{"not_picked":["Steam","Stack"],"picked":"Coolheaded","floor":18},{"not_picked":["Gash","Ball Lightning"],"picked":"Undo+1","floor":19},{"not_picked":["Stack","Streamline"],"picked":"Genetic Algorithm+1","floor":20},{"not_picked":["Streamline","Blizzard","Hello World+1"],"picked":"SKIP","floor":21},{"not_picked":["Turbo","Hologram"],"picked":"Leap","floor":23},{"not_picked":["Consume","Streamline+1"],"picked":"Coolheaded+1","floor":27},{"not_picked":["Rainbow","Meteor Strike"],"picked":"Core Surge","floor":33},{"not_picked":["Tempest+1","Undo","Rebound"],"picked":"SKIP","floor":35},{"not_picked":["Double Energy+1","Gash+1"],"picked":"Barrage+1","floor":38},{"not_picked":["Heatsinks+1","Hyperbeam"],"picked":"Echo Form+1","floor":40},{"not_picked":["Dramatic Entrance","Good Instincts"],"picked":"Panacea","floor":45},{"not_picked":["Recycle","Amplify","Barrage+1"],"picked":"SKIP","floor":47},{"not_picked":["Scrape+1","Barrage","Genetic Algorithm"],"picked":"SKIP","floor":48},{"not_picked":["Rainbow","Genetic Algorithm+1","Leap"],"picked":"SKIP","floor":54}],"player_experience":37126,"relics_obtained":[{"floor":9,"key":"Pen Nib"},{"floor":10,"key":"Blood Vial"},{"floor":17,"key":"Regal Pillow"},{"floor":17,"key":"Gremlin Horn"},{"floor":17,"key":"Turnip"},{"floor":20,"key":"Red Mask"},{"floor":23,"key":"Smiling Mask"},{"floor":26,"key":"Tiny Chest"},{"floor":36,"key":"FossilizedHelix"},{"floor":40,"key":"The Courier"},{"floor":43,"key":"HornCleat"},{"floor":47,"key":"Art of War"},{"floor":54,"key":"Pocketwatch"}],"event_choices":[{"damage_healed":0,"gold_gain":0,"player_choice":"Donut","damage_taken":0,"max_hp_gain":5,"max_hp_loss":0,"event_name":"Big Fish","floor":2,"gold_loss":0},{"damage_healed":0,"gold_gain":0,"player_choice":"Success","damage_taken":7,"relics_obtained":["Frozen Egg 2"],"max_hp_gain":0,"max_hp_loss":0,"event_name":"Scrap Ooze","floor":3,"gold_loss":0},{"cards_removed":["Strike_B"],"damage_healed":0,"gold_gain":0,"player_choice":"Offered Basic","damage_taken":0,"max_hp_gain":0,"max_hp_loss":0,"event_name":"Bonfire Elementals","floor":4,"gold_loss":0},{"damage_healed":0,"gold_gain":0,"player_choice":"Upgraded","damage_taken":0,"max_hp_gain":0,"max_hp_loss":0,"event_name":"Upgrade Shrine","floor":13,"gold_loss":0,"cards_upgraded":["Recycle"]},{"damage_healed":0,"gold_gain":0,"player_choice":"Fought Bandits","damage_taken":0,"max_hp_gain":0,"max_hp_loss":0,"event_name":"Masked Bandits","floor":20,"gold_loss":0},{"damage_healed":0,"gold_gain":100,"player_choice":"Bet on Murderer","damage_taken":0,"max_hp_gain":0,"max_hp_loss":0,"event_name":"The Joust","floor":24,"gold_loss":50},{"damage_healed":0,"gold_gain":0,"player_choice":"Smashed Altar","damage_taken":0,"max_hp_gain":0,"max_hp_loss":0,"event_name":"Forgotten Altar","floor":28,"gold_loss":0,"cards_obtained":["Decay"]},{"damage_healed":0,"gold_gain":0,"player_choice":"Opened","damage_taken":0,"relics_obtained":["Calipers"],"max_hp_gain":0,"max_hp_loss":0,"event_name":"The Mausoleum","floor":31,"gold_loss":0,"cards_obtained":["Writhe"]},{"damage_healed":0,"gold_gain":0,"player_choice":"Copied","damage_taken":0,"max_hp_gain":0,"max_hp_loss":0,"event_name":"Duplicator","floor":37,"gold_loss":0,"cards_obtained":["Biased Cognition"]},{"cards_removed":["Ball Lightning"],"damage_healed":0,"gold_gain":0,"player_choice":"Removed Attack","damage_taken":0,"max_hp_gain":0,"max_hp_loss":0,"event_name":"Falling","floor":39,"gold_loss":0},{"damage_healed":0,"gold_gain":0,"player_choice":"Memory 3","damage_taken":10,"max_hp_gain":0,"max_hp_loss":0,"event_name":"SensoryStone","floor":45,"gold_loss":0}],"is_beta":false,"boss_relics":[{"not_picked":["Pandora\u0027s Box","Tiny House"],"picked":"Calling Bell"},{"not_picked":["Empty Cage","Philosopher\u0027s Stone"],"picked":"Velvet Choker"}],"items_purged_floors":[7,22,29,44,46,53],"is_endless":false,"potions_floor_spawned":[10,14,16,21,25,27,38,48],"ascension_level":4}}