{"host":"uhhucka17mqeuzwb","time":1609536350,"event":{"mods":["2.2 Compatiblity","AchievementEnabler","Act Like it!","Astrologer","BaseMod","Better Altar","Better Skull","Colored Powertips","Defuse TimeMaze Blight","Downfall","Energized Spire","Faster Ascension Climbing","Friendly Minions","Gensokyo","GifTheSpireLib","Gremlin Mod","Gremlin Skip","Hallownest","Hermit","HololiveMod","KinomotoSakuraMod(????)","Lobotomy","Marisa????????","Minty Spire (QoL Compilation)","Quick Restart","Red Circlet Mod","Replay The Spire","Reworked Bosses","Shade Mod","Shop Mod","StSLib","The Administrix","The Animator","The Blue Laboratory","The Bug Knight","The Cursed","The Factory","The Forsaken","The Necromancer","Waifu the Spire"],"gold_per_floor":[116,230,109,26,26,26],"floor_reached":5,"playtime":485,"items_purged":[],"score":27,"play_id":"66b57ccf-0b18-4bda-b9de-78a9a142793a","local_time":"20210101162550","is_ascension_mode":false,"campfire_choices":[],"circlet_count":0,"master_deck":["Strike_W","Strike_W","Strike_W","Strike_W","Defend_W","Defend_W","Defend_W","Defend_W","Negative_Energy_Arrows","Bone_Wall","OSAHOGD","Death_March_Dance","Gensokyo:Shovel"],"relics":["Vampire_Amulet","CogitoBucket","Juzu Bracelet","MealTicket","MerchantsRug"],"acts_visited":["Gensokyo:Gensokyo"],"potions_floor_usage":[],"damage_taken":[{"damage":1,"enemies":"Gensokyo:Python","floor":1,"turns":5},{"damage":45,"enemies":"Gensokyo:Aya","floor":5,"turns":8}],"seed_played":"-5155252265345885736","potions_obtained":[{"floor":1,"key":"blueLaboratory:ForbiddenFruitJuice"}],"is_trial":false,"path_per_floor":["M","?","$","COS","?"],"character_chosen":"NECROMANCER","items_purchased":["MerchantsRug"],"campfire_rested":0,"item_purchase_floors":[3],"current_hp_per_floor":[75,50,65,65,20,20],"gold":26,"neow_bonus":"","is_daily":false,"chose_seed":false,"campfire_upgraded":0,"win_rate":0.0,"timestamp":1609536350,"path_taken":["M","?","?","COS","?"],"items_purchased_type":["Relic"],"build_version":"2020-12-22","purchased_purges":0,"victory":false,"max_hp_per_floor":[75,75,75,75,75,75],"card_choices":[{"not_picked":["WallGazer","OldLady","Scorched"],"picked":"Singing Bowl","floor":1},{"not_picked":["Scorched","SpiderBud"],"picked":"OSAHOGD","floor":1},{"not_picked":["Bones_to_Steel","Shackles_Of_Pain"],"picked":"Death_March_Dance","floor":1}],"player_experience":1094226,"relics_obtained":[],"event_choices":[{"damage_healed":0,"gold_gain":114,"player_choice":"RE GO ","damage_taken":28,"relics_obtained":["MealTicket"],"max_hp_gain":0,"max_hp_loss":0,"event_name":"betterSkull:BetterSkull","floor":2,"gold_loss":0,"cards_upgraded":[]}],"is_beta":false,"boss_relics":[],"items_purged_floors":[],"is_endless":false,"potions_floor_spawned":[1],"killed_by":"Gensokyo:Aya","ascension_level":0}}