{"host":"8p0k1lsi5hlczive","time":1609521810,"event":{"mods":["AchievementEnabler","BaseMod","Best Route Mod","Bestiary","Better Match","Better Note","Better Skull","Better Third Choice","Block Reminder","Colored Powertips","Curses Come First","DeckTracker","Downfall","Key Reminder","Minty Spire (QoL Compilation)","Permanent Neow","Prisma Mod","Quick Restart","Rare Cards Sparkle","Relic Stats","Shade Mod","StSLib","SuperFastMode","The Disciple","The Marked","[JumpMod]????"],"gold_per_floor":[118,135,135,153,153,153,153,169,220,36,36,36,70,0,0,95,145,183,183,214,214,214],"floor_reached":21,"playtime":2446,"items_purged":[],"score":202,"play_id":"80f532ab-0afe-42cd-a546-5bdb4e6dd5a2","local_time":"20210101112330","is_ascension_mode":false,"campfire_choices":[{"floor":6,"key":"REST"},{"floor":15,"key":"REST"}],"circlet_count":0,"master_deck":["PrismaMod:IllyaCommonAttack","PrismaMod:IllyaCommonDefend","PrismaMod:IllyaCommonAttack","PrismaMod:IllyaCommonDefend","PrismaMod:IllyaCommonDefend","PrismaMod:IllyaCommonAttack","PrismaMod:IllyaCommonDefend","PrismaMod:IllyaCommonAttack","PrismaMod:IllyaCommonDefend","PrismaMod:IllyaUncommonAttack","PrismaMod:IllyaUncommonDefend+1","PrismaMod:IllyaCheapChannelPoison","PrismaMod:IllyaUncommonEvoke","PrismaMod:IllyaGrail","PrismaMod:IllyaRussianRoulette","PrismaMod:IllyaPoisoningPhantasm","PrismaMod:IllyaFeed","PrismaMod:IllyaCommonEvoke","expansioncontent:ManipulateTime","PrismaMod:IllyaFriendMaker","Enlightenment+1","PrismaMod:IllyaMinorReinForce+1","PrismaMod:IllyaCarnivalPrismaAstolfo","PrismaMod:IllyaSaphire","PrismaMod:IllyaRapidFire","PrismaMod:IllyaMinorRapidFire+1"],"relics":["PrismaMod:PrismaRuby","HowToJump","Dream Catcher","Lantern","Bag of Preparation","Tiny House"],"acts_visited":["Exordium","TheCity"],"potions_floor_usage":[13],"damage_taken":[{"damage":0,"enemies":"Cultist","floor":1,"turns":5},{"damage":4,"enemies":"Small Slimes","floor":2,"turns":4},{"damage":0,"enemies":"2 Louse","floor":4,"turns":4},{"damage":16,"enemies":"Exordium Thugs","floor":8,"turns":6},{"damage":0,"enemies":"Lagavulin","floor":13,"turns":9},{"damage":25,"enemies":"The Guardian","floor":16,"turns":11},{"damage":58,"enemies":"3 Byrds","floor":18,"turns":8},{"damage":21,"enemies":"Spheric Guardian","floor":20,"turns":7},{"damage":30,"enemies":"Chosen and Byrds","floor":21,"turns":6}],"seed_played":"-4154058484475629270","potions_obtained":[{"floor":2,"key":"FearPotion"},{"floor":8,"key":"LiquidMemories"},{"floor":17,"key":"SkillPotion"},{"floor":18,"key":"Strength Potion"}],"is_trial":false,"path_per_floor":["M","M","?","M","?","R","?","M","T","$","?","$","E","?","R","B",null,"M","?","M","M"],"character_chosen":"ILLYA","items_purchased":["PrismaMod:IllyaFeed","PrismaMod:IllyaCommonEvoke","expansioncontent:ManipulateTime"],"campfire_rested":2,"item_purchase_floors":[10,10,10],"current_hp_per_floor":[75,71,71,71,71,75,75,59,59,59,59,59,64,70,81,65,86,36,36,15,0,0],"gold":214,"neow_bonus":"RANDOM_COMMON_RELIC","is_daily":false,"chose_seed":false,"campfire_upgraded":0,"win_rate":0.0,"timestamp":1609521810,"path_taken":["M","M","?","M","?","R","?","?","T","$","?","?","E","?","R","BOSS","M","?","M","?"],"items_purchased_type":["Card","Card","Card"],"build_version":"2020-12-22","purchased_purges":0,"victory":false,"max_hp_per_floor":[75,75,75,75,75,75,75,75,75,75,75,75,75,81,81,81,86,86,86,86,86,86],"relic_stats":{"Dream Catcher":2,"counters":[9,60],"Bag of Preparation":[8],"obtain_stats":[{"PrismaMod:PrismaRuby":0,"Dream Catcher":0,"Lantern":9,"Tiny House":17,"HowToJump":0,"Bag of Preparation":13},{"PrismaMod:PrismaRuby":0,"Dream Catcher":0,"Lantern":4,"Tiny House":6,"HowToJump":0,"Bag of Preparation":5},{"PrismaMod:PrismaRuby":0,"Dream Catcher":0,"Lantern":19,"Tiny House":39,"HowToJump":0,"Bag of Preparation":28}]},"card_choices":[{"not_picked":["PrismaMod:IllyaDualEvoke","PrismaMod:IllyaPoisonTippedWeapons"],"picked":"PrismaMod:IllyaCheapChannelPoison","floor":1},{"not_picked":["PrismaMod:IllyaMinorRapidFire","PrismaMod:IllyaCommonEvoke"],"picked":"PrismaMod:IllyaUncommonEvoke","floor":2},{"not_picked":["PrismaMod:IllyaPoisonTippedWeapons","PrismaMod:IllyaCheapChannelAttack"],"picked":"PrismaMod:IllyaGrail","floor":4},{"not_picked":["PrismaMod:IllyaPoisonTippedWeapons","PrismaMod:IllyaPartialInstallAssassin"],"picked":"PrismaMod:IllyaRussianRoulette","floor":6},{"not_picked":["PrismaMod:IllyaMinorRapidFire","PrismaMod:IllyaPoisonTippedWeapons"],"picked":"PrismaMod:IllyaPoisoningPhantasm","floor":8},{"not_picked":["PrismaMod:IllyaMinorZwei","PrismaMod:IllyaDualEvoke"],"picked":"PrismaMod:IllyaFriendMaker","floor":13},{"not_picked":["PrismaMod:IllyaPoisonBlock","PrismaMod:IllyaUberChannel"],"picked":"PrismaMod:IllyaMinorReinForce","floor":15},{"not_picked":["PrismaMod:IllyaUberPoisonChannel","PrismaMod:IllyaCarnivalAttack"],"picked":"PrismaMod:IllyaCarnivalPrismaAstolfo","floor":16},{"not_picked":["PrismaMod:IllyaReinForce","PrismaMod:IllyaUberChannel"],"picked":"PrismaMod:IllyaSaphire","floor":17},{"not_picked":["PrismaMod:IllyaAOECommonAttack","PrismaMod:IllyaBlindPoisonToss"],"picked":"PrismaMod:IllyaRapidFire","floor":18},{"not_picked":["PrismaMod:IllyaPartialInstallAssassin+1","PrismaMod:IllyaBerserCAR"],"picked":"PrismaMod:IllyaMinorRapidFire+1","floor":20}],"player_experience":32116,"relics_obtained":[{"floor":9,"key":"Lantern"},{"floor":13,"key":"Bag of Preparation"}],"event_choices":[{"damage_healed":0,"gold_gain":0,"player_choice":"Grow","damage_taken":0,"max_hp_gain":0,"max_hp_loss":0,"event_name":"Living Wall","floor":3,"gold_loss":0,"cards_upgraded":["PrismaMod:IllyaUncommonDefend"]},{"damage_healed":0,"gold_gain":0,"player_choice":"Ignored","damage_taken":0,"max_hp_gain":0,"max_hp_loss":0,"event_name":"Golden Wing","floor":5,"gold_loss":0},{"damage_healed":0,"gold_gain":0,"player_choice":"Ignored","damage_taken":0,"max_hp_gain":0,"max_hp_loss":0,"event_name":"betterNote:BetterNote","floor":7,"gold_loss":0,"cards_obtained":["Gash"]},{"cards_removed":["PrismaMod:IllyaCommonAttack"],"damage_healed":0,"gold_gain":0,"player_choice":"Purged","damage_taken":0,"max_hp_gain":0,"max_hp_loss":0,"event_name":"Purifier","floor":11,"gold_loss":0},{"damage_healed":0,"gold_gain":0,"player_choice":"RENOUNCE","damage_taken":70,"max_hp_gain":0,"max_hp_loss":0,"event_name":"betterThird:BetterSerpent","floor":14,"gold_loss":70,"cards_obtained":["Enlightenment"]},{"damage_healed":0,"gold_gain":0,"player_choice":"Forge","damage_taken":0,"max_hp_gain":0,"max_hp_loss":0,"event_name":"Accursed Blacksmith","floor":19,"gold_loss":0,"cards_upgraded":["Enlightenment"]}],"is_beta":false,"boss_relics":[{"not_picked":["Empty Cage","PrismaMod:PrismaZwei"],"picked":"Tiny House"}],"items_purged_floors":[],"is_endless":false,"potions_floor_spawned":[2,8,18],"killed_by":"Chosen and Byrds","ascension_level":0}}