{"host":"v1m5rkjj38qutr02","time":1609508823,"event":{"mods":["Act Like it!","BaseMod","Conspire","Gensokyo","GungeonMod","Hallownest","Minty Spire (QoL Compilation)","Replay The Spire","StSLib","The Bug Knight","Youmu£®ªÍ∆«—˝√Œ£©"],"gold_per_floor":[110,29,45,45,45,45,79,0,71,71,137,161,161,161],"floor_reached":13,"playtime":283,"items_purged":[],"score":148,"play_id":"01780316-89df-4e92-9aaf-562f4b8af537","local_time":"20210101214703","is_ascension_mode":true,"campfire_choices":[{"data":"Defragment","floor":6.0,"key":"SMITH"},{"data":"Hello World","floor":10.0,"key":"SMITH"}],"circlet_count":0,"master_deck":["Strike_B","Strike_B","Strike_B","Strike_B","Defend_B+1","Defend_B+1","Defend_B+1","Defend_B+1","Zap","Dualcast","Hello World+1","Defragment+1","Injury","Pot Of Greed","Pot Of Greed","Hologram","Conserve Battery","Turbo"],"relics":["Cracked Core","NeowsBlessing","Golden Idol","Grinning Jar","Replay:Wax Seal","Replay:Bottled Eggs","Girya"],"acts_visited":["Exordium"],"potions_floor_usage":[13],"damage_taken":[{"damage":0.0,"enemies":"Cultist","floor":1.0,"turns":1.0},{"damage":0.0,"enemies":"2 Louse","floor":3.0,"turns":1.0},{"damage":0.0,"enemies":"3 Sentries","floor":7.0,"turns":1.0},{"damage":2.0,"enemies":"3 Sentries","floor":11.0,"turns":9.0},{"damage":5,"enemies":"Small Slimes","floor":12,"turns":3},{"damage":9,"enemies":"Gremlin Nob","floor":13,"turns":3}],"seed_played":"-8987013918906423560","potions_obtained":[{"floor":7.0,"key":"SpeedPotion"},{"floor":12,"key":"Regen Potion"}],"is_trial":false,"path_per_floor":["M","$","M","?","?","R","E","$","T","R","?","M","E"],"character_chosen":"DEFECT","items_purchased":["Hello World","Replay:Wax Seal"],"campfire_rested":0,"item_purchase_floors":[2,8],"current_hp_per_floor":[68,68,68,68,68,68,68,68,68,68,66,61,61,61],"gold":161,"neow_bonus":"THREE_ENEMY_KILL","is_daily":false,"chose_seed":false,"campfire_upgraded":2,"win_rate":0.0,"timestamp":1609508823,"path_taken":["M","?","M","?","?","R","E","$","T","R","?","M","E"],"items_purchased_type":["Card","Relic"],"build_version":"2020-12-22","purchased_purges":0,"victory":false,"max_hp_per_floor":[75,75,75,75,75,75,75,75,75,75,75,75,75,75],"card_choices":[{"not_picked":["Gash","Cold Snap","Stack"],"picked":"SKIP","floor":1.0},{"not_picked":["Redo","Chaos"],"picked":"Defragment","floor":3.0},{"not_picked":["Blizzard","ReplayGash"],"picked":"Hologram","floor":7.0},{"not_picked":["Steam","Beam Cell"],"picked":"Conserve Battery","floor":11.0},{"not_picked":["Hologram","Barrage"],"picked":"Turbo","floor":12}],"player_experience":393616,"relics_obtained":[{"floor":7.0,"key":"Grinning Jar"},{"floor":9.0,"key":"Replay:Bottled Eggs"},{"floor":11.0,"key":"Girya"}],"event_choices":[{"damage_healed":0.0,"max_hp_gain":0.0,"max_hp_loss":0.0,"gold_gain":0.0,"event_name":"Golden Idol","player_choice":"Take Wound","floor":4.0,"gold_loss":0.0,"damage_taken":0.0,"relics_obtained":["Golden Idol"],"cards_obtained":["Injury"]},{"damage_healed":0.0,"max_hp_gain":0.0,"max_hp_loss":0.0,"gold_gain":0.0,"event_name":"Shining Light","player_choice":"Ignored","floor":5.0,"gold_loss":0.0,"damage_taken":0.0},{"damage_healed":0.0,"max_hp_gain":0.0,"max_hp_loss":0.0,"gold_gain":30.0,"event_name":"Dead Adventurer","player_choice":"Searched \u00272\u0027 times","floor":11.0,"gold_loss":0.0,"damage_taken":0.0}],"is_beta":false,"boss_relics":[],"items_purged_floors":[],"is_endless":false,"potions_floor_spawned":[7,12],"killed_by":"Gremlin Nob","ascension_level":8}}