{"host":"Yuki","time":1609470430,"event":{"mods":["AchievementEnabler","BaseMod","Block Reminder","Colored Map","Colored Powertips","Googly Eyes","Highlight Path","Minty Spire (QoL Compilation)","Permanent Neow","Quick Restart","Random Character Button","Random Character Mod","Relic Stats","StSLib","The Wild Card","everything is the same but u backflip on backflip","slay the spire mod where everything is the same but ironclad has a cowboy hat"],"gold_per_floor":[113,126,301,316,271,299,299,330,355,386,386,82,82,92,92,197,197,217,230,249,249,249],"floor_reached":21,"playtime":1996,"items_purged":["Doubt"],"score":301,"play_id":"0f9e430e-298b-40c9-a7fd-7c08a467771e","local_time":"20201231210710","is_ascension_mode":true,"campfire_choices":[{"floor":7,"key":"REST"},{"data":"theWildCard:ArchaicAssault","floor":11,"key":"SMITH"},{"data":"theWildCard:ManOfManyFaces","floor":13,"key":"SMITH"},{"data":"theWildCard:MagicMettle","floor":15,"key":"SMITH"}],"circlet_count":0,"master_deck":["theWildCard:BasicStrike","theWildCard:BasicStrike","theWildCard:BasicStrike","theWildCard:BasicDefend","theWildCard:BasicDefend","theWildCard:BasicDefend","theWildCard:BasicDefend","theWildCard:CallToAdventure","theWildCard:Arsene","theWildCard:Patience","theWildCard:Polydeuces","theWildCard:ArchaicAssault+1","theWildCard:MagicMettle+1","theWildCard:StingingStrike","theWildCard:ArchaicAssault","theWildCard:ManOfManyFaces+1","theWildCard:PowerOfTheArcana","theWildCard:Abstinence","theWildCard:Abstinence"],"relics":["theWildCard:VelvetContract","Lantern","Bag of Marbles","Centennial Puzzle","Orrery","Philosopher\u0027s Stone"],"acts_visited":["Exordium","TheCity"],"potions_floor_usage":[19,21],"damage_taken":[{"damage":2,"enemies":"Jaw Worm","floor":1,"turns":5},{"damage":0,"enemies":"Small Slimes","floor":2,"turns":4},{"damage":2,"enemies":"Cultist","floor":4,"turns":4},{"damage":0,"enemies":"Looter","floor":5,"turns":5},{"damage":36,"enemies":"3 Sentries","floor":6,"turns":15},{"damage":1,"enemies":"Lagavulin","floor":8,"turns":15},{"damage":7,"enemies":"3 Sentries","floor":10,"turns":15},{"damage":3,"enemies":"2 Fungi Beasts","floor":14,"turns":7},{"damage":0,"enemies":"Hexaghost","floor":16,"turns":19},{"damage":0,"enemies":"Spheric Guardian","floor":18,"turns":11},{"damage":18,"enemies":"2 Thieves","floor":19,"turns":2},{"damage":31,"enemies":"Centurion and Healer","floor":20,"turns":18},{"damage":13,"enemies":"Snake Plant","floor":21,"turns":1}],"seed_played":"1103628883071982053","potions_obtained":[{"floor":1,"key":"BlessingOfTheForge"},{"floor":2,"key":"FearPotion"},{"floor":10,"key":"LiquidBronze"},{"floor":14,"key":"SpeedPotion"},{"floor":20,"key":"Weak Potion"}],"is_trial":false,"path_per_floor":["M","M","?","M","M","E","R","E","T","E","R","$","R","M","R","B",null,"M","M","M","M"],"character_chosen":"THE_WILD_CARD","items_purchased":["theWildCard:ManOfManyFaces","Orrery"],"campfire_rested":1,"item_purchase_floors":[12,12],"current_hp_per_floor":[58,58,58,56,56,20,38,37,37,30,30,30,30,27,27,27,60,60,42,11,0,0],"gold":249,"neow_bonus":"TRANSFORM_CARD","is_daily":false,"chose_seed":false,"campfire_upgraded":3,"win_rate":0.0,"timestamp":1609470430,"path_taken":["M","M","?","M","M","E","R","E","T","E","R","$","R","M","R","BOSS","M","M","M","M"],"items_purchased_type":["Card","Relic"],"build_version":"2020-12-18","purchased_purges":1,"victory":false,"max_hp_per_floor":[60,60,60,60,60,60,60,60,60,60,60,60,60,60,60,60,60,60,60,60,60,60],"relic_stats":{"Centennial Puzzle":[12],"counters":[13,121],"obtain_stats":[{"theWildCard:VelvetContract":0,"Lantern":6,"Centennial Puzzle":10,"Orrery":12,"Philosopher\u0027s Stone":17,"Bag of Marbles":8},{"theWildCard:VelvetContract":0,"Lantern":5,"Centennial Puzzle":7,"Orrery":7,"Philosopher\u0027s Stone":9,"Bag of Marbles":6},{"theWildCard:VelvetContract":0,"Lantern":33,"Centennial Puzzle":63,"Orrery":63,"Philosopher\u0027s Stone":89,"Bag of Marbles":48}]},"card_choices":[{"not_picked":["theWildCard:ShieldOfMany","theWildCard:SacrificialStroke"],"picked":"theWildCard:Polydeuces","floor":1},{"not_picked":["theWildCard:SacrificialStroke","theWildCard:EnergizedStroke"],"picked":"theWildCard:ArchaicAssault","floor":2},{"not_picked":["theWildCard:ShieldOfMany","theWildCard:Patience"],"picked":"theWildCard:MagicMettle","floor":4},{"not_picked":["theWildCard:ArcaneArts","theWildCard:SacrificialStroke"],"picked":"theWildCard:StingingStrike","floor":5},{"not_picked":["theWildCard:StingingStrike","theWildCard:Impatience","theWildCard:Proficiency"],"picked":"SKIP","floor":6},{"not_picked":["theWildCard:ArcaneArts","theWildCard:Impatience"],"picked":"theWildCard:ArchaicAssault","floor":8},{"not_picked":["theWildCard:AllOutAttack","theWildCard:EnergyTheft","theWildCard:Michael"],"picked":"SKIP","floor":10},{"not_picked":["theWildCard:UnendingRitual","theWildCard:StalwartBlade"],"picked":"theWildCard:PowerOfTheArcana","floor":12},{"not_picked":["theWildCard:Deicide","theWildCard:StingingStrike"],"picked":"theWildCard:Abstinence","floor":12},{"not_picked":["theWildCard:Ruination","theWildCard:Polydeuces"],"picked":"theWildCard:Abstinence","floor":12},{"not_picked":["theWildCard:StingingStrike","theWildCard:Sakuya","theWildCard:SeveringSlash"],"picked":"SKIP","floor":14},{"not_picked":["theWildCard:SeveringSlash","theWildCard:ArcaneArts","theWildCard:PaleRider"],"picked":"SKIP","floor":18},{"not_picked":["theWildCard:StingingStrike","theWildCard:MagicalMight+1","theWildCard:Impatience"],"picked":"SKIP","floor":19},{"not_picked":["theWildCard:ArcaneArts","theWildCard:SacrificialStroke+1","theWildCard:BladeOfGenerations"],"picked":"SKIP","floor":20}],"player_experience":1244914,"relics_obtained":[{"floor":6,"key":"Lantern"},{"floor":8,"key":"Bag of Marbles"},{"floor":10,"key":"Centennial Puzzle"}],"event_choices":[{"damage_healed":0,"gold_gain":175,"player_choice":"AGREE","damage_taken":0,"max_hp_gain":0,"max_hp_loss":0,"event_name":"Liars Game","floor":3,"gold_loss":0,"cards_obtained":["Doubt"]}],"is_beta":true,"boss_relics":[{"not_picked":["Empty Cage","SlaversCollar"],"picked":"Philosopher\u0027s Stone"}],"items_purged_floors":[12],"is_endless":false,"potions_floor_spawned":[1,2,10,14,20],"killed_by":"Snake Plant","ascension_level":2}}