{"host":"15f3wpiimhe5yrng","time":1609540615,"event":{"mods":["2.2 Compatiblity","Arknights The Spire","BaseMod","Bestiary","Better Altar","Better Match","Better Note","Better Sensory Stone","Better Skull","Better Third Choice","Colored Map","Colored Powertips","Downfall","Evolution","Marisa????????","Minty Spire (QoL Compilation)","Permanent Neow","Relic Filter","SacredBarkPlus","Spicy Shops","StSLib","The Animator","The Caster","The Marked","The Poker Player","TheSwordswoman","??????REMEMod"],"gold_per_floor":[116,66,83,94,105,131,111,111,111,130,130,130],"floor_reached":11,"playtime":771,"items_purged":[],"score":75,"play_id":"944827a4-fcad-4a88-953b-fcf98a58e3fe","local_time":"20210101233655","is_ascension_mode":false,"campfire_choices":[],"circlet_count":0,"master_deck":["caster:Meteor","caster:DivertFocus","caster:strike","caster:strike","caster:strike","caster:defend","caster:defend","caster:defend","caster:defend","caster:defend","caster:StormGust","caster:DiablosFlame","caster:BookThrow","caster:Incantation","caster:QuickCast","caster:Enfeeble","caster:Slick+1","caster:WallOfMirrors+1"],"relics":["caster:MagicBook","EVO:Axolotl","REME_ComplimentaryCards","Vajra","Pen Nib","Toxic Egg 2"],"acts_visited":["Exordium"],"potions_floor_usage":[7,10,11,11],"damage_taken":[{"damage":0,"enemies":"2 Louse","floor":1,"turns":3},{"damage":0,"enemies":"Jaw Worm","floor":3,"turns":4},{"damage":0,"enemies":"Cultist","floor":4,"turns":4},{"damage":29,"enemies":"2 Fungi Beasts","floor":5,"turns":4},{"damage":11,"enemies":"Lagavulin","floor":6,"turns":5},{"damage":16,"enemies":"Lots of Slimes","floor":10,"turns":4},{"damage":47,"enemies":"Gremlin Nob","floor":11,"turns":7}],"seed_played":"7559382685775376036","potions_obtained":[{"floor":1,"key":"Fruit Juice"},{"floor":3,"key":"SpeedPotion"},{"floor":4,"key":"Block Potion"},{"floor":7,"key":"Fruit Juice"}],"is_trial":false,"path_per_floor":["M","?","M","M","M","E","?","?","T","M","E"],"character_chosen":"THE_CASTER","items_purchased":[],"campfire_rested":0,"item_purchase_floors":[],"current_hp_per_floor":[64,64,64,64,35,24,29,29,29,13,0,0],"gold":130,"neow_bonus":"RANDOM_COMMON_RELIC","is_daily":false,"chose_seed":false,"campfire_upgraded":0,"win_rate":0.0,"timestamp":1609540615,"path_taken":["M","?","M","M","M","E","?","?","T","M","E"],"items_purchased_type":[],"build_version":"2020-12-22","purchased_purges":0,"victory":false,"max_hp_per_floor":[64,64,64,64,64,64,69,69,69,69,74,74],"card_choices":[{"not_picked":["caster:LightningBolt","caster:Enfeeble"],"picked":"caster:DiablosFlame","floor":1},{"not_picked":["caster:AshesToAshes","caster:Grimoire"],"picked":"caster:BookThrow","floor":3},{"not_picked":["caster:Charge","caster:FrostDriver"],"picked":"caster:Incantation","floor":4},{"not_picked":["caster:FrostDriver","caster:MagicBarrier"],"picked":"caster:QuickCast","floor":5},{"not_picked":["caster:Unearth","caster:IcicleLance"],"picked":"caster:Enfeeble","floor":6},{"not_picked":["caster:Eruption","caster:GlacialShield"],"picked":"caster:WallOfMirrors+1","floor":10}],"player_experience":118111,"relics_obtained":[{"floor":6,"key":"Pen Nib"},{"floor":9,"key":"Toxic Egg 2"}],"event_choices":[{"cards_removed":["caster:strike"],"damage_healed":0,"gold_gain":0,"player_choice":"Card Removal","damage_taken":0,"max_hp_gain":0,"max_hp_loss":0,"event_name":"The Cleric","floor":2,"gold_loss":50},{"damage_healed":0,"gold_gain":0,"player_choice":"Bought 1 Potion","damage_taken":0,"max_hp_gain":0,"max_hp_loss":0,"event_name":"The Woman in Blue","floor":7,"gold_loss":0}],"is_beta":false,"boss_relics":[],"items_purged_floors":[],"is_endless":false,"potions_floor_spawned":[1,3,4],"killed_by":"Gremlin Nob","ascension_level":0}}