{"host":"p6y17sixyu8q9v1f","time":1609480181,"event":{"mods":["BaseMod","Colored Map","Minty Spire (QoL Compilation)"],"gold_per_floor":[115,115,115,44,119,159,159,12,12,50,66,14,38,73,85,225,237,272,284,311,343,374,430,89,89,89,89,110,110,110,110,110],"floor_reached":31,"playtime":55564,"items_purged":["Strike_R"],"score":426,"play_id":"cfc86bc7-de2e-40fd-80dd-41073357783a","local_time":"20201231234941","is_ascension_mode":true,"campfire_choices":[{"data":"Inflame","floor":7,"key":"SMITH"},{"data":"Reaper","floor":15,"key":"SMITH"},{"data":"Limit Break","floor":25,"key":"SMITH"},{"data":"Armaments","floor":27,"key":"SMITH"}],"circlet_count":0,"master_deck":["Strike_R","Strike_R","Strike_R","Strike_R","Defend_R","Defend_R","Defend_R","Defend_R","Flex","Inflame+1","Clothesline","Reaper+1","Flex","Flex","Anger","Limit Break+1","Infernal Blade","Flex+1","Armaments+1","Flex","Thunderclap"],"relics":["Burning Blood","NeowsBlessing","Bloody Idol","HornCleat","Brimstone","Pantograph","Regal Pillow","MawBank","Cursed Key","Lantern","Strange Spoon"],"acts_visited":["Exordium","TheCity"],"potions_floor_usage":[13,14,23,28],"damage_taken":[{"damage":0,"enemies":"Small Slimes","floor":1,"turns":1},{"damage":0,"enemies":"Lagavulin","floor":6,"turns":1},{"damage":0,"enemies":"Gremlin Nob","floor":10,"turns":1},{"damage":0,"enemies":"2 Louse","floor":11,"turns":1},{"damage":7,"enemies":"Jaw Worm","floor":13,"turns":2},{"damage":19,"enemies":"Lagavulin","floor":14,"turns":6},{"damage":28,"enemies":"Slime Boss","floor":16,"turns":9},{"damage":52,"enemies":"3 Byrds","floor":18,"turns":4},{"damage":4,"enemies":"Chosen","floor":20,"turns":3},{"damage":34,"enemies":"3 Cultists","floor":21,"turns":5},{"damage":22,"enemies":"Snake Plant","floor":22,"turns":3},{"damage":22,"enemies":"Slavers","floor":23,"turns":3},{"damage":24,"enemies":"Shelled Parasite and Fungi","floor":28,"turns":4},{"damage":87,"enemies":"Cultist and Chosen","floor":31,"turns":6}],"seed_played":"-8270929710222925364","potions_obtained":[{"floor":10,"key":"HeartOfIron"},{"floor":13,"key":"Block Potion"},{"floor":22,"key":"Regen Potion"},{"floor":23,"key":"AttackPotion"},{"floor":28,"key":"SpeedPotion"}],"is_trial":false,"path_per_floor":["M","?","?","$","?","E","R","$","T","E","M","$","M","E","R","B",null,"M","?","M","M","M","E","$","R","T","R","M","?","?","M"],"character_chosen":"IRONCLAD","items_purchased":["Inflame","Brimstone","Flex","Strange Spoon","Armaments","Flex","Thunderclap"],"campfire_rested":0,"item_purchase_floors":[4,8,12,24,24,24,24],"current_hp_per_floor":[80,80,60,60,49,55,55,55,55,61,67,67,80,80,80,58,75,46,46,70,52,50,63,63,63,63,63,54,54,54,0,0],"gold":110,"neow_bonus":"THREE_ENEMY_KILL","is_daily":false,"chose_seed":false,"campfire_upgraded":4,"win_rate":0.0,"timestamp":1609480181,"path_taken":["M","?","?","$","?","E","R","$","T","E","M","?","?","E","R","BOSS","M","?","?","M","M","E","$","R","T","R","M","?","?","M"],"items_purchased_type":["Card","Relic","Card","Relic","Card","Card","Card"],"build_version":"2020-12-22","purchased_purges":1,"victory":false,"max_hp_per_floor":[80,80,80,80,80,80,80,80,80,80,80,80,80,80,80,80,80,80,80,80,80,80,80,80,80,80,80,80,80,80,80,80],"card_choices":[{"not_picked":["Uppercut","True Grit"],"picked":"Flex","floor":1},{"not_picked":["Burning Pact","Pommel Strike"],"picked":"Clothesline","floor":6},{"not_picked":["Anger","Entrench"],"picked":"Reaper","floor":10},{"not_picked":["True Grit","Shrug It Off"],"picked":"Flex","floor":11},{"not_picked":["Twin Strike","Burning Pact","Searing Blow"],"picked":"SKIP","floor":13},{"not_picked":["Fire Breathing","Pommel Strike"],"picked":"Anger","floor":14},{"not_picked":["Bludgeon","Barricade"],"picked":"Limit Break","floor":16},{"not_picked":["Perfected Strike","Twin Strike"],"picked":"Infernal Blade","floor":18},{"not_picked":["Sword Boomerang","Shrug It Off+1","Disarm+1"],"picked":"SKIP","floor":20},{"not_picked":["Cleave+1","Twin Strike"],"picked":"Flex+1","floor":21},{"not_picked":["Pommel Strike+1","Twin Strike","Carnage"],"picked":"SKIP","floor":22},{"not_picked":["Power Through","Impervious","Headbutt"],"picked":"SKIP","floor":23},{"not_picked":["Cleave","True Grit+1","Body Slam+1"],"picked":"SKIP","floor":28}],"player_experience":829794,"relics_obtained":[{"floor":6,"key":"HornCleat"},{"floor":9,"key":"Pantograph"},{"floor":10,"key":"Regal Pillow"},{"floor":14,"key":"MawBank"},{"floor":23,"key":"Lantern"}],"event_choices":[{"damage_healed":0,"gold_gain":0,"player_choice":"Ignored","damage_taken":0,"max_hp_gain":0,"max_hp_loss":0,"event_name":"Shining Light","floor":2,"gold_loss":0},{"damage_healed":0,"gold_gain":0,"player_choice":"Take Damage","damage_taken":20,"relics_obtained":["Golden Idol"],"max_hp_gain":0,"max_hp_loss":0,"event_name":"Golden Idol","floor":3,"gold_loss":0},{"damage_healed":0,"gold_gain":75,"player_choice":"Gather Gold","damage_taken":11,"max_hp_gain":0,"max_hp_loss":0,"event_name":"World of Goop","floor":5,"gold_loss":0},{"cards_removed":["Bash"],"damage_healed":0,"gold_gain":0,"player_choice":"Offered Basic","damage_taken":0,"max_hp_gain":0,"max_hp_loss":0,"event_name":"Bonfire Elementals","floor":19,"gold_loss":0},{"damage_healed":0,"gold_gain":0,"player_choice":"Gave Idol","damage_taken":0,"relics_obtained":["Bloody Idol"],"max_hp_gain":0,"max_hp_loss":0,"event_name":"Forgotten Altar","floor":29,"relics_lost":["Golden Idol"],"gold_loss":0},{"cards_removed":["Writhe"],"damage_healed":0,"gold_gain":0,"player_choice":"Elegance","damage_taken":0,"max_hp_gain":0,"max_hp_loss":0,"event_name":"Back to Basics","floor":30,"gold_loss":0}],"is_beta":false,"boss_relics":[{"not_picked":["Runic Cube","Fusion Hammer"],"picked":"Cursed Key"}],"items_purged_floors":[24],"is_endless":false,"potions_floor_spawned":[10,13,22,23,28],"killed_by":"Cultist and Chosen","ascension_level":5}}