{"host":"u499vgr0907g2fby","time":1609517495,"event":{"mods":["BaseMod","Downfall","Googly Eyes","Minty Spire (QoL Compilation)","StSLib"],"gold_per_floor":[99,114,128,142,31,31,31,43,55,167,179,209,241,20,38,38,38,38],"floor_reached":16,"playtime":1609,"items_purged":["Regret"],"score":92,"play_id":"1d972043-0886-449a-9b47-35576b90500d","local_time":"20210101121135","is_ascension_mode":false,"campfire_choices":[{"data":"champ:Taunt","floor":1,"key":"SMITH"},{"data":"champ:StrikeOfGenius","floor":11,"key":"SMITH"}],"circlet_count":0,"master_deck":["champ:Strike","champ:Strike","champ:Strike+1","champ:Defend","champ:Defend","champ:Defend","champ:Defend","champ:Execute+1","champ:Taunt+1","champ:Shatter","champ:StrikeOfGenius+1","champ:PerfectForm+1","champ:GladiatorStyle","champ:Haymaker","champ:Riposte","champ:PreciseThrust"],"relics":["champ:ChampionCrown","MawBank","Champion Belt","Bag of Preparation"],"acts_visited":["Exordium"],"potions_floor_usage":[10,13,15],"damage_taken":[{"damage":5,"enemies":"Cultist","floor":2,"turns":4},{"damage":9,"enemies":"Jaw Worm","floor":3,"turns":6},{"damage":5,"enemies":"Small Slimes","floor":4,"turns":3},{"damage":0,"enemies":"downfall:FleeingMerchant","floor":5,"turns":4},{"damage":22,"enemies":"downfall:FleeingMerchant","floor":10,"turns":5},{"damage":18,"enemies":"3 Louse","floor":12,"turns":6},{"damage":10,"enemies":"2 Fungi Beasts","floor":13,"turns":4},{"damage":16,"enemies":"downfall:FleeingMerchant","floor":14,"turns":4},{"damage":19,"enemies":"Exordium Thugs","floor":15,"turns":4},{"damage":29,"enemies":"downfall:Ironclad","floor":16,"turns":5}],"seed_played":"6047190134649885671","potions_obtained":[{"floor":3,"key":"hexamod:EctoCoolerPotion"},{"floor":10,"key":"Block Potion"},{"floor":12,"key":"Swift Potion"},{"floor":13,"key":"SteroidPotion"}],"is_trial":false,"path_per_floor":["R","M","M","M","$","?","T","?","?","?","R","M","M","$","M","B"],"character_chosen":"THE_CHAMP","items_purchased":["champ:GladiatorStyle","champ:Haymaker","Bag of Preparation"],"campfire_rested":0,"item_purchase_floors":[5,5,14],"current_hp_per_floor":[99,99,98,98,98,98,98,98,98,76,76,63,53,42,28,0,0,0],"gold":38,"neow_bonus":"TEN_PERCENT_HP_BONUS","is_daily":false,"chose_seed":false,"campfire_upgraded":2,"win_rate":0.0,"timestamp":1609517495,"path_taken":["R","M","?","M","$","?","T","?","?","?","R","M","M","?","M","BOSS"],"items_purchased_type":["Card","Card","Relic"],"build_version":"2020-12-22","purchased_purges":1,"victory":false,"max_hp_per_floor":[99,99,99,99,99,99,99,99,99,99,99,99,99,99,99,99,99,99],"card_choices":[{"not_picked":["champ:GutPunch","champ:BerserkersShout","champ:BringItOn"],"picked":"SKIP","floor":2},{"not_picked":["champ:BringItOn","champ:BladeFlurry"],"picked":"champ:Shatter","floor":3},{"not_picked":["champ:BladeFlurry","champ:Backstep"],"picked":"champ:StrikeOfGenius","floor":4},{"not_picked":["champ:ViciousMockery","champ:Backstep"],"picked":"champ:PerfectForm","floor":5},{"not_picked":["champ:Shatter","champ:StrikeOfGenius"],"picked":"champ:Riposte","floor":12},{"not_picked":["champ:BringItOn","champ:TornadoPunch"],"picked":"champ:PreciseThrust","floor":13},{"not_picked":["champ:GutPunch","champ:DefensiveShout","champ:Backstep"],"picked":"SKIP","floor":14},{"not_picked":["champ:CrookedStrike","champ:Haymaker","champ:DefensiveShout"],"picked":"SKIP","floor":15}],"player_experience":1908088,"relics_obtained":[{"floor":7,"key":"MawBank"},{"floor":10,"key":"Champion Belt"}],"event_choices":[{"cards_removed":["champ:Strike"],"damage_healed":0,"gold_gain":0,"player_choice":"Card Removal","damage_taken":0,"max_hp_gain":0,"max_hp_loss":0,"event_name":"The Cleric","floor":8,"gold_loss":0}],"is_beta":false,"boss_relics":[],"items_purged_floors":[14],"is_endless":false,"potions_floor_spawned":[3,10,12,13],"killed_by":"downfall:Ironclad","ascension_level":0}}