{"host":"7k2a2omxz3voj5ax","time":1609491264,"event":{"mods":["BaseMod","Lobotomy","Marisa£¨ìFÓê¡¡Ä§ÀíÉ³£©","Minty Spire (QoL Compilation)","Quick Restart","Spicy Shops","StSLib","Starting Relic: Pandora\u0027s Box","óô»ðÖ¸ÄÏ"],"gold_per_floor":[111,36,55,55,75,75,75,75,75,0,25,43,68,83,83,162,162,173,173,8,8,8,8],"floor_reached":22,"playtime":792,"items_purged":["MasterSpark"],"score":504,"play_id":"cf821195-7685-49a8-8785-a4a4ba207e71","local_time":"20210101175424","is_ascension_mode":true,"campfire_choices":[{"data":"MachineGunSpark","floor":6.0,"key":"SMITH"},{"data":"UpSweep","floor":8.0,"key":"SMITH"},{"floor":15.0,"key":"REST"}],"circlet_count":0,"master_deck":["AscendersBane","UpSweep+1","PropBag","PowerUp","MachineGunSpark+1","PowerUp","Acceleration","PowerUp","ShootingEcho","LongBird","Variant","SatelliteIllusion","GalacticHalo","SuperNova","6A"],"relics":["MiniHakkero","CogitoBucket","Eternal Feather","Ornamental Fan","Lantern","Sozu","Membership Card"],"acts_visited":["Exordium","TheCity"],"potions_floor_usage":[],"damage_taken":[{"damage":0.0,"enemies":"Cultist","floor":1.0,"turns":2.0},{"damage":12.0,"enemies":"Small Slimes","floor":3.0,"turns":2.0},{"damage":12.0,"enemies":"Jaw Worm","floor":5.0,"turns":2.0},{"damage":5.0,"enemies":"Gremlin Nob","floor":7.0,"turns":2.0},{"damage":0.0,"enemies":"Lagavulin","floor":11.0,"turns":2.0},{"damage":28.0,"enemies":"Looter","floor":12.0,"turns":3.0},{"damage":13.0,"enemies":"Gremlin Nob","floor":13.0,"turns":3.0},{"damage":1.0,"enemies":"2 Fungi Beasts","floor":14.0,"turns":2.0},{"damage":25.0,"enemies":"Hexaghost","floor":16.0,"turns":8.0},{"damage":36.0,"enemies":"Chosen","floor":18.0,"turns":4.0},{"damage":2,"enemies":"Spheric Guardian","floor":22,"turns":1}],"seed_played":"7836334996699653320","potions_obtained":[{"floor":1.0,"key":"SkillPotion"},{"floor":3.0,"key":"Fruit Juice"},{"floor":7.0,"key":"Ancient Potion"}],"is_trial":false,"path_per_floor":["M","?","M","$","M","R","E","R","T","$","E","M","E","M","R","B",null,"M","?","$","?","M"],"character_chosen":"MARISA","items_purchased":["Membership Card"],"campfire_rested":1,"item_purchase_floors":[20],"current_hp_per_floor":[63,63,56,56,44,44,39,45,45,45,45,17,4,3,31,6,58,22,22,22,1,0,0],"gold":8,"neow_bonus":"","is_daily":false,"chose_seed":false,"campfire_upgraded":2,"win_rate":0.0,"timestamp":1609491264,"path_taken":["M","?","M","$","M","R","E","R","T","$","E","M","E","M","R","BOSS","M","?","$","?","M"],"items_purchased_type":["Relic"],"build_version":"2020-12-22","purchased_purges":1,"victory":false,"max_hp_per_floor":[70,70,75,75,75,75,75,75,75,75,75,75,75,75,75,75,75,75,75,75,80,80,80],"card_choices":[{"not_picked":["SpiderBud","ShyLook"],"picked":"LongBird","floor":1.0},{"not_picked":["PulseMagic","UnstableBomb","DarkMatter"],"picked":"SKIP","floor":1.0},{"not_picked":["ShootingEcho","LuminesStrike","PulseMagic"],"picked":"SKIP","floor":3.0},{"not_picked":["ShootingEcho","LuminesStrike","PulseMagic"],"picked":"SKIP","floor":3.0},{"not_picked":["DragonMeteor","AsteroidBelt","ShootTheMoon"],"picked":"SKIP","floor":5.0},{"not_picked":["DragonMeteor","AsteroidBelt","ShootTheMoon"],"picked":"SKIP","floor":5.0},{"not_picked":["GrandCross","AsteroidBelt","Acceleration"],"picked":"SKIP","floor":7.0},{"not_picked":["MHz","FieryBird"],"picked":"Variant","floor":11.0},{"not_picked":["MagicChant","SporeBomb","RefractionSpark"],"picked":"SKIP","floor":11.0},{"not_picked":["EnergyRecoil","Acceleration","DarkMatter"],"picked":"SKIP","floor":12.0},{"not_picked":["EnergyRecoil","Acceleration","DarkMatter"],"picked":"SKIP","floor":12.0},{"not_picked":["RefractionSpark","ShootingEcho"],"picked":"SatelliteIllusion","floor":13.0},{"not_picked":["ManaConvection","AsteroidBelt"],"picked":"GalacticHalo","floor":14.0},{"not_picked":["MaximisePower","MillisecondPulsars"],"picked":"SuperNova","floor":16.0},{"not_picked":["ChargingUp","FairyDestructionRay+1","EnergyRecoil"],"picked":"SKIP","floor":18.0},{"not_picked":["ChargingUp","FairyDestructionRay+1","EnergyRecoil"],"picked":"SKIP","floor":18.0},{"not_picked":["ChargingUp","FairyDestructionRay+1","EnergyRecoil"],"picked":"SKIP","floor":18.0}],"player_experience":396168,"relics_obtained":[{"floor":7.0,"key":"Eternal Feather"},{"floor":9.0,"key":"Ornamental Fan"},{"floor":13.0,"key":"Lantern"}],"event_choices":[{"cards_removed":["LuminesStrike"],"damage_healed":0.0,"max_hp_gain":0.0,"max_hp_loss":0.0,"gold_gain":0.0,"event_name":"The Cleric","player_choice":"Card Removal","floor":2.0,"gold_loss":75.0,"damage_taken":0.0},{"damage_healed":0,"gold_gain":0,"player_choice":"Read","damage_taken":0,"max_hp_gain":0,"max_hp_loss":0,"event_name":"The Library","floor":19,"gold_loss":0,"cards_obtained":["6A"]},{"damage_healed":0,"gold_gain":0,"player_choice":"Shed Blood","damage_taken":26,"max_hp_gain":5,"max_hp_loss":0,"event_name":"Forgotten Altar","floor":21,"gold_loss":0}],"is_beta":false,"boss_relics":[{"not_picked":["Runic Dome","SlaversCollar"],"picked":"Sozu"}],"items_purged_floors":[10],"is_endless":false,"potions_floor_spawned":[1,3,7,14,18],"killed_by":"Spheric Guardian","ascension_level":20}}