{"host":"51fyd6gkml7xavq8","time":1609471719,"event":{"mods":["BaseMod","BetterRewards","Colored Map","Energized Spire","Infinite Spire","Minty Spire (QoL Compilation)","Replay The Spire","Shop Mod","Spicy Shops","StSLib","The Blue Laboratory","[IsaacMod]????"],"gold_per_floor":[112,128,15,15,15,15,40,40,63,63,73,121,128,155,155,279,279,319,359,388,388],"floor_reached":20,"playtime":855,"items_purged":["Defend_G"],"score":319,"play_id":"232fe84a-f96d-481a-a008-98689938405a","local_time":"20210101002839","is_ascension_mode":true,"campfire_choices":[{"data":"Noxious Fumes","floor":6.0,"key":"SMITH"},{"data":"Noxious Fumes","floor":8.0,"key":"SMITH"},{"data":"Sadistic Nature","floor":10.0,"key":"SMITH"},{"floor":15,"key":"REST"}],"circlet_count":0,"master_deck":["Strike_G+1","Strike_G+1","Strike_G","Strike_G","Defend_G","Defend_G","Defend_G","Survivor","Neutralize","BettingIsNotGood","Sadistic Nature+1","Dagger Spray","Noxious Fumes+1","Noxious Fumes+1","Bouncing Flask","Draining Mist","ReplayTheSpireMod:Necrosis","Catalyst+1"],"relics":["Ring of the Snake","HushsDoor","SteamSale","MerchantsRug","DollysMirror","SalivaCoin","Simple Rune","ReplayTheSpireMod:DimensionalGlitch"],"acts_visited":["Exordium","TheCity"],"potions_floor_usage":[14,16,16],"damage_taken":[{"damage":3.0,"enemies":"Jaw Worm","floor":1.0,"turns":4.0},{"damage":6.0,"enemies":"2 Louse","floor":2.0,"turns":5.0},{"damage":0.0,"enemies":"Cultist","floor":7.0,"turns":3.0},{"damage":0.0,"enemies":"Looter","floor":11.0,"turns":1.0},{"damage":21.0,"enemies":"Exordium Thugs","floor":12.0,"turns":3.0},{"damage":4,"enemies":"Lots of Slimes","floor":14,"turns":2},{"damage":7,"enemies":"Hexaghost","floor":16,"turns":5},{"damage":33,"enemies":"2 Thieves","floor":18,"turns":3},{"damage":19,"enemies":"Shell Parasite","floor":19,"turns":5},{"damage":20,"enemies":"Snecko","floor":20,"turns":3}],"seed_played":"6999832291086882919","potions_obtained":[{"floor":11.0,"key":"blueLaboratory:BottleOfVodka"},{"floor":12.0,"key":"BlessingOfTheForge"},{"floor":14,"key":"blueLaboratory:BottleOfRum"},{"floor":19,"key":"blueLaboratory:HummingbirdPotion"}],"is_trial":false,"path_per_floor":["M","M","$","?","?","R","M","R","T","R","M","M","?","M","R","B",null,"M","M","M"],"character_chosen":"THE_SILENT","items_purchased":["MerchantsRug","blueLaboratory:PhilterOfMotion","AttackPotion","Sadistic Nature","Noxious Fumes","DollysMirror"],"campfire_rested":1,"item_purchase_floors":[0,0,0,0,3,3],"current_hp_per_floor":[58,52,52,52,45,45,45,45,45,45,45,24,9,5,26,19,70,37,18,0,0],"gold":388,"neow_bonus":"","is_daily":false,"chose_seed":false,"campfire_upgraded":3,"win_rate":0.0,"timestamp":1609471719,"path_taken":["M","M","$","?","?","R","M","R","T","R","M","M","?","M","R","BOSS","M","?","M"],"items_purchased_type":["Relic","Potion","Potion","Card","Card","Relic"],"build_version":"2020-12-22","purchased_purges":1,"victory":false,"max_hp_per_floor":[70,70,70,70,70,70,70,70,70,70,70,70,70,70,70,70,70,70,70,70,70],"card_choices":[{"not_picked":[],"picked":"BettingIsNotGood","floor":0.0},{"not_picked":["Toxin Wave","Quick Slash"],"picked":"Bomb","floor":1.0},{"not_picked":["Flying Knee","Deflect"],"picked":"Dagger Spray","floor":2.0},{"not_picked":["Slice","Distraction"],"picked":"Bouncing Flask","floor":7.0},{"not_picked":["Poisoned Stab","Dagger Spray"],"picked":"Draining Mist","floor":11.0},{"not_picked":["Acrobatics","Glass Knife","Backflip"],"picked":"SKIP","floor":12.0},{"not_picked":["Deadly Poison","Acrobatics","Hidden Blade"],"picked":"SKIP","floor":14},{"not_picked":["Storm of Steel","Doppelganger"],"picked":"ReplayTheSpireMod:Necrosis","floor":16},{"not_picked":["Choke+1","Cloak And Dagger","Acrobatics+1"],"picked":"SKIP","floor":18},{"not_picked":["Outmaneuver","Riddle With Holes"],"picked":"Catalyst+1","floor":19}],"player_experience":454159,"relics_obtained":[{"floor":9.0,"key":"SalivaCoin"}],"event_choices":[{"cards_removed":["Strike_G"],"damage_healed":0.0,"max_hp_gain":0.0,"max_hp_loss":0.0,"gold_gain":0.0,"event_name":"Golden Wing","player_choice":"Card Removal","floor":5.0,"gold_loss":0.0,"damage_taken":7.0}],"is_beta":false,"boss_relics":[{"not_picked":["Sozu","Runic Dome"],"picked":"ReplayTheSpireMod:DimensionalGlitch"},{"not_picked":[]}],"items_purged_floors":[0],"is_endless":false,"potions_floor_spawned":[11,12,14,19],"killed_by":"Snecko","ascension_level":4}}