{"host":"6azrrw3tf7wb0f4b","time":1609484345,"event":{"mods":["BaseMod","DeckTracker","Minty Spire (QoL Compilation)","SuperFastMode"],"gold_per_floor":[114,35,210,220,220,255,255,255,255,286,304,304,48,69,69,193,193,184,184,109,122,122,122,141,185,239,263,263,287,311,311,311],"floor_reached":31,"playtime":753,"items_purged":["Doubt"],"score":446,"play_id":"a0838c99-f820-497e-9da4-0bbe899c45cd","local_time":"20210101155905","is_ascension_mode":true,"campfire_choices":[{"floor":12,"key":"REST"},{"data":"Dualcast","floor":15,"key":"SMITH"},{"data":"Echo Form","floor":23,"key":"SMITH"}],"circlet_count":0,"master_deck":["AscendersBane","Strike_B","Strike_B","Strike_B","Defend_B","Defend_B","Defend_B+1","Defend_B","Zap+1","Dualcast+1","Steam","Glacier","Reinforced Body","Go for the Eyes","Conserve Battery","Tempest+1","Echo Form+1","Ball Lightning","Coolheaded+1","Turbo+1","Capacitor","Stack+1","Hello World+1"],"relics":["FrozenCore","NeowsBlessing","Omamori","Golden Idol","Akabeko","Lantern","Toxic Egg 2","Matryoshka","CeramicFish","Ancient Tea Set","Happy Flower","Vajra","Dream Catcher"],"acts_visited":["Exordium","TheCity"],"potions_floor_usage":[24,25,31,31],"damage_taken":[{"damage":0,"enemies":"Cultist","floor":1,"turns":1},{"damage":0,"enemies":"Small Slimes","floor":4,"turns":1},{"damage":0,"enemies":"Gremlin Nob","floor":6,"turns":1},{"damage":14,"enemies":"3 Sentries","floor":10,"turns":8},{"damage":0,"enemies":"2 Louse","floor":11,"turns":2},{"damage":4,"enemies":"Exordium Wildlife","floor":14,"turns":5},{"damage":36,"enemies":"The Guardian","floor":16,"turns":17},{"damage":15,"enemies":"2 Thieves","floor":18,"turns":4},{"damage":24,"enemies":"3 Byrds","floor":21,"turns":4},{"damage":16,"enemies":"3 Cultists","floor":24,"turns":5},{"damage":7,"enemies":"Slavers","floor":25,"turns":8},{"damage":10,"enemies":"Snake Plant","floor":29,"turns":5},{"damage":14,"enemies":"Centurion and Healer","floor":30,"turns":9},{"damage":26,"enemies":"Book of Stabbing","floor":31,"turns":5}],"seed_played":"6477488484593493591","potions_obtained":[{"floor":10,"key":"Dexterity Potion"},{"floor":11,"key":"Strength Potion"},{"floor":21,"key":"FocusPotion"},{"floor":28,"key":"Swift Potion"},{"floor":28,"key":"Explosive Potion"}],"is_trial":false,"path_per_floor":["M","$","?","M","?","E","?","?","T","E","M","R","$","M","R","B",null,"M","T","$","M","?","R","M","E","T","T","?","M","M","E"],"character_chosen":"DEFECT","items_purchased":["Glacier","Toxic Egg 2"],"campfire_rested":1,"item_purchase_floors":[2,13],"current_hp_per_floor":[68,68,68,68,53,53,53,53,53,39,39,59,59,55,55,19,57,42,42,42,18,69,69,53,46,46,46,46,36,22,0,0],"gold":311,"neow_bonus":"THREE_ENEMY_KILL","is_daily":false,"chose_seed":false,"campfire_upgraded":2,"win_rate":0.0,"timestamp":1609484345,"path_taken":["M","$","?","M","?","E","?","?","T","E","?","R","$","M","R","BOSS","M","?","$","M","?","R","?","E","T","?","?","?","M","E"],"items_purchased_type":["Card","Relic"],"build_version":"2020-12-22","purchased_purges":1,"victory":false,"max_hp_per_floor":[75,75,75,75,75,75,69,69,69,69,69,69,69,69,69,69,69,69,69,69,69,69,69,69,69,69,69,69,69,69,69,69],"card_choices":[{"not_picked":["Reprogram","Redo"],"picked":"Steam","floor":1},{"not_picked":["Glacier","Streamline"],"picked":"Reinforced Body","floor":4},{"not_picked":["Lockon","Stack","Redo"],"picked":"SKIP","floor":6},{"not_picked":["Genetic Algorithm","Double Energy"],"picked":"Go for the Eyes","floor":10},{"not_picked":["Compile Driver","Go for the Eyes"],"picked":"Conserve Battery","floor":11},{"not_picked":["Static Discharge","Sweeping Beam"],"picked":"Tempest+1","floor":14},{"not_picked":["Core Surge","Amplify+1"],"picked":"Echo Form","floor":16},{"not_picked":["Steam+1","Compile Driver"],"picked":"Ball Lightning","floor":18},{"not_picked":["Leap+1","Compile Driver"],"picked":"Coolheaded+1","floor":21},{"not_picked":["Rebound","Steam Power+1"],"picked":"Turbo+1","floor":24},{"not_picked":["Steam+1","Meteor Strike"],"picked":"Capacitor","floor":25},{"not_picked":["FTL","Go for the Eyes"],"picked":"Stack+1","floor":29},{"not_picked":["Beam Cell","Coolheaded+1"],"picked":"Hello World+1","floor":30}],"player_experience":658133,"relics_obtained":[{"floor":6,"key":"Omamori"},{"floor":9,"key":"Akabeko"},{"floor":10,"key":"Lantern"},{"floor":19,"key":"Matryoshka"},{"floor":25,"key":"CeramicFish"},{"floor":26,"key":"Ancient Tea Set"},{"floor":26,"key":"Happy Flower"},{"floor":27,"key":"Vajra"},{"floor":27,"key":"Dream Catcher"}],"event_choices":[{"damage_healed":0,"gold_gain":175,"player_choice":"AGREE","damage_taken":0,"max_hp_gain":0,"max_hp_loss":0,"event_name":"Liars Game","floor":3,"gold_loss":0,"cards_obtained":["Doubt"]},{"damage_healed":0,"gold_gain":0,"player_choice":"Entered Light","damage_taken":15,"max_hp_gain":0,"max_hp_loss":0,"event_name":"Shining Light","floor":5,"gold_loss":0,"cards_upgraded":["Defend_B","Zap"]},{"damage_healed":0,"gold_gain":0,"player_choice":"Lose Max HP","damage_taken":0,"relics_obtained":["Golden Idol"],"max_hp_gain":0,"max_hp_loss":6,"event_name":"Golden Idol","floor":7,"gold_loss":0},{"damage_healed":0,"gold_gain":0,"cards_transformed":["Strike_B"],"player_choice":"Change","damage_taken":0,"max_hp_gain":0,"max_hp_loss":0,"event_name":"Living Wall","floor":8,"gold_loss":0,"cards_obtained":["Sunder"]},{"cards_removed":["Sunder"],"damage_healed":51,"gold_gain":0,"player_choice":"Offered Uncommon","damage_taken":0,"max_hp_gain":0,"max_hp_loss":0,"event_name":"Bonfire Elementals","floor":22,"gold_loss":0},{"damage_healed":0,"gold_gain":0,"player_choice":"Got Potions","damage_taken":0,"max_hp_gain":0,"max_hp_loss":0,"event_name":"Lab","floor":28,"gold_loss":0}],"is_beta":false,"boss_relics":[{"not_picked":["SacredBark","Fusion Hammer"],"picked":"FrozenCore"}],"items_purged_floors":[20],"is_endless":false,"potions_floor_spawned":[10,11,14,21,29,30],"killed_by":"Book of Stabbing","ascension_level":11}}