{"host":"j0vzbnzm6n2ctevn","time":1609482251,"event":{"mods":["AchievementEnabler","BaseMod","Minty Spire (QoL Compilation)","Quick Restart","Shop Mod","Spicy Shops","StSLib"],"gold_per_floor":[117,129,129,148,323,323,323,352,352,352,366,381,43,60,60,159,159,173,173,193,204,218,250,250,250,250,250,250,250,263,283,283,378,378,395,46,46,65,82,82,111,111,111,121,137,137,42,55,55,55],"floor_reached":51,"playtime":1773,"items_purged":["Strike_R"],"score":885,"play_id":"f81c0dae-2608-477f-95ea-3f896cce3e25","local_time":"20210101142411","is_ascension_mode":true,"campfire_choices":[{"data":"Twin Strike","floor":6.0,"key":"SMITH"},{"data":"Demon Form","floor":10.0,"key":"SMITH"},{"floor":15.0,"key":"REST"},{"floor":25.0,"key":"REST"},{"data":"Armaments","floor":29.0,"key":"SMITH"},{"floor":32.0,"key":"REST"},{"data":"Armaments","floor":40.0,"key":"SMITH"},{"data":"Flex","floor":42.0,"key":"SMITH"},{"data":"Double Tap","floor":46.0,"key":"SMITH"},{"data":"Thunderclap","floor":49.0,"key":"SMITH"}],"circlet_count":0,"master_deck":["Defend_R","Defend_R","Defend_R","Defend_R","Bash+1","Clash","Thunderclap+1","Twin Strike+1","Pummel","Doubt","Demon Form+1","Armaments+1","Immolate+1","Cleave+1","Flex+1","Sword Boomerang+1","Flex+1","Bloodletting","Hemokinesis+1","Double Tap+1","Warcry+1","Bludgeon+1","Thunderclap+1","Armaments+1","Metallicize","Seeing Red+1","Spot Weakness+1","Battle Trance","Parasite"],"relics":["Burning Blood","Ginger","Ornamental Fan","Medical Kit","Molten Egg 2","Mark of Pain","Nunchaku","Pen Nib","Eternal Feather","MutagenicStrength","Empty Cage","Bag of Preparation","Frozen Egg 2","Pantograph","Paper Frog"],"acts_visited":["Exordium","TheCity","TheBeyond"],"potions_floor_usage":[50,50,50],"damage_taken":[{"damage":4.0,"enemies":"Jaw Worm","floor":1.0,"turns":3.0},{"damage":0.0,"enemies":"Small Slimes","floor":2.0,"turns":3.0},{"damage":1.0,"enemies":"Cultist","floor":4.0,"turns":3.0},{"damage":50.0,"enemies":"3 Sentries","floor":8.0,"turns":9.0},{"damage":12.0,"enemies":"Gremlin Gang","floor":11.0,"turns":3.0},{"damage":12.0,"enemies":"Large Slime","floor":12.0,"turns":5.0},{"damage":6.0,"enemies":"2 Fungi Beasts","floor":14.0,"turns":3.0},{"damage":0.0,"enemies":"Slime Boss","floor":16.0,"turns":6.0},{"damage":12.0,"enemies":"Shell Parasite","floor":18.0,"turns":3.0},{"damage":11.0,"enemies":"Spheric Guardian","floor":20.0,"turns":3.0},{"damage":21.0,"enemies":"Snake Plant","floor":21.0,"turns":3.0},{"damage":17.0,"enemies":"Shelled Parasite and Fungi","floor":22.0,"turns":3.0},{"damage":30.0,"enemies":"Gremlin Leader","floor":23.0,"turns":5.0},{"damage":26.0,"enemies":"Centurion and Healer","floor":30.0,"turns":4.0},{"damage":2.0,"enemies":"3 Cultists","floor":31.0,"turns":3.0},{"damage":64.0,"enemies":"Automaton","floor":33.0,"turns":7.0},{"damage":28.0,"enemies":"3 Shapes","floor":35.0,"turns":2.0},{"damage":0.0,"enemies":"Orb Walker","floor":38.0,"turns":2.0},{"damage":2.0,"enemies":"Writhing Mass","floor":39.0,"turns":2.0},{"damage":0.0,"enemies":"Nemesis","floor":41.0,"turns":1.0},{"damage":0.0,"enemies":"Sphere and 2 Shapes","floor":44.0,"turns":1.0},{"damage":3.0,"enemies":"Jaw Worm Horde","floor":45.0,"turns":1.0},{"damage":1.0,"enemies":"Maw","floor":48.0,"turns":3.0},{"damage":76,"enemies":"Donu and Deca","floor":50,"turns":8}],"seed_played":"7790267768594847957","potions_obtained":[{"floor":8.0,"key":"ColorlessPotion"},{"floor":11.0,"key":"LiquidMemories"},{"floor":12.0,"key":"SneckoOil"},{"floor":16.0,"key":"BlessingOfTheForge"},{"floor":20.0,"key":"EssenceOfSteel"},{"floor":22.0,"key":"AttackPotion"},{"floor":31.0,"key":"HeartOfIron"},{"floor":35.0,"key":"FearPotion"},{"floor":39.0,"key":"DistilledChaos"},{"floor":44.0,"key":"DistilledChaos"},{"floor":48.0,"key":"BloodPotion"}],"is_trial":false,"path_per_floor":["M","M","?","M","?","R","?","E","T","R","M","M","$","M","R","B",null,"M","?","M","M","M","E","?","R","T","?","?","R","M","M","R","B",null,"M","$","?","M","M","R","E","R","T","M","M","R","$","M","R","B",null],"character_chosen":"IRONCLAD","items_purchased":["Medical Kit","Molten Egg 2","Armaments","Bag of Preparation","Metallicize","Paper Frog"],"campfire_rested":3,"item_purchase_floors":[13,13,36,36,36,47],"current_hp_per_floor":[80,80,80,80,80,80,80,36,36,36,30,24,24,24,48,54,80,74,74,69,54,43,19,19,43,43,43,43,55,35,39,75,17,80,58,58,58,64,68,80,80,80,80,80,80,80,80,80,80,26],"gold":55,"neow_bonus":"THREE_CARDS","is_daily":false,"chose_seed":false,"campfire_upgraded":7,"win_rate":0.0,"timestamp":1609482251,"path_taken":["M","M","?","M","?","R","?","E","T","R","M","M","$","M","R","BOSS","M","?","M","M","?","E","?","R","T","?","?","R","M","M","R","BOSS","M","$","?","M","M","R","E","R","T","?","M","R","$","M","R","BOSS"],"items_purchased_type":["Relic","Relic","Card","Relic","Card","Relic"],"build_version":"2020-12-22","purchased_purges":1,"victory":true,"max_hp_per_floor":[80,80,80,80,80,80,80,80,80,80,80,80,80,80,80,80,80,80,80,80,80,80,80,80,80,80,80,80,80,80,80,80,80,80,80,80,80,80,80,80,80,80,80,80,80,80,80,80,80,80],"card_choices":[{"not_picked":["Body Slam","Dark Embrace"],"picked":"Clash","floor":0.0},{"not_picked":["Body Slam","Fire Breathing"],"picked":"Thunderclap","floor":1.0},{"not_picked":["True Grit","Heavy Blade"],"picked":"Twin Strike","floor":2.0},{"not_picked":["Berserk","Second Wind"],"picked":"Pummel","floor":4.0},{"not_picked":["Anger","Wild Strike"],"picked":"Demon Form","floor":8.0},{"not_picked":["Clash","Whirlwind"],"picked":"Twin Strike","floor":11.0},{"not_picked":["Havoc","Whirlwind"],"picked":"Armaments","floor":12.0},{"not_picked":["Dark Embrace","Twin Strike+1","Havoc"],"picked":"SKIP","floor":14.0},{"not_picked":["Corruption","Bludgeon+1"],"picked":"Immolate+1","floor":16.0},{"not_picked":["Combust","Burning Pact"],"picked":"Cleave+1","floor":18.0},{"not_picked":["Pommel Strike+1","Perfected Strike+1"],"picked":"Flex","floor":20.0},{"not_picked":["Fire Breathing","Havoc+1"],"picked":"Sword Boomerang+1","floor":21.0},{"not_picked":["Carnage+1","Intimidate+1"],"picked":"Flex+1","floor":22.0},{"not_picked":["Havoc","Inflame"],"picked":"Bloodletting","floor":23.0},{"not_picked":["Anger+1","Cleave+1"],"picked":"Double Tap","floor":30.0},{"not_picked":["Clothesline+1","Power Through"],"picked":"Warcry+1","floor":31.0},{"not_picked":["Double Tap","Berserk"],"picked":"Bludgeon+1","floor":33.0},{"not_picked":["Sentinel","Combust+1"],"picked":"Thunderclap+1","floor":35.0},{"not_picked":["Perfected Strike+1","Sword Boomerang+1"],"picked":"Seeing Red+1","floor":38.0},{"not_picked":["Whirlwind+1","Cleave+1"],"picked":"Spot Weakness+1","floor":39.0},{"not_picked":["Dark Embrace+1","Warcry","Clash+1"],"picked":"SKIP","floor":41.0},{"not_picked":["Clothesline+1","Bloodletting"],"picked":"Battle Trance","floor":44.0},{"not_picked":["Clash+1","Clothesline+1","Corruption+1"],"picked":"SKIP","floor":45.0},{"not_picked":["Clothesline+1","Intimidate+1","Clash+1"],"picked":"SKIP","floor":48.0}],"player_experience":82687,"relics_obtained":[{"floor":8.0,"key":"Ginger"},{"floor":9.0,"key":"Ornamental Fan"},{"floor":23.0,"key":"Pen Nib"},{"floor":26.0,"key":"Eternal Feather"},{"floor":41.0,"key":"Frozen Egg 2"},{"floor":43.0,"key":"Pantograph"}],"event_choices":[{"cards_removed":["Strike_R"],"damage_healed":0.0,"max_hp_gain":0.0,"max_hp_loss":0.0,"gold_gain":0.0,"event_name":"Living Wall","player_choice":"Forget","floor":3.0,"gold_loss":0.0,"damage_taken":0.0},{"damage_healed":0.0,"max_hp_gain":0.0,"max_hp_loss":0.0,"gold_gain":175.0,"event_name":"Liars Game","player_choice":"AGREE","floor":5.0,"gold_loss":0.0,"damage_taken":0.0,"cards_obtained":["Doubt"]},{"damage_healed":0.0,"max_hp_gain":0.0,"max_hp_loss":0.0,"gold_gain":0.0,"event_name":"Accursed Blacksmith","player_choice":"Forge","floor":7.0,"gold_loss":0.0,"damage_taken":0.0,"cards_upgraded":["Bash"]},{"cards_removed":["Twin Strike"],"damage_healed":0.0,"max_hp_gain":0.0,"max_hp_loss":0.0,"gold_gain":0.0,"event_name":"WeMeetAgain","player_choice":"Gave Card","floor":19.0,"gold_loss":0.0,"damage_taken":0.0,"relics_obtained":["Nunchaku"]},{"cards_removed":["Strike_R"],"damage_healed":0.0,"max_hp_gain":0.0,"max_hp_loss":0.0,"gold_gain":0.0,"event_name":"Back to Basics","player_choice":"Elegance","floor":24.0,"gold_loss":0.0,"damage_taken":0.0},{"damage_healed":0.0,"max_hp_gain":0.0,"max_hp_loss":0.0,"gold_gain":0.0,"event_name":"Drug Dealer","player_choice":"Inject Mutagens","floor":27.0,"gold_loss":0.0,"damage_taken":0.0,"relics_obtained":["MutagenicStrength"]},{"damage_healed":0.0,"max_hp_gain":0.0,"max_hp_loss":0.0,"gold_gain":0.0,"event_name":"Match and Keep!","player_choice":"1 cards matched","floor":28.0,"gold_loss":0.0,"damage_taken":0.0,"cards_obtained":["Hemokinesis"]},{"damage_healed":0.0,"max_hp_gain":0.0,"max_hp_loss":0.0,"gold_gain":0.0,"event_name":"SecretPortal","player_choice":"Ignored","floor":37.0,"gold_loss":0.0,"damage_taken":0.0}],"is_beta":false,"boss_relics":[{"not_picked":["Busted Crown","Astrolabe"],"picked":"Mark of Pain"},{"not_picked":["SacredBark","Runic Pyramid"],"picked":"Empty Cage"}],"items_purged_floors":[36],"is_endless":false,"potions_floor_spawned":[8,11,12,16,20,22,31,35,39,44,48],"ascension_level":3}}