{"host":"51qmnr9isyv85d0p","time":1609504174,"event":{"mods":["AchievementEnabler","BaseMod","Colored Map","Colored Powertips","Curses Come First","Downfall","Minty Spire (QoL Compilation)","Relic Stats","StSLib","TestMod","vexMod"],"gold_per_floor":[99,9999,9999,10019,8967,8967,8990,8051,8080,8080,8080,8093,8093,8104,8124,8225,8225,8225,8243,8257,8257,8273,7687,7687,7698,7379,7395,7395,6299,6299,6317,6333,6431,6431,6431,6454,6516,6538,6538,6563,6563,6589,6608,5797,5823,5867,5893,5148,5168,5184],"floor_reached":51,"playtime":2519,"items_purged":["champ:Defend","champ:Strike","champ:Defend","champ:Strike","champ:Defend","champ:Strike+1","champ:Defend+1"],"score":1197,"play_id":"b4252229-bd8e-4bee-ae3b-70d0d07b27e0","local_time":"20210101202934","is_ascension_mode":true,"campfire_choices":[{"data":"champ:Taunt","floor":1,"key":"SMITH"},{"data":"Thinking Ahead","floor":6,"key":"SMITH"},{"data":"champ:HoldFirm","floor":10,"key":"SMITH"},{"data":"champ:DefensiveStyle","floor":18,"key":"SMITH"},{"data":"champ:CalledShot","floor":28,"key":"SMITH"},{"data":"champ:PerfectForm","floor":30,"key":"SMITH"},{"data":"champ:ShieldThrow","floor":35,"key":"SMITH"}],"circlet_count":0,"master_deck":["champ:Strike+1","champ:Execute+1","champ:Taunt+1","champ:ArenaPreparation+1","Thinking Ahead+1","champ:DefensiveStyle+1","champ:HoldFirm+1","champ:StanceDance+1","champ:ShieldWall+1","Thinking Ahead+1","champ:CalledShot+1","champ:ShieldSigil+1","champ:PerfectForm+1","champ:EnGarde+1","champ:ShieldThrow+1","champ:CalledShot+1","champ:StanceDance+1","Panacea","champ:CalledShot","testmod-Mystery"],"relics":["champ:ChampionCrown","testmod-TestBox","testmod-TimeTraveler","testmod-ConstraintPeriapt","testmod-ObsoleteBoomerang","champ:DefensiveTrainingManual","TheAbacus","champ:FightingForDummies","vexMod:FocusSash","testmod-InjuryResistance","vexMod:GhostlyGear","Regal Pillow","testmod-BloodSacrificeSpiritualization","vexMod:MemoryStick","testmod-LifeArmor","Cauldron","Vajra","Lantern","Guardian:PocketSentry","DollysMirror","testmod-OneHitWonder","Question Card","HandDrill","testmod-DeterminationOfClimber","vexMod:PlasmaPancake","Darkstone Periapt","Bag of Preparation","Happy Flower","Medical Kit","White Beast Statue","Orichalcum","Oddly Smooth Stone","vexMod:Cooldron"],"acts_visited":["Exordium","TheCity","TheBeyond"],"potions_floor_usage":[5,9,15,16,16,29],"damage_taken":[{"damage":5,"enemies":"Cultist","floor":2,"turns":3},{"damage":5,"enemies":"2 Louse","floor":4,"turns":2},{"damage":22,"enemies":"downfall:FleeingMerchant","floor":5,"turns":4},{"damage":18,"enemies":"downfall:FleeingMerchant","floor":8,"turns":4},{"damage":22,"enemies":"Gremlin Nob","floor":9,"turns":3},{"damage":8,"enemies":"Jaw Worm","floor":12,"turns":2},{"damage":2,"enemies":"3 Louse","floor":14,"turns":2},{"damage":0,"enemies":"Large Slime","floor":15,"turns":1},{"damage":8,"enemies":"downfall:Silent","floor":16,"turns":3},{"damage":5,"enemies":"Chosen","floor":19,"turns":2},{"damage":18,"enemies":"Centurion and Healer","floor":20,"turns":4},{"damage":13,"enemies":"Snecko","floor":22,"turns":3},{"damage":21,"enemies":"downfall:FleeingMerchant","floor":23,"turns":4},{"damage":13,"enemies":"Snake Plant","floor":25,"turns":2},{"damage":10,"enemies":"downfall:FleeingMerchant","floor":26,"turns":2},{"damage":7,"enemies":"Shelled Parasite and Fungi","floor":27,"turns":2},{"damage":22,"enemies":"3 Cultists","floor":31,"turns":3},{"damage":19,"enemies":"Snecko","floor":32,"turns":2},{"damage":21,"enemies":"downfall:Defect","floor":33,"turns":4},{"damage":16,"enemies":"3 Shapes","floor":36,"turns":1},{"damage":26,"enemies":"Mind Bloom Boss Battle","floor":37,"turns":2},{"damage":20,"enemies":"3 Darklings","floor":38,"turns":1},{"damage":4,"enemies":"Spire Growth","floor":40,"turns":1},{"damage":3,"enemies":"Writhing Mass","floor":42,"turns":1},{"damage":22,"enemies":"Sphere and 2 Shapes","floor":43,"turns":1},{"damage":8,"enemies":"Spire Growth","floor":45,"turns":1},{"damage":9,"enemies":"Giant Head","floor":46,"turns":1},{"damage":5,"enemies":"Jaw Worm Horde","floor":47,"turns":1},{"damage":5,"enemies":"3 Darklings","floor":49,"turns":1},{"damage":9,"enemies":"downfall:Ironclad","floor":50,"turns":1}],"seed_played":"-2585960360702056282","potions_obtained":[{"floor":2,"key":"LiquidMemories"},{"floor":9,"key":"hexamod:EctoCoolerPotion"},{"floor":14,"key":"testmod-TestPotion"},{"floor":15,"key":"DistilledChaos"},{"floor":20,"key":"Fire Potion"},{"floor":22,"key":"DistilledChaos"},{"floor":23,"key":"DistilledChaos"},{"floor":23,"key":"DistilledChaos"}],"is_trial":false,"path_per_floor":["R","M","T","M","$","R","T","$","E","R","?","M","?","M","M","B",null,"R","M","M","?","M","$","T","M","$","M","R","$","R","M","M","B",null,"R","M","?","M","?","M","T","M","M","$","M","E","M","$","M","B",null],"character_chosen":"THE_CHAMP","items_purchased":["testmod-ObsoleteBoomerang","champ:DefensiveTrainingManual","TheAbacus","champ:OpenerPotion","testmod-SpacePotion","Fire Potion","Thinking Ahead","vexMod:FocusSash","testmod-InjuryResistance","vexMod:GhostlyGear","champ:HoldFirm","testmod-TestPotion","vexMod:MemoryStick","testmod-LifeArmor","Cauldron","Lantern","Guardian:PocketSentry","DollysMirror","champ:CalledShot","testmod-OneHitWonder","Question Card","HandDrill","testmod-SpacePotion","Swift Potion","champ:OpenerPotion","champ:ShieldSigil","champ:PerfectForm","Bag of Preparation","Happy Flower","Medical Kit","Panacea","champ:CalledShot","Orichalcum","Oddly Smooth Stone","vexMod:Cooldron","testmod-Mystery"],"campfire_rested":0,"item_purchase_floors":[5,5,5,5,5,5,5,8,8,8,8,8,23,23,23,26,26,26,26,29,29,29,29,29,29,29,29,44,44,44,44,44,48,48,48,48],"current_hp_per_floor":[99,99,99,99,97,97,97,99,89,89,89,85,85,89,92,91,99,99,99,98,98,92,90,90,88,94,98,98,98,98,99,98,99,99,99,99,105,105,105,105,105,105,105,105,105,105,105,105,105,105],"gold":5184,"neow_bonus":"TEN_PERCENT_HP_BONUS","is_daily":false,"chose_seed":false,"campfire_upgraded":7,"win_rate":0.0,"timestamp":1609504174,"path_taken":["R","M","?","M","$","R","T","$","E","R","?","M","?","M","M","BOSS","R","M","M","?","M","$","T","M","$","M","R","$","R","M","M","BOSS","R","M","?","M","?","?","T","M","M","$","M","E","M","$","M","BOSS"],"items_purchased_type":["Relic","Relic","Relic","Potion","Potion","Potion","Card","Relic","Relic","Relic","Card","Potion","Relic","Relic","Relic","Relic","Relic","Relic","Card","Relic","Relic","Relic","Potion","Potion","Potion","Card","Card","Relic","Relic","Relic","Card","Card","Relic","Relic","Relic","Card"],"build_version":"2020-12-22","purchased_purges":7,"victory":true,"max_hp_per_floor":[99,99,99,99,99,99,99,99,99,99,99,99,99,99,99,99,99,99,99,99,99,99,99,99,99,99,99,99,99,99,99,99,99,99,99,99,105,105,105,105,105,105,105,105,105,105,105,105,105,105],"relic_stats":{"Darkstone Periapt":0,"Regal Pillow":0,"TheAbacus":[96],"Happy Flower":[1],"counters":[30,64],"HandDrill":[16],"Bag of Preparation":[10],"Orichalcum":[6],"Question Card":13,"Medical Kit":[0],"obtain_stats":[{"Darkstone Periapt":41,"vexMod:PlasmaPancake":37,"Regal Pillow":9,"vexMod:MemoryStick":23,"Lantern":26,"Vajra":24,"champ:ChampionCrown":0,"testmod-LifeArmor":23,"Bag of Preparation":44,"testmod-BloodSacrificeSpiritualization":17,"TheAbacus":5,"testmod-InjuryResistance":8,"champ:DefensiveTrainingManual":5,"DollysMirror":26,"testmod-ObsoleteBoomerang":5,"HandDrill":29,"testmod-DeterminationOfClimber":34,"champ:FightingForDummies":7,"testmod-TestBox":0,"testmod-TimeTraveler":0,"Happy Flower":44,"Oddly Smooth Stone":48,"Guardian:PocketSentry":26,"vexMod:FocusSash":8,"testmod-ConstraintPeriapt":3,"Orichalcum":48,"Question Card":29,"Medical Kit":44,"White Beast Statue":46,"vexMod:GhostlyGear":8,"Cauldron":23,"vexMod:Cooldron":48,"testmod-OneHitWonder":29},{"Darkstone Periapt":23,"vexMod:PlasmaPancake":21,"Regal Pillow":5,"vexMod:MemoryStick":13,"Lantern":15,"Vajra":13,"champ:ChampionCrown":0,"testmod-LifeArmor":13,"Bag of Preparation":25,"testmod-BloodSacrificeSpiritualization":9,"TheAbacus":3,"testmod-InjuryResistance":4,"champ:DefensiveTrainingManual":3,"DollysMirror":15,"testmod-ObsoleteBoomerang":3,"HandDrill":16,"testmod-DeterminationOfClimber":19,"champ:FightingForDummies":3,"testmod-TestBox":0,"testmod-TimeTraveler":0,"Happy Flower":25,"Oddly Smooth Stone":28,"Guardian:PocketSentry":15,"vexMod:FocusSash":4,"testmod-ConstraintPeriapt":1,"Orichalcum":28,"Question Card":16,"Medical Kit":25,"White Beast Statue":27,"vexMod:GhostlyGear":4,"Cauldron":13,"vexMod:Cooldron":28,"testmod-OneHitWonder":16},{"Darkstone Periapt":57,"vexMod:PlasmaPancake":55,"Regal Pillow":16,"vexMod:MemoryStick":37,"Lantern":41,"Vajra":37,"champ:ChampionCrown":0,"testmod-LifeArmor":37,"Bag of Preparation":59,"testmod-BloodSacrificeSpiritualization":24,"TheAbacus":9,"testmod-InjuryResistance":13,"champ:DefensiveTrainingManual":9,"DollysMirror":41,"testmod-ObsoleteBoomerang":9,"HandDrill":43,"testmod-DeterminationOfClimber":52,"champ:FightingForDummies":9,"testmod-TestBox":0,"testmod-TimeTraveler":0,"Happy Flower":59,"Oddly Smooth Stone":62,"Guardian:PocketSentry":41,"vexMod:FocusSash":13,"testmod-ConstraintPeriapt":3,"Orichalcum":62,"Question Card":43,"Medical Kit":59,"White Beast Statue":61,"vexMod:GhostlyGear":13,"Cauldron":37,"vexMod:Cooldron":62,"testmod-OneHitWonder":43}]},"card_choices":[{"not_picked":["champ:TornadoPunch","champ:CrookedStrike"],"picked":"champ:ArenaPreparation","floor":2},{"not_picked":["champ:BladeFlurry","champ:ViciousMockery","champ:BerserkerStyle"],"picked":"SKIP","floor":4},{"not_picked":["champ:FlashCut","champ:GutPunch","champ:BladeFlurry"],"picked":"SKIP","floor":5},{"not_picked":["champ:AdrenalArmor","champ:ShieldSlam"],"picked":"champ:DefensiveStyle","floor":8},{"not_picked":["champ:ShieldSigil","champ:TornadoPunch"],"picked":"champ:StanceDance","floor":9},{"not_picked":["champ:BladeFlurry","champ:Circumvent"],"picked":"champ:ShieldWall","floor":12},{"not_picked":["champ:BladeFlurry","champ:CrookedStrike","champ:EnragedBash"],"picked":"SKIP","floor":14},{"not_picked":["champ:Haymaker","champ:BerserkersShout","champ:PerfectedStrike"],"picked":"SKIP","floor":15},{"not_picked":["champ:BladeFlurry","champ:GutPunch","champ:DefensiveStyle"],"picked":"SKIP","floor":19},{"not_picked":["champ:FlashCut","champ:GutPunch+1","champ:PerfectedStrike"],"picked":"SKIP","floor":20},{"not_picked":["champ:GladiatorsShout","champ:EnchantCrown","champ:FanOfKnives"],"picked":"SKIP","floor":22},{"not_picked":["champ:BladeFlurry+1","champ:CrookedStrike","champ:Lariat"],"picked":"SKIP","floor":23},{"not_picked":["champ:Haymaker","champ:ViciousMockery","champ:Lariat"],"picked":"SKIP","floor":25},{"not_picked":["champ:BerserkersShout","champ:DefensiveStyle","champ:GladiatorsShout+1"],"picked":"SKIP","floor":26},{"not_picked":["champ:Haymaker","champ:Shatter+1","champ:GladiatorsShout"],"picked":"SKIP","floor":27},{"not_picked":["champ:Haymaker","champ:BladeFlurry","champ:AdrenalArmor","champ:PreciseThrust+1"],"picked":"SKIP","floor":31},{"not_picked":["champ:FocusedBerserking+1","champ:GutPunch","champ:PerfectedStrike+1"],"picked":"champ:EnGarde","floor":32},{"not_picked":["champ:SwordThrow","champ:HeavySlash","champ:EnchantCrown"],"picked":"champ:ShieldThrow","floor":33},{"not_picked":["champ:Circumvent+1","champ:SwordSigil+1","champ:Backstep","champ:CalledShot"],"picked":"SKIP","floor":36},{"not_picked":["champ:PerfectedStrike","champ:EndlessRage+1","champ:DefensiveShout+1"],"picked":"champ:CalledShot+1","floor":38},{"not_picked":["champ:Haymaker+1","champ:AdrenalArmor+1","champ:ShieldSigil","champ:GladiatorStyle"],"picked":"SKIP","floor":40},{"not_picked":["champ:LastStand","champ:BringItOn","champ:FlashCut+1","champ:HeartStrike+1"],"picked":"SKIP","floor":42},{"not_picked":["champ:FocusedBerserking+1","champ:BringItOn+1","champ:Haymaker"],"picked":"champ:StanceDance+1","floor":43},{"not_picked":["champ:AdrenalArmor+1","champ:Circumvent","champ:TornadoPunch+1","champ:GutPunch"],"picked":"SKIP","floor":45},{"not_picked":["champ:PerfectedStrike","champ:TornadoPunch","champ:Haymaker","champ:AdrenalArmor+1"],"picked":"SKIP","floor":46},{"not_picked":["champ:ViciousMockery+1","champ:EndlessRage","champ:AdrenalArmor","champ:GladiatorStyle+1"],"picked":"SKIP","floor":47},{"not_picked":["champ:Duel+1","champ:ShieldWall","champ:CheapShot","champ:Backstep"],"picked":"SKIP","floor":49}],"player_experience":60753,"relics_obtained":[{"floor":3,"key":"testmod-ConstraintPeriapt"},{"floor":7,"key":"champ:FightingForDummies"},{"floor":9,"key":"Regal Pillow"},{"floor":24,"key":"Vajra"},{"floor":37,"key":"vexMod:PlasmaPancake"},{"floor":41,"key":"Darkstone Periapt"},{"floor":46,"key":"White Beast Statue"}],"event_choices":[],"is_beta":false,"boss_relics":[{"not_picked":["testmod-EnergyCheck","testmod-Recursion"],"picked":"testmod-BloodSacrificeSpiritualization"},{"not_picked":["testmod-KeyOfTheVoid","Tiny House"],"picked":"testmod-DeterminationOfClimber"}],"items_purged_floors":[5,8,23,26,29,44,48],"is_endless":false,"potions_floor_spawned":[2,9,14,15,20,22,25,31,33,38,40,42,43,46,47,49],"ascension_level":3}}