{"host":"Sumable","time":1609467787,"event":{"mods":["AchievementEnabler","BaseMod","Better Note","BetterRewards","Googly Eyes","Hermit","Minty Spire (QoL Compilation)","Quick Restart","Shop Mod","StSLib","The Cursed","everything is the same but u backflip on backflip","slay the spire mod where everything is the same but ironclad has a cowboy hat"],"gold_per_floor":[119,136,411,425,600,600,631,631,631,631,641,653,678,152,152,226,226,238,251,270,283,63,91,104,104,151,163,175,522,554,112,112,188,188,199,199,212,227,242,242,242,242],"floor_reached":41,"playtime":3446,"items_purged":[],"score":809,"play_id":"26e7f61d-ef28-404f-8da2-18c2f4f69200","local_time":"20201231192307","is_ascension_mode":true,"campfire_choices":[{"data":"Uppercut","floor":6.0,"key":"SMITH"},{"data":"Shrug It Off","floor":10.0,"key":"SMITH"},{"data":"Seeing Red","floor":15.0,"key":"SMITH"},{"floor":25.0,"key":"REST"},{"floor":28.0,"key":"RECALL"},{"floor":32.0,"key":"REST"},{"floor":40,"key":"REST"}],"circlet_count":0,"master_deck":["AscendersBane","Strike_R","Strike_R","Strike_R","Strike_R","Defend_R","Defend_R","Defend_R","Defend_R","Bash","Seeing Red+1","Shrug It Off+1","Uppercut+1","Flame Barrier","Shrug It Off","Cleave","Twin Strike","Whirlwind","Offering","Inflame","Inflame","Feed","Immolate"],"relics":["Burning Blood","NeowsBlessing","Unceasing Top","Singing Bowl","Akabeko","Lee\u0027s Waffle","Ginger","Fusion Hammer","Self Forming Clay","MawBank","Old Coin","FossilizedHelix","ClockworkSouvenir","Busted Crown"],"acts_visited":["Exordium","TheCity","TheBeyond"],"potions_floor_usage":[40,41],"damage_taken":[{"damage":0.0,"enemies":"Small Slimes","floor":1.0,"turns":1.0},{"damage":0.0,"enemies":"Cultist","floor":2.0,"turns":1.0},{"damage":0.0,"enemies":"2 Louse","floor":4.0,"turns":1.0},{"damage":21.0,"enemies":"Lagavulin","floor":7.0,"turns":5.0},{"damage":11.0,"enemies":"Looter","floor":11.0,"turns":3.0},{"damage":17.0,"enemies":"Gremlin Gang","floor":12.0,"turns":6.0},{"damage":29.0,"enemies":"Gremlin Nob","floor":13.0,"turns":4.0},{"damage":67.0,"enemies":"Hexaghost","floor":16.0,"turns":11.0},{"damage":8.0,"enemies":"Chosen","floor":18.0,"turns":3.0},{"damage":6.0,"enemies":"Shell Parasite","floor":19.0,"turns":2.0},{"damage":19.0,"enemies":"Chosen and Byrds","floor":20.0,"turns":5.0},{"damage":13.0,"enemies":"3 Cultists","floor":21.0,"turns":5.0},{"damage":30.0,"enemies":"Slavers","floor":23.0,"turns":6.0},{"damage":13.0,"enemies":"Snake Plant","floor":24.0,"turns":3.0},{"damage":37.0,"enemies":"Gremlin Leader","floor":29.0,"turns":5.0},{"damage":14.0,"enemies":"Snecko","floor":30.0,"turns":4.0},{"damage":71.0,"enemies":"Champ","floor":33.0,"turns":10.0},{"damage":19.0,"enemies":"3 Shapes","floor":35.0,"turns":2.0},{"damage":0.0,"enemies":"Orb Walker","floor":37.0,"turns":3.0},{"damage":0.0,"enemies":"Maw","floor":38.0,"turns":6.0},{"damage":0,"enemies":"Sphere and 2 Shapes","floor":39,"turns":1},{"damage":129,"enemies":"Giant Head","floor":41,"turns":8}],"seed_played":"130434369317757074","potions_obtained":[{"floor":2.0,"key":"Explosive Potion"},{"floor":4.0,"key":"DistilledChaos"},{"floor":11.0,"key":"PowerPotion"},{"floor":13.0,"key":"DistilledChaos"},{"floor":16.0,"key":"Block Potion"},{"floor":19.0,"key":"FearPotion"},{"floor":23.0,"key":"SkillPotion"},{"floor":24.0,"key":"Strength Potion"},{"floor":30.0,"key":"FearPotion"},{"floor":33.0,"key":"GamblersBrew"},{"floor":37.0,"key":"Explosive Potion"},{"floor":38.0,"key":"Fruit Juice"}],"is_trial":false,"path_per_floor":["M","M","?","M","?","R","E","?","T","R","M","M","E","$","R","B",null,"M","M","M","M","$","E","M","R","T","?","R","E","M","$","R","B",null,"M","?","M","M","M","R","E"],"character_chosen":"IRONCLAD","items_purchased":["Lee\u0027s Waffle","Ginger","Whirlwind","SteroidPotion","Feed","DuplicationPotion","FossilizedHelix","ClockworkSouvenir"],"campfire_rested":3,"item_purchase_floors":[14,14,14,14,22,22,31,31],"current_hp_per_floor":[78,80,80,80,80,80,65,65,65,65,60,49,26,87,87,26,72,70,72,59,54,54,35,30,59,59,91,91,62,56,56,86,21,82,71,71,82,90,98,118,0,0],"gold":242,"neow_bonus":"THREE_ENEMY_KILL","is_daily":false,"chose_seed":false,"campfire_upgraded":3,"win_rate":0.0,"timestamp":1609467787,"path_taken":["M","M","?","?","?","R","E","?","T","R","M","M","E","$","R","BOSS","M","M","M","?","$","E","M","R","T","?","R","E","M","$","R","BOSS","M","?","?","M","?","R","E"],"items_purchased_type":["Relic","Relic","Card","Potion","Card","Potion","Relic","Relic"],"build_version":"2020-12-18","purchased_purges":0,"victory":false,"max_hp_per_floor":[80,80,80,80,80,80,80,80,80,80,80,80,80,87,87,87,87,87,89,89,91,91,96,98,98,98,98,98,100,102,102,102,102,102,104,104,109,111,113,118,118,118],"card_choices":[{"not_picked":["Twin Strike","Headbutt"],"picked":"Seeing Red","floor":1.0},{"not_picked":["Body Slam","Twin Strike"],"picked":"Shrug It Off","floor":2.0},{"not_picked":["True Grit","Blood for Blood"],"picked":"Uppercut","floor":4.0},{"not_picked":["Combust","Sword Boomerang"],"picked":"Flame Barrier","floor":7.0},{"not_picked":["Combust","True Grit"],"picked":"Shrug It Off","floor":11.0},{"not_picked":["Armaments","Impervious"],"picked":"Cleave","floor":12.0},{"not_picked":["Bloodletting","Anger"],"picked":"Twin Strike","floor":13.0},{"not_picked":["Bludgeon","Fiend Fire"],"picked":"Offering","floor":16.0},{"not_picked":["Headbutt","Ghostly Armor+1"],"picked":"Inflame","floor":18.0},{"not_picked":["Shrug It Off","Wild Strike+1","Dual Wield"],"picked":"Singing Bowl","floor":19.0},{"not_picked":["Intimidate","Anger"],"picked":"Inflame","floor":20.0},{"not_picked":["Shockwave+1","Anger","Heavy Blade"],"picked":"Singing Bowl","floor":21.0},{"not_picked":["Sword Boomerang","Headbutt","Perfected Strike+1"],"picked":"Singing Bowl","floor":23.0},{"not_picked":["Evolve","Cleave","Pummel"],"picked":"Singing Bowl","floor":24.0},{"not_picked":["Evolve","Demon Form","Disarm"],"picked":"Singing Bowl","floor":29.0},{"not_picked":["Ghostly Armor","Headbutt","Clash"],"picked":"Singing Bowl","floor":30.0},{"not_picked":["Impervious","Exhume"],"picked":"Immolate","floor":33.0},{"not_picked":["Clash"],"picked":"Singing Bowl","floor":35.0},{"not_picked":["Shrug It Off"],"picked":"Singing Bowl","floor":37.0},{"not_picked":["Rampage"],"picked":"Singing Bowl","floor":38.0},{"not_picked":["Seeing Red"],"picked":"Singing Bowl","floor":39}],"player_experience":1020135,"relics_obtained":[{"floor":7.0,"key":"Unceasing Top"},{"floor":9.0,"key":"Singing Bowl"},{"floor":13.0,"key":"Akabeko"},{"floor":23.0,"key":"Self Forming Clay"},{"floor":26.0,"key":"MawBank"},{"floor":29.0,"key":"Old Coin"}],"event_choices":[{"damage_healed":0.0,"max_hp_gain":0.0,"max_hp_loss":0.0,"gold_gain":275.0,"event_name":"Golden Shrine","player_choice":"Desecrate","floor":3.0,"gold_loss":0.0,"damage_taken":0.0,"cards_obtained":["Regret"]},{"damage_healed":0.0,"max_hp_gain":0.0,"max_hp_loss":0.0,"gold_gain":175.0,"event_name":"Liars Game","player_choice":"AGREE","floor":5.0,"gold_loss":0.0,"damage_taken":0.0,"cards_obtained":["Doubt"]},{"cards_removed":["Doubt","Regret"],"damage_healed":0.0,"max_hp_gain":0.0,"max_hp_loss":0.0,"gold_gain":0.0,"event_name":"Fountain of Cleansing","player_choice":"Removed Curses","floor":8.0,"gold_loss":0.0,"damage_taken":0.0},{"damage_healed":32.0,"max_hp_gain":0.0,"max_hp_loss":0.0,"gold_gain":0.0,"event_name":"The Library","player_choice":"Heal","floor":27.0,"gold_loss":0.0,"damage_taken":0.0},{"cards_removed":["Strike_R"],"damage_healed":0.0,"max_hp_gain":0.0,"max_hp_loss":0.0,"gold_gain":0.0,"event_name":"Bonfire Elementals","player_choice":"Offered Basic","floor":36.0,"gold_loss":0.0,"damage_taken":0.0}],"is_beta":true,"boss_relics":[{"not_picked":["Calling Bell","SlaversCollar"],"picked":"Fusion Hammer"},{"not_picked":["Tiny House","Pandora\u0027s Box"],"picked":"Busted Crown"}],"items_purged_floors":[],"is_endless":false,"potions_floor_spawned":[2,4,11,13,16,19,23,24,30,33,37,38],"killed_by":"Giant Head","ascension_level":13}}