{"host":"6yklbc9za0aylqsj","time":1609509402,"event":{"mods":["AchievementEnabler","BaseMod","Bestiary","Colored Map","Colored Powertips","Minty Spire (QoL Compilation)","Rare Cards Sparkle","Relic Stats","Slay-I","StSLib"],"gold_per_floor":[116,116,116,141,165,208,208,242,242,266,282,282,282,282],"floor_reached":13,"playtime":248,"items_purged":[],"score":236,"play_id":"aee90a57-349d-4a04-836d-def387ba05b4","local_time":"20210101145642","is_ascension_mode":true,"campfire_choices":[{"floor":7,"key":"REST"},{"data":"Dualcast","floor":12,"key":"SMITH"}],"circlet_count":0,"master_deck":["AscendersBane","Strike_B+1","Strike_B","Strike_B","Strike_B","Defend_B","Defend_B","Defend_B","Defend_B","Zap+1","Dualcast+1","Hello World","Go for the Eyes","Chill","Self Repair","Sunder"],"relics":["Cracked Core","NeowsBlessing","Golden Idol","Smiling Mask","Sundial","Boot","Happy Flower"],"acts_visited":["Exordium"],"potions_floor_usage":[8,11],"damage_taken":[{"damage":0,"enemies":"Jaw Worm","floor":1,"turns":1},{"damage":0,"enemies":"Small Slimes","floor":4,"turns":1},{"damage":0,"enemies":"Lagavulin","floor":6,"turns":2},{"damage":13,"enemies":"3 Sentries","floor":8,"turns":7},{"damage":0,"enemies":"Cultist","floor":10,"turns":4},{"damage":14,"enemies":"Exordium Wildlife","floor":11,"turns":5},{"damage":22,"enemies":"Gremlin Nob","floor":13,"turns":3}],"seed_played":"-2026581383326157642","potions_obtained":[{"floor":4,"key":"BlessingOfTheForge"},{"floor":10,"key":"Block Potion"}],"is_trial":false,"path_per_floor":["M","?","?","M","T","E","R","E","T","M","M","R","E"],"character_chosen":"DEFECT","items_purchased":[],"campfire_rested":1,"item_purchase_floors":[],"current_hp_per_floor":[64,40,19,19,19,19,40,27,27,27,20,20,0,0],"gold":282,"neow_bonus":"THREE_ENEMY_KILL","is_daily":false,"chose_seed":false,"campfire_upgraded":1,"win_rate":0.0,"timestamp":1609509402,"path_taken":["M","?","?","M","?","E","R","E","T","M","M","R","E"],"items_purchased_type":[],"build_version":"2020-12-22","purchased_purges":0,"victory":false,"max_hp_per_floor":[71,71,71,71,71,71,71,71,71,71,71,71,71,71],"relic_stats":{"Happy Flower":[4],"counters":[7,23],"Golden Idol":29,"Sundial":[2],"Smiling Mask":0,"Boot":[9],"obtain_stats":[{"NeowsBlessing":0,"Happy Flower":9,"Golden Idol":2,"Sundial":6,"Cracked Core":0,"Smiling Mask":5,"Boot":8},{"NeowsBlessing":0,"Happy Flower":4,"Golden Idol":1,"Sundial":3,"Cracked Core":0,"Smiling Mask":2,"Boot":4},{"NeowsBlessing":0,"Happy Flower":11,"Golden Idol":1,"Sundial":4,"Cracked Core":0,"Smiling Mask":2,"Boot":11}]},"card_choices":[{"not_picked":["Stack","Compile Driver"],"picked":"Hello World","floor":1},{"not_picked":["Redo","Streamline"],"picked":"Go for the Eyes","floor":4},{"not_picked":["Reprogram","Sweeping Beam"],"picked":"Chill","floor":6},{"not_picked":["Coolheaded","Meteor Strike","Tempest"],"picked":"SKIP","floor":8},{"not_picked":["Gash","Heatsinks"],"picked":"Self Repair","floor":10},{"not_picked":["Go for the Eyes","Force Field"],"picked":"Sunder","floor":11}],"player_experience":694354,"relics_obtained":[{"floor":5,"key":"Smiling Mask"},{"floor":6,"key":"Sundial"},{"floor":8,"key":"Boot"},{"floor":9,"key":"Happy Flower"}],"event_choices":[{"damage_healed":0,"gold_gain":0,"player_choice":"Take Damage","damage_taken":24,"relics_obtained":["Golden Idol"],"max_hp_gain":0,"max_hp_loss":0,"event_name":"Golden Idol","floor":2,"gold_loss":0},{"damage_healed":0,"gold_gain":0,"player_choice":"Entered Light","damage_taken":21,"max_hp_gain":0,"max_hp_loss":0,"event_name":"Shining Light","floor":3,"gold_loss":0,"cards_upgraded":["Zap","Strike_B"]}],"is_beta":false,"boss_relics":[],"items_purged_floors":[],"is_endless":false,"potions_floor_spawned":[4,10],"killed_by":"Gremlin Nob","ascension_level":20}}