{"host":"36ls4ricihodphgx","time":1609497567,"event":{"mods":["AchievementEnabler","BaseMod","Colored Map","Downfall","Hermit","HololiveMod","Marisa????????","Minty Spire (QoL Compilation)","Replay The Spire","Shop Mod","StSLib","SuperFastMode","The Animator","The Bug Knight","The Cursed","The Servant 0.9.4"],"gold_per_floor":[117,133,150,150,169,169,94,120,146,161,161,436,451,34,34,138,138,118,118,130,30,47,47,81,81,81,98,109,109,109,199,199,301,301,311,338,356,367,379,379,398,398,398,398,410,410,435,435,435,435],"floor_reached":51,"playtime":2443,"items_purged":["Defend_R","Regret"],"score":781,"play_id":"e0e42be0-8934-4919-93d1-10477b0a17f3","local_time":"20210101033927","is_ascension_mode":true,"campfire_choices":[{"data":"Feed","floor":6,"key":"SMITH"},{"floor":11,"key":"REST"},{"floor":15,"key":"REST"},{"data":"True Grit","floor":23,"key":"SMITH"},{"data":"Feel No Pain","floor":25,"key":"SMITH"},{"data":"Wild Strike","floor":29,"key":"SMITH"},{"floor":32,"key":"REST"},{"floor":40,"key":"REST"},{"data":"ReplayTheSpireMod:Strike From Hell","floor":46,"key":"SMITH"},{"floor":49,"key":"REST"}],"circlet_count":0,"master_deck":["Strike_R","Strike_R","Strike_R","Defend_R+1","Defend_R","Defend_R","Bash","Feel No Pain+1","True Grit+1","Feed+1","Cleave","Perfected Strike","Fire Breathing","ReplayTheSpireMod:Necrogeddon+1","Reaper","Eclipse+1","Power Through+1","Power Through+1","ReplayTheSpireMod:Strike From Hell+1","Wild Strike+1","Dark Embrace","Juggernaut","True Grit+1","Parasite","The Bomb"],"relics":["Burning Blood","Bag of Marbles","ReplayTheSpireMod:TigerMarble","Medical Kit","Astrolabe","Toy Ornithopter","Pocketwatch","Painkiller Herb","Blood Vial","Replay:Rubber Ducky","Mercury Hourglass","Unceasing Top"],"acts_visited":["Exordium","TheCity","TheBeyond"],"potions_floor_usage":[20,24,33,33,41,50],"damage_taken":[{"damage":1.0,"enemies":"Jaw Worm","floor":1.0,"turns":3.0},{"damage":0,"enemies":"Cultist","floor":2,"turns":3},{"damage":0,"enemies":"Small Slimes","floor":3,"turns":5},{"damage":5,"enemies":"Red Slaver","floor":5,"turns":4},{"damage":76,"enemies":"Lagavulin","floor":8,"turns":10},{"damage":11,"enemies":"Exordium Thugs","floor":10,"turns":3},{"damage":0,"enemies":"2 Fungi Beasts","floor":13,"turns":3},{"damage":56,"enemies":"Fading Forest","floor":16,"turns":11},{"damage":29,"enemies":"2 Thieves","floor":18,"turns":4},{"damage":21,"enemies":"Spheric Guardian","floor":20,"turns":6},{"damage":6,"enemies":"Centurion and Healer","floor":22,"turns":6},{"damage":14,"enemies":"Slavers","floor":24,"turns":6},{"damage":22,"enemies":"Sentry and Sphere","floor":27,"turns":10},{"damage":0,"enemies":"Snecko","floor":28,"turns":3},{"damage":19,"enemies":"Champ","floor":33,"turns":13},{"damage":0,"enemies":"3 Shapes","floor":35,"turns":3},{"damage":27,"enemies":"3 Darklings","floor":37,"turns":5},{"damage":39,"enemies":"Jaw Worm Horde","floor":38,"turns":5},{"damage":27,"enemies":"Spire Growth","floor":39,"turns":6},{"damage":27,"enemies":"Writhing Mass","floor":41,"turns":6},{"damage":9,"enemies":"3 Darklings","floor":45,"turns":6},{"damage":33,"enemies":"Nemesis","floor":47,"turns":7},{"damage":92,"enemies":"Donu and Deca","floor":50,"turns":9}],"seed_played":"-1111081983404779406","potions_obtained":[{"floor":1,"key":"FearPotion"},{"floor":5,"key":"SneckoOil"},{"floor":16,"key":"BlessingOfTheForge"},{"floor":22,"key":"Milkshake"},{"floor":27,"key":"EssenceOfSteel"},{"floor":33,"key":"PowerPotion"},{"floor":35,"key":"SpeedPotion"},{"floor":41,"key":"ColorlessPotion"}],"is_trial":false,"path_per_floor":["M","M","M","?","M","R","$","E","T","M","R","?","M","$","R","B",null,"M","?","M","$","M","R","E","R","T","M","M","R","?","?","R","B",null,"?","T","?","?","?","T","?","?","T","T","?","T","E","?","T","B",null],"character_chosen":"IRONCLAD","items_purchased":["Fire Breathing","Medical Kit","ReplayTheSpireMod:Necrogeddon"],"campfire_rested":5,"item_purchase_floors":[14,14,14],"current_hp_per_floor":[80,80,80,80,83,83,83,17,17,16,43,43,53,53,81,41,95,80,80,65,65,73,73,73,73,73,57,67,67,67,55,85,86,107,107,107,86,63,44,76,66,66,66,66,86,86,61,61,93,30],"gold":435,"neow_bonus":"RANDOM_EVENT","is_daily":false,"chose_seed":false,"campfire_upgraded":5,"win_rate":0.0,"timestamp":1609497567,"path_taken":["M","M","M","?","?","R","$","E","T","M","R","?","?","?","R","BOSS","M","?","?","$","M","R","E","R","T","M","M","R","?","?","R","BOSS","?","?","?","?","?","T","?","?","T","?","?","T","E","?","T","BOSS"],"items_purchased_type":["Card","Relic","Card"],"build_version":"2020-12-22","purchased_purges":2,"victory":true,"max_hp_per_floor":[80,80,80,80,83,83,83,87,87,91,91,91,95,95,95,95,95,95,95,95,95,99,99,99,99,99,99,103,103,103,103,103,107,107,107,107,107,107,107,107,107,107,107,107,107,107,107,107,107,111],"card_choices":[{"not_picked":["True Grit","Clash"],"picked":"Feel No Pain","floor":1},{"not_picked":["Warcry","Pommel Strike"],"picked":"True Grit","floor":2},{"not_picked":["Shrug It Off","Twin Strike"],"picked":"Feed","floor":3},{"not_picked":["Warcry","Sword Boomerang"],"picked":"Cleave","floor":5},{"not_picked":["Twin Strike","Cleave"],"picked":"Uppercut","floor":8},{"not_picked":["Seeing Red","Metallicize"],"picked":"Perfected Strike","floor":10},{"not_picked":["Clothesline","Rampage"],"picked":"Flex","floor":13},{"not_picked":["Eclipse","Impervious"],"picked":"Reaper","floor":16},{"not_picked":["Armaments","Bloodletting"],"picked":"ReplayTheSpireMod:Strike From Hell","floor":18},{"not_picked":["Cleave","True Grit"],"picked":"Wild Strike","floor":20},{"not_picked":["Run Through","Rampage","Replay:Undeath\u0027s Touch"],"picked":"SKIP","floor":22},{"not_picked":["Spot Weakness+1","Heavy Blade+1","Pommel Strike+1"],"picked":"SKIP","floor":24},{"not_picked":["Headbutt","ReplayReversal","Offering"],"picked":"SKIP","floor":27},{"not_picked":["Rage","Replay:Undeath\u0027s Touch"],"picked":"Dark Embrace","floor":28},{"not_picked":["Feed","Berserk"],"picked":"Juggernaut","floor":33},{"not_picked":["Clothesline","Body Slam","Run Through+1"],"picked":"SKIP","floor":35},{"not_picked":["Combust+1","Shockwave+1","Abandon+1"],"picked":"SKIP","floor":37},{"not_picked":["Pommel Strike+1","Run Through+1","ReplayTheSpireMod:Limb From Limb"],"picked":"SKIP","floor":38},{"not_picked":["Pommel Strike","Dark Embrace"],"picked":"True Grit+1","floor":39},{"not_picked":["Iron Wave","Flex+1","Clothesline"],"picked":"SKIP","floor":41},{"not_picked":["Anger+1","Flame Barrier","Sword Boomerang"],"picked":"SKIP","floor":45},{"not_picked":["Cleave","Pommel Strike","Headbutt"],"picked":"SKIP","floor":47},{"not_picked":["ReplayTheSpireMod:Brewmster","Enlightenment"],"picked":"The Bomb","floor":48}],"player_experience":34386,"relics_obtained":[{"floor":8,"key":"Bag of Marbles"},{"floor":9,"key":"ReplayTheSpireMod:TigerMarble"},{"floor":24,"key":"Toy Ornithopter"},{"floor":26,"key":"Pocketwatch"},{"floor":36,"key":"Blood Vial"},{"floor":43,"key":"Replay:Rubber Ducky"},{"floor":44,"key":"Mercury Hourglass"},{"floor":47,"key":"Unceasing Top"}],"event_choices":[{"cards_removed":["Strike_R"],"damage_healed":0,"gold_gain":0,"player_choice":"Offered Basic","damage_taken":0,"max_hp_gain":0,"max_hp_loss":0,"event_name":"Bonfire Elementals","floor":4,"gold_loss":0},{"damage_healed":0,"gold_gain":275,"player_choice":"Desecrate","damage_taken":0,"max_hp_gain":0,"max_hp_loss":0,"event_name":"Golden Shrine","floor":12,"gold_loss":0,"cards_obtained":["Regret"]},{"damage_healed":0,"gold_gain":0,"player_choice":"Forge","damage_taken":0,"max_hp_gain":0,"max_hp_loss":0,"event_name":"Accursed Blacksmith","floor":19,"gold_loss":0,"cards_upgraded":["ReplayTheSpireMod:Necrogeddon"]},{"damage_healed":0,"gold_gain":0,"player_choice":"Ignored","damage_taken":0,"max_hp_gain":0,"max_hp_loss":0,"event_name":"Ghosts","floor":30,"gold_loss":0},{"damage_healed":0,"gold_gain":90,"player_choice":"GOLD ","damage_taken":12,"max_hp_gain":0,"max_hp_loss":0,"event_name":"Knowing Skull","floor":31,"potions_obtained":[],"gold_loss":0,"cards_obtained":[]},{"damage_healed":0,"gold_gain":0,"player_choice":"Memory 1","damage_taken":0,"max_hp_gain":0,"max_hp_loss":0,"event_name":"SensoryStone","floor":48,"gold_loss":0}],"is_beta":false,"boss_relics":[{"not_picked":["Hololive_ChaosS","Replay:Drink Me"],"picked":"Astrolabe"},{"not_picked":["Sozu","Coffee Dripper"],"picked":"Painkiller Herb"}],"items_purged_floors":[7,21],"is_endless":false,"potions_floor_spawned":[1,5,16,22,27,28,33,35,41,47],"ascension_level":1}}