{"host":"avjwtc49fhlk6kym","time":1609524763,"event":{"mods":["AchievementEnabler","BaseMod","Better Match","Better Note","Better Third Choice","Colored Map","Colored Powertips","Displayed Cursed Tome","Highlight Path","Minty Spire (QoL Compilation)","Permanent Neow","Quick Restart","StSLib"],"gold_per_floor":[109,109,122,139,149,149,166,199,199,3,3,16,46,57,57,156,156,176,186,166,176,276,295,295,313,339,357,392,392,409,609,609,609,609],"floor_reached":33,"playtime":1582,"items_purged":[],"score":350,"play_id":"192ddcc9-9ec3-4e0b-9341-8535212d6c30","local_time":"20210101131243","is_ascension_mode":false,"campfire_choices":[{"data":"TalkToTheHand","floor":6,"key":"SMITH"},{"data":"BattleHymn","floor":11,"key":"SMITH"},{"floor":15,"key":"REST"},{"floor":24,"key":"REST"},{"floor":29,"key":"REST"},{"data":"DevaForm","floor":32,"key":"SMITH"}],"circlet_count":0,"master_deck":["Strike_P","Strike_P","Defend_P","Defend_P","Defend_P","Eruption","Vigilance","TalkToTheHand+1","FlurryOfBlows","Consecrate","WindmillStrike","FollowUp","InnerPeace","BattleHymn+1","ForeignInfluence","FearNoEvil","Protect","Wish","FearNoEvil+1","DeceiveReality+1","Fasting2+1","CrushJoints","SashWhip+1","Protect+1","TalkToTheHand","Scrawl","DevaForm+1","Protect"],"relics":["PureWater","Oddly Smooth Stone","Gremlin Horn","Omamori","Torii","Astrolabe","Happy Flower","Bag of Preparation"],"acts_visited":["Exordium","TheCity"],"potions_floor_usage":[1,8,14,18,21,27,28],"damage_taken":[{"damage":2,"enemies":"Jaw Worm","floor":1,"turns":2},{"damage":3,"enemies":"Cultist","floor":3,"turns":4},{"damage":6,"enemies":"Small Slimes","floor":4,"turns":5},{"damage":5,"enemies":"Blue Slaver","floor":5,"turns":4},{"damage":12,"enemies":"3 Louse","floor":7,"turns":3},{"damage":0,"enemies":"Lots of Slimes","floor":8,"turns":4},{"damage":0,"enemies":"2 Fungi Beasts","floor":12,"turns":3},{"damage":0,"enemies":"Lagavulin","floor":13,"turns":3},{"damage":2,"enemies":"Blue Slaver","floor":14,"turns":3},{"damage":0,"enemies":"Slime Boss","floor":16,"turns":6},{"damage":10,"enemies":"Spheric Guardian","floor":18,"turns":4},{"damage":1,"enemies":"Chosen","floor":19,"turns":4},{"damage":0,"enemies":"Snake Plant","floor":21,"turns":3},{"damage":12,"enemies":"Centurion and Healer","floor":23,"turns":6},{"damage":22,"enemies":"3 Cultists","floor":25,"turns":6},{"damage":16,"enemies":"Sentry and Sphere","floor":27,"turns":6},{"damage":42,"enemies":"Book of Stabbing","floor":28,"turns":7},{"damage":0,"enemies":"Shelled Parasite and Fungi","floor":30,"turns":6},{"damage":77,"enemies":"Collector","floor":33,"turns":8}],"seed_played":"1636746131819611632","potions_obtained":[{"floor":1,"key":"Fruit Juice"},{"floor":7,"key":"ColorlessPotion"},{"floor":8,"key":"FairyPotion"},{"floor":12,"key":"FearPotion"},{"floor":14,"key":"BottledMiracle"},{"floor":18,"key":"BottledMiracle"},{"floor":20,"key":"FairyPotion"},{"floor":25,"key":"AttackPotion"},{"floor":27,"key":"Dexterity Potion"}],"is_trial":false,"path_per_floor":["M","?","M","M","M","R","M","M","T","$","R","M","E","M","R","B",null,"M","M","?","M","?","M","R","M","T","M","E","R","M","?","R","B"],"character_chosen":"WATCHER","items_purchased":["Omamori","BattleHymn"],"campfire_rested":3,"item_purchase_floors":[10,10],"current_hp_per_floor":[75,68,65,59,54,54,42,42,42,42,42,42,42,40,63,63,77,67,66,66,66,66,54,77,55,55,39,23,46,46,46,46,0,0],"gold":609,"neow_bonus":"RANDOM_COMMON_RELIC","is_daily":false,"chose_seed":false,"campfire_upgraded":3,"win_rate":0.0,"timestamp":1609524763,"path_taken":["M","?","M","M","M","R","?","M","T","?","R","?","E","M","R","BOSS","M","M","?","M","?","M","R","M","T","?","E","R","M","?","R","BOSS"],"items_purchased_type":["Relic","Card"],"build_version":"2020-12-22","purchased_purges":0,"victory":false,"max_hp_per_floor":[77,77,77,77,77,77,77,77,77,77,77,77,77,77,77,77,77,77,77,77,77,77,77,77,77,77,77,77,77,77,77,77,77,77],"card_choices":[{"not_picked":["EmptyMind","Prostrate"],"picked":"TalkToTheHand","floor":1},{"not_picked":["Halt","Vault"],"picked":"FlurryOfBlows","floor":3},{"not_picked":["Protect","FollowUp"],"picked":"Consecrate","floor":4},{"not_picked":["FlurryOfBlows","Crescendo"],"picked":"WindmillStrike","floor":5},{"not_picked":["Protect","Nirvana"],"picked":"FollowUp","floor":7},{"not_picked":["FlurryOfBlows","Meditate"],"picked":"InnerPeace","floor":8},{"not_picked":["FlyingSleeves","Perseverance"],"picked":"ForeignInfluence","floor":12},{"not_picked":["EmptyFist","FlyingSleeves"],"picked":"FearNoEvil","floor":13},{"not_picked":["ThirdEye","EmptyFist"],"picked":"Protect","floor":14},{"not_picked":["Vault","SpiritShield"],"picked":"Wish","floor":16},{"not_picked":["EmptyFist","FollowUp"],"picked":"CrushJoints","floor":18},{"not_picked":["EmptyBody+1","Prostrate"],"picked":"SashWhip+1","floor":19},{"not_picked":["Prostrate","Vengeance+1"],"picked":"Protect+1","floor":21},{"not_picked":["EmptyBody","MentalFortress+1","DeceiveReality+1"],"picked":"SKIP","floor":23},{"not_picked":["PathToVictory+1","EmptyFist"],"picked":"TalkToTheHand","floor":25},{"not_picked":["Pray+1","Crescendo+1"],"picked":"Scrawl","floor":27},{"not_picked":["Adaptation","TalkToTheHand"],"picked":"DevaForm","floor":28},{"not_picked":["JustLucky","Evaluate"],"picked":"Protect","floor":30}],"player_experience":354122,"relics_obtained":[{"floor":9,"key":"Gremlin Horn"},{"floor":13,"key":"Torii"},{"floor":26,"key":"Happy Flower"},{"floor":28,"key":"Bag of Preparation"}],"event_choices":[{"damage_healed":0,"gold_gain":0,"player_choice":"Damaged","damage_taken":7,"max_hp_gain":0,"max_hp_loss":0,"event_name":"Wheel of Change","floor":2,"gold_loss":0},{"damage_healed":0,"gold_gain":0,"player_choice":"Bought 1 Potion","damage_taken":0,"max_hp_gain":0,"max_hp_loss":0,"event_name":"The Woman in Blue","floor":20,"gold_loss":0},{"damage_healed":0,"gold_gain":100,"player_choice":"Pray","damage_taken":0,"max_hp_gain":0,"max_hp_loss":0,"event_name":"Golden Shrine","floor":22,"gold_loss":0},{"damage_healed":0,"gold_gain":250,"player_choice":"Bet on Owner","damage_taken":0,"max_hp_gain":0,"max_hp_loss":0,"event_name":"The Joust","floor":31,"gold_loss":50}],"is_beta":false,"boss_relics":[{"not_picked":["VioletLotus","Fusion Hammer"],"picked":"Astrolabe"}],"items_purged_floors":[],"is_endless":false,"potions_floor_spawned":[1,7,8,12,14,18,25,27],"killed_by":"Collector","ascension_level":0}}