{"host":"ky7z67tg8zpdk0g7","time":1609501523,"event":{"mods":["BaseMod","Better Third Choice","CapriCore","Displayed Cursed Tome","Energized Spire","Halation","Hubris","Minty Spire (QoL Compilation)","Replay The Spire","Shop Mod","StSLib"],"gold_per_floor":[119,194,194,194,207,235,235,267,314,314,314,334,363,373,373,474,474,493,493,505,505,505],"floor_reached":21,"playtime":615,"items_purged":[],"score":244,"play_id":"9813905d-c19a-4281-8701-833c903441a7","local_time":"20210101184523","is_ascension_mode":true,"campfire_choices":[{"data":"Consume","floor":11,"key":"SMITH"},{"data":"Zap","floor":11,"key":"SMITH"},{"data":"Hyperbeam","floor":15,"key":"SMITH"},{"data":"Fission","floor":15,"key":"SMITH"}],"circlet_count":0,"master_deck":["Strike_B","Strike_B","Strike_B","Strike_B","Defend_B","Defend_B","Defend_B","Defend_B+1","Zap+1","Dualcast","Consume+1","Coolheaded","Biased Cognition","Leap","Fission+1","Hyperbeam+1","Cold Snap","Core Surge","Doom and Gloom"],"relics":["Cracked Core","NeowsBlessing","Replay:Arrowhead","Bottled Lightning","Chameleon Ring","Pen Nib","Replay:Bottled Flurry","hubris:Metronome","energizedSpire:OldTV"],"acts_visited":["Exordium","TheCity"],"potions_floor_usage":[16],"damage_taken":[{"damage":0.0,"enemies":"2 Louse","floor":1.0,"turns":1.0},{"damage":0.0,"enemies":"Small Slimes","floor":5.0,"turns":1.0},{"damage":0.0,"enemies":"Gremlin Nob","floor":6.0,"turns":1.0},{"damage":18.0,"enemies":"3 Sentries","floor":8.0,"turns":8.0},{"damage":1,"enemies":"Cultist","floor":12,"turns":3},{"damage":19,"enemies":"Lagavulin","floor":13,"turns":8},{"damage":9,"enemies":"Exordium Thugs","floor":14,"turns":4},{"damage":5,"enemies":"Hexaghost","floor":16,"turns":10},{"damage":12,"enemies":"2 Thieves","floor":18,"turns":3},{"damage":7,"enemies":"Spheric Guardian","floor":20,"turns":3},{"damage":8,"enemies":"Snecko","floor":21,"turns":3}],"seed_played":"8912967450387358194","potions_obtained":[{"floor":1.0,"key":"LiquidBronze"},{"floor":12,"key":"Reflective Coating"},{"floor":13,"key":"Adrenaline Potion"},{"floor":16,"key":"SmokeBomb"}],"is_trial":false,"path_per_floor":["M","?","?","?","M","E","T","E","T","?","R","M","E","M","R","B",null,"M","?","M","M"],"character_chosen":"DEFECT","items_purchased":[],"campfire_rested":0,"item_purchase_floors":[],"current_hp_per_floor":[75,64,64,64,64,64,64,46,46,46,46,45,26,17,17,12,75,63,63,56,48,48],"gold":505,"neow_bonus":"THREE_ENEMY_KILL","is_daily":false,"chose_seed":false,"campfire_upgraded":4,"win_rate":0.0,"timestamp":1609501523,"path_taken":["M","?","?","?","?","E","?","E","T","?","R","M","E","?","R","BOSS","M","?","?","?"],"items_purchased_type":[],"build_version":"2020-12-22","purchased_purges":0,"victory":false,"max_hp_per_floor":[75,75,75,75,75,75,75,75,75,75,75,75,75,75,75,75,75,75,75,75,75,75],"card_choices":[{"not_picked":["BootSequence","Sweeping Beam"],"picked":"Consume","floor":1.0},{"not_picked":["Beam Cell","Go for the Eyes"],"picked":"Coolheaded","floor":5.0},{"not_picked":["Stack","Beam Cell"],"picked":"Biased Cognition","floor":6.0},{"not_picked":["ReplayTheSpireMod:Reroute Power","Cold Snap"],"picked":"Leap","floor":8.0},{"not_picked":["Hologram","Turbo"],"picked":"Fission","floor":12},{"not_picked":["Beam Cell","FTL"],"picked":"Hyperbeam","floor":13},{"not_picked":["ReplayTheSpireMod:System Scan","Rebound"],"picked":"Cold Snap","floor":14},{"not_picked":["Amplify","Seek"],"picked":"Core Surge","floor":16},{"not_picked":["Recycle","Stack+1"],"picked":"Doom and Gloom","floor":18},{"not_picked":["Fusion","Streamline","Conserve Battery+1"],"picked":"SKIP","floor":20}],"player_experience":61015,"relics_obtained":[{"floor":6.0,"key":"Replay:Arrowhead"},{"floor":7.0,"key":"Bottled Lightning"},{"floor":8.0,"key":"Chameleon Ring"},{"floor":9.0,"key":"Pen Nib"},{"floor":10,"key":"Replay:Bottled Flurry"},{"floor":13,"key":"hubris:Metronome"}],"event_choices":[{"damage_healed":0.0,"max_hp_gain":0.0,"max_hp_loss":0.0,"gold_gain":75.0,"event_name":"betterThird:BetterGoop","player_choice":"Gold","floor":2.0,"gold_loss":0.0,"damage_taken":11.0},{"damage_healed":0.0,"max_hp_gain":0.0,"max_hp_loss":0.0,"gold_gain":0.0,"event_name":"The Woman in Blue","player_choice":"Bought 0 Potions","floor":4.0,"gold_loss":0.0,"damage_taken":0.0},{"damage_healed":0,"gold_gain":0,"player_choice":"Relic","damage_taken":0,"max_hp_gain":0,"max_hp_loss":0,"event_name":"Wheel of Change","floor":10,"gold_loss":0},{"damage_healed":0,"gold_gain":0,"player_choice":"0 cards matched","damage_taken":0,"max_hp_gain":0,"max_hp_loss":0,"event_name":"Match and Keep!","floor":19,"gold_loss":0,"cards_obtained":[]}],"is_beta":false,"boss_relics":[{"not_picked":["Replay:Wanted Poster","hubris:VirtuousBlindfold"],"picked":"energizedSpire:OldTV"}],"items_purged_floors":[],"is_endless":false,"potions_floor_spawned":[1,12,13,16],"killed_by":"Snecko","ascension_level":2}}