{"host":"2lvuisjyit3p3u01","time":1609523172,"event":{"mods":["Act Like it!","BaseMod","Bestiary","Better Synergies","CapriCore","Colored Map","Colored Powertips","Duelist Mod","GifTheSpireLib","Minty Spire (QoL Compilation)","Quick Restart","Replay The Spire","StSLib"],"gold_per_floor":[136,136,136,146,156,191,191,38,38,38,485,485,709,725,725,1047,1047],"floor_reached":16,"playtime":874,"items_purged":["Regret"],"score":185,"play_id":"68c9fb05-6060-450b-b428-de26c51b9145","local_time":"20210101194612","is_ascension_mode":false,"campfire_choices":[{"data":"theDuelist:DinnerParty","floor":7,"key":"SMITH"},{"floor":12,"key":"REST"},{"data":"theDuelist:DoubleCoston","floor":15,"key":"SMITH"}],"circlet_count":0,"master_deck":["theDuelist:ZombieCorpse","theDuelist:ZombieCorpse","theDuelist:ZombieCorpse","theDuelist:ZombieCorpse","theDuelist:ArchfiendZombieSkull","theDuelist:ArmoredZombie","theDuelist:ArmoredZombie","theDuelist:ArmoredZombie","theDuelist:ClownZombie","theDuelist:ClownZombie","theDuelist:DinnerParty+1","theDuelist:PatricianDarkness","theDuelist:ShallowGrave","theDuelist:SkullConductor","theDuelist:TutanMask","theDuelist:DeltaMagnet","theDuelist:Wightprincess","theDuelist:VampireFraulein","theDuelist:DoubleCoston+1"],"relics":["theDuelist:MillenniumPuzzle","theDuelist:CardPoolRelic","theDuelist:CardPoolBasicRelic","theDuelist:BoosterPackPoolRelic","theDuelist:CardPoolAddRelic","theDuelist:CardPoolMinusRelic","theDuelist:CardPoolSaveRelic","theDuelist:CardPoolOptionsRelic","NeowsBlessing","Gambling Chip","MealTicket","Bottled Lightning","theDuelist:MetronomeRelicD","Replay:Mystery Machine"],"acts_visited":["Exordium"],"potions_floor_usage":[13,16,16],"damage_taken":[{"damage":0,"enemies":"2 Louse","floor":1,"turns":1},{"damage":0,"enemies":"Jaw Worm","floor":4,"turns":1},{"damage":0,"enemies":"Cultist","floor":5,"turns":1},{"damage":44,"enemies":"Lagavulin","floor":6,"turns":7},{"damage":3,"enemies":"Exordium Thugs","floor":11,"turns":4},{"damage":9,"enemies":"Gremlin Nob","floor":13,"turns":4},{"damage":12,"enemies":"Blue Slaver","floor":14,"turns":4},{"damage":165,"enemies":"Fading Forest","floor":16,"turns":10}],"seed_played":"-6712817187553533553","potions_obtained":[{"floor":6,"key":"Adrenaline Potion"},{"floor":11,"key":"SkillPotion"},{"floor":14,"key":"theDuelist:FreezingPotion"}],"is_trial":false,"path_per_floor":["M","?","?","M","M","E","R","$","T","?","M","R","E","M","R","B"],"character_chosen":"THE_DUELIST","items_purchased":["theDuelist:PyramidTurtle"],"campfire_rested":1,"item_purchase_floors":[8],"current_hp_per_floor":[80,80,80,80,80,36,36,51,51,45,42,66,65,127,127,0,0],"gold":1047,"neow_bonus":"THREE_ENEMY_KILL","is_daily":false,"chose_seed":false,"campfire_upgraded":2,"win_rate":0.0,"timestamp":1609523172,"path_taken":["M","?","?","M","M","E","R","$","T","?","M","R","E","?","R","BOSS"],"items_purchased_type":["Card"],"build_version":"2020-12-22","purchased_purges":1,"victory":false,"max_hp_per_floor":[80,80,80,80,80,80,80,80,80,80,80,80,88,162,162,162,162],"card_choices":[{"not_picked":["theDuelist:WightLady","theDuelist:Tsukahagi","theDuelist:Mezuki","theDuelist:VampireDragon"],"picked":"theDuelist:DesLacooda","floor":1},{"not_picked":["theDuelist:OvertexQoatlus","theDuelist:AshBlossom","theDuelist:GhostrickJiangshi","theDuelist:GhostrickScare"],"picked":"theDuelist:Wightprincess","floor":4},{"not_picked":["theDuelist:OvertexQoatlus","theDuelist:VampireBaby","theDuelist:ParallelWorldFusion","theDuelist:GhostrickSkeleton"],"picked":"theDuelist:FireReaper","floor":5},{"not_picked":["theDuelist:VampireGrimson","theDuelist:GhostrickYeti","theDuelist:GhostrickJackfrost","theDuelist:FireReaper"],"picked":"theDuelist:Chopman","floor":6},{"not_picked":["theDuelist:FuryFire+1","theDuelist:MagicalGhost","theDuelist:OneForOne+1","theDuelist:RedMedicine+1"],"picked":"theDuelist:DestructPotion","floor":11},{"not_picked":["theDuelist:IlBlud","theDuelist:GhostrickNight","theDuelist:Gashadokuro","theDuelist:FragmentFusion"],"picked":"theDuelist:VampireFraulein","floor":13},{"not_picked":["theDuelist:WightLady","theDuelist:NecroworldBanshee","theDuelist:IlBlud","theDuelist:ZombiePowerStruggle"],"picked":"theDuelist:DoubleCoston","floor":14}],"player_experience":233430,"relics_obtained":[{"floor":6,"key":"MealTicket"},{"floor":9,"key":"Bottled Lightning"},{"floor":13,"key":"Replay:Mystery Machine"}],"event_choices":[{"damage_healed":0,"gold_gain":0,"player_choice":"Box","damage_taken":0,"relics_obtained":["Gambling Chip"],"max_hp_gain":0,"max_hp_loss":0,"event_name":"Big Fish","floor":2,"gold_loss":0,"cards_obtained":["Regret"]},{"damage_healed":0,"gold_gain":0,"player_choice":"Delta Electro","duelist":true,"damage_taken":0,"max_hp_gain":0,"max_hp_loss":0,"event_name":"Egyptian Village","floor":3,"gold_loss":0,"cards_obtained":["Delta Electromagnet Warrior"]},{"damage_healed":0,"gold_gain":0,"player_choice":"Dig - random Duelist relic","duelist":true,"damage_taken":0,"max_hp_gain":0,"max_hp_loss":0,"event_name":"Aknamkanon\u0027s Tomb","floor":10,"gold_loss":0}],"is_beta":false,"boss_relics":[],"items_purged_floors":[8],"is_endless":false,"potions_floor_spawned":[6,11,14],"killed_by":"Fading Forest","ascension_level":0}}