{"host":"p08oqmr389b4tgxi","time":1609496445,"event":{"mods":["Act Like it!","Arknights The Spire","BaseMod","Colored Powertips","Friendly Minions","Gensokyo","Hermit","Minty Spire (QoL Compilation)","Pale of the Ancients","Relic Stats","StSLib","The Alterego","The Marked","UnlockEverythingMod","Yakumo Yukari mod"],"gold_per_floor":[115,115,115,115,133,133,167,167,167,187,206,206,241,263,263,263,263],"floor_reached":16,"playtime":694,"items_purged":[],"score":135,"play_id":"3e596800-c800-4e37-a76b-09cdb90450ef","local_time":"20210101182045","is_ascension_mode":false,"campfire_choices":[{"data":"ats:Flexible Camouflage","floor":6.0,"key":"SMITH"},{"data":"ats:Mental Burst","floor":15.0,"key":"SMITH"}],"circlet_count":0,"master_deck":["ats:Strike C","ats:Strike G","ats:Strike S","ats:Strike V","ats:Defend","ats:Defend","ats:Defend","ats:Defend","ats:Emotion Absorption","Clumsy","Injury","ats:Flexible Camouflage+1","ats:Ignite+1","ats:Ignite","ats:Hook Shot","ats:Mental Burst+1","ats:Song Of Battle"],"relics":["ats:Sanity","NeowsBlessing","Gensokyo:NagashiBinaDoll","Happy Flower","Incense Burner","ats:Originium","CeramicFish","Juzu Bracelet","Gensokyo:OccultBall","Dream Catcher"],"acts_visited":["Gensokyo:Gensokyo"],"potions_floor_usage":[16,16],"damage_taken":[{"damage":0.0,"enemies":"Gensokyo:Gryphon","floor":1.0,"turns":1.0},{"damage":0.0,"enemies":"Gensokyo:Python","floor":5.0,"turns":1.0},{"damage":0.0,"enemies":"Gensokyo:Mamizou","floor":7.0,"turns":2.0},{"damage":1.0,"enemies":"Gensokyo:3_Fairies","floor":10.0,"turns":5.0},{"damage":0.0,"enemies":"Gensokyo:LivingMonolith","floor":11.0,"turns":3.0},{"damage":40.0,"enemies":"Gensokyo:Aya","floor":13.0,"turns":6.0},{"damage":0.0,"enemies":"Gensokyo:3_Kodama","floor":14.0,"turns":1.0},{"damage":34,"enemies":"Gensokyo:Reimu","floor":16,"turns":11}],"seed_played":"4039261076379860940","potions_obtained":[{"floor":1.0,"key":"SmokeBomb"},{"floor":7.0,"key":"Dexterity Potion"},{"floor":14.0,"key":"ColorlessPotion"}],"is_trial":false,"path_per_floor":["M","?","?","?","M","R","E","?","T","M","M","?","E","M","R","B"],"character_chosen":"DOCTOR_CLASS","items_purchased":[],"campfire_rested":0,"item_purchase_floors":[],"current_hp_per_floor":[72,72,72,72,72,72,72,72,72,71,71,71,31,31,31,0,0],"gold":263,"neow_bonus":"THREE_ENEMY_KILL","is_daily":false,"chose_seed":false,"campfire_upgraded":2,"win_rate":0.0,"timestamp":1609496445,"path_taken":["M","?","?","?","M","R","E","?","T","M","M","?","E","M","R","BOSS"],"items_purchased_type":[],"build_version":"2020-12-22","purchased_purges":0,"victory":false,"max_hp_per_floor":[72,72,72,72,72,72,72,72,72,72,72,72,72,72,72,72,72],"relic_stats":{"Dream Catcher":0,"Happy Flower":[9],"counters":[8,29],"CeramicFish":45,"Juzu Bracelet":1,"obtain_stats":[{"Dream Catcher":13,"NeowsBlessing":0,"Happy Flower":3,"ats:Originium":7,"CeramicFish":7,"Gensokyo:OccultBall":12,"Gensokyo:NagashiBinaDoll":2,"Incense Burner":4,"Juzu Bracelet":9,"ats:Sanity":0},{"Dream Catcher":6,"NeowsBlessing":0,"Happy Flower":1,"ats:Originium":3,"CeramicFish":3,"Gensokyo:OccultBall":5,"Gensokyo:NagashiBinaDoll":1,"Incense Burner":1,"Juzu Bracelet":3,"ats:Sanity":0},{"Dream Catcher":17,"NeowsBlessing":0,"Happy Flower":1,"ats:Originium":4,"CeramicFish":4,"Gensokyo:OccultBall":12,"Gensokyo:NagashiBinaDoll":1,"Incense Burner":1,"Juzu Bracelet":4,"ats:Sanity":0}]},"card_choices":[{"not_picked":["ats:Apocalypse","ats:Revitalization"],"picked":"ats:Automatic Cover","floor":1.0},{"not_picked":["ats:Assault Order","ats:Apocalypse"],"picked":"ats:Flexible Camouflage","floor":5.0},{"not_picked":["ats:True Silver Slash","ats:Revitalization"],"picked":"ats:Ignite","floor":7.0},{"not_picked":["ats:Chain Hook","ats:Red Shift"],"picked":"ats:Ignite","floor":10.0},{"not_picked":["ats:Composite Medical Shells","ats:Explosion Area Strengthen"],"picked":"ats:Hook Shot","floor":11.0},{"not_picked":["ats:Flexible Camouflage","ats:Powerful Strike"],"picked":"ats:Mental Burst","floor":13.0},{"not_picked":["ats:Leaping Hammer","ats:Poison Spread"],"picked":"ats:Song Of Battle","floor":14.0}],"player_experience":5739,"relics_obtained":[{"floor":7.0,"key":"ats:Originium"},{"floor":7.0,"key":"CeramicFish"},{"floor":9.0,"key":"Juzu Bracelet"},{"floor":13.0,"key":"ats:Originium"},{"floor":13.0,"key":"Dream Catcher"}],"event_choices":[],"is_beta":false,"boss_relics":[],"items_purged_floors":[],"is_endless":false,"potions_floor_spawned":[1,7,14],"killed_by":"Gensokyo:Reimu","ascension_level":0}}