{"host":"Brown Brick","time":1609538013,"event":{"mods":["BaseMod","Melee Mod","Minty Spire (QoL Compilation)","Rare Cards Sparkle","Relic Stats","Robot Space Explorer","StSLib","The Marked","Unceasing Turn Reminder","everything is the same but u backflip on backflip"],"gold_per_floor":[118,137,152,168,268,298,116,291,345,345,363,382,396,35,35,134,134,144,144,162,6,6,31,44,44,119,119,139,139,139,50,50,151,151,161,211,231,251,274,274,300,300,349,153,169,169,221,233,233,233,233,233,152,186,186,186],"floor_reached":55,"playtime":4104,"items_purged":["Doubt","Pain"],"score":717,"play_id":"152c3fef-554d-47ed-aa81-71bf4d314afb","local_time":"20210101225333","is_ascension_mode":false,"campfire_choices":[{"data":"Mayhem","floor":15,"key":"SMITH"},{"floor":25,"key":"RECALL"},{"data":"theMarked:Levitate","floor":27,"key":"SMITH"},{"floor":32,"key":"REST"},{"floor":40,"key":"REST"},{"floor":42,"key":"REST"},{"floor":49,"key":"REST"},{"floor":52,"key":"REST"}],"circlet_count":0,"master_deck":["theMarked:Strike","theMarked:Strike","theMarked:Strike","theMarked:Strike","theMarked:Defend","theMarked:Defend","theMarked:Defend","theMarked:Defend","theMarked:SoldierOfQuellstein","Deep Breath","theMarked:HeightenedSenses","theMarked:EmpowerWeapon","theMarked:EmpowerWeapon","theMarked:ElectricStrings+1","theMarked:ElementalBlade","Mayhem+1","theMarked:Static","theMarked:Levitate+1","theMarked:Parry+1","theMarked:Aftermath+1","theMarked:HeightenedSenses","theMarked:ParalyzingBlade","theMarked:TwofoldDefense","Dramatic Entrance+1","theMarked:SelfDefenseTraining+1","theMarked:RogueSparks+1","Impatience","theMarked:SwordAndMagic+1","theMarked:Panic+1","theMarked:ComboAttacks","theMarked:Panic+1"],"relics":["theMarked:ArtifactOfAir","Gremlin Horn","Akabeko","Incense Burner","Tiny Chest","TheAbacus","Philosopher\u0027s Stone","Lee\u0027s Waffle","WarpedTongs","Lantern","Shuriken","MutagenicStrength","Fusion Hammer","theMarked:SecretDocuments","Omamori","Sundial","Whetstone","Thread and Needle","White Beast Statue"],"acts_visited":["Exordium","TheCity","TheBeyond","TheEnding"],"potions_floor_usage":[20,33,33,41,48,55,55],"damage_taken":[{"damage":4,"enemies":"Cultist","floor":1,"turns":4},{"damage":0,"enemies":"2 Louse","floor":2,"turns":2},{"damage":2,"enemies":"Jaw Worm","floor":3,"turns":4},{"damage":2,"enemies":"Looter","floor":4,"turns":4},{"damage":16,"enemies":"Lagavulin","floor":6,"turns":6},{"damage":2,"enemies":"2 Fungi Beasts","floor":11,"turns":3},{"damage":10,"enemies":"Exordium Thugs","floor":12,"turns":5},{"damage":0,"enemies":"Large Slime","floor":13,"turns":5},{"damage":18,"enemies":"The Guardian","floor":16,"turns":12},{"damage":25,"enemies":"Shell Parasite","floor":18,"turns":5},{"damage":19,"enemies":"2 Thieves","floor":20,"turns":4},{"damage":30,"enemies":"Book of Stabbing","floor":23,"turns":4},{"damage":14,"enemies":"Sentry and Sphere","floor":24,"turns":4},{"damage":11,"enemies":"Shelled Parasite and Fungi","floor":28,"turns":4},{"damage":38,"enemies":"Champ","floor":33,"turns":12},{"damage":5,"enemies":"3 Shapes","floor":35,"turns":2},{"damage":7,"enemies":"Mind Bloom Boss Battle","floor":36,"turns":7},{"damage":11,"enemies":"3 Darklings","floor":37,"turns":3},{"damage":6,"enemies":"Jaw Worm Horde","floor":38,"turns":3},{"damage":38,"enemies":"Giant Head","floor":41,"turns":8},{"damage":19,"enemies":"Spire Growth","floor":45,"turns":4},{"damage":15,"enemies":"2 Orb Walkers","floor":47,"turns":4},{"damage":0,"enemies":"Transient","floor":48,"turns":5},{"damage":28,"enemies":"Donu and Deca","floor":50,"turns":9},{"damage":14,"enemies":"Shield and Spear","floor":54,"turns":6},{"damage":68,"enemies":"The Heart","floor":55,"turns":8}],"seed_played":"5398085088506090960","potions_obtained":[{"floor":1,"key":"SkillPotion"},{"floor":2,"key":"Block Potion"},{"floor":3,"key":"Swift Potion"},{"floor":20,"key":"ColorlessPotion"},{"floor":33,"key":"SpeedPotion"},{"floor":36,"key":"Weak Potion"},{"floor":41,"key":"Strength Potion"}],"is_trial":false,"path_per_floor":["M","M","M","M","?","E","$","?","T","T","M","M","M","$","R","B",null,"M","?","M","$","?","E","M","R","T","R","M","T","?","$","R","B",null,"M","?","M","M","T","R","E","R","T","$","M","?","?","M","R","B",null,"R","$","E","B"],"character_chosen":"THE_DEFAULT","items_purchased":["Mayhem","Tiny Chest","TheAbacus","Lee\u0027s Waffle","Dramatic Entrance","Impatience","theMarked:ComboAttacks"],"campfire_rested":5,"item_purchase_floors":[7,14,14,21,31,44,53],"current_hp_per_floor":[66,66,64,62,62,46,46,46,46,46,44,34,34,34,34,16,70,45,45,26,77,77,47,33,33,33,33,22,22,22,22,45,7,77,72,65,54,48,48,71,33,56,56,56,37,37,22,22,45,17,77,77,77,63,0,0],"gold":186,"neow_bonus":"RANDOM_COLORLESS","is_daily":false,"chose_seed":false,"campfire_upgraded":2,"win_rate":0.0,"timestamp":1609538013,"path_taken":["M","?","?","M","?","E","?","?","T","?","M","M","M","$","R","BOSS","M","?","M","$","?","E","?","R","T","R","M","?","?","?","R","BOSS","M","?","M","M","?","R","E","R","T","$","M","?","?","M","R","BOSS","R","$","E","BOSS"],"items_purchased_type":["Card","Relic","Relic","Relic","Card","Card","Card"],"build_version":"2020-12-18","purchased_purges":2,"victory":false,"max_hp_per_floor":[70,70,70,70,70,70,70,70,70,70,70,70,70,70,70,70,70,70,70,70,77,77,77,77,77,77,77,77,77,77,77,77,77,77,77,77,77,77,77,77,77,77,77,77,77,77,77,77,77,77,77,77,77,77,77,77],"relic_stats":{"Lee\u0027s Waffle":51,"TheAbacus":[192],"Gremlin Horn":[15,15],"counters":[26,137],"Shuriken":[38],"Sundial":[6],"Tiny Chest":2,"Whetstone":["theMarked:ElectricStrings","Dramatic Entrance"],"obtain_stats":[{"Lee\u0027s Waffle":21,"Lantern":23,"Gremlin Horn":6,"Thread and Needle":47,"Incense Burner":10,"Omamori":39,"Whetstone":43,"Akabeko":9,"White Beast Statue":54,"WarpedTongs":22,"theMarked:ArtifactOfAir":0,"TheAbacus":14,"Shuriken":26,"theMarked:SecretDocuments":36,"Sundial":41,"MutagenicStrength":30,"Tiny Chest":14,"Philosopher\u0027s Stone":17,"Fusion Hammer":34},{"Lee\u0027s Waffle":11,"Lantern":12,"Gremlin Horn":5,"Thread and Needle":22,"Incense Burner":5,"Omamori":19,"Whetstone":20,"Akabeko":5,"White Beast Statue":25,"WarpedTongs":11,"theMarked:ArtifactOfAir":0,"TheAbacus":8,"Shuriken":13,"theMarked:SecretDocuments":17,"Sundial":20,"MutagenicStrength":14,"Tiny Chest":8,"Philosopher\u0027s Stone":9,"Fusion Hammer":15},{"Lee\u0027s Waffle":54,"Lantern":58,"Gremlin Horn":20,"Thread and Needle":109,"Incense Burner":20,"Omamori":93,"Whetstone":101,"Akabeko":20,"White Beast Statue":129,"WarpedTongs":54,"theMarked:ArtifactOfAir":0,"TheAbacus":33,"Shuriken":62,"theMarked:SecretDocuments":87,"Sundial":101,"MutagenicStrength":66,"Tiny Chest":33,"Philosopher\u0027s Stone":45,"Fusion Hammer":78}],"WarpedTongs":[82]},"card_choices":[{"not_picked":["Panacea","Mind Blast"],"picked":"Deep Breath","floor":0},{"not_picked":["theMarked:Generate","theMarked:WastefulDefense"],"picked":"theMarked:HeightenedSenses","floor":1},{"not_picked":["theMarked:TwofoldDefense","theMarked:ShockingTouch"],"picked":"theMarked:EmpowerWeapon","floor":2},{"not_picked":["theMarked:TwofoldDefense","theMarked:HeightenedSenses"],"picked":"theMarked:EmpowerWeapon","floor":3},{"not_picked":["theMarked:Frustration","theMarked:Parry"],"picked":"theMarked:ElectricStrings","floor":4},{"not_picked":["theMarked:Parry","theMarked:Overcharge"],"picked":"theMarked:ElementalBlade","floor":6},{"not_picked":["theMarked:BanishingWave","theMarked:ThrowWeapon","theMarked:RepellingDischarge"],"picked":"SKIP","floor":11},{"not_picked":["theMarked:PowerFlow","theMarked:Static","theMarked:Reabsorb"],"picked":"SKIP","floor":12},{"not_picked":["theMarked:PowerFlow","theMarked:Static","theMarked:Reabsorb"],"picked":"SKIP","floor":12},{"not_picked":["theMarked:EmpowerWeapon","theMarked:Aftermath"],"picked":"theMarked:Static","floor":13},{"not_picked":["theMarked:ChannelForce","theMarked:Vacuum"],"picked":"theMarked:Levitate","floor":16},{"not_picked":["theMarked:ElementalBlade","theMarked:EmpowerWeapon"],"picked":"theMarked:Parry+1","floor":18},{"not_picked":["theMarked:ElectricStrings","theMarked:Reabsorb"],"picked":"theMarked:Aftermath+1","floor":20},{"not_picked":["theMarked:GodGivenPower","theMarked:Overthink+1"],"picked":"theMarked:HeightenedSenses","floor":23},{"not_picked":["theMarked:WastefulDefense+1","theMarked:EmpowerWeapon"],"picked":"theMarked:ParalyzingBlade","floor":24},{"not_picked":["theMarked:BanishingWave","theMarked:ChainLightning+1"],"picked":"theMarked:TwofoldDefense","floor":28},{"not_picked":["theMarked:ChainLightning+1","theMarked:Seal+1"],"picked":"theMarked:SelfDefenseTraining+1","floor":35},{"not_picked":["theMarked:Aftermath","theMarked:Convert+1","theMarked:SummonStrength"],"picked":"SKIP","floor":37},{"not_picked":["theMarked:BanishingStrike+1","theMarked:Overcharge","theMarked:Parkour"],"picked":"SKIP","floor":38},{"not_picked":["theMarked:Polarize","theMarked:Generate+1"],"picked":"theMarked:RogueSparks+1","floor":41},{"not_picked":["theMarked:Opportunist+1","theMarked:GodGivenPower","theMarked:Electrify"],"picked":"SKIP","floor":45},{"not_picked":["theMarked:Frustration","theMarked:ThrowWeapon"],"picked":"theMarked:SwordAndMagic+1","floor":47},{"not_picked":["theMarked:RepellingDischarge","theMarked:TwofoldDefense"],"picked":"theMarked:Panic+1","floor":48},{"not_picked":["theMarked:Static","theMarked:RogueSparks+1"],"picked":"theMarked:Panic+1","floor":54}],"player_experience":652644,"relics_obtained":[{"floor":6,"key":"Gremlin Horn"},{"floor":9,"key":"Akabeko"},{"floor":10,"key":"Incense Burner"},{"floor":23,"key":"Lantern"},{"floor":26,"key":"Shuriken"},{"floor":36,"key":"theMarked:SecretDocuments"},{"floor":39,"key":"Omamori"},{"floor":41,"key":"Sundial"},{"floor":43,"key":"Whetstone"},{"floor":47,"key":"Thread and Needle"},{"floor":54,"key":"White Beast Statue"}],"event_choices":[{"damage_healed":0,"gold_gain":100,"player_choice":"Pray","damage_taken":0,"max_hp_gain":0,"max_hp_loss":0,"event_name":"Golden Shrine","floor":5,"gold_loss":0},{"damage_healed":0,"gold_gain":175,"player_choice":"AGREE","damage_taken":0,"max_hp_gain":0,"max_hp_loss":0,"event_name":"Liars Game","floor":8,"gold_loss":0,"cards_obtained":["Doubt"]},{"damage_healed":0,"gold_gain":0,"player_choice":"Ignored","damage_taken":0,"max_hp_gain":0,"max_hp_loss":0,"event_name":"Ghosts","floor":19,"gold_loss":0},{"damage_healed":0,"gold_gain":0,"player_choice":"Rummage","damage_taken":0,"relics_obtained":["WarpedTongs"],"max_hp_gain":0,"max_hp_loss":0,"event_name":"Accursed Blacksmith","floor":22,"gold_loss":0,"cards_obtained":["Pain"]},{"damage_healed":0,"gold_gain":0,"player_choice":"Inject Mutagens","damage_taken":0,"relics_obtained":["MutagenicStrength"],"max_hp_gain":0,"max_hp_loss":0,"event_name":"Drug Dealer","floor":30,"gold_loss":0},{"damage_healed":0,"gold_gain":0,"player_choice":"Fight","damage_taken":0,"max_hp_gain":0,"max_hp_loss":0,"event_name":"MindBloom","floor":36,"gold_loss":0},{"cards_removed":["theMarked:Strike"],"damage_healed":0,"gold_gain":0,"player_choice":"Removed Attack","damage_taken":0,"max_hp_gain":0,"max_hp_loss":0,"event_name":"Falling","floor":46,"gold_loss":0},{"damage_healed":0,"gold_gain":0,"player_choice":"Fight","damage_taken":0,"max_hp_gain":0,"max_hp_loss":0,"event_name":"Mysterious Sphere","floor":47,"gold_loss":0}],"is_beta":true,"boss_relics":[{"not_picked":["Busted Crown","Pandora\u0027s Box"],"picked":"Philosopher\u0027s Stone"},{"not_picked":["Astrolabe","Coffee Dripper"],"picked":"Fusion Hammer"}],"items_purged_floors":[14,44],"is_endless":false,"potions_floor_spawned":[1,2,3,20,23,24,33,36,37,41,47],"killed_by":"The Heart","ascension_level":0}}