{"host":"3c27c697js19kaoo","time":1609477980,"event":{"mods":["ATMod(°¢èªMod)","Aspiration","BaseMod","CapriCore","Dota2Spire","Hermit","Lobotomy","Minty Spire (QoL Compilation)","Quick Restart","Replay The Spire","Robot Space Explorer","RumiaBox-Â¶Ã×æ«µÄÉñÃØºÐ×Ó","Spicy Shops","StSLib","The Alterego","The Cursed","The Runesmith","The Servant 0.9.4","vexMod","¡¾¹¦ÄÜMod¡¿»ìãçÖ®»·ÐÞ¸´²¹¶¡","¡¾ÒÅÎï¿¨ÅÆ¡¿REMEMod"],"gold_per_floor":[109,109,109,59,59,59,84,143,194,194,208,221,221,250,250,250,250],"floor_reached":16,"playtime":691,"items_purged":[],"score":122,"play_id":"81f0b730-fe81-4447-81d1-b11410df10ac","local_time":"20210101131300","is_ascension_mode":true,"campfire_choices":[{"data":"Omniscience","floor":6,"key":"SMITH"},{"floor":10,"key":"REST"},{"data":"Replay:Undeath\u0027s Touch","floor":13,"key":"SMITH"},{"floor":15,"key":"REST"}],"circlet_count":0,"master_deck":["Strike_R","Strike_R","Strike_R","Strike_R","Strike_R","Defend_R","Defend_R","Defend_R","Defend_R","AT_DrawKnifeCut","Omniscience+1","Thunderclap","ShyLook","Havoc","Armaments","Pommel Strike","ReplayTheSpireMod:Limb From Limb","Heavy Blade","FairyFestival","LittleHelper","Replay:Undeath\u0027s Touch+1","Anger","Laetitia","QueenOfHatred","Thunderclap","NakedNest"],"relics":["Burning Blood","REME_ComplimentaryCards","AT_ATBox","CogitoBucket","Bronze Scales","Replay:Bottled Snecko","REME_HandOfSuture","Pen Nib"],"acts_visited":["Exordium"],"potions_floor_usage":[8],"damage_taken":[{"damage":7,"enemies":"2 Louse","floor":1,"turns":3},{"damage":59,"enemies":"Lagavulin","floor":7,"turns":8},{"damage":12,"enemies":"Gremlin Nob","floor":8,"turns":2},{"damage":9,"enemies":"Jaw Worm","floor":11,"turns":3},{"damage":12,"enemies":"Small Slimes","floor":12,"turns":3},{"damage":39,"enemies":"Gremlin Nob","floor":14,"turns":4},{"damage":62,"enemies":"The Guardian","floor":16,"turns":4}],"seed_played":"-3726522605545361662","potions_obtained":[{"floor":7,"key":"Death Potion"},{"floor":12,"key":"SteroidPotion"}],"is_trial":false,"path_per_floor":["M","?","$","?","$","R","E","?","T","R","M","M","R","E","R","B"],"character_chosen":"IRONCLAD","items_purchased":[],"campfire_rested":2,"item_purchase_floors":[],"current_hp_per_floor":[79,79,79,79,79,79,26,21,21,45,44,40,40,13,37,0,0],"gold":250,"neow_bonus":"","is_daily":false,"chose_seed":false,"campfire_upgraded":2,"win_rate":0.0,"timestamp":1609477980,"path_taken":["M","?","$","?","$","R","E","?","T","R","?","M","R","E","R","BOSS"],"items_purchased_type":[],"build_version":"2020-12-22","purchased_purges":0,"victory":false,"max_hp_per_floor":[80,80,80,80,80,80,80,80,80,80,80,80,80,80,80,80,80],"card_choices":[{"not_picked":["Massacre","Reckless Charge"],"picked":"Thunderclap","floor":1},{"not_picked":["CrumblingArmor","Bloodbath"],"picked":"ShyLook","floor":1},{"not_picked":["WallGazer","CrumblingArmor"],"picked":"FairyFestival","floor":7},{"not_picked":["Thunderclap","Flame Barrier","Limit Break"],"picked":"SKIP","floor":7},{"not_picked":["Thunderclap","Flame Barrier","Limit Break"],"picked":"SKIP","floor":7},{"not_picked":["OSAHOGD","PunishingBird"],"picked":"LittleHelper","floor":8},{"not_picked":["Twin Strike","Hemokinesis"],"picked":"Replay:Undeath\u0027s Touch","floor":8},{"not_picked":["Pommel Strike","AT_BodySlamDance"],"picked":"Anger","floor":11},{"not_picked":["CherryBlossoms","WallGazer"],"picked":"Laetitia","floor":11},{"not_picked":["Freischutz","Yin"],"picked":"QueenOfHatred","floor":12},{"not_picked":["Iron Wave","Armaments"],"picked":"Thunderclap","floor":12},{"not_picked":["Alriune","Yin"],"picked":"NakedNest","floor":14},{"not_picked":["Clothesline","REME_Cut","Thunderclap"],"picked":"SKIP","floor":14},{"not_picked":["Clothesline","REME_Cut","Thunderclap"],"picked":"SKIP","floor":14}],"player_experience":197525,"relics_obtained":[{"floor":7,"key":"Bronze Scales"},{"floor":8,"key":"Replay:Bottled Snecko"},{"floor":9,"key":"REME_HandOfSuture"},{"floor":14,"key":"Pen Nib"}],"event_choices":[{"cards_removed":["Bash"],"damage_healed":0,"gold_gain":0,"player_choice":"Card Removal","damage_taken":0,"max_hp_gain":0,"max_hp_loss":0,"event_name":"The Cleric","floor":4,"gold_loss":50},{"damage_healed":0,"gold_gain":0,"player_choice":"Searched \u00271\u0027 times","damage_taken":0,"max_hp_gain":0,"max_hp_loss":0,"event_name":"Dead Adventurer","floor":8,"gold_loss":0}],"is_beta":false,"boss_relics":[],"items_purged_floors":[],"is_endless":false,"potions_floor_spawned":[7,12],"killed_by":"The Guardian","ascension_level":3}}