{"host":"sav7uxregyirlf69","time":1609471295,"event":{"mods":["AchievementEnabler","BaseMod","Colored Map","DeckTracker","Keyboard Shortcuts","Minty Spire (QoL Compilation)","READ ME - Guardian Mod","StSLib","SuperFastMode"],"gold_per_floor":[111,186,186,202,74,74,109,109,109,127,38,71,87,121,121,121,121],"floor_reached":16,"playtime":248,"items_purged":["Defend_P"],"score":336,"play_id":"64f0d9d3-3f2d-483c-a3ba-7253cd14d600","local_time":"20210101122135","is_ascension_mode":true,"campfire_choices":[{"data":"Eruption","floor":6.0,"key":"SMITH"},{"floor":15,"key":"REST"}],"circlet_count":0,"master_deck":["AscendersBane","Strike_P","Strike_P","Strike_P","Defend_P","Defend_P","Defend_P","Eruption+1","Vigilance","Prostrate","Tantrum","EmptyFist","EmptyBody","MentalFortress","TalkToTheHand","Halt","Devotion","WheelKick"],"relics":["PureWater","NeowsBlessing","Mummified Hand","Incense Burner","Dream Catcher","Strawberry"],"acts_visited":["Exordium"],"potions_floor_usage":[13,16],"damage_taken":[{"damage":0.0,"enemies":"2 Louse","floor":1.0,"turns":1.0},{"damage":0.0,"enemies":"Jaw Worm","floor":4.0,"turns":1.0},{"damage":0.0,"enemies":"Lagavulin","floor":7.0,"turns":1.0},{"damage":0.0,"enemies":"Cultist","floor":10.0,"turns":2.0},{"damage":31.0,"enemies":"3 Sentries","floor":12.0,"turns":8.0},{"damage":9,"enemies":"Gremlin Gang","floor":13,"turns":5},{"damage":0,"enemies":"Lagavulin","floor":14,"turns":6},{"damage":44,"enemies":"Slime Boss","floor":16,"turns":7}],"seed_played":"-565513742047504751","potions_obtained":[{"floor":1.0,"key":"Weak Potion"},{"floor":7.0,"key":"EssenceOfSteel"},{"floor":12.0,"key":"Energy Potion"},{"floor":13,"key":"Weak Potion"}],"is_trial":false,"path_per_floor":["M","?","?","M","$","R","E","?","T","M","$","E","M","E","R","B"],"character_chosen":"WATCHER","items_purchased":["EmptyFist","MentalFortress"],"campfire_rested":1,"item_purchase_floors":[5,11],"current_hp_per_floor":[61,50,50,50,50,50,50,43,43,43,43,12,3,10,32,0,0],"gold":121,"neow_bonus":"THREE_ENEMY_KILL","is_daily":false,"chose_seed":false,"campfire_upgraded":1,"win_rate":0.0,"timestamp":1609471295,"path_taken":["M","?","?","M","$","R","E","?","T","M","$","E","M","E","R","BOSS"],"items_purchased_type":["Card","Card"],"build_version":"2020-12-22","purchased_purges":1,"victory":false,"max_hp_per_floor":[68,68,68,68,68,68,68,68,68,68,68,68,68,75,75,75,75],"card_choices":[{"not_picked":["Pray","JustLucky"],"picked":"Prostrate","floor":1.0},{"not_picked":["MentalFortress","JustLucky"],"picked":"Tantrum","floor":4.0},{"not_picked":["Perseverance","ForeignInfluence","Halt"],"picked":"SKIP","floor":7.0},{"not_picked":["Pray","Prostrate"],"picked":"EmptyBody","floor":10.0},{"not_picked":["LikeWater","Indignation"],"picked":"TalkToTheHand","floor":12.0},{"not_picked":["DevaForm","PathToVictory"],"picked":"Halt","floor":13},{"not_picked":["Devotion","EmptyBody","FlurryOfBlows"],"picked":"SKIP","floor":14},{"not_picked":["EmptyBody","FlurryOfBlows"],"picked":"Devotion","floor":14},{"not_picked":["Study","FollowUp"],"picked":"WheelKick","floor":15}],"player_experience":1090141,"relics_obtained":[{"floor":7.0,"key":"Mummified Hand"},{"floor":9.0,"key":"Incense Burner"},{"floor":12.0,"key":"Dream Catcher"},{"floor":14,"key":"Strawberry"}],"event_choices":[{"damage_healed":0.0,"max_hp_gain":0.0,"max_hp_loss":0.0,"gold_gain":75.0,"event_name":"World of Goop","player_choice":"Gather Gold","floor":2.0,"gold_loss":0.0,"damage_taken":11.0},{"damage_healed":0.0,"max_hp_gain":0.0,"max_hp_loss":0.0,"gold_gain":0.0,"event_name":"Liars Game","player_choice":"Ignored","floor":3.0,"gold_loss":0.0,"damage_taken":0.0},{"cards_removed":["Strike_P"],"damage_healed":0.0,"max_hp_gain":0.0,"max_hp_loss":0.0,"gold_gain":0.0,"event_name":"Golden Wing","player_choice":"Card Removal","floor":8.0,"gold_loss":0.0,"damage_taken":7.0}],"is_beta":false,"boss_relics":[],"items_purged_floors":[5],"is_endless":false,"potions_floor_spawned":[1,7,12,13],"killed_by":"Slime Boss","ascension_level":20}}