{"host":"pfy6u49v5s5r680p","time":1609470947,"event":{"mods":["BaseMod","Colored Map","DeckTracker","Highlight Path","Keyboard Shortcuts","Minty Spire (QoL Compilation)","Permanent Neow","Quick Restart","StSLib","SuperFastMode","everything is the same but u backflip on backflip"],"gold_per_floor":[116,136,147,147,162,162,18,32,32,32,107,123,123,144,144,273,273,294,77,100,115,115,115,128,128,428,444,444,459,480,515,515,515,515],"floor_reached":33,"playtime":1152,"items_purged":["Strike_R"],"score":423,"play_id":"09dec6de-c4a7-47f5-ad90-77c7ecded3e7","local_time":"20210101121547","is_ascension_mode":true,"campfire_choices":[{"data":"Rampage","floor":6.0,"key":"SMITH"},{"data":"Armaments","floor":10.0,"key":"SMITH"},{"data":"Evolve","floor":15.0,"key":"SMITH"},{"data":"Power Through","floor":23.0,"key":"SMITH"},{"floor":25.0,"key":"REST"},{"data":"Immolate","floor":28.0,"key":"SMITH"},{"floor":32.0,"key":"REST"}],"circlet_count":0,"master_deck":["Strike_R","Strike_R","Strike_R","Strike_R","Defend_R","Defend_R","Defend_R","Defend_R","Bash","Fire Breathing+1","Armaments+1","Rampage+1","Injury","Headbutt","Evolve+1","Power Through+1","Power Through","Immolate+1","Dark Embrace","Feel No Pain","Shame","Shockwave","Armaments+1"],"relics":["Burning Blood","Golden Idol","Mummified Hand","Cursed Key","Bag of Preparation","Old Coin","Self Forming Clay"],"acts_visited":["Exordium","TheCity"],"potions_floor_usage":[33],"damage_taken":[{"damage":0.0,"enemies":"Small Slimes","floor":1.0,"turns":3.0},{"damage":8.0,"enemies":"Jaw Worm","floor":2.0,"turns":4.0},{"damage":6.0,"enemies":"Cultist","floor":3.0,"turns":3.0},{"damage":12.0,"enemies":"Exordium Wildlife","floor":5.0,"turns":4.0},{"damage":45.0,"enemies":"Gremlin Gang","floor":8.0,"turns":5.0},{"damage":9.0,"enemies":"3 Louse","floor":12.0,"turns":2.0},{"damage":0.0,"enemies":"2 Fungi Beasts","floor":14.0,"turns":5.0},{"damage":0.0,"enemies":"Hexaghost","floor":16.0,"turns":8.0},{"damage":13.0,"enemies":"3 Byrds","floor":18.0,"turns":5.0},{"damage":9.0,"enemies":"Chosen","floor":20.0,"turns":5.0},{"damage":23.0,"enemies":"3 Cultists","floor":21.0,"turns":5.0},{"damage":20.0,"enemies":"Snake Plant","floor":24.0,"turns":4.0},{"damage":8.0,"enemies":"Cultist and Chosen","floor":27.0,"turns":5.0},{"damage":12.0,"enemies":"Snecko","floor":29.0,"turns":5.0},{"damage":13.0,"enemies":"Snake Plant","floor":30.0,"turns":4.0},{"damage":24.0,"enemies":"Book of Stabbing","floor":31.0,"turns":6.0},{"damage":60,"enemies":"Collector","floor":33,"turns":6}],"seed_played":"-2778240999400462932","potions_obtained":[{"floor":1.0,"key":"AttackPotion"},{"floor":12.0,"key":"FearPotion"},{"floor":14.0,"key":"ColorlessPotion"},{"floor":16.0,"key":"BlessingOfTheForge"},{"floor":18.0,"key":"Energy Potion"},{"floor":24.0,"key":"SmokeBomb"}],"is_trial":false,"path_per_floor":["M","M","M","?","M","R","$","M","T","R","?","M","?","M","R","B",null,"M","$","M","M","?","R","M","R","T","M","R","M","M","E","R","B"],"character_chosen":"IRONCLAD","items_purchased":["Evolve","Dark Embrace","Bag of Preparation"],"campfire_rested":2,"item_purchase_floors":[7,19,19],"current_hp_per_floor":[78,76,76,76,70,70,70,31,31,31,20,17,17,23,23,29,67,60,60,57,40,34,34,20,44,44,42,42,36,29,11,35,0,0],"gold":515,"neow_bonus":"THREE_CARDS","is_daily":false,"chose_seed":false,"campfire_upgraded":5,"win_rate":0.0,"timestamp":1609470947,"path_taken":["M","M","M","?","M","R","$","M","T","R","?","?","?","M","R","BOSS","M","?","M","M","?","R","?","R","T","M","R","M","M","E","R","BOSS"],"items_purchased_type":["Card","Card","Relic"],"build_version":"2020-12-22","purchased_purges":1,"victory":false,"max_hp_per_floor":[80,80,80,80,80,80,80,80,80,80,80,80,80,80,80,80,80,80,80,80,80,80,80,80,80,80,80,80,80,80,80,80,80,80],"card_choices":[{"not_picked":["Feel No Pain","Thunderclap"],"picked":"Fire Breathing","floor":1.0},{"not_picked":["Flex","True Grit"],"picked":"Armaments","floor":2.0},{"not_picked":["Sever Soul","Hemokinesis"],"picked":"Rampage","floor":3.0},{"not_picked":["Warcry","Cleave"],"picked":"Headbutt","floor":5.0},{"not_picked":["Clothesline","Sever Soul"],"picked":"Power Through","floor":8.0},{"not_picked":["Pummel","Dropkick","Body Slam"],"picked":"SKIP","floor":12.0},{"not_picked":["Evolve","Shrug It Off"],"picked":"Power Through","floor":14.0},{"not_picked":["Offering","Impervious"],"picked":"Immolate","floor":16.0},{"not_picked":["True Grit+1","Anger","Iron Wave"],"picked":"SKIP","floor":18.0},{"not_picked":["Sever Soul","Iron Wave","Hemokinesis"],"picked":"SKIP","floor":20.0},{"not_picked":["Headbutt","Sword Boomerang","Pummel+1"],"picked":"SKIP","floor":21.0},{"not_picked":["Feel No Pain","Evolve","Havoc"],"picked":"SKIP","floor":24.0},{"not_picked":["Evolve","Havoc"],"picked":"Feel No Pain","floor":24.0},{"not_picked":["Bloodletting","Headbutt","Searing Blow"],"picked":"SKIP","floor":27.0},{"not_picked":["Body Slam","Armaments"],"picked":"Shockwave","floor":29.0},{"not_picked":["Twin Strike","Heavy Blade"],"picked":"Armaments+1","floor":30.0},{"not_picked":["Headbutt+1","Clothesline","Perfected Strike"],"picked":"SKIP","floor":31.0}],"player_experience":79229,"relics_obtained":[{"floor":9.0,"key":"Mummified Hand"},{"floor":26.0,"key":"Old Coin"},{"floor":31.0,"key":"Self Forming Clay"}],"event_choices":[{"damage_healed":0.0,"max_hp_gain":0.0,"max_hp_loss":0.0,"gold_gain":0.0,"event_name":"Golden Idol","player_choice":"Take Wound","floor":4.0,"gold_loss":0.0,"damage_taken":0.0,"relics_obtained":["Golden Idol"],"cards_obtained":["Injury"]},{"damage_healed":0.0,"max_hp_gain":0.0,"max_hp_loss":0.0,"gold_gain":75.0,"event_name":"World of Goop","player_choice":"Gather Gold","floor":11.0,"gold_loss":0.0,"damage_taken":11.0},{"damage_healed":0.0,"max_hp_gain":0.0,"max_hp_loss":0.0,"gold_gain":0.0,"event_name":"Accursed Blacksmith","player_choice":"Forge","floor":13.0,"gold_loss":0.0,"damage_taken":0.0,"cards_upgraded":["Fire Breathing"]},{"damage_healed":0.0,"max_hp_gain":0.0,"max_hp_loss":0.0,"gold_gain":0.0,"event_name":"Knowing Skull","player_choice":"","floor":22.0,"potions_obtained":[],"gold_loss":0.0,"damage_taken":6.0,"cards_obtained":[]}],"is_beta":false,"boss_relics":[{"not_picked":["Busted Crown","SacredBark"],"picked":"Cursed Key"}],"items_purged_floors":[7],"is_endless":false,"potions_floor_spawned":[1,12,14,16,18,21,24],"killed_by":"Collector","ascension_level":7}}