{"host":"g7trc0x2teqyd8ye","time":1609519076,"event":{"mods":["BaseMod","Key Reminder","Minty Spire (QoL Compilation)","Relic Stats"],"gold_per_floor":[109,17,34,109,109,137,147,174,174,174,192,192,10,28,28,102,102,117,117,117,137,62,62,78,95,95,95,95,45,65,8,8,80,80,94,94,149,69,80,108,108,135,135,152,62,62,73,84,84,84,84],"floor_reached":50,"playtime":2520,"items_purged":["Rupture","Decay"],"score":1263,"play_id":"6d3238d7-1a44-44ac-a223-1b6a47a649ba","local_time":"20210101173756","is_ascension_mode":true,"campfire_choices":[{"floor":10,"key":"REST"},{"data":"Strike_R","floor":12,"key":"PURGE"},{"floor":15,"key":"REST"},{"data":"Heavy Blade","floor":23,"key":"SMITH"},{"data":"Feel No Pain","floor":32,"key":"SMITH"},{"floor":41,"key":"REST"},{"floor":49,"key":"RECALL"}],"circlet_count":0,"master_deck":["AscendersBane","Bash","Carnage","Flash of Steel","Shrug It Off","Cleave","Warcry","Sentinel","Heavy Blade+1","Metallicize","Offering","Feed","Feel No Pain+1","Inflame","Iron Wave","Ghostly Armor","Burning Pact","Rage","Evolve+1","Double Tap","Shockwave","Trip","Finesse","Deep Breath","Sentinel","Dual Wield+1","Cleave","Dropkick","Pain","Heavy Blade+1"],"relics":["Burning Blood","Bag of Marbles","Lizard Tail","Peace Pipe","Tiny Chest","Bird Faced Urn","Brimstone","Pandora\u0027s Box","Lantern","Smiling Mask","Cursed Key","Dead Branch","Art of War","White Beast Statue","Sundial"],"acts_visited":["Exordium","TheCity","TheBeyond"],"potions_floor_usage":[6,18,24,33,33,39,48,50],"damage_taken":[{"damage":4,"enemies":"Small Slimes","floor":1,"turns":3},{"damage":2,"enemies":"2 Louse","floor":3,"turns":2},{"damage":19,"enemies":"Gremlin Nob","floor":6,"turns":4},{"damage":0,"enemies":"Cultist","floor":7,"turns":3},{"damage":24,"enemies":"Lagavulin","floor":8,"turns":5},{"damage":25,"enemies":"Large Slime","floor":11,"turns":5},{"damage":0,"enemies":"Looter","floor":14,"turns":2},{"damage":0,"enemies":"Slime Boss","floor":16,"turns":4},{"damage":97,"enemies":"3 Byrds","floor":18,"turns":5},{"damage":12,"enemies":"Spheric Guardian","floor":21,"turns":3},{"damage":35,"enemies":"Chosen and Byrds","floor":24,"turns":5},{"damage":10,"enemies":"Cultist and Chosen","floor":25,"turns":6},{"damage":33,"enemies":"Snake Plant","floor":30,"turns":4},{"damage":61,"enemies":"Automaton","floor":33,"turns":7},{"damage":1,"enemies":"Orb Walker","floor":35,"turns":2},{"damage":48,"enemies":"2 Orb Walkers","floor":37,"turns":5},{"damage":0,"enemies":"3 Shapes","floor":39,"turns":3},{"damage":12,"enemies":"Giant Head","floor":40,"turns":4},{"damage":0,"enemies":"Reptomancer","floor":42,"turns":3},{"damage":11,"enemies":"Writhing Mass","floor":44,"turns":2},{"damage":66,"enemies":"Sphere and 2 Shapes","floor":47,"turns":5},{"damage":8,"enemies":"Spire Growth","floor":48,"turns":3},{"damage":74,"enemies":"Awakened One","floor":50,"turns":3}],"seed_played":"-2154437710471140997","potions_obtained":[{"floor":1,"key":"Block Potion"},{"floor":3,"key":"GamblersBrew"},{"floor":18,"key":"FearPotion"},{"floor":25,"key":"CultistPotion"},{"floor":33,"key":"EssenceOfSteel"},{"floor":37,"key":"SteroidPotion"},{"floor":42,"key":"DistilledChaos"},{"floor":48,"key":"BloodPotion"}],"is_trial":false,"path_per_floor":["M","$","M","?","?","E","M","E","T","R","M","R","$","M","R","B",null,"M","$","?","M","?","R","M","M","T","?","T","$","M","$","R","B",null,"M","?","?","$","M","E","R","E","T","M","$","T","M","M","R","B"],"character_chosen":"IRONCLAD","items_purchased":["Flash of Steel","Brimstone","Heavy Blade","AttackPotion","Regen Potion","Dropkick"],"campfire_rested":3,"item_purchase_floors":[2,13,13,31,38,45],"current_hp_per_floor":[70,70,74,63,45,32,38,20,20,42,23,23,23,29,51,57,71,29,29,29,31,31,31,10,19,19,88,88,88,72,72,72,25,75,82,72,37,37,56,58,86,94,94,97,97,97,41,68,68,0,0],"gold":84,"neow_bonus":"RANDOM_COMMON_RELIC","is_daily":false,"chose_seed":false,"campfire_upgraded":2,"win_rate":0.0,"timestamp":1609519076,"path_taken":["M","$","M","?","?","E","M","E","T","R","M","R","$","M","R","BOSS","M","$","?","M","?","R","M","M","T","?","?","?","M","$","R","BOSS","M","?","?","$","M","E","R","E","T","M","$","?","?","M","R","BOSS"],"items_purchased_type":["Card","Relic","Card","Potion","Potion","Card"],"build_version":"2020-12-22","purchased_purges":2,"victory":false,"max_hp_per_floor":[75,75,75,75,75,75,75,75,75,75,75,75,75,75,75,75,75,75,75,75,75,75,75,75,78,78,88,88,88,91,91,91,91,91,91,91,94,94,94,94,94,94,94,97,97,97,97,100,100,100,100],"relic_stats":{"counters":[23,88],"Dead Branch":[53],"Smiling Mask":75,"Cursed Key":2,"Burning Blood":126,"Peace Pipe":1,"Lizard Tail":37,"Sundial":[2],"Bird Faced Urn":[97],"Tiny Chest":2,"Pandora\u0027s Box":["Juggernaut","Feed","Feel No Pain","Rupture","Inflame","Iron Wave","Brutality","Ghostly Armor"],"Art of War":[0],"obtain_stats":[{"Lantern":26,"Dead Branch":37,"Smiling Mask":28,"Cursed Key":34,"Burning Blood":0,"White Beast Statue":42,"Peace Pipe":6,"keyreminder:keyreminder":42,"Lizard Tail":5,"Brimstone":13,"Sundial":43,"Bird Faced Urn":9,"Tiny Chest":8,"Pandora\u0027s Box":17,"Bag of Marbles":0,"Art of War":40},{"Lantern":12,"Dead Branch":16,"Smiling Mask":12,"Cursed Key":14,"Burning Blood":0,"White Beast Statue":19,"Peace Pipe":3,"keyreminder:keyreminder":19,"Lizard Tail":2,"Brimstone":6,"Sundial":19,"Bird Faced Urn":5,"Tiny Chest":5,"Pandora\u0027s Box":8,"Bag of Marbles":0,"Art of War":18},{"Lantern":47,"Dead Branch":65,"Smiling Mask":47,"Cursed Key":58,"Burning Blood":0,"White Beast Statue":75,"Peace Pipe":9,"keyreminder:keyreminder":75,"Lizard Tail":5,"Brimstone":22,"Sundial":75,"Bird Faced Urn":17,"Tiny Chest":17,"Pandora\u0027s Box":28,"Bag of Marbles":0,"Art of War":72}]},"card_choices":[{"not_picked":["Seeing Red","Armaments"],"picked":"Carnage","floor":1},{"not_picked":["Flex","Clash"],"picked":"Shrug It Off","floor":3},{"not_picked":["Berserk","Rupture","Body Slam"],"picked":"SKIP","floor":6},{"not_picked":["Burning Pact","Perfected Strike"],"picked":"Cleave","floor":7},{"not_picked":["Battle Trance","Rage"],"picked":"Warcry","floor":8},{"not_picked":["Headbutt","Shrug It Off"],"picked":"Sentinel","floor":11},{"not_picked":["Evolve","Juggernaut"],"picked":"Metallicize","floor":14},{"not_picked":["Exhume","Feed"],"picked":"Offering","floor":16},{"not_picked":["Body Slam","Battle Trance"],"picked":"Burning Pact","floor":18},{"not_picked":["Sentinel","Headbutt","Body Slam"],"picked":"SKIP","floor":21},{"not_picked":["Whirlwind","Headbutt"],"picked":"Evolve+1","floor":24},{"not_picked":["Armaments","Shrug It Off","Iron Wave"],"picked":"SKIP","floor":25},{"not_picked":["Searing Blow","Perfected Strike","Clothesline"],"picked":"SKIP","floor":30},{"not_picked":["Demon Form","Barricade"],"picked":"Double Tap","floor":33},{"not_picked":["Havoc+1","Cleave"],"picked":"Shockwave","floor":35},{"not_picked":["Magnetism","PanicButton"],"picked":"Trip","floor":36},{"not_picked":["Trip","Blind"],"picked":"Finesse","floor":36},{"not_picked":["Secret Weapon","Purity"],"picked":"Deep Breath","floor":36},{"not_picked":["True Grit","Iron Wave"],"picked":"Sentinel","floor":37},{"not_picked":["Armaments+1","Wild Strike"],"picked":"Dual Wield+1","floor":39},{"not_picked":["Clash","Headbutt","Burning Pact"],"picked":"SKIP","floor":40},{"not_picked":["Flex+1","Power Through"],"picked":"Cleave","floor":42},{"not_picked":["Rupture","Iron Wave","Whirlwind"],"picked":"SKIP","floor":44},{"not_picked":["Spot Weakness","Uppercut"],"picked":"Heavy Blade+1","floor":47},{"not_picked":["Heavy Blade","Thunderclap+1","Carnage"],"picked":"SKIP","floor":48}],"player_experience":862487,"relics_obtained":[{"floor":6,"key":"Peace Pipe"},{"floor":8,"key":"Tiny Chest"},{"floor":9,"key":"Bird Faced Urn"},{"floor":26,"key":"Lantern"},{"floor":28,"key":"Smiling Mask"},{"floor":37,"key":"Dead Branch"},{"floor":40,"key":"Art of War"},{"floor":42,"key":"White Beast Statue"},{"floor":43,"key":"Sundial"}],"event_choices":[{"damage_healed":0,"gold_gain":75,"player_choice":"Gather Gold","damage_taken":11,"max_hp_gain":0,"max_hp_loss":0,"event_name":"World of Goop","floor":4,"gold_loss":0},{"damage_healed":0,"gold_gain":0,"player_choice":"Success","damage_taken":18,"relics_obtained":["Lizard Tail"],"max_hp_gain":0,"max_hp_loss":0,"event_name":"Scrap Ooze","floor":5,"gold_loss":0},{"damage_healed":0,"gold_gain":0,"player_choice":"Read","damage_taken":0,"max_hp_gain":0,"max_hp_loss":0,"event_name":"The Library","floor":20,"gold_loss":0,"cards_obtained":["Rage"]},{"cards_removed":["Juggernaut"],"damage_healed":0,"gold_gain":0,"player_choice":"Gave Gold","damage_taken":0,"max_hp_gain":0,"max_hp_loss":0,"event_name":"Beggar","floor":22,"gold_loss":75},{"cards_removed":["Brutality"],"damage_healed":59,"gold_gain":0,"player_choice":"Offered Rare","damage_taken":0,"max_hp_gain":10,"max_hp_loss":0,"event_name":"Bonfire Elementals","floor":27,"gold_loss":0},{"damage_healed":0,"gold_gain":0,"player_choice":"Memory 3","damage_taken":10,"max_hp_gain":0,"max_hp_loss":0,"event_name":"SensoryStone","floor":36,"gold_loss":0},{"damage_healed":0,"gold_gain":0,"player_choice":"Fight","damage_taken":0,"max_hp_gain":0,"max_hp_loss":0,"event_name":"Mysterious Sphere","floor":37,"gold_loss":0}],"is_beta":false,"boss_relics":[{"not_picked":["Coffee Dripper","Sozu"],"picked":"Pandora\u0027s Box"},{"not_picked":["Mark of Pain","Busted Crown"],"picked":"Cursed Key"}],"items_purged_floors":[29,45],"is_endless":false,"potions_floor_spawned":[1,3,18,25,33,37,42,44,47,48],"killed_by":"Awakened One","ascension_level":19}}