{"host":"2no1vwhhkhf0ohz3","time":1609500254,"event":{"mods":["AchievementEnabler","BaseMod","Colored Map","DeckTracker","Keyboard Shortcuts","Minty Spire (QoL Compilation)","Relic Stats","SuperFastMode"],"gold_per_floor":[117,128,128,144,144,144,144],"floor_reached":6,"playtime":55,"items_purged":[],"score":38,"play_id":"8c6490ea-4241-470f-95bd-10f1d4691f71","local_time":"20210101202414","is_ascension_mode":true,"campfire_choices":[],"circlet_count":0,"master_deck":["Strike_P","Strike_P","Strike_P","Strike_P+1","Defend_P+1","Defend_P","Defend_P","Defend_P","Eruption","Vigilance","PathToVictory"],"relics":["PureWater","NeowsBlessing","Toxic Egg 2"],"acts_visited":["Exordium"],"potions_floor_usage":[],"damage_taken":[{"damage":0,"enemies":"2 Louse","floor":1,"turns":1},{"damage":0,"enemies":"Jaw Worm","floor":2,"turns":1},{"damage":0,"enemies":"Small Slimes","floor":4,"turns":1},{"damage":11,"enemies":"3 Sentries","floor":6,"turns":3}],"seed_played":"-1725316088846028582","potions_obtained":[],"is_trial":false,"path_per_floor":["M","M","?","M","?","E"],"character_chosen":"WATCHER","items_purchased":[],"campfire_rested":0,"item_purchase_floors":[],"current_hp_per_floor":[72,72,58,58,55,44,44],"gold":144,"neow_bonus":"THREE_ENEMY_KILL","is_daily":false,"chose_seed":false,"campfire_upgraded":0,"win_rate":0.0,"timestamp":1609500254,"path_taken":["M","M","?","M","?","E"],"items_purchased_type":[],"build_version":"2020-12-22","purchased_purges":0,"victory":false,"max_hp_per_floor":[72,72,72,72,72,72,72],"relic_stats":{"counters":[4,6],"obtain_stats":[{"NeowsBlessing":0,"PureWater":0,"Toxic Egg 2":5},{"NeowsBlessing":0,"PureWater":0,"Toxic Egg 2":3},{"NeowsBlessing":0,"PureWater":0,"Toxic Egg 2":3}]},"card_choices":[{"not_picked":["EmptyFist","Pray"],"picked":"PathToVictory","floor":1},{"not_picked":["BowlingBash","Conclude","FlyingSleeves"],"picked":"SKIP","floor":2},{"not_picked":["Worship","Indignation","Sanctity"],"picked":"SKIP","floor":4}],"player_experience":275879,"relics_obtained":[],"event_choices":[{"damage_healed":0,"gold_gain":0,"player_choice":"Entered Light","damage_taken":14,"max_hp_gain":0,"max_hp_loss":0,"event_name":"Shining Light","floor":3,"gold_loss":0,"cards_upgraded":["Strike_P","Defend_P"]},{"damage_healed":0,"gold_gain":0,"player_choice":"Success","damage_taken":3,"relics_obtained":["Toxic Egg 2"],"max_hp_gain":0,"max_hp_loss":0,"event_name":"Scrap Ooze","floor":5,"gold_loss":0}],"is_beta":false,"boss_relics":[],"items_purged_floors":[],"is_endless":false,"potions_floor_spawned":[],"killed_by":"3 Sentries","ascension_level":1}}