{"host":"y3h3n3f7seyagppx","time":1609462951,"event":{"mods":["BaseMod","Colored Map","Colored Powertips","DeckTracker","Minty Spire (QoL Compilation)","Random Character Button","Rare Cards Sparkle","Relic Sorter","Relic Stats","StSLib"],"gold_per_floor":[317,317,336,347,9,9,35,53,53,64,64,64,89,12,12,91,91,106,106,124,39,52,85,102,135,135,164,181,206,206,256,256,329,329,344,354,114,164,177,177,204,221,303,322,322,354,354,386,386,386,386,386,386,72,97,97],"floor_reached":57,"playtime":31905,"items_purged":["Anger","Strike_R+1"],"score":3035,"play_id":"a80e7807-aabe-4f52-9da2-266df5c3d359","local_time":"20201231200231","is_ascension_mode":true,"campfire_choices":[{"data":"Bash","floor":6,"key":"SMITH"},{"data":"Fire Breathing","floor":12,"key":"SMITH"},{"data":"Dropkick","floor":15,"key":"SMITH"},{"data":"Fire Breathing","floor":30,"key":"SMITH"},{"floor":32,"key":"REST"},{"floor":40,"key":"REST"},{"floor":49,"key":"RECALL"},{"data":"Evolve","floor":53,"key":"SMITH"}],"circlet_count":0,"master_deck":["AscendersBane","Strike_R+1","Strike_R+1","Strike_R+1","Strike_R+1","Defend_R+1","Defend_R+1","Defend_R+1","Defend_R+1","Bash+1","Fire Breathing+1","Dropkick+1","Havoc+1","True Grit+1","Uppercut+1","Immolate+1","Battle Trance+1","Immolate+1","Power Through+1","True Grit+1","Evolve+1","Uppercut+1","Disarm+1","Fire Breathing+1","Corruption","Rage+1","Dark Embrace","Spot Weakness+1","Disarm+1","Shrug It Off+1","Limit Break+1","Bludgeon+1","True Grit+1","Feel No Pain+1","True Grit+1","True Grit+1"],"relics":["Burning Blood","Old Coin","Toxic Egg 2","Lizard Tail","Molten Egg 2","Blue Candle","Snecko Eye","Toy Ornithopter","Anchor","Orichalcum","Gremlin Horn","Boot","SlaversCollar","Happy Flower","Ice Cream","Paper Frog","Frozen Egg 2","Eternal Feather","Ancient Tea Set","Cauldron","Nunchaku"],"acts_visited":["Exordium","TheCity","TheBeyond","TheEnding"],"potions_floor_usage":[7,8,23,27,36,41,51,54,56,56],"damage_taken":[{"damage":6,"enemies":"2 Louse","floor":1,"turns":3},{"damage":6,"enemies":"Cultist","floor":3,"turns":3},{"damage":12,"enemies":"Small Slimes","floor":4,"turns":5},{"damage":62,"enemies":"Gremlin Nob","floor":7,"turns":5},{"damage":12,"enemies":"Exordium Wildlife","floor":8,"turns":5},{"damage":6,"enemies":"3 Louse","floor":10,"turns":5},{"damage":16,"enemies":"Lagavulin","floor":13,"turns":6},{"damage":20,"enemies":"Hexaghost","floor":16,"turns":7},{"damage":30,"enemies":"2 Thieves","floor":18,"turns":3},{"damage":11,"enemies":"Spheric Guardian","floor":20,"turns":3},{"damage":1,"enemies":"3 Cultists","floor":22,"turns":3},{"damage":10,"enemies":"Gremlin Leader","floor":23,"turns":4},{"damage":0,"enemies":"Chosen and Byrds","floor":24,"turns":2},{"damage":2,"enemies":"Book of Stabbing","floor":25,"turns":3},{"damage":0,"enemies":"Gremlin Leader","floor":27,"turns":4},{"damage":6,"enemies":"Cultist and Chosen","floor":28,"turns":4},{"damage":20,"enemies":"Book of Stabbing","floor":29,"turns":4},{"damage":16,"enemies":"Automaton","floor":33,"turns":6},{"damage":0,"enemies":"Orb Walker","floor":35,"turns":3},{"damage":3,"enemies":"3 Darklings","floor":36,"turns":4},{"damage":55,"enemies":"2 Orb Walkers","floor":38,"turns":4},{"damage":0,"enemies":"Maw","floor":39,"turns":6},{"damage":0,"enemies":"Giant Head","floor":41,"turns":6},{"damage":0,"enemies":"4 Shapes","floor":42,"turns":4},{"damage":7,"enemies":"Writhing Mass","floor":44,"turns":3},{"damage":0,"enemies":"Reptomancer","floor":46,"turns":5},{"damage":12,"enemies":"Nemesis","floor":48,"turns":3},{"damage":46,"enemies":"Donu and Deca","floor":50,"turns":6},{"damage":19,"enemies":"Awakened One","floor":51,"turns":10},{"damage":25,"enemies":"Shield and Spear","floor":55,"turns":5},{"damage":46,"enemies":"The Heart","floor":56,"turns":7}],"seed_played":"-5152576552255456626","potions_obtained":[{"floor":4,"key":"BloodPotion"},{"floor":7,"key":"LiquidMemories"},{"floor":10,"key":"BloodPotion"},{"floor":23,"key":"Ancient Potion"},{"floor":24,"key":"Explosive Potion"},{"floor":28,"key":"HeartOfIron"},{"floor":41,"key":"Ancient Potion"},{"floor":42,"key":"BlessingOfTheForge"},{"floor":46,"key":"FearPotion"},{"floor":48,"key":"Block Potion"},{"floor":54,"key":"Fruit Juice"},{"floor":54,"key":"BloodPotion"}],"is_trial":false,"path_per_floor":["M","?","M","M","$","R","E","M","T","M","?","R","E","$","R","B",null,"M","?","M","?","M","E","M","E","T","E","M","E","R","?","R","B",null,"M","M","$","?","M","R","E","M","T","M","?","E","?","E","R","B","B",null,"R","$","E","B",null],"character_chosen":"IRONCLAD","items_purchased":["Toxic Egg 2","Energy Potion","Battle Trance+1","Happy Flower","Cauldron","True Grit+1"],"campfire_rested":2,"item_purchase_floors":[5,5,14,37,54,54],"current_hp_per_floor":[68,75,75,69,69,69,28,22,22,22,47,47,37,37,37,23,62,38,38,33,33,38,54,60,64,64,75,75,61,61,54,75,65,73,75,75,75,26,32,54,65,71,71,70,70,71,71,65,71,31,23,59,71,76,57,42],"gold":97,"neow_bonus":"ONE_RARE_RELIC","is_daily":false,"chose_seed":false,"campfire_upgraded":5,"win_rate":0.0,"timestamp":1609462951,"path_taken":["M","?","M","?","$","R","E","M","T","?","?","R","E","?","R","BOSS","M","?","M","?","M","E","M","E","T","E","?","E","R","?","R","BOSS","M","M","$","?","M","R","E","M","T","M","?","E","?","E","R","BOSS","BOSS","R","$","E","BOSS"],"items_purchased_type":["Relic","Potion","Card","Relic","Relic","Card"],"build_version":"2020-12-22","purchased_purges":2,"victory":true,"max_hp_per_floor":[75,75,75,75,75,75,75,75,75,75,75,75,75,75,75,75,75,75,75,75,75,75,75,75,75,75,75,75,75,75,75,75,75,75,75,75,75,75,75,75,75,75,75,75,71,71,71,71,71,71,71,71,71,76,76,76],"relic_stats":{"Gremlin Horn":[15,18],"Happy Flower":[19],"counters":[31,141],"Blue Candle":[1],"Eternal Feather":18,"Orichalcum":[72],"Boot":[13],"Burning Blood":174,"Lizard Tail":0,"Nunchaku":[1],"Snecko Eye":[219,190,226,196],"obtain_stats":[{"Ice Cream":38,"Gremlin Horn":27,"Happy Flower":37,"Blue Candle":13,"Eternal Feather":46,"Orichalcum":25,"Frozen Egg 2":43,"Boot":29,"Ancient Tea Set":48,"Burning Blood":0,"Old Coin":0,"SlaversCollar":34,"Cauldron":54,"Lizard Tail":7,"Anchor":23,"Nunchaku":55,"Snecko Eye":17,"Molten Egg 2":9,"Toxic Egg 2":5,"Toy Ornithopter":21,"Paper Frog":41},{"Ice Cream":21,"Gremlin Horn":15,"Happy Flower":20,"Blue Candle":7,"Eternal Feather":26,"Orichalcum":14,"Frozen Egg 2":24,"Boot":17,"Ancient Tea Set":27,"Burning Blood":0,"Old Coin":0,"SlaversCollar":18,"Cauldron":29,"Lizard Tail":4,"Anchor":12,"Nunchaku":30,"Snecko Eye":8,"Molten Egg 2":5,"Toxic Egg 2":3,"Toy Ornithopter":10,"Paper Frog":23},{"Ice Cream":86,"Gremlin Horn":61,"Happy Flower":82,"Blue Candle":32,"Eternal Feather":110,"Orichalcum":57,"Frozen Egg 2":102,"Boot":69,"Ancient Tea Set":113,"Burning Blood":0,"Old Coin":0,"SlaversCollar":75,"Cauldron":129,"Lizard Tail":16,"Anchor":52,"Nunchaku":134,"Snecko Eye":39,"Molten Egg 2":21,"Toxic Egg 2":11,"Toy Ornithopter":45,"Paper Frog":98}],"Toy Ornithopter":30},"card_choices":[{"not_picked":["Body Slam","Sever Soul"],"picked":"Fire Breathing","floor":1},{"not_picked":["Rampage","Clash"],"picked":"Dropkick","floor":3},{"not_picked":["Thunderclap","Flame Barrier"],"picked":"Anger","floor":4},{"not_picked":["Dual Wield+1","Ghostly Armor+1"],"picked":"Havoc+1","floor":7},{"not_picked":["Iron Wave","Flex+1"],"picked":"True Grit+1","floor":8},{"not_picked":["Headbutt+1","Heavy Blade+1"],"picked":"Uppercut+1","floor":10},{"not_picked":["Iron Wave+1","Combust"],"picked":"Immolate+1","floor":13},{"not_picked":["Bludgeon+1","Brutality"],"picked":"Immolate+1","floor":16},{"not_picked":["Headbutt+1","Pommel Strike+1","Searing Blow+1"],"picked":"SKIP","floor":18},{"not_picked":["Armaments+1","Clothesline+1","Havoc+1"],"picked":"SKIP","floor":20},{"not_picked":["Armaments+1","Clothesline+1","Havoc+1"],"picked":"SKIP","floor":20},{"not_picked":["Armaments+1","Cleave+1"],"picked":"Power Through+1","floor":22},{"not_picked":["Clash+1","Warcry+1"],"picked":"True Grit+1","floor":23},{"not_picked":["Thunderclap+1","Ghostly Armor+1","Anger+1"],"picked":"SKIP","floor":24},{"not_picked":["Blood for Blood+1","Carnage+1"],"picked":"Evolve","floor":25},{"not_picked":["Limit Break+1","Searing Blow+1"],"picked":"Uppercut+1","floor":27},{"not_picked":["Thunderclap+1","Armaments+1"],"picked":"Disarm+1","floor":28},{"not_picked":["True Grit+1","Warcry+1"],"picked":"Fire Breathing","floor":29},{"not_picked":["Feed+1","Fiend Fire+1"],"picked":"Corruption","floor":33},{"not_picked":["Fire Breathing+1","Dark Embrace+1"],"picked":"Rage+1","floor":35},{"not_picked":["Sword Boomerang+1","Armaments+1"],"picked":"Dark Embrace","floor":36},{"not_picked":["Reckless Charge+1","Sword Boomerang+1"],"picked":"Spot Weakness+1","floor":38},{"not_picked":["Perfected Strike+1","Heavy Blade+1","Warcry+1"],"picked":"SKIP","floor":39},{"not_picked":["Perfected Strike+1","Heavy Blade+1","Warcry+1"],"picked":"SKIP","floor":39},{"not_picked":["Perfected Strike+1","Heavy Blade+1","Warcry+1"],"picked":"SKIP","floor":39},{"not_picked":["Hemokinesis+1","Havoc+1"],"picked":"Disarm+1","floor":41},{"not_picked":["Clothesline+1","Heavy Blade+1"],"picked":"Shrug It Off+1","floor":42},{"not_picked":["True Grit+1","Clash+1"],"picked":"Limit Break+1","floor":44},{"not_picked":["Anger+1","Cleave+1","Body Slam+1"],"picked":"SKIP","floor":46},{"not_picked":["Anger+1","Cleave+1","Body Slam+1"],"picked":"SKIP","floor":46},{"not_picked":["Dark Embrace+1","Thunderclap+1"],"picked":"Feel No Pain+1","floor":48},{"not_picked":["Perfected Strike+1","Warcry+1"],"picked":"True Grit+1","floor":55}],"player_experience":20241051,"relics_obtained":[{"floor":7,"key":"Lizard Tail"},{"floor":9,"key":"Molten Egg 2"},{"floor":13,"key":"Blue Candle"},{"floor":23,"key":"Anchor"},{"floor":25,"key":"Orichalcum"},{"floor":27,"key":"Gremlin Horn"},{"floor":29,"key":"Boot"},{"floor":38,"key":"Ice Cream"},{"floor":41,"key":"Paper Frog"},{"floor":43,"key":"Frozen Egg 2"},{"floor":46,"key":"Eternal Feather"},{"floor":48,"key":"Ancient Tea Set"},{"floor":55,"key":"Nunchaku"}],"event_choices":[{"damage_healed":7,"gold_gain":0,"player_choice":"Full Heal","damage_taken":0,"max_hp_gain":0,"max_hp_loss":0,"event_name":"Wheel of Change","floor":2,"gold_loss":0},{"damage_healed":25,"gold_gain":0,"player_choice":"Banana","damage_taken":0,"max_hp_gain":0,"max_hp_loss":0,"event_name":"Big Fish","floor":11,"gold_loss":0},{"damage_healed":0,"gold_gain":0,"player_choice":"Simplicity","damage_taken":0,"max_hp_gain":0,"max_hp_loss":0,"event_name":"Back to Basics","floor":19,"gold_loss":0,"cards_upgraded":["Strike_R","Strike_R","Strike_R","Strike_R","Strike_R","Defend_R","Defend_R","Defend_R","Defend_R"]},{"damage_healed":0,"gold_gain":0,"player_choice":"Obtained Relic","damage_taken":0,"relics_obtained":["Toy Ornithopter"],"max_hp_gain":0,"max_hp_loss":0,"event_name":"Addict","floor":21,"gold_loss":85},{"damage_healed":0,"gold_gain":50,"player_choice":"Touch","damage_taken":7,"max_hp_gain":0,"max_hp_loss":0,"event_name":"FaceTrader","floor":31,"gold_loss":0},{"damage_healed":0,"gold_gain":0,"player_choice":"Fight","damage_taken":0,"max_hp_gain":0,"max_hp_loss":0,"event_name":"Mysterious Sphere","floor":38,"gold_loss":0},{"damage_healed":0,"gold_gain":0,"player_choice":"Max HP","damage_taken":0,"max_hp_gain":0,"max_hp_loss":4,"event_name":"Winding Halls","floor":45,"gold_loss":0},{"damage_healed":0,"gold_gain":0,"player_choice":"2 cards matched","damage_taken":0,"max_hp_gain":0,"max_hp_loss":0,"event_name":"Match and Keep!","floor":47,"gold_loss":0,"cards_obtained":["Bludgeon","True Grit"]}],"is_beta":false,"boss_relics":[{"not_picked":["Astrolabe","Calling Bell"],"picked":"Snecko Eye"},{"not_picked":["Mark of Pain","Sozu"],"picked":"SlaversCollar"}],"items_purged_floors":[37,54],"is_endless":false,"potions_floor_spawned":[4,7,10,16,23,24,25,28,33,41,42,46,48],"ascension_level":20}}