{"host":"0cnf9zf1gia27zti","time":1609507491,"event":{"mods":["BaseMod","BetterRewards","Card Forge","Colored Map","Colored Powertips","Conspire","Downfall","Googly Eyes","Minty Spire (QoL Compilation)","Practice Mode","Quick Restart","Replay The Spire","Shade Mod","Spicy Shops","StSLib"],"gold_per_floor":[159,213,2,53,53,131,131,218,271,376,565,236,269,269,269,488,488,530,141,141,174,14,95,125,176,176,266,292,388,52,52,52,268,268,298,331,370,91,223,223,325,325,325,421,421,505,553,652,652,652,652],"floor_reached":52,"playtime":34654,"items_purged":[],"score":2763,"play_id":"416f7992-6d64-40e6-a9d8-ee58d1697f07","local_time":"20210101132451","daily_mods":["SealedDeck","Heirloom","downfall:Lament","DeadlyEvents","Elite Swarm","Midas"],"is_ascension_mode":true,"campfire_choices":[{"floor":7,"key":"REST"},{"floor":32,"key":"REST"},{"floor":40,"key":"REST"},{"floor":42,"key":"REST"},{"floor":45,"key":"REST"},{"floor":49,"key":"REST"}],"circlet_count":0,"master_deck":["AscendersBane","Ball Lightning","Gash+1","Gash+1","Gash+1","Gash+1","BootSequence+1","BootSequence","Leap+1","Leap+1","Conserve Battery","Sweeping Beam","Conserve Battery","Go for the Eyes+1","Gash+1","Core Surge+1","ReplayTheSpireMod:Omega Cannon","Seek+1","Sweeping Beam","All For One","ReplayGash","Go for the Eyes","ReplayTheSpireMod:Omega Cannon","Buffer","Core Surge","All For One+1","All For One","Scrape+1","Sweeping Beam","ReplayGash","Steam+1","Go for the Eyes+1","Steam+1","Seek","Buffer","Gash+1","Reinforced Body","BootSequence","Beam Cell","Gash+1","Heatsinks","FTL","Gash+1","Gash+1","Beam Cell+1","Core Surge","ReplayTheSpireMod:Faulty Equipment","Meteor Strike","Seek","Auto Shields","Creative AI"],"relics":["Cracked Core","Hammer of Thor","Seething Fire","Anvil of the Gods","NeowsBlessing","Ring of Chaos","Du-Vu Doll","Tiny Chest","StrikeDummy","Blood Vial","Peace Pipe","Pen Nib","Smiling Mask","Bag of Preparation","Vajra","War Paint","Dead Branch","Prayer Wheel","Cursed Key","ReplayFunnel","Prayer Wheel","Prayer Wheel","Prayer Wheel","Gambling Chip","Mummified Hand","Prayer Wheel","PreservedInsect","Gremlin Food","Regal Pillow","Incense Burner","Pantograph","expansioncontent:StudyCardRelic","Replay:Bottled Eggs","CaptainsWheel","Replay:Baseball","Darkstone Periapt","Bag of Marbles","conspire:GiftBox"],"acts_visited":["Exordium","TheCity","TheBeyond"],"potions_floor_usage":[8,23],"damage_taken":[{"damage":0,"enemies":"2 Louse","floor":1,"turns":1},{"damage":0,"enemies":"Small Slimes","floor":2,"turns":1},{"damage":0,"enemies":"Jaw Worm","floor":4,"turns":1},{"damage":7,"enemies":"3 Sentries","floor":6,"turns":6},{"damage":18,"enemies":"Gremlin Nob","floor":8,"turns":4},{"damage":5,"enemies":"3 Sentries","floor":10,"turns":6},{"damage":1,"enemies":"Gremlin Nob","floor":11,"turns":3},{"damage":0,"enemies":"Blue Slaver","floor":13,"turns":1},{"damage":0,"enemies":"Fading Forest","floor":16,"turns":13},{"damage":0,"enemies":"2 Thieves","floor":18,"turns":2},{"damage":7,"enemies":"3 Byrds","floor":21,"turns":3},{"damage":0,"enemies":"Slavers","floor":23,"turns":4},{"damage":0,"enemies":"3 Cultists","floor":24,"turns":2},{"damage":0,"enemies":"Shelled Parasite and Fungi","floor":25,"turns":1},{"damage":0,"enemies":"Gremlin Leader","floor":27,"turns":7},{"damage":0,"enemies":"Slavers","floor":29,"turns":2},{"damage":8,"enemies":"conspire:MysteriousRune","floor":33,"turns":3},{"damage":0,"enemies":"3 Darklings","floor":35,"turns":1},{"damage":0,"enemies":"3 Shapes","floor":36,"turns":2},{"damage":11,"enemies":"Maw","floor":37,"turns":4},{"damage":0,"enemies":"Nemesis","floor":41,"turns":3},{"damage":0,"enemies":"R_Hoarder","floor":44,"turns":2},{"damage":0,"enemies":"Nemesis","floor":46,"turns":3},{"damage":0,"enemies":"Spire Growth","floor":47,"turns":2},{"damage":0,"enemies":"R_Hoarder","floor":48,"turns":2},{"damage":0,"enemies":"Donu and Deca","floor":50,"turns":3},{"damage":6,"enemies":"Awakened One","floor":51,"turns":3}],"seed_played":"-6324124527763523147","potions_obtained":[{"floor":4,"key":"Block Potion"},{"floor":11,"key":"GamblersBrew"},{"floor":13,"key":"SpeedPotion"},{"floor":24,"key":"Reflective Coating"},{"floor":39,"key":"PowerPotion"}],"is_trial":true,"path_per_floor":["M","M","$","M","?","E","R","E","T","E","?","$","M","T","R_BF","B",null,"M","$","?","M","$","E","M","M","T","E","T","E","$","T","R","B",null,"M","M","M","$","?","R","E","R","T","E","R","E","M","E","R","B","B",null],"character_chosen":"DEFECT","items_purchased":["Go for the Eyes+1","Tiny Chest","Vajra","War Paint","ReplayTheSpireMod:Fabricate Wheel","ReplayFunnel","Incense Burner","Replay:Bottled Eggs"],"campfire_rested":6,"item_purchase_floors":[3,3,12,12,19,22,30,38],"current_hp_per_floor":[64,64,64,64,53,46,67,51,51,48,49,49,51,51,71,71,71,71,71,71,64,64,66,68,70,70,71,71,71,71,71,71,63,69,71,71,60,60,60,71,71,71,71,71,71,71,71,71,71,71,65],"gold":652,"neow_bonus":"","is_daily":false,"chose_seed":false,"campfire_upgraded":0,"win_rate":0.0,"timestamp":1609507491,"path_taken":["M","M","$","M","?","E","R","E","T","E","?","?","M","?","R_BF","BOSS","M","$","?","M","$","E","?","M","T","E","?","E","$","?","R","BOSS","M","M","M","$","?","R","E","R","T","E","R","E","?","E","R","BOSS","BOSS"],"items_purchased_type":["Card","Relic","Relic","Relic","Card","Relic","Relic","Relic"],"build_version":"2020-12-22","purchased_purges":0,"victory":true,"max_hp_per_floor":[71,71,71,71,71,71,71,71,71,71,71,71,71,71,71,71,71,71,71,71,71,71,71,71,71,71,71,71,71,71,71,71,71,71,71,71,71,71,71,71,71,71,71,71,71,71,71,71,71,71,71],"card_choices":[{"not_picked":["ReplaySort","Stack"],"picked":"Sweeping Beam","floor":1},{"not_picked":["Go for the Eyes","ReplayTheSpireMod:Calculation Training"],"picked":"Conserve Battery","floor":2},{"not_picked":["Panic Button","Steam"],"picked":"Gash","floor":4},{"not_picked":["Fission","Hyperbeam"],"picked":"Core Surge","floor":6},{"not_picked":["Hyperbeam","Amplify"],"picked":"ReplayTheSpireMod:Omega Cannon","floor":8},{"not_picked":["Creative AI","Amplify"],"picked":"Seek","floor":10},{"not_picked":["conspire:SharedLibrary","Turbo"],"picked":"Sweeping Beam","floor":11},{"not_picked":["Rebound","Compile Driver","Panic Button"],"picked":"SKIP","floor":13},{"not_picked":["Seek","ReplayRNGCard"],"picked":"All For One","floor":16},{"not_picked":["Beam Cell","Rebound"],"picked":"ReplayGash","floor":18},{"not_picked":["Stack","ReplayTheSpireMod:Repulse"],"picked":"Go for the Eyes","floor":18},{"not_picked":["Sunder","Conserve Battery"],"picked":"ReplayTheSpireMod:Omega Cannon","floor":21},{"not_picked":["Storm","BasicCrystalCard+1","Conserve Battery"],"picked":"SKIP","floor":21},{"not_picked":["Machine Learning","Mirror Shield"],"picked":"All For One","floor":23},{"not_picked":["Barrage","Sweeping Beam"],"picked":"Scrape","floor":24},{"not_picked":["Go for the Eyes","ReplayTheSpireMod:System Scan"],"picked":"Sweeping Beam","floor":24},{"not_picked":["Heatsinks","ReplaySort"],"picked":"ReplayGash","floor":24},{"not_picked":["Coolheaded","Skim","Compile Driver"],"picked":"SKIP","floor":24},{"not_picked":["Sunder","Auto Shields","Consume"],"picked":"SKIP","floor":24},{"not_picked":["Ball Lightning","Skim"],"picked":"Steam","floor":25},{"not_picked":["Fusion","Sunder"],"picked":"Go for the Eyes","floor":25},{"not_picked":["Sunder","Glacier"],"picked":"Steam+1","floor":25},{"not_picked":["Undo","Conserve Battery","Redo"],"picked":"SKIP","floor":25},{"not_picked":["Go for the Eyes","Gash","Capacitor"],"picked":"SKIP","floor":25},{"not_picked":["Mirror Shield","Electrodynamics"],"picked":"Seek","floor":27},{"not_picked":["Electrodynamics","Multi-Cast"],"picked":"Buffer","floor":29},{"not_picked":["Stack","Turbo+1"],"picked":"Gash","floor":35},{"not_picked":["Beam Cell","Biased Cognition"],"picked":"Reinforced Body","floor":35},{"not_picked":["Coolheaded","Turbo"],"picked":"BootSequence","floor":35},{"not_picked":["Compile Driver","Turbo+1"],"picked":"Beam Cell","floor":35},{"not_picked":["Rebound+1","Ball Lightning","Turbo"],"picked":"SKIP","floor":35},{"not_picked":["Leap","Streamline","ReplayTheSpireMod:Calculation Training+1"],"picked":"SKIP","floor":35},{"not_picked":["Beam Cell+1","Panic Button"],"picked":"Gash","floor":36},{"not_picked":["Chill","Rebound"],"picked":"Heatsinks","floor":36},{"not_picked":["BasicCrystalCard","Steam"],"picked":"FTL","floor":36},{"not_picked":["BasicCrystalCard","BootSequence","Leap"],"picked":"SKIP","floor":36},{"not_picked":["Go for the Eyes","Genetic Algorithm+1","Aggregate+1"],"picked":"SKIP","floor":36},{"not_picked":["Go for the Eyes+1","Coolheaded","Sweeping Beam"],"picked":"SKIP","floor":36},{"not_picked":["Auto Shields","Sweeping Beam"],"picked":"Gash","floor":37},{"not_picked":["conspire:Rain","Chill"],"picked":"Gash","floor":37},{"not_picked":["Conserve Battery","Ball Lightning"],"picked":"Beam Cell+1","floor":37},{"not_picked":["Hello World+1","ReplaySolidLightProjector","Thunder Strike"],"picked":"SKIP","floor":37},{"not_picked":["Chaos","Turbo+1","Genetic Algorithm"],"picked":"SKIP","floor":37},{"not_picked":["Barrage+1","FIFO Queue","Coolheaded"],"picked":"SKIP","floor":37},{"not_picked":["ReplayTheSpireMod:Omega Cannon","ReplayRNGCard"],"picked":"Core Surge","floor":41},{"not_picked":["Buffer","ReplayRNGCard"],"picked":"Meteor Strike","floor":44},{"not_picked":["Core Surge","Thunder Strike"],"picked":"Seek","floor":46},{"not_picked":["Genetic Algorithm+1","Chaos"],"picked":"Auto Shields","floor":47},{"not_picked":["ReplayTheSpireMod:Reroute Power","BasicCrystalCard","FIFO Queue"],"picked":"SKIP","floor":47},{"not_picked":["Melter+1","Beam Cell+1","conspire:SharedLibrary"],"picked":"SKIP","floor":47},{"not_picked":["Conserve Battery","Coolheaded+1","Streamline"],"picked":"SKIP","floor":47},{"not_picked":["Redo","conspire:Rain+1","Stack"],"picked":"SKIP","floor":47},{"not_picked":["FIFO Queue","Panic Button","Beam Cell"],"picked":"SKIP","floor":47},{"not_picked":["ReplayRNGCard+1","Multi-Cast"],"picked":"Creative AI","floor":48},{"not_picked":["Rainbow","Fission","Mirror Shield"],"picked":"SKIP","floor":48}],"player_experience":2825336,"relics_obtained":[{"floor":6,"key":"Blood Vial"},{"floor":8,"key":"Peace Pipe"},{"floor":9,"key":"Pen Nib"},{"floor":10,"key":"Smiling Mask"},{"floor":14,"key":"Dead Branch"},{"floor":23,"key":"Gambling Chip"},{"floor":26,"key":"Mummified Hand"},{"floor":27,"key":"PreservedInsect"},{"floor":28,"key":"Gremlin Food"},{"floor":29,"key":"Regal Pillow"},{"floor":31,"key":"Pantograph"},{"floor":41,"key":"CaptainsWheel"},{"floor":43,"key":"Replay:Baseball"},{"floor":44,"key":"Darkstone Periapt"},{"floor":46,"key":"Bag of Marbles"},{"floor":48,"key":"conspire:GiftBox"}],"event_choices":[{"damage_healed":0,"gold_gain":0,"player_choice":"Success","damage_taken":11,"relics_obtained":["StrikeDummy"],"max_hp_gain":0,"max_hp_loss":0,"event_name":"Scrap Ooze","floor":5,"gold_loss":0},{"damage_healed":0,"gold_gain":0,"player_choice":"Searched \u00272\u0027 times","damage_taken":0,"relics_obtained":["Bag of Preparation"],"max_hp_gain":0,"max_hp_loss":0,"event_name":"Dead Adventurer","floor":11,"gold_loss":0},{"damage_healed":0,"gold_gain":0,"player_choice":"Ignored","damage_taken":0,"max_hp_gain":0,"max_hp_loss":0,"event_name":"Beggar","floor":20,"gold_loss":0}],"is_beta":false,"boss_relics":[{"not_picked":["Astrolabe","Calling Bell"],"picked":"Cursed Key"},{"not_picked":["FrozenCore","Sozu"],"picked":"expansioncontent:StudyCardRelic"}],"items_purged_floors":[],"is_endless":false,"potions_floor_spawned":[4,11,13,21,24,25,27,36,46,47],"ascension_level":20}}