{"host":"gttgmv2wah99hzdm","time":1609463489,"event":{"mods":["AchievementEnabler","BaseMod","Bestiary","Block Reminder","Filter the Spire","Minty Spire (QoL Compilation)","Relic Stats","ojb\u0027s Better Paths Mod","ojb\u0027s Info Mod"],"gold_per_floor":[112,36,50,67,84,84,100,125,125,150,161,161,161],"floor_reached":12,"playtime":3550,"items_purged":[],"score":184,"play_id":"732c3800-3d67-4eb5-843c-1b41a1eefe91","local_time":"20201231191129","is_ascension_mode":true,"campfire_choices":[{"data":"Sweeping Beam","floor":6,"key":"SMITH"}],"circlet_count":0,"master_deck":["AscendersBane","Strike_B","Strike_B","Strike_B","Strike_B","Defend_B","Defend_B","Defend_B","Defend_B","Zap","Dualcast","Coolheaded","Self Repair","Reinforced Body","Capacitor","Sweeping Beam+1","Sweeping Beam","Hologram","Genetic Algorithm"],"relics":["Coffee Dripper","Pen Nib","Letter Opener","Singing Bowl"],"acts_visited":["Exordium"],"potions_floor_usage":[8,12],"damage_taken":[{"damage":0,"enemies":"Cultist","floor":1,"turns":3},{"damage":2,"enemies":"2 Louse","floor":3,"turns":4},{"damage":0,"enemies":"Small Slimes","floor":4,"turns":6},{"damage":7,"enemies":"Looter","floor":5,"turns":4},{"damage":24,"enemies":"Lots of Slimes","floor":7,"turns":3},{"damage":15,"enemies":"3 Sentries","floor":8,"turns":7},{"damage":17,"enemies":"Lagavulin","floor":10,"turns":8},{"damage":11,"enemies":"Large Slime","floor":11,"turns":8},{"damage":38,"enemies":"Gremlin Nob","floor":12,"turns":5}],"seed_played":"4885571818840406404","potions_obtained":[{"floor":1,"key":"BlessingOfTheForge"},{"floor":4,"key":"Ancient Potion"},{"floor":7,"key":"PotionOfCapacity"},{"floor":11,"key":"SpeedPotion"}],"is_trial":false,"path_per_floor":["M","$","M","M","M","R","M","E","T","E","M","E"],"character_chosen":"DEFECT","items_purchased":["Self Repair"],"campfire_rested":0,"item_purchase_floors":[2],"current_hp_per_floor":[64,64,69,71,71,71,54,46,46,36,34,0,0],"gold":161,"neow_bonus":"BOSS_RELIC","is_daily":false,"chose_seed":false,"campfire_upgraded":1,"win_rate":0.0,"timestamp":1609463489,"path_taken":["M","$","M","M","M","R","M","E","T","E","M","E"],"items_purchased_type":["Card"],"build_version":"2020-12-22","purchased_purges":0,"victory":false,"max_hp_per_floor":[71,71,71,71,71,71,71,71,71,71,73,73,73],"relic_stats":{"Singing Bowl":2,"counters":[9,48],"Pen Nib":[2],"Letter Opener":[43],"obtain_stats":[{"Singing Bowl":10,"Pen Nib":8,"Coffee Dripper":0,"Letter Opener":9,"Cracked Core":0},{"Singing Bowl":7,"Pen Nib":6,"Coffee Dripper":0,"Letter Opener":6,"Cracked Core":0},{"Singing Bowl":35,"Pen Nib":27,"Coffee Dripper":0,"Letter Opener":27,"Cracked Core":0}]},"card_choices":[{"not_picked":["White Noise","Loop"],"picked":"Coolheaded","floor":1},{"not_picked":["Go for the Eyes","Loop"],"picked":"Reinforced Body","floor":3},{"not_picked":["Darkness","Streamline"],"picked":"Capacitor","floor":4},{"not_picked":["Genetic Algorithm","Rebound"],"picked":"Sweeping Beam","floor":5},{"not_picked":["Heatsinks","Scrape"],"picked":"Sweeping Beam","floor":7},{"not_picked":["Gash","Steam Power"],"picked":"Hologram","floor":8},{"not_picked":["Tempest","Chaos"],"picked":"Genetic Algorithm","floor":10},{"not_picked":["Turbo","Capacitor","Leap"],"picked":"Singing Bowl","floor":11}],"player_experience":1056892,"relics_obtained":[{"floor":8,"key":"Pen Nib"},{"floor":9,"key":"Letter Opener"},{"floor":10,"key":"Singing Bowl"}],"event_choices":[],"is_beta":false,"boss_relics":[],"items_purged_floors":[],"is_endless":false,"potions_floor_spawned":[1,4,7,11],"killed_by":"Gremlin Nob","ascension_level":20}}