{"host":"7k2a2omxz3voj5ax","time":1609492997,"event":{"mods":["BaseMod","Lobotomy","Marisa£¨ìFÓê¡¡Ä§ÀíÉ³£©","Minty Spire (QoL Compilation)","Quick Restart","Spicy Shops","StSLib","Starting Relic: Pandora\u0027s Box","óô»ðÖ¸ÄÏ"],"gold_per_floor":[111,111,111,111,126,126,141,153,153,183,183,214,214,250,75,168,168,189,229,252,273,273,308,308,8,8,8,8,24,59,59,59],"floor_reached":31,"playtime":1643,"items_purged":["UnstableBomb","UpSweep","UnstableBomb"],"score":622,"play_id":"308f50ee-09fb-4e6b-85c6-d93076ef5ec3","local_time":"20210101182317","is_ascension_mode":true,"campfire_choices":[{"data":"BlazeAway","floor":6.0,"key":"SMITH"},{"floor":11.0,"key":"REST"},{"floor":24.0,"key":"REST"},{"data":"MachineGunSpark","floor":28.0,"key":"SMITH"}],"circlet_count":0,"master_deck":["AscendersBane","GalacticHalo","StarBarrage","SuperPerseids","DeepEcoloBomb","PowerUp","OSAHOGD","Acceleration","BlazeAway+1","GalaxyChild","CrumblingArmor","Wellcheers","MachineGunSpark+1","BlazeAway+1","MilkyWay+1","Porccubus"],"relics":["MiniHakkero","CogitoBucket","Ginger","Regal Pillow","Ornamental Fan","Golden Idol","Thread and Needle","Runic Pyramid","Red Mask","Toxic Egg 2","Sundial","Mango","Oddly Smooth Stone"],"acts_visited":["Exordium","TheCity"],"potions_floor_usage":[],"damage_taken":[{"damage":0.0,"enemies":"2 Louse","floor":1.0,"turns":1.0},{"damage":8.0,"enemies":"Small Slimes","floor":5.0,"turns":3.0},{"damage":0.0,"enemies":"Jaw Worm","floor":7.0,"turns":1.0},{"damage":12.0,"enemies":"Large Slime","floor":8.0,"turns":4.0},{"damage":18.0,"enemies":"Lagavulin","floor":10.0,"turns":4.0},{"damage":22.0,"enemies":"3 Sentries","floor":12.0,"turns":5.0},{"damage":5.0,"enemies":"Lagavulin","floor":14.0,"turns":2.0},{"damage":4.0,"enemies":"Hexaghost","floor":16.0,"turns":5.0},{"damage":9.0,"enemies":"3 Byrds","floor":18.0,"turns":3.0},{"damage":2.0,"enemies":"Masked Bandits","floor":19.0,"turns":3.0},{"damage":1.0,"enemies":"2 Thieves","floor":20.0,"turns":3.0},{"damage":20.0,"enemies":"Snecko","floor":21.0,"turns":5.0},{"damage":32.0,"enemies":"Slavers","floor":23.0,"turns":4.0},{"damage":5.0,"enemies":"Gremlin Leader","floor":27.0,"turns":4.0},{"damage":0.0,"enemies":"Snake Plant","floor":29.0,"turns":3.0},{"damage":5,"enemies":"Book of Stabbing","floor":30,"turns":2},{"damage":0,"enemies":"Shelled Parasite and Fungi","floor":31,"turns":2}],"seed_played":"-4881953753366063682","potions_obtained":[{"floor":16.0,"key":"Fire Potion"},{"floor":18.0,"key":"StarNLove"},{"floor":20.0,"key":"Explosive Potion"},{"floor":23.0,"key":"EntropicBrew"}],"is_trial":false,"path_per_floor":["M","?","?","T","M","R","M","M","T","E","R","E","?","E","R","B",null,"M","?","M","M","?","E","R","$","T","E","R","M","E","M"],"character_chosen":"MARISA","items_purchased":["MilkyWay+1"],"campfire_rested":2,"item_purchase_floors":[25],"current_hp_per_floor":[63,56,56,56,48,48,48,36,36,18,54,32,32,27,27,26,54,48,49,51,37,37,8,41,41,41,50,50,50,48,48,48],"gold":59,"neow_bonus":"","is_daily":false,"chose_seed":false,"campfire_upgraded":2,"win_rate":0.0,"timestamp":1609492997,"path_taken":["M","?","?","?","M","R","M","M","T","E","R","E","?","E","R","BOSS","M","?","M","M","?","E","R","?","T","E","R","M","E","M"],"items_purchased_type":["Card"],"build_version":"2020-12-22","purchased_purges":3,"victory":false,"max_hp_per_floor":[70,70,70,70,70,70,70,70,70,70,70,70,63,63,63,63,63,63,63,63,63,63,63,63,63,63,77,77,77,77,77,77],"card_choices":[{"not_picked":["FairyFestival","GreedKing"],"picked":"OSAHOGD","floor":1.0},{"not_picked":["FairyDestructionRay","WitchOfGreed"],"picked":"Acceleration","floor":1.0},{"not_picked":["AsteroidBelt","MysteriousBeam"],"picked":"BlazeAway","floor":5.0},{"not_picked":["Bloodbath","DespairKnight"],"picked":"GalaxyChild","floor":5.0},{"not_picked":["DoubleSpark","GalacticHalo","NonDirectionalLaser"],"picked":"SKIP","floor":7.0},{"not_picked":["OldLady","FairyFestival"],"picked":"CrumblingArmor","floor":8.0},{"not_picked":["FinalSpark","WitchOfGreed","IllusionStar"],"picked":"SKIP","floor":8.0},{"not_picked":["AlicesGift","6A","ShootingEcho"],"picked":"SKIP","floor":10.0},{"not_picked":["AlicesGift","6A","ShootingEcho"],"picked":"SKIP","floor":10.0},{"not_picked":["FairyFestival","UniverseFragment"],"picked":"Wellcheers","floor":12.0},{"not_picked":["SporeBomb","ShootTheMoon","IllusionStar"],"picked":"SKIP","floor":12.0},{"not_picked":["GravityBeat","PropBag","BinaryStars"],"picked":"SKIP","floor":14.0},{"not_picked":["JA","Acceleration","SporeBomb"],"picked":"SKIP","floor":18.0},{"not_picked":["JA","Acceleration","SporeBomb"],"picked":"SKIP","floor":18.0},{"not_picked":["DarkSpark","WitchOfGreed"],"picked":"MachineGunSpark","floor":20.0},{"not_picked":["Acceleration","PropBag","Occultation"],"picked":"SKIP","floor":21.0},{"not_picked":["LuminesStrike+1","RefractionSpark"],"picked":"BlazeAway+1","floor":23.0},{"not_picked":["OneTimeOff+1","AsteroidBelt+1","UnstableBomb"],"picked":"SKIP","floor":27.0},{"not_picked":["Acceleration+1","SuperPerseids+1","ManaRampage+1"],"picked":"SKIP","floor":29},{"not_picked":["LaLuna","BigBadWolf"],"picked":"Porccubus","floor":30},{"not_picked":["NonDirectionalLaser","Orbital+1","MeteoricShower"],"picked":"SKIP","floor":30}],"player_experience":396960,"relics_obtained":[{"floor":9.0,"key":"Ginger"},{"floor":10.0,"key":"Regal Pillow"},{"floor":12.0,"key":"Ornamental Fan"},{"floor":14.0,"key":"Thread and Needle"},{"floor":19.0,"key":"Red Mask"},{"floor":23.0,"key":"Toxic Egg 2"},{"floor":26.0,"key":"Sundial"},{"floor":27.0,"key":"Mango"},{"floor":30,"key":"Oddly Smooth Stone"}],"event_choices":[{"cards_removed":["LuminesStrike"],"damage_healed":0.0,"max_hp_gain":0.0,"max_hp_loss":0.0,"gold_gain":0.0,"event_name":"Golden Wing","player_choice":"Card Removal","floor":2.0,"gold_loss":0.0,"damage_taken":7.0},{"cards_removed":["MasterSpark"],"damage_healed":0.0,"max_hp_gain":0.0,"max_hp_loss":0.0,"gold_gain":0.0,"event_name":"Living Wall","player_choice":"Forget","floor":3.0,"gold_loss":0.0,"damage_taken":0.0},{"damage_healed":0.0,"max_hp_gain":0.0,"max_hp_loss":7.0,"gold_gain":0.0,"event_name":"Golden Idol","player_choice":"Lose Max HP","floor":13.0,"gold_loss":0.0,"damage_taken":0.0,"relics_obtained":["Golden Idol"]},{"damage_healed":0.0,"max_hp_gain":0.0,"max_hp_loss":0.0,"gold_gain":0.0,"event_name":"Masked Bandits","player_choice":"Fought Bandits","floor":19.0,"gold_loss":0.0,"damage_taken":0.0},{"damage_healed":0.0,"max_hp_gain":0.0,"max_hp_loss":0.0,"gold_gain":0.0,"event_name":"Ghosts","player_choice":"Ignored","floor":22.0,"gold_loss":0.0,"damage_taken":0.0}],"is_beta":false,"boss_relics":[{"not_picked":["Busted Crown","Coffee Dripper"],"picked":"Runic Pyramid"}],"items_purged_floors":[15,15,25],"is_endless":false,"potions_floor_spawned":[8,16,18,20,23,27],"killed_by":"Shelled Parasite and Fungi","ascension_level":20}}