{"host":"lvhfn8l5bvc4nolx","time":1609511177,"event":{"mods":["AchievementEnabler","BaseMod","Colored Map","Keyboard Shortcuts","Minty Spire (QoL Compilation)","Permanent Neow","Quick Restart","SuperFastMode"],"gold_per_floor":[11,11,22,22,22,32,32,46,99,125,50,15,42,55,55,159,459,469,278,294,294,310,310,327,358,358,373,373,373,373],"floor_reached":29,"playtime":589,"items_purged":["Defend_P","Indignation"],"score":400,"play_id":"b60944ed-5e0a-4d69-a9e2-a08b8034b821","local_time":"20210101232617","is_ascension_mode":true,"campfire_choices":[{"data":"Eruption","floor":7.0,"key":"SMITH"},{"data":"ConjureBlade","floor":15.0,"key":"SMITH"},{"data":"MentalFortress","floor":23.0,"key":"SMITH"},{"floor":28,"key":"REST"}],"circlet_count":0,"master_deck":["Strike_P","Strike_P","Defend_P","Eruption+1","Vigilance+1","Evaluate+1","Consecrate","SandsOfTime","CarveReality","ConjureBlade+1","Prostrate","FearNoEvil","LessonLearned","CurseOfTheBell","Trip+1","MentalFortress+1"],"relics":["PureWater","War Paint","Damaru","Odd Mushroom","Calling Bell","Vajra","Yang","Old Coin","Eternal Feather","Mummified Hand","Toy Ornithopter"],"acts_visited":["Exordium","TheCity"],"potions_floor_usage":[24],"damage_taken":[{"damage":11.0,"enemies":"Small Slimes","floor":1.0,"turns":3.0},{"damage":8.0,"enemies":"Jaw Worm","floor":3.0,"turns":6.0},{"damage":11.0,"enemies":"2 Louse","floor":6.0,"turns":2.0},{"damage":3.0,"enemies":"2 Fungi Beasts","floor":8.0,"turns":4.0},{"damage":0.0,"enemies":"Gremlin Nob","floor":10.0,"turns":2.0},{"damage":26.0,"enemies":"The Mushroom Lair","floor":13.0,"turns":2.0},{"damage":0.0,"enemies":"Blue Slaver","floor":14.0,"turns":2.0},{"damage":28.0,"enemies":"Hexaghost","floor":16.0,"turns":6.0},{"damage":6.0,"enemies":"Chosen","floor":18.0,"turns":3.0},{"damage":19.0,"enemies":"3 Byrds","floor":20.0,"turns":4.0},{"damage":0.0,"enemies":"3 Cultists","floor":22.0,"turns":2.0},{"damage":33,"enemies":"Snake Plant","floor":24,"turns":3},{"damage":0,"enemies":"Gremlin Leader","floor":25,"turns":2},{"damage":0,"enemies":"Centurion and Healer","floor":27,"turns":4},{"damage":42,"enemies":"Snecko","floor":29,"turns":3}],"seed_played":"1294204812786398616","potions_obtained":[{"floor":3.0,"key":"Fruit Juice"},{"floor":8.0,"key":"SteroidPotion"},{"floor":14.0,"key":"SneckoOil"},{"floor":18.0,"key":"EssenceOfSteel"},{"floor":20.0,"key":"Explosive Potion"},{"floor":22.0,"key":"AttackPotion"}],"is_trial":false,"path_per_floor":["M","?","M","$","?","M","R","M","T","E","$","?","?","M","R","B",null,"M","$","M","?","M","R","M","E","T","M","R","M"],"character_chosen":"WATCHER","items_purchased":["Trip"],"campfire_rested":1,"item_purchase_floors":[19],"current_hp_per_floor":[61,61,58,58,51,40,40,37,37,37,37,56,30,30,30,2,58,52,52,33,33,33,42,9,9,9,9,41,0,0],"gold":373,"neow_bonus":"REMOVE_TWO","is_daily":false,"chose_seed":false,"campfire_upgraded":3,"win_rate":0.0,"timestamp":1609511177,"path_taken":["M","?","M","$","?","M","R","M","T","E","$","?","?","?","R","BOSS","M","$","M","?","M","R","M","E","T","M","R","M"],"items_purchased_type":["Card"],"build_version":"2020-12-22","purchased_purges":2,"victory":false,"max_hp_per_floor":[72,72,77,77,77,77,77,77,77,77,77,77,77,77,77,77,77,77,77,77,77,77,77,77,77,77,77,77,77,77],"card_choices":[{"not_picked":["PathToVictory","FlyingSleeves"],"picked":"Evaluate","floor":1.0},{"not_picked":["Prostrate","PathToVictory"],"picked":"Consecrate","floor":3.0},{"not_picked":["FlyingSleeves","JustLucky"],"picked":"SandsOfTime","floor":6.0},{"not_picked":["SashWhip","Evaluate"],"picked":"CarveReality","floor":8.0},{"not_picked":["CutThroughFate","WindmillStrike"],"picked":"ConjureBlade","floor":10.0},{"not_picked":["FollowUp","PathToVictory"],"picked":"Prostrate","floor":13.0},{"not_picked":["CrushJoints","Consecrate"],"picked":"FearNoEvil","floor":14.0},{"not_picked":["DeusExMachina","Wish"],"picked":"LessonLearned","floor":16.0},{"not_picked":["Swivel","Crescendo+1","FlurryOfBlows"],"picked":"SKIP","floor":18.0},{"not_picked":["SashWhip","CrushJoints","FollowUp"],"picked":"SKIP","floor":20.0},{"not_picked":["FlurryOfBlows","ForeignInfluence"],"picked":"MentalFortress","floor":22.0},{"not_picked":["ThirdEye","Swivel+1","FearNoEvil"],"picked":"SKIP","floor":24},{"not_picked":["CrushJoints","EmptyFist","CutThroughFate"],"picked":"SKIP","floor":25},{"not_picked":["CrushJoints","EmptyFist","CutThroughFate"],"picked":"SKIP","floor":25},{"not_picked":["Consecrate","Indignation","WreathOfFlame"],"picked":"SKIP","floor":27}],"player_experience":364500,"relics_obtained":[{"floor":9.0,"key":"War Paint"},{"floor":10.0,"key":"Damaru"},{"floor":13.0,"key":"Odd Mushroom"},{"floor":17.0,"key":"Vajra"},{"floor":17.0,"key":"Yang"},{"floor":17.0,"key":"Old Coin"},{"floor":25,"key":"Mummified Hand"},{"floor":26,"key":"Toy Ornithopter"}],"event_choices":[{"damage_healed":0.0,"max_hp_gain":0.0,"max_hp_loss":0.0,"gold_gain":0.0,"cards_transformed":["Strike_P"],"event_name":"Living Wall","player_choice":"Change","floor":2.0,"gold_loss":0.0,"damage_taken":0.0,"cards_obtained":["Indignation"]},{"cards_removed":["Defend_P"],"damage_healed":0.0,"max_hp_gain":0.0,"max_hp_loss":0.0,"gold_gain":0.0,"event_name":"Golden Wing","player_choice":"Card Removal","floor":5.0,"gold_loss":0.0,"damage_taken":7.0},{"damage_healed":19.0,"max_hp_gain":0.0,"max_hp_loss":0.0,"gold_gain":0.0,"event_name":"The Cleric","player_choice":"Healed","floor":12.0,"gold_loss":35.0,"damage_taken":0.0},{"damage_healed":0.0,"max_hp_gain":0.0,"max_hp_loss":0.0,"gold_gain":0.0,"event_name":"Mushrooms","player_choice":"Fought Mushrooms","floor":13.0,"gold_loss":0.0,"damage_taken":0.0},{"damage_healed":0.0,"max_hp_gain":0.0,"max_hp_loss":0.0,"gold_gain":0.0,"event_name":"The Mausoleum","player_choice":"Opened","floor":21.0,"gold_loss":0.0,"damage_taken":0.0,"relics_obtained":["Eternal Feather"]}],"is_beta":false,"boss_relics":[{"not_picked":["Busted Crown","Ectoplasm"],"picked":"Calling Bell"}],"items_purged_floors":[11,19],"is_endless":false,"potions_floor_spawned":[3,8,14,18,20,22],"killed_by":"Snecko","ascension_level":5}}