{"host":"cu7v2bzxqo9zajt2","time":1609511615,"event":{"mods":["BaseMod","CapriCore","Hermit","HololiveMod","Koishi","Marisa£¨Ùöéë¡¡Øª×âÞÞ£©","Minty Spire (QoL Compilation)","Prisma Mod","Railgun Mod","StSLib","SuperFastMode","The Bug Knight","The Cursed","The Dragon Tamer","The Gatherer","The Immortal","The Runesmith","WarShipGirlsR/??á´Ò³R mod"],"gold_per_floor":[115,190,265,281,281,312,312,487,487,498,513,513,253,253,253,382,382,398,421,421,421,421],"floor_reached":21,"playtime":1083,"items_purged":[],"score":200,"play_id":"b79e70f7-4343-4c8a-a054-c8ced168cde9","local_time":"20210101233335","is_ascension_mode":false,"campfire_choices":[{"floor":12,"key":"REST"},{"floor":15,"key":"REST"}],"circlet_count":0,"master_deck":["Runesmith:Strike_RS","Runesmith:Strike_RS","Runesmith:Strike_RS","Runesmith:Strike_RS","Runesmith:Defend_RS","Runesmith:Defend_RS","Runesmith:Defend_RS","Runesmith:Defend_RS","Runesmith:CraftFirestone","Runesmith:Fortify","Runesmith:Repurpose","Runesmith:Refine","Runesmith:CraftMagma","Doubt","Runesmith:Permafrost","Runesmith:CraftProtectio","Runesmith:UnstableHammer+1","Bandage Up","Runesmith:Firestorm","Runesmith:RunicBlueprint","Injury","Runesmith:MetallurgicalResearch","Runesmith:GoWithTheFlow+1","Runesmith:Fortify","Runesmith:Accelerate","Runesmith:StaticCage"],"relics":["Runesmith:BrokenRuby","NeowsBlessing","HollowMod:LifeEnderRelic","Tiny Chest","Gambling Chip","Molten Egg 2","Golden Idol","SlaversCollar","Pen Nib"],"acts_visited":["Exordium","TheCity"],"potions_floor_usage":[16],"damage_taken":[{"damage":0,"enemies":"Small Slimes","floor":1,"turns":1},{"damage":0,"enemies":"Jaw Worm","floor":4,"turns":1},{"damage":0,"enemies":"3 Sentries","floor":6,"turns":1},{"damage":5,"enemies":"Cultist","floor":10,"turns":5},{"damage":6,"enemies":"Exordium Wildlife","floor":11,"turns":5},{"damage":48,"enemies":"Slime Boss","floor":16,"turns":16},{"damage":16,"enemies":"Chosen","floor":18,"turns":6},{"damage":54,"enemies":"3 Byrds","floor":21,"turns":5}],"seed_played":"-3479423606666291791","potions_obtained":[{"floor":1,"key":"Fire Potion"},{"floor":4,"key":"Fruit Juice"},{"floor":10,"key":"LiquidMemories"}],"is_trial":false,"path_per_floor":["M","?","?","M","?","E","?","?","T","M","M","R","$","?","R","B",null,"M","T","?","M"],"character_chosen":"RUNESMITH_CLASS","items_purchased":["Runesmith:UnstableHammer+1","Bandage Up","Runesmith:Firestorm","Runesmith:RunicBlueprint"],"campfire_rested":2,"item_purchase_floors":[13,13,13,13],"current_hp_per_floor":[70,59,52,52,40,40,40,40,40,35,29,50,50,50,70,31,75,59,59,59,9,9],"gold":421,"neow_bonus":"THREE_ENEMY_KILL","is_daily":false,"chose_seed":false,"campfire_upgraded":0,"win_rate":0.0,"timestamp":1609511615,"path_taken":["M","?","?","?","?","E","?","?","T","M","M","R","$","?","R","BOSS","M","?","?","M"],"items_purchased_type":["Card","Card","Card","Card"],"build_version":"2020-12-22","purchased_purges":0,"victory":false,"max_hp_per_floor":[70,70,70,70,70,70,70,70,70,70,70,70,70,70,70,75,75,75,75,75,75,75],"card_choices":[{"not_picked":["Runesmith:ElementalConversion","Runesmith:CraftProtectio"],"picked":"Runesmith:Repurpose","floor":1},{"not_picked":["Runesmith:Overpower","Runesmith:BackupBattery"],"picked":"Runesmith:Refine","floor":4},{"not_picked":["Runesmith:HeatExchange","Runesmith:Electrocute"],"picked":"Runesmith:CraftMagma","floor":6},{"not_picked":["Runesmith:ShiftingStrike+1","Runesmith:EarthShield"],"picked":"Runesmith:Permafrost","floor":10},{"not_picked":["Runesmith:CraftReservo","Runesmith:NanitesCloud"],"picked":"Runesmith:CraftProtectio","floor":11},{"not_picked":["Runesmith:CraftMedicinae","Runesmith:UnlimitedPower"],"picked":"Runesmith:MetallurgicalResearch","floor":16},{"not_picked":["Runesmith:ElementalConversion+1","Runesmith:StaticCage"],"picked":"Runesmith:GoWithTheFlow+1","floor":18}],"player_experience":66033,"relics_obtained":[{"floor":6,"key":"Tiny Chest"},{"floor":9,"key":"Molten Egg 2"},{"floor":19,"key":"Pen Nib"}],"event_choices":[{"damage_healed":0,"gold_gain":75,"player_choice":"Gather Gold","damage_taken":11,"max_hp_gain":0,"max_hp_loss":0,"event_name":"World of Goop","floor":2,"gold_loss":0},{"damage_healed":0,"gold_gain":75,"player_choice":"Touch","damage_taken":7,"max_hp_gain":0,"max_hp_loss":0,"event_name":"FaceTrader","floor":3,"gold_loss":0},{"damage_healed":0,"gold_gain":0,"player_choice":"Success","damage_taken":12,"relics_obtained":["HollowMod:LifeEnderRelic"],"max_hp_gain":0,"max_hp_loss":0,"event_name":"Scrap Ooze","floor":5,"gold_loss":0},{"damage_healed":0,"gold_gain":0,"player_choice":"Searched \u00271\u0027 times","damage_taken":0,"relics_obtained":["Gambling Chip"],"max_hp_gain":0,"max_hp_loss":0,"event_name":"Dead Adventurer","floor":7,"gold_loss":0},{"damage_healed":0,"gold_gain":175,"player_choice":"AGREE","damage_taken":0,"max_hp_gain":0,"max_hp_loss":0,"event_name":"Liars Game","floor":8,"gold_loss":0,"cards_obtained":["Doubt"]},{"damage_healed":0,"gold_gain":0,"player_choice":"Take Wound","damage_taken":0,"relics_obtained":["Golden Idol"],"max_hp_gain":0,"max_hp_loss":0,"event_name":"Golden Idol","floor":14,"gold_loss":0,"cards_obtained":["Injury"]},{"damage_healed":0,"gold_gain":0,"player_choice":"3 cards matched","damage_taken":0,"max_hp_gain":0,"max_hp_loss":0,"event_name":"Match and Keep!","floor":20,"gold_loss":0,"cards_obtained":["Runesmith:Fortify","Runesmith:Accelerate","Runesmith:StaticCage"]}],"is_beta":false,"boss_relics":[{"not_picked":["Calling Bell","Hololive_Finger"],"picked":"SlaversCollar"}],"items_purged_floors":[],"is_endless":false,"potions_floor_spawned":[1,4,10],"killed_by":"3 Byrds","ascension_level":0}}