{"host":"1jimgl3xh17fr2bv","time":1609468243,"event":{"mods":["BaseMod","Downfall","Hermit","Minty Spire (QoL Compilation)","StSLib"],"gold_per_floor":[109,126,143,161,176,208,208,122,122,197,197,197,372,388,388,388,388],"floor_reached":16,"playtime":470,"items_purged":[],"score":102,"play_id":"e5cd6ff4-ec58-43c9-b455-f3864260e1e6","local_time":"20201231213043","is_ascension_mode":false,"campfire_choices":[{"data":"hermit:Malice","floor":7.0,"key":"SMITH"},{"floor":12.0,"key":"REST"},{"floor":15,"key":"REST"}],"circlet_count":0,"master_deck":["hermit:Strike_Hermit","hermit:Strike_Hermit","hermit:Strike_Hermit","hermit:Strike_Hermit","hermit:Defend_Hermit","hermit:Defend_Hermit","hermit:Defend_Hermit","hermit:Defend_Hermit","hermit:Snapshot","hermit:Covet","hermit:Malice+1","hermit:Dive","hermit:Glare","hermit:Spite","Swift Strike"],"relics":["hermit:Momento","Omamori","White Beast Statue","Golden Idol"],"acts_visited":["Exordium"],"potions_floor_usage":[16,16],"damage_taken":[{"damage":0.0,"enemies":"Cultist","floor":1.0,"turns":3.0},{"damage":0.0,"enemies":"2 Louse","floor":2.0,"turns":1.0},{"damage":6.0,"enemies":"Jaw Worm","floor":3.0,"turns":2.0},{"damage":0.0,"enemies":"Looter","floor":4.0,"turns":3.0},{"damage":23.0,"enemies":"Exordium Thugs","floor":5.0,"turns":5.0},{"damage":14.0,"enemies":"Gremlin Nob","floor":6.0,"turns":4.0},{"damage":12,"enemies":"Lots of Slimes","floor":14,"turns":6},{"damage":69,"enemies":"The Guardian","floor":16,"turns":14}],"seed_played":"1412437923480210905","potions_obtained":[{"floor":3.0,"key":"Regen Potion"},{"floor":4.0,"key":"ColorlessPotion"},{"floor":14,"key":"FearPotion"}],"is_trial":false,"path_per_floor":["M","M","M","M","M","E","R","$","T","?","?","R","?","M","R","B"],"character_chosen":"HERMIT","items_purchased":["Swift Strike"],"campfire_rested":2,"item_purchase_floors":[8],"current_hp_per_floor":[75,75,69,69,46,32,32,32,32,21,21,43,43,31,53,0,0],"gold":388,"neow_bonus":"THREE_CARDS","is_daily":false,"chose_seed":false,"campfire_upgraded":1,"win_rate":0.0,"timestamp":1609468243,"path_taken":["M","?","M","M","M","E","R","?","T","?","?","R","?","M","R","BOSS"],"items_purchased_type":["Card"],"build_version":"2020-12-22","purchased_purges":0,"victory":false,"max_hp_per_floor":[75,75,75,75,75,75,75,75,75,75,75,75,75,75,75,75,75],"card_choices":[{"not_picked":["hermit:FullyLoaded","hermit:Feint"],"picked":"hermit:Malice","floor":0.0},{"not_picked":["hermit:Deadeye","hermit:Feint"],"picked":"hermit:Dive","floor":1.0},{"not_picked":["hermit:TakeCover","hermit:BigShot","hermit:Enervate"],"picked":"SKIP","floor":2.0},{"not_picked":["hermit:Roulette","hermit:Manifest"],"picked":"hermit:Glare","floor":3.0},{"not_picked":["hermit:Showdown","hermit:Purgatory"],"picked":"hermit:Spite","floor":4.0},{"not_picked":["hermit:Roulette","hermit:LuckOfTheDraw","hermit:Feint"],"picked":"SKIP","floor":5.0},{"not_picked":["hermit:Midnight","hermit:Headshot","hermit:Manifest"],"picked":"SKIP","floor":6.0},{"not_picked":["hermit:BodyArmor","hermit:Misfire","hermit:EyeOfTheStorm"],"picked":"SKIP","floor":14}],"player_experience":369046,"relics_obtained":[{"floor":6.0,"key":"Omamori"},{"floor":9.0,"key":"White Beast Statue"}],"event_choices":[{"damage_healed":0.0,"max_hp_gain":0.0,"max_hp_loss":0.0,"gold_gain":75.0,"event_name":"World of Goop","player_choice":"Gather Gold","floor":10.0,"gold_loss":0.0,"damage_taken":11.0},{"damage_healed":0.0,"max_hp_gain":0.0,"max_hp_loss":0.0,"gold_gain":0.0,"event_name":"Golden Idol","player_choice":"Take Wound","floor":11.0,"gold_loss":0.0,"damage_taken":0.0,"relics_obtained":["Golden Idol"],"cards_obtained":["Injury"]},{"damage_healed":0.0,"max_hp_gain":0.0,"max_hp_loss":0.0,"gold_gain":175.0,"event_name":"Liars Game","player_choice":"AGREE","floor":13.0,"gold_loss":0.0,"damage_taken":0.0,"cards_obtained":["Doubt"]}],"is_beta":false,"boss_relics":[],"items_purged_floors":[],"is_endless":false,"potions_floor_spawned":[3,4,14],"killed_by":"The Guardian","ascension_level":0}}