{"host":"96n0ernxosh90i3w","time":1609476008,"event":{"mods":["AchievementEnabler","BaseMod","Colored Powertips","Hubris","Infinite Spire","Minty Spire (QoL Compilation)","Replay The Spire","StSLib"],"gold_per_floor":[119,139,139,139,155,155,7,7,32,59,59,74,24,24,24,24,24],"floor_reached":16,"playtime":1011,"items_purged":[],"score":98,"play_id":"9ed3222c-0ab4-42c0-845c-3e19c0ffd251","local_time":"20201231234008","is_ascension_mode":false,"campfire_choices":[{"data":"Neutralize","floor":6,"key":"SMITH"},{"floor":8,"key":"REST"}],"circlet_count":0,"master_deck":["Strike_G","Strike_G","Strike_G","Strike_G","Strike_G","Defend_G","Defend_G","Defend_G","Defend_G+1","Defend_G","Survivor","Neutralize+1","ReplayTheSpireMod:Restless Dread","Wraith Form v2+1","Underhanded Strike","Slice+1","Prepared","Poisoned Stab","Cloak And Dagger","Bane","Bouncing Flask","Dagger Spray"],"relics":["Sizzling Blood","infinitespire:Cubic Diamond","ReplayTheSpireMod:Lightbulb","HornCleat","infinitespire:ShieldingShard"],"acts_visited":["Exordium"],"potions_floor_usage":[10],"damage_taken":[{"damage":4,"enemies":"Small Slimes","floor":1,"turns":6},{"damage":2,"enemies":"Jaw Worm","floor":2,"turns":4},{"damage":0,"enemies":"Cultist","floor":5,"turns":3},{"damage":8,"enemies":"3 Sentries","floor":10,"turns":9},{"damage":9,"enemies":"Exordium Thugs","floor":12,"turns":4},{"damage":108,"enemies":"Fading Forest","floor":16,"turns":9}],"seed_played":"6613597930822144962","potions_obtained":[{"floor":12,"key":"FairyPotion"}],"is_trial":false,"path_per_floor":["M","M","?","?","M","R","$","R","T","E","$","M","$","?","R","B"],"character_chosen":"THE_SILENT","items_purchased":["Poisoned Stab","Dexterity Potion","Cloak And Dagger","Dagger Spray"],"campfire_rested":1,"item_purchase_floors":[7,7,7,13],"current_hp_per_floor":[66,64,64,50,54,54,54,70,70,66,66,61,61,36,57,0,0],"gold":24,"neow_bonus":"THREE_RARE_CARDS","is_daily":false,"chose_seed":false,"campfire_upgraded":1,"win_rate":0.0,"timestamp":1609476008,"path_taken":["M","M","?","?","?","R","$","R","T","E","$","M","$","?","R","BOSS"],"items_purchased_type":["Card","Potion","Card","Card"],"build_version":"2020-12-22","purchased_purges":0,"victory":false,"max_hp_per_floor":[70,70,70,70,70,70,70,70,70,70,70,70,70,70,70,70,70],"card_choices":[{"not_picked":["Poison Darts","Adrenaline"],"picked":"Wraith Form v2","floor":0},{"not_picked":["Terror","Noxious Fumes"],"picked":"Underhanded Strike","floor":1},{"not_picked":["Choke","Sucker Punch"],"picked":"Slice","floor":2},{"not_picked":["Acrobatics","Caltrops"],"picked":"Prepared","floor":5},{"not_picked":["Acrobatics","Slice"],"picked":"Bane","floor":10},{"not_picked":["Endless Agony","Calculated Gamble"],"picked":"Bouncing Flask","floor":12}],"player_experience":207844,"relics_obtained":[{"floor":9,"key":"ReplayTheSpireMod:Lightbulb"},{"floor":10,"key":"HornCleat"}],"event_choices":[{"damage_healed":0,"gold_gain":0,"player_choice":"Entered Light","damage_taken":14,"max_hp_gain":0,"max_hp_loss":0,"event_name":"Shining Light","floor":4,"gold_loss":0,"cards_upgraded":["Wraith Form v2","Defend_G"]},{"damage_healed":0,"gold_gain":0,"player_choice":"Success","damage_taken":25,"relics_obtained":["infinitespire:ShieldingShard"],"max_hp_gain":0,"max_hp_loss":0,"event_name":"Scrap Ooze","floor":14,"gold_loss":0}],"is_beta":false,"boss_relics":[],"items_purged_floors":[],"is_endless":false,"potions_floor_spawned":[12],"killed_by":"Fading Forest","ascension_level":0}}