{"host":"9oysz4knkucnjyyz","time":1609504936,"event":{"mods":["2.2 Compatiblity","Act Like it!","BaseMod","Better Altar","Better Match","Better Note","Better Sensory Stone","Better Skull","Better Third Choice","BetterRewards","Displayed Cursed Tome","Downfall","Friendly Minions","Googly Eyes","GungeonMod","Hallownest","Hermit","Lobotomy","LobotomyExtend","Minty Spire (QoL Compilation)","Spicy Shops","Spire Birthday Party","StSLib","The Bug Knight","everything is the same but u backflip on backflip","slay the spire mod where everything is the same but ironclad has a cowboy hat"],"gold_per_floor":[116,128,139,155,172,172,207,207,207,232,232,232,232,251,251,348,348,367,385,126,138,149,174,174,200,227,243,243,243],"floor_reached":28,"playtime":1398,"items_purged":[],"score":349,"play_id":"e9fde9ce-5c97-4a54-acfd-fbf1f1fa603e","local_time":"20210101074216","is_ascension_mode":true,"campfire_choices":[{"data":"Perfected Strike","floor":6,"key":"SMITH"},{"data":"Bash","floor":8,"key":"SMITH"},{"data":"Pommel Strike","floor":11,"key":"SMITH"},{"data":"Sword Boomerang","floor":15,"key":"SMITH"},{"floor":24,"key":"DIG"}],"circlet_count":0,"master_deck":["Strike_R","Strike_R","Strike_R","Strike_R","Strike_R","Defend_R","Defend_R","Defend_R","Defend_R","Bash+1","ShyLook","Pummel","QueenOfHatred","Pommel Strike+1","LaLuna","Body Slam","PunishingBird","OldLady","Perfected Strike+1","Scorched","Berserk+1","Wellcheers","Cleave","MHz","Sword Boomerang+1","OSAHOGD","Bludgeon","Clothesline+1","Bloodbath","Perfected Strike","WallGazer","Ghostly Armor","SpiderBud","Pummel","Ghostly Armor","Burning Pact"],"relics":["Burning Blood","CogitoBucket","RabbitCall","LetterFromLob","DemoMod:WhiteGuonStone","Strawberry","HollowMod:LifeEnderRelic","LaetitiaHeart","MagicBullet_r","LuminousBracelet","Black Star","Gremlin Horn","HellTrain","Shovel","WingedGreaves","Anchor","Pen Nib","Paper Frog","Smiling Mask"],"acts_visited":["Exordium","TheCity"],"potions_floor_usage":[10,14,14,25,27,28],"damage_taken":[{"damage":5,"enemies":"Small Slimes","floor":1,"turns":3},{"damage":9,"enemies":"2 Louse","floor":2,"turns":3},{"damage":1,"enemies":"Cultist","floor":3,"turns":3},{"damage":10,"enemies":"Lots of Slimes","floor":4,"turns":3},{"damage":2,"enemies":"Exordium Wildlife","floor":5,"turns":4},{"damage":23,"enemies":"Lagavulin","floor":7,"turns":5},{"damage":2,"enemies":"3 Sentries","floor":10,"turns":3},{"damage":6,"enemies":"Gremlin Nob","floor":12,"turns":2},{"damage":0,"enemies":"Gremlin Nob","floor":12,"turns":1},{"damage":9,"enemies":"Gremlin Nob","floor":12,"turns":2},{"damage":52,"enemies":"Large Slime","floor":14,"turns":7},{"damage":23,"enemies":"Slime Boss","floor":16,"turns":6},{"damage":11,"enemies":"Spheric Guardian","floor":18,"turns":3},{"damage":45,"enemies":"2 Thieves","floor":19,"turns":3},{"damage":6,"enemies":"Sentry and Sphere","floor":21,"turns":3},{"damage":45,"enemies":"Snake Plant","floor":22,"turns":6},{"damage":67,"enemies":"Gremlin Leader","floor":23,"turns":7},{"damage":28,"enemies":"Book of Stabbing","floor":25,"turns":5},{"damage":7,"enemies":"Snecko","floor":27,"turns":3},{"damage":61,"enemies":"Slavers","floor":28,"turns":3}],"seed_played":"777309017230934997","potions_obtained":[{"floor":2,"key":"Explosive Potion"},{"floor":3,"key":"Ancient Potion"},{"floor":7,"key":"ColorlessPotion"},{"floor":18,"key":"SteroidPotion"},{"floor":21,"key":"Strength Potion"},{"floor":22,"key":"Explosive Potion"},{"floor":27,"key":"Dexterity Potion"}],"is_trial":false,"path_per_floor":["M","M","M","M","M","R","E","R","T","E","R","E","?","M","R","B",null,"M","M","$","M","M","E","R","E","T","M","E"],"character_chosen":"IRONCLAD","items_purchased":["Gremlin Horn"],"campfire_rested":0,"item_purchase_floors":[20],"current_hp_per_floor":[80,77,80,76,80,80,69,69,76,82,82,84,84,58,58,55,102,99,65,65,72,80,43,43,37,37,39,0,0],"gold":243,"neow_bonus":"","is_daily":false,"chose_seed":false,"campfire_upgraded":4,"win_rate":0.0,"timestamp":1609504936,"path_taken":["M","M","M","M","M","R","E","R","T","E","R","E","?","M","R","BOSS","M","M","$","M","M","E","R","E","T","M","E"],"items_purchased_type":["Relic"],"build_version":"2020-12-22","purchased_purges":0,"victory":false,"max_hp_per_floor":[80,80,80,80,80,80,80,80,87,87,87,87,87,102,102,102,102,102,102,102,102,102,102,102,102,102,102,102,102],"card_choices":[{"not_picked":["BigBird","Woodsman"],"picked":"ShyLook","floor":1},{"not_picked":["Thunderclap","Warcry"],"picked":"Pummel","floor":1},{"not_picked":["FieryBird","VoidDream"],"picked":"QueenOfHatred","floor":2},{"not_picked":["Wild Strike","Flex"],"picked":"Pommel Strike","floor":2},{"not_picked":["Bloodbath","GalaxyChild"],"picked":"LaLuna","floor":3},{"not_picked":["Warcry","Iron Wave"],"picked":"Body Slam","floor":3},{"not_picked":["MeatLantern","Scarecrow","PunishingBird"],"picked":"Singing Bowl","floor":4},{"not_picked":["SpiderBud","Variant"],"picked":"PunishingBird","floor":4},{"not_picked":["Warcry","Hemokinesis","Twin Strike"],"picked":"SKIP","floor":4},{"not_picked":["BlackSwan","FairyFestival","BeautyBeast"],"picked":"Singing Bowl","floor":5},{"not_picked":["SingingMachine","Mercenary"],"picked":"OldLady","floor":5},{"not_picked":["Armaments","Burning Pact"],"picked":"Perfected Strike","floor":5},{"not_picked":["Funeral","BeautyBeast"],"picked":"Scorched","floor":7},{"not_picked":["Carnage","Exhume"],"picked":"Berserk","floor":7},{"not_picked":["FairyFestival","Yin"],"picked":"Wellcheers","floor":10},{"not_picked":["Combust","Body Slam"],"picked":"Cleave","floor":10},{"not_picked":["DreamingCurrent","Murderer","VoidDream"],"picked":"Singing Bowl","floor":14},{"not_picked":["LittleHelper","Scarecrow"],"picked":"MHz","floor":14},{"not_picked":["Dark Embrace","Warcry"],"picked":"Sword Boomerang","floor":14},{"not_picked":["LittlePrince","UniverseFragment"],"picked":"OSAHOGD","floor":16},{"not_picked":["Corruption","Barricade"],"picked":"Bludgeon","floor":16},{"not_picked":["LittleHelper","Mercenary","Bloodbath"],"picked":"Singing Bowl","floor":18},{"not_picked":["Anger+1","Armaments+1"],"picked":"Clothesline+1","floor":18},{"not_picked":["Funeral","CrumblingArmor","VoidDream"],"picked":"Singing Bowl","floor":19},{"not_picked":["SpiderBud","FairyFestival"],"picked":"Bloodbath","floor":19},{"not_picked":["Burning Pact","Warcry"],"picked":"Perfected Strike","floor":19},{"not_picked":["Porccubus","BeautyBeast"],"picked":"WallGazer","floor":21},{"not_picked":["Anger","Entrench"],"picked":"Ghostly Armor","floor":21},{"not_picked":["MeatLantern","FieryBird","SnowQueen"],"picked":"Singing Bowl","floor":22},{"not_picked":["Rage","Thunderclap","DemoMod:BlackBlade+1"],"picked":"SKIP","floor":22},{"not_picked":["CherryBlossoms","HappyTeddy","NakedNest"],"picked":"Singing Bowl","floor":23},{"not_picked":["VoidDream","DreamingCurrent"],"picked":"SpiderBud","floor":23},{"not_picked":["DemoMod:BlackBlade+1","Anger+1"],"picked":"Pummel","floor":23},{"not_picked":["FairyFestival","Murderer"],"picked":"BodiesMountain","floor":25},{"not_picked":["Second Wind+1","True Grit+1"],"picked":"Ghostly Armor","floor":25},{"not_picked":["CherryBlossoms","FieryBird","VoidDream"],"picked":"Singing Bowl","floor":27},{"not_picked":["Body Slam","Twin Strike+1"],"picked":"Burning Pact","floor":27}],"player_experience":336783,"relics_obtained":[{"floor":1,"key":"LetterFromLob"},{"floor":7,"key":"DemoMod:WhiteGuonStone"},{"floor":9,"key":"Strawberry"},{"floor":10,"key":"HollowMod:LifeEnderRelic"},{"floor":23,"key":"Shovel"},{"floor":23,"key":"WingedGreaves"},{"floor":24,"key":"Anchor"},{"floor":25,"key":"Pen Nib"},{"floor":25,"key":"Paper Frog"},{"floor":26,"key":"Smiling Mask"}],"event_choices":[{"damage_healed":0,"gold_gain":0,"player_choice":"Grow","damage_taken":0,"max_hp_gain":0,"max_hp_loss":0,"event_name":"Living Wall","floor":13,"gold_loss":0,"cards_upgraded":["Berserk"]}],"is_beta":false,"boss_relics":[{"not_picked":["SacredBark","Empty Cage"],"picked":"Black Star"}],"items_purged_floors":[],"is_endless":false,"potions_floor_spawned":[2,3,7,12,18,21,22,27],"killed_by":"Slavers","ascension_level":2}}