{"host":"nlbr7nnijupf3yfg","time":1609530967,"event":{"mods":["AchievementEnabler","BaseMod","Colored Powertips","DeckTracker","Downfall","Minty Spire (QoL Compilation)","Replay The Spire","StSLib","SuperFastMode"],"gold_per_floor":[116,116,133,152,77,77,102,102,102,134,154,154,54,54,54,157,157,173,173,186,186,186],"floor_reached":21,"playtime":305,"items_purged":["Strike_R","Strike_R"],"score":215,"play_id":"42f32573-9f7a-44d8-9190-39d4e9f2d8e1","local_time":"20210101145607","is_ascension_mode":true,"campfire_choices":[{"data":"Uppercut","floor":6,"key":"SMITH"},{"floor":12,"key":"REST"}],"circlet_count":0,"master_deck":["Bash+1","Uppercut+1","Uppercut","Uppercut+1","ReplayTheSpireMod:Muscle Training","Immolate+1","Regret","Slimebound:Icky"],"relics":["Burning Blood","NeowsBlessing","Replay:Bottled Snecko","Molten Egg 2","StoneCalendar","Kintsugi"],"acts_visited":["Exordium","TheCity"],"potions_floor_usage":[11,16,20],"damage_taken":[{"damage":0,"enemies":"2 Louse","floor":1,"turns":1},{"damage":0,"enemies":"Small Slimes","floor":3,"turns":1},{"damage":0,"enemies":"Cultist","floor":4,"turns":1},{"damage":35,"enemies":"Lagavulin","floor":7,"turns":5},{"damage":6,"enemies":"Gremlin Nob","floor":10,"turns":3},{"damage":19,"enemies":"3 Louse","floor":11,"turns":4},{"damage":37,"enemies":"The Guardian","floor":16,"turns":7},{"damage":44,"enemies":"Spheric Guardian","floor":18,"turns":4},{"damage":42,"enemies":"3 Byrds","floor":20,"turns":3},{"damage":63,"enemies":"Shelled Parasite and Fungi","floor":21,"turns":4}],"seed_played":"2336104351109069781","potions_obtained":[{"floor":1,"key":"Regen Potion"},{"floor":10,"key":"Strength Potion"},{"floor":11,"key":"sneckomod:MuddlingPotion"},{"floor":14,"key":"sneckomod:MuddlingPotion"},{"floor":14,"key":"FairyPotion"},{"floor":14,"key":"hexamod:EctoCoolerPotion"}],"is_trial":false,"path_per_floor":["M","?","M","M","$","R","E","?","T","E","M","R","$","?","R","B",null,"M","?","M","M"],"character_chosen":"IRONCLAD","items_purchased":[],"campfire_rested":1,"item_purchase_floors":[],"current_hp_per_floor":[80,80,80,80,80,80,51,51,51,51,50,74,74,74,74,43,80,42,68,32,0,0],"gold":186,"neow_bonus":"THREE_ENEMY_KILL","is_daily":false,"chose_seed":false,"campfire_upgraded":1,"win_rate":0.0,"timestamp":1609530967,"path_taken":["M","?","M","M","$","R","E","?","T","E","M","R","$","?","R","BOSS","M","?","M","M"],"items_purchased_type":[],"build_version":"2020-12-22","purchased_purges":2,"victory":false,"max_hp_per_floor":[80,80,80,80,80,80,80,80,80,80,80,80,80,80,80,80,80,80,80,80,80,80],"card_choices":[{"not_picked":["Power Through","Flex"],"picked":"Uppercut","floor":1},{"not_picked":["Reckless Charge","Battle Trance","Replay:Undeath\u0027s Touch"],"picked":"SKIP","floor":3},{"not_picked":["Dark Embrace","ReplayTheSpireMod:Corrosion Curse","Shockwave"],"picked":"SKIP","floor":4},{"not_picked":["Clothesline","Pommel Strike"],"picked":"Uppercut","floor":7},{"not_picked":["Body Slam+1","Armaments","Havoc"],"picked":"SKIP","floor":10},{"not_picked":["Perfected Strike+1","Reckless Charge+1"],"picked":"Uppercut+1","floor":11},{"not_picked":["Corruption","Replay:Many Hands"],"picked":"Immolate+1","floor":16},{"not_picked":["Perfected Strike+1","Rampage+1","Evolve+1"],"picked":"SKIP","floor":18},{"not_picked":["Twin Strike+1","Flame Barrier","Heavy Blade+1"],"picked":"SKIP","floor":20}],"player_experience":23151,"relics_obtained":[{"floor":7,"key":"Replay:Bottled Snecko"},{"floor":9,"key":"Molten Egg 2"},{"floor":10,"key":"StoneCalendar"}],"event_choices":[{"cards_removed":["Strike_R"],"damage_healed":0,"gold_gain":0,"player_choice":"Forget","damage_taken":0,"max_hp_gain":0,"max_hp_loss":0,"event_name":"Living Wall","floor":8,"gold_loss":0},{"damage_healed":0,"gold_gain":0,"player_choice":"Got Potions","damage_taken":0,"max_hp_gain":0,"max_hp_loss":0,"event_name":"Lab","floor":14,"gold_loss":0},{"damage_healed":26,"gold_gain":0,"player_choice":"Heal","damage_taken":0,"max_hp_gain":0,"max_hp_loss":0,"event_name":"The Library","floor":19,"gold_loss":0}],"is_beta":false,"boss_relics":[{"not_picked":["ReplayTheSpireMod:DimensionalGlitch","Tiny House"],"picked":"Kintsugi"}],"items_purged_floors":[5,13],"is_endless":false,"potions_floor_spawned":[1,10,11],"killed_by":"Shelled Parasite and Fungi","ascension_level":3}}