{"host":"u9xtr94typ21duox","time":1609490112,"event":{"mods":["BaseMod","Key Reminder","KinomotoSakuraMod(木之本樱)","LagranYue(拉格朗・月)","Marisa（F雨　魔理沙）","Minty Spire (QoL Compilation)","Reimu（博丽灵梦）","Remilia（蕾米莉亚）","Replay The Spire","StSLib","Td1madao Mod","The Administrix","The Bladedancer","The Bug Knight","The Construct","The Cursed","The Gatherer","The Runesmith","The Servant 0.9.4","WarShipGirlsR/战舰少女R mod","Youmu（魂魄妖梦）","vexMod"],"gold_per_floor":[111,111,129,53,53,85,85,100,100,119,154,154,154,154,154],"floor_reached":14,"playtime":250,"items_purged":[],"score":129,"play_id":"ff090cbe-6d77-4631-b195-e57065b70d0d","local_time":"20210101163512","is_ascension_mode":true,"campfire_choices":[{"data":"rmod:basicallowance","floor":7,"key":"SMITH"}],"circlet_count":0,"master_deck":["rmod:strick","rmod:strick","rmod:strick","rmod:strick","rmod:defend","rmod:defend","rmod:defend","rmod:defend","rmod:basicallowance+1","rmod:maingunfire","rmod:fletcherpendant","rmod:fletcherpendant","rmod:chargemoney+1","rmod:robin","rmod:advancebysurprise","rmod:seals"],"relics":["rmod:firstchargereward","LagranYue:RandomDrawCardRelic","NeowsBlessing","rmod:equipmentrecovery","FossilizedHelix","keyreminder:keyreminder","Replay:Kaleidoscope"],"acts_visited":["Exordium"],"potions_floor_usage":[11],"damage_taken":[{"damage":0,"enemies":"Cultist","floor":1,"turns":1},{"damage":0,"enemies":"Jaw Worm","floor":3,"turns":1},{"damage":0,"enemies":"Lagavulin","floor":6,"turns":1},{"damage":0,"enemies":"2 Louse","floor":8,"turns":2},{"damage":0,"enemies":"Looter","floor":10,"turns":2},{"damage":13,"enemies":"Gremlin Nob","floor":11,"turns":4},{"damage":0,"enemies":"3 Sentries","floor":14,"turns":3}],"seed_played":"7162049571252038248","potions_obtained":[{"floor":3,"key":"Weak Potion"},{"floor":6,"key":"SteroidPotion"},{"floor":11,"key":"Reflective Coating"}],"is_trial":false,"path_per_floor":["M","?","M","$","?","E","R","M","T","M","E","?","?","E"],"character_chosen":"PRAEFECT","items_purchased":["rmod:chargemoney"],"campfire_rested":0,"item_purchase_floors":[4],"current_hp_per_floor":[75,68,68,68,68,68,68,68,68,68,55,55,60,60,60],"gold":154,"neow_bonus":"THREE_ENEMY_KILL","is_daily":false,"chose_seed":false,"campfire_upgraded":1,"win_rate":0.0,"timestamp":1609490112,"path_taken":["M","?","M","$","?","E","R","M","T","?","E","?","?","E"],"items_purchased_type":["Card"],"build_version":"2020-12-22","purchased_purges":0,"victory":false,"max_hp_per_floor":[75,75,75,75,75,75,75,75,75,75,75,75,80,80,80],"card_choices":[{"not_picked":["rmod:goodfighter","rmod:heivgo"],"picked":"rmod:fletcherpendant","floor":1},{"not_picked":["rmod:fuelsupply","rmod:ammunitionsupply"],"picked":"rmod:fletcherpendant","floor":3},{"not_picked":["rmod:circuitoustactics","rmod:wolves"],"picked":"rmod:robin","floor":6},{"not_picked":["rmod:victimresponsibility","rmod:supportescort"],"picked":"rmod:advancebysurprise","floor":8},{"not_picked":["rmod:steelsupply","rmod:tearstotiara","rmod:shuttlebombing"],"picked":"SKIP","floor":10},{"not_picked":["rmod:steelsupply","rmod:expedition"],"picked":"rmod:seals","floor":11}],"player_experience":268249,"relics_obtained":[{"floor":6,"key":"FossilizedHelix"},{"floor":11,"key":"Replay:Kaleidoscope"}],"event_choices":[{"damage_healed":0,"gold_gain":0,"player_choice":"Success","damage_taken":7,"relics_obtained":["rmod:equipmentrecovery"],"max_hp_gain":0,"max_hp_loss":0,"event_name":"Scrap Ooze","floor":2,"gold_loss":0},{"damage_healed":0,"gold_gain":0,"player_choice":"Upgraded","damage_taken":0,"max_hp_gain":0,"max_hp_loss":0,"event_name":"Upgrade Shrine","floor":5,"gold_loss":0,"cards_upgraded":["rmod:chargemoney"]},{"damage_healed":0,"gold_gain":0,"player_choice":"Donut","damage_taken":0,"max_hp_gain":5,"max_hp_loss":0,"event_name":"Big Fish","floor":13,"gold_loss":0}],"is_beta":false,"boss_relics":[],"items_purged_floors":[],"is_endless":false,"potions_floor_spawned":[3,6,11],"killed_by":"3 Sentries","ascension_level":1}}