{"host":"44cj7v9849ev3ii0","time":1609479520,"event":{"mods":["BaseMod","Colored Powertips","Marisa£®ÏF”Í°°ƒß¿Ì…≥£©","Minty Spire (QoL Compilation)","Replay The Spire","Shop Mod","StSLib","The Cursed"],"gold_per_floor":[117,131,145,156,166,166,177,177,226,252,19,53,53,69,69,174,174,184,184,184,195,210,240,240,94,94,94,94,94,113,113,113,113,113,209,309,322,322,396,446,460,460,460],"floor_reached":42,"playtime":2514,"items_purged":[],"score":700,"play_id":"0c06b95c-036f-4432-b3a1-79f393571759","local_time":"20210101133840","is_ascension_mode":true,"campfire_choices":[{"data":"TheCursedMod:CircleOfBlood","floor":6,"key":"SMITH"},{"data":"TheCursedMod:Grudge","floor":8,"key":"SMITH"},{"floor":15,"key":"DIG"},{"data":"TheCursedMod:CollectTribute","floor":24,"key":"SMITH"},{"data":"TheCursedMod:Wield","floor":27,"key":"SMITH"}],"circlet_count":0,"master_deck":["TheCursedMod:Defend_TheCursed","TheCursedMod:Defend_TheCursed","TheCursedMod:Defend_TheCursed","TheCursedMod:Defend_TheCursed","TheCursedMod:CursedWand","TheCursedMod:CleanUpWorkshop","TheCursedMod:Dregs","TheCursedMod:WearCloak","TheCursedMod:CircleOfBlood+1","TheCursedMod:SpitefulStrike","TheCursedMod:ReleasedStrength","TheCursedMod:Grudge+1","TheCursedMod:CursedAmulet","TheCursedMod:CursedBoomerang","Parasite","TheCursedMod:CollectTribute+1","TheCursedMod:TacticalStrike","TheCursedMod:CollectTribute+1","TheCursedMod:WearCloak","TheCursedMod:ShockAndAwe","TheCursedMod:LuckyCharm","Bite","Bite","Bite","Bite","Bite","Survey Options","Dark Shackles","ReplayTheSpireMod:Private Reserves","Madness","Mind Blast","Bandage Up","Replay:Parry","TheCursedMod:WearCloak+1","TheCursedMod:RapidMovement+1","TheCursedMod:Wield+1","TheCursedMod:CircleOfFocus+1","TheCursedMod:ShockAndAwe","TheCursedMod:Obscuration+1","TheCursedMod:CircleOfCorruption+1","TheCursedMod:ReleasedKnowledge+1","Replay:Hysterical Blindness","Writhe","Ghostly","Ghostly","Ghostly","Ghostly","Ghostly","TheCursedMod:CircleOfCorruption+1","TheCursedMod:CircleOfAbyss","TheCursedMod:TacticalStrike+1","Wraith","ReplayTheSpireMod:Doomed","TheCursedMod:SoulCrush+1","TheCursedMod:Stigma+1"],"relics":["TheCursedMod:BlackMagic101","NeowsBlessing","Simple Rune","ReplayTheSpireMod:CursedCoin","ReplayTheSpireMod:Lightbulb","Replay:Bottled Eggs","Tiny Chest","Cursed Key","Juzu Bracelet","Orrery","ReplayTheSpireMod:Ninjato","Ornamental Fan","ReplayTheSpireMod:Ring of Collecting","Enchiridion","Replay:Wanted Poster","Ring of Peace","Replay:Bottled Flurry","Gambling Chip"],"acts_visited":["Exordium","TheCity","TheBeyond"],"potions_floor_usage":[],"damage_taken":[{"damage":0,"enemies":"Cultist","floor":1,"turns":1},{"damage":0,"enemies":"Jaw Worm","floor":2,"turns":1},{"damage":0,"enemies":"Small Slimes","floor":3,"turns":1},{"damage":5,"enemies":"Looter","floor":4,"turns":3},{"damage":12,"enemies":"Red Slaver","floor":5,"turns":4},{"damage":1,"enemies":"2 Fungi Beasts","floor":7,"turns":5},{"damage":26,"enemies":"Lagavulin","floor":10,"turns":7},{"damage":7,"enemies":"Gremlin Nob","floor":12,"turns":4},{"damage":10,"enemies":"Large Slime","floor":14,"turns":5},{"damage":0,"enemies":"Slime Boss","floor":16,"turns":4},{"damage":2,"enemies":"Shell Parasite","floor":18,"turns":5},{"damage":0,"enemies":"Spheric Guardian","floor":21,"turns":3},{"damage":0,"enemies":"Shelled Parasite and Fungi","floor":22,"turns":4},{"damage":32,"enemies":"Slavers","floor":23,"turns":5},{"damage":0,"enemies":"Sentry and Sphere","floor":30,"turns":3},{"damage":24,"enemies":"Automaton","floor":35,"turns":8},{"damage":7,"enemies":"3 Shapes","floor":37,"turns":3},{"damage":12,"enemies":"Mind Bloom Boss Battle","floor":40,"turns":8},{"damage":14,"enemies":"3 Darklings","floor":41,"turns":6},{"damage":47,"enemies":"Giant Head","floor":42,"turns":8}],"seed_played":"-7348834719864347411","potions_obtained":[{"floor":3,"key":"Weak Potion"},{"floor":4,"key":"Languid Potion"},{"floor":10,"key":"AttackPotion"},{"floor":12,"key":"Swift Potion"}],"is_trial":false,"path_per_floor":["M","M","M","M","M","R","M","R","T","E","$","E","?","M","R","B",null,"M","?","?","M","M","E","R","$","T","R","T","?","M","?","PTL","PTL","R","B",null,"M","?","T","?","M","E"],"character_chosen":"THE_CURSED","items_purchased":["ReplayTheSpireMod:CursedCoin","TheCursedMod:CollectTribute","ReplayTheSpireMod:Lightbulb","TheCursedMod:TacticalStrike","Orrery"],"campfire_rested":0,"item_purchase_floors":[11,11,11,11,25],"current_hp_per_floor":[75,75,75,70,60,60,63,63,63,43,43,42,42,42,42,60,75,73,73,4,20,30,18,18,18,18,18,18,18,32,32,32,32,16,19,37,36,36,36,36,35,0,0],"gold":460,"neow_bonus":"THREE_ENEMY_KILL","is_daily":false,"chose_seed":false,"campfire_upgraded":4,"win_rate":0.0,"timestamp":1609479520,"path_taken":["M","M","M","M","M","R","M","R","T","E","?","E","?","M","R","BOSS","M","?","?","?","M","E","R","$","T","R","?","?","M","?","PTL","PTL","R","BOSS","M","?","?","?","M","E"],"items_purchased_type":["Relic","Card","Relic","Card","Relic"],"build_version":"2020-12-22","purchased_purges":0,"victory":false,"max_hp_per_floor":[75,75,75,75,75,75,75,75,75,75,75,75,75,75,75,75,75,75,75,75,75,75,75,75,75,75,75,75,37,37,37,37,37,37,37,37,37,37,37,37,37,37,37],"card_choices":[{"not_picked":["TheCursedMod:SurpriseAttack","TheCursedMod:DoubleShield"],"picked":"TheCursedMod:WearCloak","floor":1},{"not_picked":["TheCursedMod:CursedMace","TheCursedMod:FleshFromBone"],"picked":"TheCursedMod:CircleOfBlood","floor":2},{"not_picked":["TheCursedMod:CircleOfCorruption","TheCursedMod:WearCloak"],"picked":"TheCursedMod:SpitefulStrike","floor":3},{"not_picked":["TheCursedMod:Stretching","TheCursedMod:TacticalStrike"],"picked":"TheCursedMod:ReleasedStrength","floor":4},{"not_picked":["TheCursedMod:Evocation","TheCursedMod:ReleasedKnowledge"],"picked":"TheCursedMod:Grudge","floor":5},{"not_picked":["TheCursedMod:SmokeScreen","TheCursedMod:StingEye"],"picked":"TheCursedMod:CursedAmulet","floor":7},{"not_picked":["TheCursedMod:Torture","TheCursedMod:Neurasthenia"],"picked":"TheCursedMod:CursedBoomerang","floor":10},{"not_picked":["TheCursedMod:CircleOfCorruption","TheCursedMod:CursedMace"],"picked":"TheCursedMod:CollectTribute","floor":12},{"not_picked":["TheCursedMod:RavingStaff","TheCursedMod:VitalStrike"],"picked":"TheCursedMod:WearCloak","floor":14},{"not_picked":["TheCursedMod:Neurasthenia","TheCursedMod:DarkBarrier"],"picked":"TheCursedMod:ShockAndAwe","floor":16},{"not_picked":["TheCursedMod:Torture+1","TheCursedMod:StingEye"],"picked":"TheCursedMod:LuckyCharm","floor":18},{"not_picked":["TheCursedMod:VitalStrike","TheCursedMod:Wield+1"],"picked":"TheCursedMod:WearCloak+1","floor":21},{"not_picked":["TheCursedMod:SpreadPlague","TheCursedMod:LuckyCharm"],"picked":"TheCursedMod:RapidMovement+1","floor":22},{"not_picked":["TheCursedMod:Grudge","TheCursedMod:PrepareRite+1"],"picked":"TheCursedMod:Wield","floor":23},{"not_picked":["TheCursedMod:CircleOfCorruption","TheCursedMod:RapidMovement+1"],"picked":"TheCursedMod:CircleOfFocus+1","floor":25},{"not_picked":["TheCursedMod:SoulReap","TheCursedMod:VitalStrike"],"picked":"TheCursedMod:ShockAndAwe","floor":25},{"not_picked":["TheCursedMod:CursedArmor","TheCursedMod:SpreadPlague+1"],"picked":"TheCursedMod:Obscuration+1","floor":25},{"not_picked":["TheCursedMod:AshesToAshes","TheCursedMod:RavingStaff+1"],"picked":"TheCursedMod:CircleOfCorruption+1","floor":25},{"not_picked":["TheCursedMod:BloodBarrier","TheCursedMod:Wield"],"picked":"TheCursedMod:ReleasedKnowledge+1","floor":25},{"not_picked":["TheCursedMod:SpitefulPlan+1","TheCursedMod:Hemoplague"],"picked":"TheCursedMod:CircleOfCorruption+1","floor":30},{"not_picked":["TheCursedMod:DarkBarrier","TheCursedMod:DemonSword"],"picked":"TheCursedMod:CircleOfAbyss","floor":35},{"not_picked":["TheCursedMod:CircleOfBlood","TheCursedMod:Obscuration"],"picked":"TheCursedMod:TacticalStrike+1","floor":37},{"not_picked":["TheCursedMod:WearCloak+1","TheCursedMod:Evocation"],"picked":"TheCursedMod:SoulCrush+1","floor":40},{"not_picked":["TheCursedMod:FuryStrike","TheCursedMod:CircleOfWindfury+1"],"picked":"TheCursedMod:Stigma+1","floor":41}],"player_experience":22937,"relics_obtained":[{"floor":9,"key":"Blood Vial"},{"floor":10,"key":"Simple Rune"},{"floor":12,"key":"Replay:Bottled Eggs"},{"floor":15,"key":"Tiny Chest"},{"floor":23,"key":"Juzu Bracelet"},{"floor":26,"key":"ReplayTheSpireMod:Ninjato"},{"floor":28,"key":"Ornamental Fan"},{"floor":31,"key":"ReplayTheSpireMod:Ring of Collecting"},{"floor":34,"key":"Enchiridion"},{"floor":39,"key":"Ring of Peace"},{"floor":39,"key":"Replay:Bottled Flurry"},{"floor":40,"key":"Gambling Chip"}],"event_choices":[{"damage_healed":0,"gold_gain":0,"player_choice":"Became a vampire (Vial)","damage_taken":0,"max_hp_gain":0,"max_hp_loss":0,"event_name":"Vampires","floor":19,"relics_lost":["Blood Vial"],"gold_loss":0,"cards_obtained":["Bite","Bite","Bite","Bite","Bite"]},{"damage_healed":0,"gold_gain":0,"player_choice":"CARD CARD CARD CARD CARD CARD CARD ","damage_taken":69,"max_hp_gain":0,"max_hp_loss":0,"event_name":"Knowing Skull","floor":20,"potions_obtained":[],"gold_loss":0,"cards_obtained":["Survey Options","Dark Shackles","ReplayTheSpireMod:Private Reserves","Madness","Mind Blast","Bandage Up","Replay:Parry"]},{"damage_healed":0,"gold_gain":0,"player_choice":"Became a Ghost","damage_taken":0,"max_hp_gain":0,"max_hp_loss":38,"event_name":"Ghosts","floor":29,"gold_loss":0,"cards_obtained":["Ghostly","Ghostly","Ghostly","Ghostly","Ghostly"]},{"damage_healed":0,"gold_gain":0,"player_choice":"Obtained Book","damage_taken":16,"max_hp_gain":0,"max_hp_loss":0,"event_name":"Cursed Tome","floor":34,"gold_loss":0},{"damage_healed":0,"gold_gain":0,"player_choice":"Ignored","damage_taken":0,"max_hp_gain":0,"max_hp_loss":0,"event_name":"OrinTheCat","floor":38,"gold_loss":0},{"damage_healed":0,"gold_gain":0,"player_choice":"Fight","damage_taken":0,"max_hp_gain":0,"max_hp_loss":0,"event_name":"MindBloom","floor":40,"gold_loss":0}],"is_beta":false,"boss_relics":[{"not_picked":["Runic Pyramid","Honey Jar"],"picked":"Cursed Key"},{"not_picked":["Tiny House","Snecko Eye"],"picked":"Replay:Wanted Poster"}],"items_purged_floors":[],"is_endless":false,"potions_floor_spawned":[3,4,10,12,14,22,23,35,37,40],"killed_by":"Giant Head","ascension_level":1}}