{"host":"lkyw40t68mxhwfjf","time":1609511621,"event":{"mods":["2.2 Compatiblity","Act Like it!","Arknights The Spire","BaseMod","Hallownest","HololiveMod","Hubris","Koishi","Lobotomy","Marisa¡]Ãú«B¡@Å]²z¨F¡^","Minty Spire (QoL Compilation)","Prisma Mod","Reimu¡]³Õ???¡^","Remilia¡]Á¢¦Ì²ú?¡^","Replay The Spire","RumiaBox-ÅS¦Ì?ªº¯«¯µ²°¤l","StSLib","The Animator","The Servant 0.9.4","TheSwordswoman","WarShipGirlsR/??¤Ö¤kR mod","Youmu¡]»î¾z§¯?¡^","Yuyuko"],"gold_per_floor":[210,139,162,172,189,189,189,189,237,237,253,253,283,62,62,158,158,170,209,209,180,180,180,180],"floor_reached":23,"playtime":1006,"items_purged":["ats:Defend"],"score":187,"play_id":"5482764a-2799-46b6-a291-ef29fad42d98","local_time":"20210101223341","is_ascension_mode":false,"campfire_choices":[{"data":"ats:Emotion Absorption","floor":6,"key":"SMITH"},{"floor":10,"key":"RECALL"},{"data":"ats:Explosion Area Strengthen","floor":12,"key":"SMITH"},{"floor":15,"key":"REST"}],"circlet_count":0,"master_deck":["ats:Strike G","ats:Strike S","ats:Armor Crushing Shot","ats:Defend","ats:Defend","ats:Defend","ats:Emotion Absorption+1","ats:Healing Drone+1","ats:Apocalypse+1","ats:Explosion Area Strengthen+1","ats:Cat Scratch","ats:Assault Order","ats:Childhood Dance","ats:Shell Defense","ats:Durian","ats:Flexible Camouflage","ReplayTheSpireMod:Splinters","ats:Consecutive Shot Auto","ats:Healing Strengthening+1","ats:Automatic Cover"],"relics":["ats:Sanity","Nunchaku","ats:Originium","hubris:TenFootPole","War Paint","Sozu","Juzu Bracelet","MagicDraw4","hubris:Icosahedron"],"acts_visited":["Exordium","TheCity"],"potions_floor_usage":[16,23],"damage_taken":[{"damage":1,"enemies":"Cultist","floor":1,"turns":4},{"damage":1,"enemies":"Jaw Worm","floor":4,"turns":4},{"damage":2,"enemies":"2 Louse","floor":5,"turns":2},{"damage":37,"enemies":"Lots of Slimes","floor":11,"turns":6},{"damage":66,"enemies":"Lagavulin","floor":13,"turns":10},{"damage":114,"enemies":"The Guardian","floor":16,"turns":24},{"damage":18,"enemies":"3 Byrds","floor":18,"turns":10},{"damage":50,"enemies":"2 Thieves","floor":21,"turns":5},{"damage":68,"enemies":"Gremlin Leader","floor":23,"turns":4}],"seed_played":"-5775335659485017461","potions_obtained":[{"floor":5,"key":"Elixir"},{"floor":13,"key":"BlessingOfTheForge"},{"floor":16,"key":"Weak Potion"}],"is_trial":false,"path_per_floor":["M","$","T","M","M","R","?","?","T","R","M","R","E","$","R","B",null,"M","?","T","M","?","E"],"character_chosen":"DOCTOR_CLASS","items_purchased":["ats:Apocalypse","ats:Explosion Area Strengthen","War Paint"],"campfire_rested":1,"item_purchase_floors":[2,2,14],"current_hp_per_floor":[71,71,71,72,70,70,63,63,63,63,50,50,20,20,41,49,72,71,71,71,40,40,0,0],"gold":180,"neow_bonus":"HUNDRED_GOLD","is_daily":false,"chose_seed":false,"campfire_upgraded":2,"win_rate":0.0,"timestamp":1609511621,"path_taken":["M","$","?","M","M","R","?","?","T","R","?","R","E","?","R","BOSS","M","?","?","M","?","E"],"items_purchased_type":["Card","Card","Relic"],"build_version":"2020-12-22","purchased_purges":1,"victory":false,"max_hp_per_floor":[72,72,72,72,72,72,72,72,72,72,72,72,72,72,72,72,72,72,72,72,72,72,72,72],"card_choices":[{"not_picked":["ats:Poison Spread","ats:Flexible Camouflage"],"picked":"ats:Healing Drone","floor":1},{"not_picked":["ats:Poison Spread","ats:Consecutive Shot Auto"],"picked":"ats:Cat Scratch","floor":4},{"not_picked":["ats:Burning Ground","ats:Consecutive Shot Auto"],"picked":"ats:Assault Order","floor":5},{"not_picked":["ats:Leaping Hammer","ats:Curse Doll"],"picked":"ats:Childhood Dance","floor":11},{"not_picked":["ats:Consecutive Shot Auto","ats:Childhood Dance"],"picked":"ats:Shell Defense","floor":13},{"not_picked":["ats:Ambush","ats:Roar Of Ursus"],"picked":"ats:Durian","floor":16},{"not_picked":["ats:Childhood Dance+1","ats:Cat Scratch"],"picked":"ats:Flexible Camouflage","floor":18},{"not_picked":["ats:Beaten Up+1","ats:Childhood Dance"],"picked":"ats:Consecutive Shot Auto","floor":19},{"not_picked":["ats:Collapsing Strike","ats:Ignite"],"picked":"ats:Healing Strengthening+1","floor":19},{"not_picked":["ats:Poison Spread","ats:Explosion Area Strengthen"],"picked":"ats:Automatic Cover","floor":21}],"player_experience":394775,"relics_obtained":[{"floor":3,"key":"Nunchaku"},{"floor":13,"key":"ats:Originium"},{"floor":13,"key":"hubris:TenFootPole"},{"floor":19,"key":"Juzu Bracelet"},{"floor":20,"key":"MagicDraw4"}],"event_choices":[{"cards_removed":["ats:Strike V"],"damage_healed":0,"gold_gain":0,"player_choice":"Card Removal","damage_taken":7,"max_hp_gain":0,"max_hp_loss":0,"event_name":"Golden Wing","floor":7,"gold_loss":0},{"cards_removed":["ats:Strike C"],"damage_healed":0,"gold_gain":0,"player_choice":"Card Removal","damage_taken":0,"max_hp_gain":0,"max_hp_loss":0,"event_name":"Wheel of Change","floor":8,"gold_loss":0}],"is_beta":false,"boss_relics":[{"not_picked":["hubris:CrackedHourglass","Replay:Wanted Poster"],"picked":"Sozu"}],"items_purged_floors":[14],"is_endless":false,"potions_floor_spawned":[5,13,16,21],"killed_by":"Gremlin Leader","ascension_level":0}}