{"host":"2uzrezb18q7r18aw","time":1609526612,"event":{"mods":["Act Like it!","BaseMod","Gensokyo","Minty Spire (QoL Compilation)","StSLib"],"gold_per_floor":[115,127,18,34,53,86,86,86,86,119,219,233,73,86,86,182,182,194,129,139,139,151,178,178,178,224,237,271,271,282,382,382,635,635,653,109,109,109,126,126,141,167,193,193,225,125,137,148,148,148],"floor_reached":51,"playtime":1975,"items_purged":["Strike_P","Gensokyo:BlemishedSteel"],"score":832,"play_id":"4a0e8bca-506c-4ec1-b75e-1f0d68abbddd","local_time":"20210102034332","is_ascension_mode":false,"campfire_choices":[{"data":"Vault","floor":7.0,"key":"SMITH"},{"data":"Wallop","floor":15.0,"key":"SMITH"},{"floor":25.0,"key":"REST"},{"floor":29.0,"key":"REST"},{"data":"MentalFortress","floor":32.0,"key":"SMITH"},{"data":"Evaluate","floor":40,"key":"SMITH"},{"floor":49,"key":"REST"}],"circlet_count":0,"master_deck":["Eruption","Vigilance","Tantrum+1","CarveReality+1","Wallop+1","Vault+1","Necronomicurse","Wish","BattleHymn","CutThroughFate","Swivel","WindmillStrike","SandsOfTime","Sanctity","FollowUp","Weave","InnerPeace+1","CutThroughFate","MentalFortress+1","FlurryOfBlows+1","CutThroughFate+1","Gensokyo:Taser","Gensokyo:RainbowDanmaku+1","Evaluate+1","ClearTheMind+1","FlurryOfBlows+1","TalkToTheHand+1"],"relics":["PureWater","Dead Branch","Pear","Ginger","Potion Belt","Necronomicon","Pandora\u0027s Box","PreservedInsect","Bottled Tornado","Gensokyo:MosesMiracle","Dream Catcher","GoldenEye","Torii","Turnip","Philosopher\u0027s Stone","TheAbacus","ClockworkSouvenir","Strawberry","Lizard Tail","Akabeko","TungstenRod","Art of War"],"acts_visited":["Exordium","Gensokyo:Gensokyo","Gensokyo:Gensokyoer"],"potions_floor_usage":[33,50,50,50],"damage_taken":[{"damage":0.0,"enemies":"Gensokyo:2_Kodama","floor":1.0,"turns":2.0},{"damage":0.0,"enemies":"Gensokyo:Python","floor":2.0,"turns":2.0},{"damage":0.0,"enemies":"Gensokyo:3_Fairies","floor":4.0,"turns":4.0},{"damage":0.0,"enemies":"Gensokyo:VengefulSpirit","floor":5.0,"turns":3.0},{"damage":23.0,"enemies":"Gensokyo:Aya","floor":6.0,"turns":5.0},{"damage":2.0,"enemies":"Gensokyo:Cirno","floor":10.0,"turns":5.0},{"damage":0.0,"enemies":"Gensokyo:Kitsune","floor":12.0,"turns":1.0},{"damage":0.0,"enemies":"Gensokyo:Gryphon_and_Rabbit","floor":14.0,"turns":3.0},{"damage":0.0,"enemies":"Gensokyo:Reimu","floor":16.0,"turns":4.0},{"damage":0.0,"enemies":"Gensokyo:Chomper","floor":18.0,"turns":2.0},{"damage":4.0,"enemies":"Gensokyo:3_Dogs","floor":20.0,"turns":3.0},{"damage":0.0,"enemies":"Gensokyo:Chomper_and_Gloop","floor":22.0,"turns":3.0},{"damage":42.0,"enemies":"Gensokyo:Koishi","floor":23.0,"turns":4.0},{"damage":21.0,"enemies":"Gensokyo:Slime_Group","floor":27.0,"turns":3.0},{"damage":8.0,"enemies":"Gensokyo:Reisen","floor":28.0,"turns":2.0},{"damage":0.0,"enemies":"Gensokyo:Swordslinger","floor":30.0,"turns":2.0},{"damage":0.0,"enemies":"Gensokyo:Swordslinger","floor":31.0,"turns":4.0},{"damage":40,"enemies":"Gensokyo:Eiki","floor":33,"turns":7},{"damage":11,"enemies":"Gensokyo:AncientGuardian","floor":35,"turns":3},{"damage":0,"enemies":"Gensokyo:AncientGuardian","floor":37,"turns":5},{"damage":0,"enemies":"Gensokyo:3_Boulders","floor":39,"turns":2},{"damage":0,"enemies":"Gensokyo:SeedOfUnknown","floor":41,"turns":1},{"damage":53,"enemies":"Gensokyo:Kasen","floor":42,"turns":4},{"damage":11,"enemies":"Gensokyo:Doremy","floor":45,"turns":5},{"damage":0,"enemies":"Gensokyo:Dusk_and_Dawn","floor":47,"turns":3},{"damage":0,"enemies":"Gensokyo:Sharpion","floor":48,"turns":4},{"damage":23,"enemies":"Gensokyo:Yuyuko","floor":50,"turns":6}],"seed_played":"8642266379413532456","potions_obtained":[{"floor":1.0,"key":"SpeedPotion"},{"floor":2.0,"key":"Energy Potion"},{"floor":4.0,"key":"Ancient Potion"},{"floor":10.0,"key":"StancePotion"},{"floor":14.0,"key":"SneckoOil"},{"floor":18.0,"key":"EntropicBrew"},{"floor":23.0,"key":"Energy Potion"},{"floor":28.0,"key":"LiquidMemories"},{"floor":33,"key":"Strength Potion"},{"floor":45,"key":"BlessingOfTheForge"},{"floor":47,"key":"AttackPotion"}],"is_trial":false,"path_per_floor":["M","M","$","M","M","E","R","?","T","E","?","M","?","M","R","B",null,"M","COS","M","?","M","E","?","R","T","M","E","R","M","?","R","B",null,"M","COS","?","?","M","R","M","E","T","?","E","$","M","M","R","B",null],"character_chosen":"WATCHER","items_purchased":["Tantrum"],"campfire_rested":3,"item_purchase_floors":[3],"current_hp_per_floor":[72,72,72,72,72,49,49,44,44,42,42,42,42,42,42,42,82,82,82,78,76,76,34,34,56,56,35,27,49,49,49,49,9,76,65,65,65,54,54,54,54,8,8,8,41,41,41,41,65,65],"gold":148,"neow_bonus":"THREE_CARDS","is_daily":false,"chose_seed":false,"campfire_upgraded":4,"win_rate":0.0,"timestamp":1609526612,"path_taken":["M","M","?","M","M","E","R","?","T","E","?","?","?","M","R","BOSS","M","COS","M","?","M","E","?","R","T","?","E","R","M","?","R","BOSS","M","COS","?","?","?","R","M","E","T","?","E","$","M","M","R","BOSS"],"items_purchased_type":["Card"],"build_version":"2020-12-22","purchased_purges":2,"victory":true,"max_hp_per_floor":[72,72,72,72,72,72,72,82,82,82,82,82,82,82,82,82,82,82,82,82,76,76,76,76,76,76,76,76,76,76,76,76,76,76,76,76,76,76,76,76,76,83,83,83,83,83,83,83,83,83],"card_choices":[{"not_picked":["Fasting2","JustLucky"],"picked":"ReachHeaven","floor":0.0},{"not_picked":["DeceiveReality","Prostrate","Consecrate"],"picked":"SKIP","floor":1.0},{"not_picked":["JustLucky","PathToVictory","ForeignInfluence"],"picked":"SKIP","floor":2.0},{"not_picked":["Crescendo","Meditate"],"picked":"CarveReality","floor":4.0},{"not_picked":["Vengeance","ThirdEye"],"picked":"Wallop","floor":5.0},{"not_picked":["JustLucky","EmptyFist"],"picked":"Vault","floor":6.0},{"not_picked":["EmptyFist","EmptyBody","CrushJoints"],"picked":"SKIP","floor":10.0},{"not_picked":["Omniscience","Wireheading","FlyingSleeves"],"picked":"SKIP","floor":12.0},{"not_picked":["Protect","JustLucky","Vengeance"],"picked":"SKIP","floor":14.0},{"not_picked":["Brilliance","DevaForm"],"picked":"LessonLearned","floor":16.0},{"not_picked":["Prostrate","EmptyBody"],"picked":"FollowUp","floor":18.0},{"not_picked":["Adaptation+1","BowlingBash"],"picked":"Weave","floor":20.0},{"not_picked":["Pray","ThirdEye+1","Consecrate"],"picked":"SKIP","floor":22.0},{"not_picked":["Wireheading+1","ClearTheMind+1"],"picked":"InnerPeace+1","floor":23.0},{"not_picked":["Wallop","Vengeance"],"picked":"CutThroughFate","floor":23.0},{"not_picked":["Study+1","ClearTheMind","Judgement"],"picked":"SKIP","floor":27.0},{"not_picked":["JustLucky","Crescendo","CrushJoints+1"],"picked":"SKIP","floor":28.0},{"not_picked":["FollowUp+1","Prostrate"],"picked":"MentalFortress","floor":29.0},{"not_picked":["WreathOfFlame+1","ForeignInfluence+1"],"picked":"FlurryOfBlows+1","floor":30.0},{"not_picked":["Adaptation","CarveReality"],"picked":"CutThroughFate+1","floor":35},{"not_picked":["Gensokyo:UnhurriedMind+1","Gensokyo:HouraiInAPot+1"],"picked":"Gensokyo:RainbowDanmaku+1","floor":37},{"not_picked":["Prostrate","JustLucky"],"picked":"Evaluate","floor":39},{"not_picked":["Vengeance+1","JustLucky+1"],"picked":"ClearTheMind+1","floor":41},{"not_picked":["Crescendo+1","ConjureBlade"],"picked":"FlurryOfBlows+1","floor":42},{"not_picked":["Consecrate+1","Crescendo+1"],"picked":"TalkToTheHand+1","floor":45},{"not_picked":["Prostrate","CarveReality","CrushJoints"],"picked":"SKIP","floor":47},{"not_picked":["Protect+1","Tantrum","FlyingSleeves"],"picked":"SKIP","floor":48}],"player_experience":586594,"relics_obtained":[{"floor":6.0,"key":"Dead Branch"},{"floor":9.0,"key":"Ginger"},{"floor":10.0,"key":"Potion Belt"},{"floor":23.0,"key":"Bottled Tornado"},{"floor":26.0,"key":"Dream Catcher"},{"floor":28.0,"key":"GoldenEye"},{"floor":30.0,"key":"Gensokyo:MosesMiracle"},{"floor":31.0,"key":"Torii"},{"floor":31.0,"key":"Turnip"},{"floor":42,"key":"Lizard Tail"},{"floor":43,"key":"Akabeko"},{"floor":45,"key":"TungstenRod"}],"event_choices":[],"is_beta":false,"boss_relics":[{"not_picked":["Fusion Hammer","Busted Crown"],"picked":"Pandora\u0027s Box"},{"not_picked":["HolyWater","Astrolabe"],"picked":"Philosopher\u0027s Stone"}],"items_purged_floors":[3,46],"is_endless":false,"potions_floor_spawned":[1,2,4,10,14,18,23,28,33,45,47],"ascension_level":0}}