{"host":"tzyzz5n7hg2ni9q2","time":1609489022,"event":{"mods":["BaseMod","Minty Spire (QoL Compilation)","Quick Restart"],"gold_per_floor":[118,129,149,168,185,219,232,263,310,310,326,341,341,352,352,454,454,469,484,132,143,159,159,159],"floor_reached":23,"playtime":957,"items_purged":["Strike_R"],"score":211,"play_id":"54e043d2-9f6e-495d-9d17-b243773824d5","local_time":"20210101091702","is_ascension_mode":false,"campfire_choices":[{"data":"Uppercut","floor":10,"key":"SMITH"},{"data":"True Grit","floor":13,"key":"SMITH"},{"data":"Carnage","floor":15,"key":"SMITH"}],"circlet_count":0,"master_deck":["Strike_R","Strike_R","Strike_R","Strike_R","Defend_R","Defend_R","Defend_R","Defend_R","Bash","Heavy Blade","Uppercut+1","Shrug It Off","Carnage+1","Twin Strike","True Grit+1","Barricade","Spot Weakness+1","Impervious","Body Slam+1"],"relics":["Black Blood","Centennial Puzzle","Potion Belt","Ornamental Fan","Smiling Mask","Lee\u0027s Waffle"],"acts_visited":["TheCity"],"potions_floor_usage":[18,23,23,23],"damage_taken":[{"damage":1,"enemies":"Cultist","floor":1,"turns":3},{"damage":6,"enemies":"Jaw Worm","floor":2,"turns":4},{"damage":1,"enemies":"2 Louse","floor":3,"turns":3},{"damage":10,"enemies":"Large Slime","floor":4,"turns":7},{"damage":3,"enemies":"2 Fungi Beasts","floor":5,"turns":4},{"damage":10,"enemies":"Gremlin Nob","floor":6,"turns":4},{"damage":4,"enemies":"Looter","floor":7,"turns":3},{"damage":19,"enemies":"3 Sentries","floor":8,"turns":8},{"damage":1,"enemies":"3 Louse","floor":11,"turns":3},{"damage":17,"enemies":"Exordium Thugs","floor":12,"turns":4},{"damage":8,"enemies":"2 Fungi Beasts","floor":14,"turns":3},{"damage":31,"enemies":"The Guardian","floor":16,"turns":11},{"damage":10,"enemies":"Chosen","floor":18,"turns":4},{"damage":32,"enemies":"3 Byrds","floor":19,"turns":8},{"damage":2,"enemies":"Snecko","floor":21,"turns":4},{"damage":31,"enemies":"Shelled Parasite and Fungi","floor":22,"turns":10},{"damage":56,"enemies":"Book of Stabbing","floor":23,"turns":8}],"seed_played":"-8452175808795849599","potions_obtained":[{"floor":5,"key":"Block Potion"},{"floor":6,"key":"BloodPotion"},{"floor":11,"key":"EssenceOfSteel"},{"floor":12,"key":"FearPotion"},{"floor":16,"key":"ElixirPotion"},{"floor":19,"key":"Ancient Potion"}],"is_trial":false,"path_per_floor":["M","M","M","M","M","E","M","E","T","R","M","M","R","M","R","B",null,"M","M","$","M","M","E"],"character_chosen":"IRONCLAD","items_purchased":["Impervious","Lee\u0027s Waffle"],"campfire_rested":0,"item_purchase_floors":[20,20],"current_hp_per_floor":[80,80,80,76,79,75,77,64,64,64,69,58,58,56,56,31,80,80,60,87,87,68,12,12],"gold":159,"neow_bonus":"RANDOM_COMMON_RELIC","is_daily":false,"chose_seed":false,"campfire_upgraded":3,"win_rate":0.0,"timestamp":1609489022,"path_taken":["M","M","M","M","M","E","M","E","T","R","M","M","R","M","R","BOSS","M","M","$","M","M","E"],"items_purchased_type":["Card","Relic"],"build_version":"2020-12-22","purchased_purges":1,"victory":false,"max_hp_per_floor":[80,80,80,80,80,80,80,80,80,80,80,80,80,80,80,80,80,80,80,87,87,87,87,87],"card_choices":[{"not_picked":["Wild Strike","Thunderclap","Fire Breathing"],"picked":"SKIP","floor":1},{"not_picked":["Rage","Wild Strike"],"picked":"Heavy Blade","floor":2},{"not_picked":["Shockwave","Combust"],"picked":"Uppercut","floor":3},{"not_picked":["Flex","Warcry"],"picked":"Shrug It Off","floor":4},{"not_picked":["Hemokinesis","True Grit"],"picked":"Carnage","floor":5},{"not_picked":["Brutality","Evolve","Thunderclap"],"picked":"SKIP","floor":6},{"not_picked":["Bloodletting","Anger"],"picked":"Twin Strike","floor":7},{"not_picked":["Heavy Blade","Sentinel","Wild Strike"],"picked":"SKIP","floor":8},{"not_picked":["Headbutt","Uppercut","Warcry"],"picked":"SKIP","floor":11},{"not_picked":["Cleave","Perfected Strike"],"picked":"True Grit","floor":12},{"not_picked":["Sword Boomerang","Flex","Thunderclap"],"picked":"SKIP","floor":14},{"not_picked":["Limit Break","Feed"],"picked":"Barricade","floor":16},{"not_picked":["Armaments+1","Sentinel","Warcry"],"picked":"SKIP","floor":18},{"not_picked":["Carnage","Combust+1"],"picked":"Spot Weakness+1","floor":19},{"not_picked":["Pommel Strike","Perfected Strike","Combust+1"],"picked":"SKIP","floor":21},{"not_picked":["Anger","Sword Boomerang"],"picked":"Body Slam+1","floor":22}],"player_experience":212390,"relics_obtained":[{"floor":6,"key":"Potion Belt"},{"floor":8,"key":"Ornamental Fan"},{"floor":9,"key":"Smiling Mask"}],"event_choices":[],"is_beta":false,"boss_relics":[{"not_picked":["Coffee Dripper","Astrolabe"],"picked":"Black Blood"}],"items_purged_floors":[20],"is_endless":false,"potions_floor_spawned":[5,6,11,12,16,19],"killed_by":"Book of Stabbing","ascension_level":0}}