{"host":"y3h3n3f7seyagppx","time":1609536381,"event":{"mods":["BaseMod","Colored Map","Colored Powertips","DeckTracker","Minty Spire (QoL Compilation)","Random Character Button","Rare Cards Sparkle","Relic Sorter","Relic Stats","StSLib"],"gold_per_floor":[117,117,128,128,139,139,158,189,189,189,189],"floor_reached":10,"playtime":1522,"items_purged":[],"score":136,"play_id":"0095e6a5-6182-49c1-9eb5-0a7efcf9bd47","local_time":"20210101162621","is_ascension_mode":true,"campfire_choices":[{"data":"Wild Strike","floor":6,"key":"SMITH"}],"circlet_count":0,"master_deck":["AscendersBane","Strike_R","Strike_R","Strike_R","Strike_R","Defend_R","Defend_R","Defend_R","Defend_R","Bash","Thunderclap","Shockwave","Wild Strike+1","Second Wind"],"relics":["Burning Blood","Boot","Sundial","Toy Ornithopter","Toxic Egg 2"],"acts_visited":["Exordium"],"potions_floor_usage":[10,10],"damage_taken":[{"damage":2,"enemies":"2 Louse","floor":1,"turns":2},{"damage":2,"enemies":"Cultist","floor":3,"turns":4},{"damage":2,"enemies":"Jaw Worm","floor":5,"turns":5},{"damage":19,"enemies":"Exordium Thugs","floor":7,"turns":6},{"damage":61,"enemies":"3 Sentries","floor":8,"turns":13},{"damage":20,"enemies":"Lagavulin","floor":10,"turns":5}],"seed_played":"-8956705936597028056","potions_obtained":[{"floor":5,"key":"SpeedPotion"},{"floor":8,"key":"Energy Potion"}],"is_trial":false,"path_per_floor":["M","?","M","?","M","R","M","E","T","E"],"character_chosen":"IRONCLAD","items_purchased":[],"campfire_rested":0,"item_purchase_floors":[],"current_hp_per_floor":[72,72,75,75,75,75,62,7,7,0,0],"gold":189,"neow_bonus":"RANDOM_COMMON_RELIC","is_daily":false,"chose_seed":false,"campfire_upgraded":1,"win_rate":0.0,"timestamp":1609536381,"path_taken":["M","?","M","?","?","R","M","E","T","E"],"items_purchased_type":[],"build_version":"2020-12-22","purchased_purges":0,"victory":false,"max_hp_per_floor":[75,75,75,75,75,75,75,75,75,75,75],"relic_stats":{"counters":[6,35],"Sundial":[4],"Boot":[12],"obtain_stats":[{"Sundial":4,"Toxic Egg 2":9,"Boot":0,"Burning Blood":0,"Toy Ornithopter":8},{"Sundial":2,"Toxic Egg 2":5,"Boot":0,"Burning Blood":0,"Toy Ornithopter":5},{"Sundial":6,"Toxic Egg 2":30,"Boot":0,"Burning Blood":0,"Toy Ornithopter":30}],"Burning Blood":25,"Toy Ornithopter":10},"card_choices":[{"not_picked":["Wild Strike","Heavy Blade"],"picked":"Thunderclap","floor":1},{"not_picked":["Thunderclap","True Grit","Flex"],"picked":"SKIP","floor":3},{"not_picked":["Dark Embrace","Ghostly Armor"],"picked":"Wild Strike","floor":5},{"not_picked":["Dual Wield","Havoc"],"picked":"Second Wind","floor":7},{"not_picked":["Brutality","Body Slam","Limit Break"],"picked":"SKIP","floor":8}],"player_experience":20282082,"relics_obtained":[{"floor":4,"key":"Sundial"},{"floor":8,"key":"Toy Ornithopter"},{"floor":9,"key":"Toxic Egg 2"}],"event_choices":[{"damage_healed":0,"gold_gain":0,"cards_transformed":["Strike_R"],"player_choice":"Change","damage_taken":0,"max_hp_gain":0,"max_hp_loss":0,"event_name":"Living Wall","floor":2,"gold_loss":0,"cards_obtained":["Shockwave"]},{"damage_healed":0,"gold_gain":0,"player_choice":"Relic","damage_taken":0,"max_hp_gain":0,"max_hp_loss":0,"event_name":"Wheel of Change","floor":4,"gold_loss":0}],"is_beta":false,"boss_relics":[],"items_purged_floors":[],"is_endless":false,"potions_floor_spawned":[5,8],"killed_by":"Lagavulin","ascension_level":20}}