{"host":"Á¤±Û¸µ","time":1609545090,"event":{"mods":["AchievementEnabler","BaseMod","Colored Map","DeckTracker","Highlight Path","Keyboard Shortcuts","Minty Spire (QoL Compilation)","Permanent Neow","Quick Restart","Rare Cards Sparkle","StSLib","SuperFastMode","everything is the same but u backflip on backflip"],"gold_per_floor":[114,126,143,162,178,178,198,198,224,224,62,62,62,77,77,149,149,167,39,58,91,91,121,121,140,140,15,26,26,40,60,60,133,133,148,18,1017,1070,711,739,739,769,823,840,840,496,508,508,508,508,508,508,0,31,31],"floor_reached":56,"playtime":3450,"items_purged":["Strike_G","Distraction","Infinite Blades","Normality","Normality","Dodge and Roll"],"score":2366,"play_id":"0719f45f-a9cc-471c-87df-5eb6d5e4f932","local_time":"20210102085130","is_ascension_mode":true,"campfire_choices":[{"data":"Bouncing Flask","floor":6.0,"key":"SMITH"},{"data":"Neutralize","floor":10.0,"key":"SMITH"},{"data":"Reflex","floor":12.0,"key":"SMITH"},{"data":"Acrobatics","floor":15.0,"key":"SMITH"},{"floor":24.0,"key":"REST"},{"floor":29.0,"key":"REST"},{"floor":32.0,"key":"REST"},{"floor":41,"key":"REST"},{"data":"Concentrate","floor":45,"key":"SMITH"},{"floor":49,"key":"RECALL"},{"data":"Well Laid Plans","floor":52,"key":"SMITH"}],"circlet_count":0,"master_deck":["Survivor+1","Bouncing Flask+1","Acrobatics+1","Corpse Explosion+1","Deadly Poison","Backflip","Escape Plan","Prepared+1","Tactician+1","Blur","Adrenaline","Concentrate+1","Well Laid Plans+1","Catalyst+1","Footwork","AscendersBane","Neutralize+1","Reflex+1","Calculated Gamble"],"relics":["Ring of the Snake","Lantern","Pandora\u0027s Box","Red Mask","InkBottle","Molten Egg 2","Cursed Key","StoneCalendar","Art of War","Centennial Puzzle","Blood Vial","Medical Kit","Snake Skull","War Paint","Eternal Feather"],"acts_visited":["Exordium","TheCity","TheBeyond","TheEnding"],"potions_floor_usage":[54],"damage_taken":[{"damage":6.0,"enemies":"Small Slimes","floor":1.0,"turns":3.0},{"damage":1.0,"enemies":"Jaw Worm","floor":2.0,"turns":4.0},{"damage":0.0,"enemies":"2 Louse","floor":3.0,"turns":3.0},{"damage":4.0,"enemies":"Large Slime","floor":4.0,"turns":7.0},{"damage":5.0,"enemies":"Looter","floor":5.0,"turns":4.0},{"damage":3.0,"enemies":"Blue Slaver","floor":7.0,"turns":3.0},{"damage":2.0,"enemies":"3 Louse","floor":14.0,"turns":3.0},{"damage":1.0,"enemies":"Hexaghost","floor":16.0,"turns":8.0},{"damage":0.0,"enemies":"Spheric Guardian","floor":18.0,"turns":2.0},{"damage":15.0,"enemies":"Shell Parasite","floor":20.0,"turns":4.0},{"damage":28.0,"enemies":"Masked Bandits","floor":21.0,"turns":3.0},{"damage":0.0,"enemies":"Gremlin Leader","floor":23.0,"turns":2.0},{"damage":10.0,"enemies":"Centurion and Healer","floor":25.0,"turns":6.0},{"damage":11.0,"enemies":"Snake Plant","floor":28.0,"turns":4.0},{"damage":2.0,"enemies":"Shelled Parasite and Fungi","floor":30.0,"turns":4.0},{"damage":0.0,"enemies":"Sentry and Sphere","floor":31.0,"turns":3.0},{"damage":35.0,"enemies":"Automaton","floor":33.0,"turns":8.0},{"damage":0.0,"enemies":"Orb Walker","floor":35.0,"turns":2.0},{"damage":58.0,"enemies":"2 Orb Walkers","floor":38.0,"turns":4.0},{"damage":0,"enemies":"Giant Head","floor":40,"turns":6},{"damage":0,"enemies":"Reptomancer","floor":42,"turns":1},{"damage":14,"enemies":"3 Darklings","floor":44,"turns":2},{"damage":0,"enemies":"Writhing Mass","floor":47,"turns":2},{"damage":0,"enemies":"Donu and Deca","floor":50,"turns":4},{"damage":0,"enemies":"Shield and Spear","floor":54,"turns":2},{"damage":44,"enemies":"The Heart","floor":55,"turns":3}],"seed_played":"1729500405449884795","potions_obtained":[{"floor":1.0,"key":"Fire Potion"},{"floor":3.0,"key":"LiquidMemories"},{"floor":5.0,"key":"LiquidMemories"},{"floor":7.0,"key":"BlessingOfTheForge"},{"floor":23.0,"key":"SteroidPotion"},{"floor":25.0,"key":"SkillPotion"},{"floor":28.0,"key":"SpeedPotion"},{"floor":35.0,"key":"Regen Potion"},{"floor":42,"key":"SneckoOil"}],"is_trial":false,"path_per_floor":["M","M","M","M","M","R","M","?","T","R","$","R","?","M","R","B",null,"M","$","M","?","?","E","R","M","T","$","M","R","M","M","R","B",null,"M","$","?","?","$","E","R","E","T","M","R","$","M","?","R","B",null,"R","$","E","B",null],"character_chosen":"THE_SILENT","items_purchased":["Reflex","Backflip","Concentrate","Well Laid Plans","Footwork","Art of War","Medical Kit","Snake Skull","War Paint"],"campfire_rested":4,"item_purchase_floors":[11,19,36,36,39,39,46,53,53],"current_hp_per_floor":[53,52,52,48,43,43,40,40,40,40,40,40,22,20,20,19,50,50,50,35,7,7,7,25,15,15,15,4,22,20,20,38,3,46,46,46,46,3,3,3,21,21,21,9,9,9,60,60,60,60,60,60,60,60,16],"gold":31,"neow_bonus":"REMOVE_TWO","is_daily":false,"chose_seed":false,"campfire_upgraded":6,"win_rate":0.0,"timestamp":1609545090,"path_taken":["M","M","M","M","M","R","M","?","T","R","$","R","?","M","R","BOSS","M","$","M","?","?","E","R","M","T","$","M","R","M","M","R","BOSS","M","$","?","?","$","E","R","E","T","M","R","$","M","?","R","BOSS","R","$","E","BOSS"],"items_purchased_type":["Card","Card","Card","Card","Card","Relic","Relic","Relic","Relic"],"build_version":"2020-12-18","purchased_purges":6,"victory":true,"max_hp_per_floor":[60,60,60,60,60,60,60,60,60,60,60,60,60,60,60,60,60,60,60,60,60,60,60,60,60,60,60,60,60,60,60,60,60,60,60,60,60,60,60,60,60,60,60,60,60,60,60,60,60,60,60,60,60,60,60],"card_choices":[{"not_picked":["All Out Attack","Riddle With Holes"],"picked":"Cloak And Dagger","floor":1.0},{"not_picked":["Setup","Flying Knee","Slice"],"picked":"SKIP","floor":2.0},{"not_picked":["Dodge and Roll","Outmaneuver"],"picked":"Dagger Throw","floor":3.0},{"not_picked":["Skewer","Acrobatics"],"picked":"Bouncing Flask","floor":4.0},{"not_picked":["Cloak And Dagger","Slice"],"picked":"Dagger Spray","floor":5.0},{"not_picked":["Dagger Throw","Leg Sweep","Outmaneuver"],"picked":"SKIP","floor":7.0},{"not_picked":["Outmaneuver","Heel Hook"],"picked":"Acrobatics","floor":14.0},{"not_picked":["Glass Knife","Tools of the Trade"],"picked":"Corpse Explosion","floor":16.0},{"not_picked":["Predator","Choke","Endless Agony"],"picked":"SKIP","floor":18.0},{"not_picked":["Outmaneuver","Dagger Throw","All Out Attack"],"picked":"SKIP","floor":20.0},{"not_picked":["Eviscerate+1","Finisher"],"picked":"Escape Plan","floor":21.0},{"not_picked":["Poisoned Stab+1","Escape Plan"],"picked":"Prepared+1","floor":23.0},{"not_picked":["Cloak And Dagger","Outmaneuver"],"picked":"Dodge and Roll","floor":25.0},{"not_picked":["Crippling Poison","Bane+1"],"picked":"Tactician+1","floor":28.0},{"not_picked":["Phantasmal Killer","Dagger Spray+1"],"picked":"Blur","floor":30.0},{"not_picked":["Choke+1","Slice+1","Flying Knee+1"],"picked":"SKIP","floor":31.0},{"not_picked":["Malaise","Phantasmal Killer"],"picked":"Adrenaline","floor":33.0},{"not_picked":["Dagger Spray+1","Backflip","Prepared"],"picked":"SKIP","floor":35.0},{"not_picked":["Blur","Storm of Steel"],"picked":"Catalyst+1","floor":38.0},{"not_picked":["Dagger Spray+1","Bane+1","Outmaneuver+1"],"picked":"SKIP","floor":40},{"not_picked":["Dodge and Roll","Dagger Spray+1","Infinite Blades+1"],"picked":"SKIP","floor":42},{"not_picked":["Deflect","Terror"],"picked":"Calculated Gamble","floor":44},{"not_picked":["Acrobatics","Dash+1","Bane+1"],"picked":"SKIP","floor":47},{"not_picked":["Flying Knee+1","Acrobatics+1","Terror"],"picked":"SKIP","floor":54}],"player_experience":483997,"relics_obtained":[{"floor":9.0,"key":"Lantern"},{"floor":21.0,"key":"Red Mask"},{"floor":23.0,"key":"InkBottle"},{"floor":26.0,"key":"Molten Egg 2"},{"floor":38.0,"key":"StoneCalendar"},{"floor":40,"key":"Centennial Puzzle"},{"floor":42,"key":"Blood Vial"},{"floor":54,"key":"Eternal Feather"}],"event_choices":[{"cards_removed":["Strike_G"],"damage_healed":0.0,"max_hp_gain":0.0,"max_hp_loss":0.0,"gold_gain":0.0,"event_name":"Living Wall","player_choice":"Forget","floor":8.0,"gold_loss":0.0,"damage_taken":0.0},{"damage_healed":0.0,"max_hp_gain":0.0,"max_hp_loss":0.0,"gold_gain":0.0,"event_name":"Shining Light","player_choice":"Entered Light","floor":13.0,"gold_loss":0.0,"damage_taken":18.0,"cards_upgraded":["Defend_G","Strike_G"]},{"damage_healed":0.0,"max_hp_gain":0.0,"max_hp_loss":0.0,"gold_gain":0.0,"event_name":"Masked Bandits","player_choice":"Fought Bandits","floor":21.0,"gold_loss":0.0,"damage_taken":0.0},{"damage_healed":0.0,"max_hp_gain":0.0,"max_hp_loss":0.0,"gold_gain":0.0,"event_name":"Vampires","player_choice":"Ignored","floor":22.0,"gold_loss":0.0,"damage_taken":0.0},{"damage_healed":0.0,"max_hp_gain":0.0,"max_hp_loss":0.0,"gold_gain":999.0,"event_name":"MindBloom","player_choice":"Gold","floor":37.0,"gold_loss":0.0,"damage_taken":0.0,"cards_obtained":["Normality","Normality"]},{"damage_healed":0.0,"max_hp_gain":0.0,"max_hp_loss":0.0,"gold_gain":0.0,"event_name":"Mysterious Sphere","player_choice":"Fight","floor":38.0,"gold_loss":0.0,"damage_taken":0.0},{"cards_removed":["Grand Finale"],"damage_healed":0,"gold_gain":0,"player_choice":"Removed Attack","damage_taken":0,"max_hp_gain":0,"max_hp_loss":0,"event_name":"Falling","floor":48,"gold_loss":0}],"is_beta":true,"boss_relics":[{"not_picked":["SlaversCollar","Velvet Choker"],"picked":"Pandora\u0027s Box"},{"not_picked":["WristBlade","SacredBark"],"picked":"Cursed Key"}],"items_purged_floors":[11,19,27,39,46,53],"is_endless":false,"potions_floor_spawned":[1,3,5,7,23,25,28,30,35,42],"ascension_level":16}}