{"host":"3c27c697js19kaoo","time":1609477282,"event":{"mods":["ATMod(°¢èªMod)","Aspiration","BaseMod","CapriCore","Dota2Spire","Hermit","Lobotomy","Minty Spire (QoL Compilation)","Quick Restart","Replay The Spire","Robot Space Explorer","RumiaBox-Â¶Ã×æ«µÄÉñÃØºÐ×Ó","Spicy Shops","StSLib","The Alterego","The Cursed","The Runesmith","The Servant 0.9.4","vexMod","¡¾¹¦ÄÜMod¡¿»ìãçÖ®»·ÐÞ¸´²¹¶¡","¡¾ÒÅÎï¿¨ÅÆ¡¿REMEMod"],"gold_per_floor":[114,126,201,23,23,53,65,80,153,169,220,68,68,86,86,191,191,217,217,217],"floor_reached":19,"playtime":992,"items_purged":["Overencumbered"],"score":206,"play_id":"66e30558-e823-4628-ad4d-02ce923941f5","local_time":"20210101130122","is_ascension_mode":true,"campfire_choices":[{"floor":15,"key":"REST"}],"circlet_count":0,"master_deck":["Strike_R","Strike_R","Strike_R","Strike_R","Defend_R","Defend_R","Defend_R","Defend_R","Bash","AT_OneInchPunch","Cleave","UniverseFragment","Wellcheers","Replay:Undeath\u0027s Touch","Armaments","GreedKing","Twin Strike","SingingMachine","VoidDream","Thunderclap","Bloodbath","REME_ACTH","Variant","Flex","MeatLantern","Exhume","SpiderBud","Clash"],"relics":["Burning Blood","REME_ComplimentaryCards","AT_ATBox","CogitoBucket","ReplayTheSpireMod:CursedCoin","aspiration:FrozenJewel","Pen Nib","Replay:Mystery Machine","Sundial","ChangeAnything","Question Card","AT_BladeRuinedKing","Black Star"],"acts_visited":["Exordium","TheCity"],"potions_floor_usage":[6,16,16],"damage_taken":[{"damage":3,"enemies":"2 Louse","floor":1,"turns":2},{"damage":0,"enemies":"Jaw Worm","floor":2,"turns":1},{"damage":26,"enemies":"Gremlin Nob","floor":6,"turns":5},{"damage":2,"enemies":"Small Slimes","floor":7,"turns":2},{"damage":4,"enemies":"Looter","floor":8,"turns":2},{"damage":30,"enemies":"Blue Slaver","floor":10,"turns":4},{"damage":24,"enemies":"Lagavulin","floor":11,"turns":3},{"damage":0,"enemies":"Red Slaver","floor":14,"turns":2},{"damage":17,"enemies":"The Guardian","floor":16,"turns":5},{"damage":10,"enemies":"Shell Parasite","floor":18,"turns":2},{"damage":63,"enemies":"Spheric Guardian","floor":19,"turns":11}],"seed_played":"-4021371589986814991","potions_obtained":[{"floor":2,"key":"Weak Potion"},{"floor":11,"key":"BlessingOfTheForge"},{"floor":14,"key":"SkillPotion"},{"floor":16,"key":"Ancient Potion"}],"is_trial":false,"path_per_floor":["M","M","?","$","?","E","M","M","T","M","E","$","?","M","R","B",null,"M","M"],"character_chosen":"IRONCLAD","items_purchased":["ReplayTheSpireMod:CursedCoin","aspiration:FrozenJewel","AT_BladeRuinedKing"],"campfire_rested":1,"item_purchase_floors":[4,4,12],"current_hp_per_floor":[80,80,69,69,69,52,56,61,61,37,19,19,27,34,58,48,80,76,13,13],"gold":217,"neow_bonus":"","is_daily":false,"chose_seed":false,"campfire_upgraded":0,"win_rate":0.0,"timestamp":1609477282,"path_taken":["M","M","?","?","?","E","M","M","T","M","E","$","?","?","R","BOSS","M","M"],"items_purchased_type":["Relic","Relic","Relic"],"build_version":"2020-12-22","purchased_purges":1,"victory":false,"max_hp_per_floor":[80,80,80,80,80,80,80,80,80,80,80,80,80,80,80,80,80,80,80,80],"card_choices":[{"not_picked":["Pommel Strike","AT_BodySlamDance"],"picked":"Cleave","floor":1},{"not_picked":["OSAHOGD","MHz"],"picked":"UniverseFragment","floor":1},{"not_picked":["VoidDream","Scarecrow"],"picked":"Wellcheers","floor":2},{"not_picked":["Wild Strike","Uppercut"],"picked":"Replay:Undeath\u0027s Touch","floor":2},{"not_picked":["REME_TheLastStrike","Immolate"],"picked":"Armaments","floor":6},{"not_picked":["HappyTeddy","WallGazer"],"picked":"GreedKing","floor":6},{"not_picked":["Bloodletting","Spot Weakness"],"picked":"Twin Strike","floor":7},{"not_picked":["MHz","PunishingBird"],"picked":"SingingMachine","floor":7},{"not_picked":["Alriune","MHz"],"picked":"VoidDream","floor":8},{"not_picked":["Massacre","Power Through"],"picked":"Thunderclap","floor":8},{"not_picked":["Funeral","MHz"],"picked":"Bloodbath","floor":10},{"not_picked":["AT_IchimonjiDouble","Body Slam","Twin Strike"],"picked":"SKIP","floor":10},{"not_picked":["AT_IchimonjiDouble","Body Slam","Twin Strike"],"picked":"SKIP","floor":10},{"not_picked":["Pommel Strike","Searing Blow"],"picked":"REME_ACTH","floor":11},{"not_picked":["Woodsman","FairyFestival"],"picked":"Variant","floor":11},{"not_picked":["Run Through","Entrench","True Grit"],"picked":"Flex","floor":14},{"not_picked":["WhitesApple","ShyLook"],"picked":"MeatLantern","floor":14},{"not_picked":["Immolate","Limit Break","REME_Fury"],"picked":"Exhume","floor":16},{"not_picked":["OSAHOGD","WallGazer"],"picked":"SpiderBud","floor":16},{"not_picked":["AT_IchimonjiDouble","ReplayTheSpireMod:Muscle Training","Armaments"],"picked":"Clash","floor":18}],"player_experience":197525,"relics_obtained":[{"floor":6,"key":"Pen Nib"},{"floor":6,"key":"Replay:Mystery Machine"},{"floor":9,"key":"Sundial"},{"floor":11,"key":"Question Card"}],"event_choices":[{"damage_healed":0,"gold_gain":75,"player_choice":"Gather Gold","damage_taken":11,"max_hp_gain":0,"max_hp_loss":0,"event_name":"World of Goop","floor":3,"gold_loss":0},{"damage_healed":0,"gold_gain":0,"player_choice":"Grow","damage_taken":0,"max_hp_gain":0,"max_hp_loss":0,"event_name":"Living Wall","floor":5,"gold_loss":0,"cards_upgraded":["RobotSpaceExplorer:Exploration"]}],"is_beta":false,"boss_relics":[{"not_picked":["vexMod:CursedCompass","SlaversCollar"],"picked":"Black Star"}],"items_purged_floors":[4],"is_endless":false,"potions_floor_spawned":[2,11,14,16],"killed_by":"Spheric Guardian","ascension_level":3}}