{"host":"w4b7hmige5bnqipq","time":1609471046,"event":{"mods":["2.2 Compatiblity","BaseMod","Colored Map","DeckTracker","Keyboard Shortcuts","Minty Spire (QoL Compilation)","Permanent Neow","Rare Cards Sparkle","SuperFastMode","everything is the same but u backflip on backflip","slay the spire mod where everything is the same but ironclad has a cowboy hat"],"gold_per_floor":[116,116,129,129,129,159,159,191,191,191,205,205,233,247,247,324,324,324,324,244,244,3,3,3,3,3,3,3,3,3,3,3,3,3,3,3,3,3,3,3,3,3,3,3,3,3,3,3,3,3,3,3,3,3,3,3],"floor_reached":55,"playtime":2010,"items_purged":["Strike_R"],"score":1589,"play_id":"524b7294-b970-4e08-941f-20291561dfd8","local_time":"20210101121726","is_ascension_mode":true,"campfire_choices":[{"data":"Wild Strike","floor":7.0,"key":"SMITH"},{"data":"Shockwave","floor":10.0,"key":"SMITH"},{"data":"Pommel Strike","floor":12.0,"key":"SMITH"},{"data":"1","floor":15.0,"key":"LIFT"},{"data":"Body Slam","floor":24.0,"key":"SMITH"},{"data":"Exhume","floor":30.0,"key":"SMITH"},{"floor":32.0,"key":"REST"},{"data":"Limit Break","floor":41.0,"key":"SMITH"},{"floor":46.0,"key":"RECALL"},{"data":"2","floor":49.0,"key":"LIFT"},{"data":"3","floor":52.0,"key":"LIFT"}],"circlet_count":0,"master_deck":["AscendersBane","Strike_R","Strike_R+1","Defend_R","Defend_R","Bash","Rage","Wild Strike+1","Shockwave+1","Pommel Strike+1","Impervious","Power Through","Limit Break+1","Second Wind+1","Body Slam+1","Sword Boomerang","Exhume+1","Spot Weakness","Reaper+1","True Grit+1","Inflame","Shrug It Off","Offering","Sword Boomerang+1","Burning Pact","Power Through+1","Exhume"],"relics":["Burning Blood","NeowsBlessing","Kunai","Girya","Question Card","Calipers","Ectoplasm","Medical Kit","White Beast Statue","Mummified Hand","Regal Pillow","Empty Cage","Pocketwatch","Bronze Scales","Self Forming Clay","Paper Frog","Dream Catcher","Mango","Whetstone"],"acts_visited":["Exordium","TheCity","TheBeyond","TheEnding"],"potions_floor_usage":[],"damage_taken":[{"damage":0.0,"enemies":"Small Slimes","floor":1.0,"turns":1.0},{"damage":0.0,"enemies":"Jaw Worm","floor":3.0,"turns":1.0},{"damage":0.0,"enemies":"Gremlin Nob","floor":6.0,"turns":1.0},{"damage":30.0,"enemies":"3 Sentries","floor":8.0,"turns":8.0},{"damage":4.0,"enemies":"Cultist","floor":11.0,"turns":3.0},{"damage":21.0,"enemies":"Lagavulin","floor":13.0,"turns":6.0},{"damage":10.0,"enemies":"Red Slaver","floor":14.0,"turns":3.0},{"damage":30.0,"enemies":"Hexaghost","floor":16.0,"turns":11.0},{"damage":15.0,"enemies":"Shell Parasite","floor":18.0,"turns":5.0},{"damage":0.0,"enemies":"2 Thieves","floor":20.0,"turns":4.0},{"damage":32.0,"enemies":"Shelled Parasite and Fungi","floor":21.0,"turns":6.0},{"damage":5.0,"enemies":"Book of Stabbing","floor":23.0,"turns":5.0},{"damage":6.0,"enemies":"Snecko","floor":25.0,"turns":4.0},{"damage":10.0,"enemies":"Slavers","floor":28.0,"turns":6.0},{"damage":7.0,"enemies":"3 Cultists","floor":31.0,"turns":6.0},{"damage":56.0,"enemies":"Champ","floor":33.0,"turns":14.0},{"damage":31.0,"enemies":"3 Shapes","floor":35.0,"turns":6.0},{"damage":44.0,"enemies":"3 Darklings","floor":36.0,"turns":6.0},{"damage":17.0,"enemies":"Maw","floor":38.0,"turns":8.0},{"damage":41.0,"enemies":"Sphere and 2 Shapes","floor":39.0,"turns":6.0},{"damage":52.0,"enemies":"Giant Head","floor":40.0,"turns":7.0},{"damage":50.0,"enemies":"Reptomancer","floor":42.0,"turns":5.0},{"damage":10.0,"enemies":"Giant Head","floor":44.0,"turns":7.0},{"damage":22.0,"enemies":"Transient","floor":45.0,"turns":6.0},{"damage":15.0,"enemies":"2 Orb Walkers","floor":47.0,"turns":3.0},{"damage":24.0,"enemies":"Writhing Mass","floor":48.0,"turns":3.0},{"damage":62.0,"enemies":"Time Eater","floor":50.0,"turns":8.0},{"damage":61.0,"enemies":"Shield and Spear","floor":54.0,"turns":8.0},{"damage":53,"enemies":"The Heart","floor":55,"turns":3}],"seed_played":"-2248238039193796264","potions_obtained":[{"floor":3.0,"key":"Fire Potion"},{"floor":14.0,"key":"SkillPotion"},{"floor":16.0,"key":"Strength Potion"},{"floor":21.0,"key":"Explosive Potion"},{"floor":23.0,"key":"ColorlessPotion"},{"floor":25.0,"key":"Fire Potion"},{"floor":28.0,"key":"Swift Potion"},{"floor":31.0,"key":"Weak Potion"},{"floor":33.0,"key":"CultistPotion"},{"floor":35.0,"key":"FearPotion"},{"floor":36.0,"key":"FearPotion"},{"floor":38.0,"key":"FearPotion"},{"floor":39.0,"key":"LiquidBronze"},{"floor":40.0,"key":"CultistPotion"},{"floor":42.0,"key":"Block Potion"},{"floor":44.0,"key":"Swift Potion"},{"floor":54.0,"key":"LiquidBronze"}],"is_trial":false,"path_per_floor":["M","?","M","?","?","E","R","E","T","R","M","R","E","M","R","B",null,"M","T","M","M","$","E","R","M","T","?","E","$","R","M","R","B",null,"M","M","?","M","M","E","R","E","T","E","M","R","?","M","R","B",null,"R","$","E","B"],"character_chosen":"IRONCLAD","items_purchased":["Medical Kit"],"campfire_rested":1,"item_purchase_floors":[22],"current_hp_per_floor":[74,79,80,73,73,79,79,55,55,55,57,57,42,38,38,14,64,55,55,61,35,35,36,36,36,36,36,32,32,32,31,70,20,65,53,52,52,59,24,28,28,55,55,80,80,80,91,73,73,39,80,80,80,51,0,0],"gold":3,"neow_bonus":"THREE_ENEMY_KILL","is_daily":false,"chose_seed":false,"campfire_upgraded":6,"win_rate":0.0,"timestamp":1609471046,"path_taken":["M","?","M","?","?","E","R","E","T","R","?","R","E","M","R","BOSS","M","?","?","?","$","E","R","M","T","?","E","?","R","M","R","BOSS","M","M","?","M","M","E","R","E","T","E","?","R","?","M","R","BOSS","R","$","E","BOSS"],"items_purchased_type":["Relic"],"build_version":"2020-12-22","purchased_purges":1,"victory":false,"max_hp_per_floor":[75,80,80,80,80,80,80,80,80,80,80,80,80,80,80,80,80,80,80,80,80,80,80,80,80,80,80,80,80,80,80,80,80,80,80,80,80,80,80,80,80,80,80,80,80,80,94,94,94,94,94,94,94,94,94,94],"card_choices":[{"not_picked":["Perfected Strike","Rage","Heavy Blade"],"picked":"SKIP","floor":1.0},{"not_picked":["Perfected Strike","Heavy Blade"],"picked":"Rage","floor":1.0},{"not_picked":["Intimidate","Blood for Blood"],"picked":"Wild Strike","floor":3.0},{"not_picked":["Armaments","Sword Boomerang"],"picked":"Shockwave","floor":6.0},{"not_picked":["Bloodletting","Searing Blow"],"picked":"Pommel Strike","floor":8.0},{"not_picked":["Cleave","Pommel Strike","Sever Soul"],"picked":"Impervious","floor":11.0},{"not_picked":["Cleave","Berserk","Infernal Blade","Clash"],"picked":"SKIP","floor":13.0},{"not_picked":["Whirlwind","Battle Trance","Iron Wave"],"picked":"Power Through","floor":14.0},{"not_picked":["Demon Form","Feed","Corruption"],"picked":"Limit Break","floor":16.0},{"not_picked":["Anger","Cleave","Shockwave"],"picked":"Second Wind+1","floor":18.0},{"not_picked":["Clash+1","Wild Strike","Warcry"],"picked":"Body Slam","floor":20.0},{"not_picked":["Infernal Blade","Combust","Headbutt","Thunderclap"],"picked":"SKIP","floor":21.0},{"not_picked":["Cleave","Warcry","Headbutt","Havoc"],"picked":"SKIP","floor":23.0},{"not_picked":["Headbutt","Twin Strike","Pommel Strike"],"picked":"Sword Boomerang","floor":25.0},{"not_picked":["Anger","Second Wind","Body Slam"],"picked":"Exhume","floor":28.0},{"not_picked":["Pummel","Thunderclap","Wild Strike"],"picked":"Spot Weakness","floor":31.0},{"not_picked":["Double Tap","Limit Break","Corruption"],"picked":"Reaper","floor":33.0},{"not_picked":["Flex","Clothesline","Warcry+1"],"picked":"True Grit+1","floor":35.0},{"not_picked":["Iron Wave","Warcry","Anger"],"picked":"Inflame","floor":36.0},{"not_picked":["Body Slam","Anger","Searing Blow"],"picked":"Shrug It Off","floor":38.0},{"not_picked":["Cleave","Twin Strike+1","Fiend Fire","Warcry"],"picked":"SKIP","floor":39.0},{"not_picked":["Cleave","Twin Strike+1","Fiend Fire","Warcry"],"picked":"SKIP","floor":39.0},{"not_picked":["Perfected Strike","Headbutt+1","Iron Wave","Clash"],"picked":"SKIP","floor":40.0},{"not_picked":["Cleave","Spot Weakness+1","Flex","Pommel Strike+1"],"picked":"SKIP","floor":42.0},{"not_picked":["Shockwave+1","Infernal Blade","Pummel+1"],"picked":"Offering","floor":44.0},{"not_picked":["Twin Strike","Iron Wave","Thunderclap+1"],"picked":"Sword Boomerang+1","floor":45.0},{"not_picked":["Warcry","Headbutt","Sword Boomerang+1"],"picked":"Burning Pact","floor":47.0},{"not_picked":["Headbutt","True Grit","Burning Pact"],"picked":"Power Through+1","floor":48.0},{"not_picked":["Dropkick","Flex+1","Rampage"],"picked":"Exhume","floor":54.0}],"player_experience":447684,"relics_obtained":[{"floor":6.0,"key":"Kunai"},{"floor":8.0,"key":"Girya"},{"floor":9.0,"key":"Question Card"},{"floor":13.0,"key":"Calipers"},{"floor":23.0,"key":"White Beast Statue"},{"floor":26.0,"key":"Mummified Hand"},{"floor":28.0,"key":"Regal Pillow"},{"floor":40.0,"key":"Bronze Scales"},{"floor":42.0,"key":"Self Forming Clay"},{"floor":43.0,"key":"Paper Frog"},{"floor":44.0,"key":"Dream Catcher"},{"floor":47.0,"key":"Mango"},{"floor":54.0,"key":"Whetstone"}],"event_choices":[{"damage_healed":0.0,"max_hp_gain":5.0,"max_hp_loss":0.0,"gold_gain":0.0,"event_name":"Big Fish","player_choice":"Donut","floor":2.0,"gold_loss":0.0,"damage_taken":0.0},{"cards_removed":["Strike_R"],"damage_healed":0.0,"max_hp_gain":0.0,"max_hp_loss":0.0,"gold_gain":0.0,"event_name":"Golden Wing","player_choice":"Card Removal","floor":4.0,"gold_loss":0.0,"damage_taken":7.0},{"cards_removed":["Defend_R"],"damage_healed":0.0,"max_hp_gain":0.0,"max_hp_loss":0.0,"gold_gain":0.0,"event_name":"Bonfire Elementals","player_choice":"Offered Basic","floor":5.0,"gold_loss":0.0,"damage_taken":0.0},{"damage_healed":0.0,"max_hp_gain":0.0,"max_hp_loss":0.0,"gold_gain":0.0,"event_name":"Ghosts","player_choice":"Ignored","floor":27.0,"gold_loss":0.0,"damage_taken":0.0},{"damage_healed":0.0,"max_hp_gain":0.0,"max_hp_loss":0.0,"gold_gain":0.0,"event_name":"WeMeetAgain","player_choice":"Gave Potion","floor":37.0,"gold_loss":0.0,"damage_taken":0.0,"relics_obtained":["Pocketwatch"]},{"damage_healed":0.0,"max_hp_gain":0.0,"max_hp_loss":0.0,"gold_gain":0.0,"event_name":"Mysterious Sphere","player_choice":"Fight","floor":47.0,"gold_loss":0.0,"damage_taken":0.0}],"is_beta":false,"boss_relics":[{"not_picked":["Black Blood","Philosopher\u0027s Stone"],"picked":"Ectoplasm"},{"not_picked":["SacredBark","Black Star"],"picked":"Empty Cage"}],"items_purged_floors":[22],"is_endless":false,"potions_floor_spawned":[3,14,16,21,23,25,28,31,33,35,36,38,39,40,42,44,45,47,48,54],"killed_by":"The Heart","ascension_level":19}}