{"host":"5gc11emcm5chfr5t","time":1609541480,"event":{"mods":["2.2 Compatiblity","AchievementEnabler","BaseMod","Bestiary","Better Note","Colored Map","Colored Powertips","Downfall","Googly Eyes","Minty Spire (QoL Compilation)","Rare Cards Sparkle","StSLib"],"gold_per_floor":[99,99,249,249,14,14,14,34,63,63,74,74,99,199,217,217,217],"floor_reached":16,"playtime":578,"items_purged":["Regret"],"score":212,"play_id":"e9c874f2-6ffe-4772-ad86-7ad679786f01","local_time":"20210101175120","is_ascension_mode":true,"campfire_choices":[{"floor":1,"key":"RECALL"},{"floor":10,"key":"REST"},{"data":"sneckomod:WideSting","floor":12,"key":"SMITH"}],"circlet_count":0,"master_deck":["AscendersBane","sneckomod:Strike","sneckomod:Strike+1","sneckomod:Strike+1","sneckomod:Defend","sneckomod:Defend","sneckomod:Defend","sneckomod:TailWhip","sneckomod:SnekBite+1","sneckomod:Unknown","sneckomod:Unknown","sneckomod:TrashToTreasure+1","Doubt","sneckomod:SlitherStrike","sneckomod:QuickMove","sneckomod:WideSting+1","sneckomod:UnknownUncommonPower","sneckomod:IronFang","sneckomod:QuickBite+1","sneckomod:QuickMove","sneckomod:DiceBlock"],"relics":["sneckomod:SneckoSoul","downfall:HeartsMalice","Chemical X","FossilizedHelix","Lizard Tail","Whetstone","Potion Belt"],"acts_visited":["Exordium"],"potions_floor_usage":[9,11,13,14,15,16],"damage_taken":[{"damage":0,"enemies":"Cultist","floor":2,"turns":1},{"damage":0,"enemies":"downfall:FleeingMerchant","floor":5,"turns":1},{"damage":0,"enemies":"2 Louse","floor":6,"turns":1},{"damage":0,"enemies":"Jaw Worm","floor":8,"turns":2},{"damage":22,"enemies":"Lagavulin","floor":9,"turns":6},{"damage":8,"enemies":"Lots of Slimes","floor":11,"turns":4},{"damage":45,"enemies":"Gremlin Nob","floor":13,"turns":6},{"damage":10,"enemies":"downfall:LadyInBlue","floor":14,"turns":8},{"damage":3,"enemies":"3 Louse","floor":15,"turns":3},{"damage":70,"enemies":"downfall:Defect","floor":16,"turns":6}],"seed_played":"-5532168803000173683","potions_obtained":[{"floor":8,"key":"FearPotion"},{"floor":9,"key":"BlessingOfTheForge"},{"floor":11,"key":"BlessingOfTheForge"},{"floor":13,"key":"Guardian:BlockOnCardUsePotion"},{"floor":14,"key":"SpeedPotion"},{"floor":14,"key":"DuplicationPotion"},{"floor":14,"key":"LiquidMemories"}],"is_trial":false,"path_per_floor":["R","M","?","?","$","M","T","M","E","R","M","R","E","?","M","B"],"character_chosen":"THE_SNECKO","items_purchased":["Chemical X"],"campfire_rested":1,"item_purchase_floors":[5],"current_hp_per_floor":[75,75,75,75,75,75,75,75,54,79,71,71,26,16,13,0,0],"gold":217,"neow_bonus":"THREE_ENEMY_KILL","is_daily":false,"chose_seed":false,"campfire_upgraded":1,"win_rate":0.0,"timestamp":1609541480,"path_taken":["R","M","?","?","?","?","T","M","E","R","M","R","E","?","M","BOSS"],"items_purchased_type":["Relic"],"build_version":"2020-12-22","purchased_purges":1,"victory":false,"max_hp_per_floor":[83,83,83,83,83,83,83,83,84,84,84,84,84,84,84,84,84],"card_choices":[{"not_picked":["sneckomod:Unknown1Cost","sneckomod:DiceCrush"],"picked":"sneckomod:TrashToTreasure","floor":2},{"not_picked":["sneckomod:UnknownClassHEXA_GHOST_PURPLE","sneckomod:IronFang"],"picked":"sneckomod:SlitherStrike","floor":5},{"not_picked":["sneckomod:UnknownBlock","sneckomod:UnknownCommonSkill"],"picked":"sneckomod:QuickMove","floor":6},{"not_picked":["sneckomod:UnknownBlock","sneckomod:UnknownClassBLUE"],"picked":"sneckomod:WideSting","floor":8},{"not_picked":["sneckomod:UnknownBlock","sneckomod:WideSting"],"picked":"sneckomod:UnknownUncommonPower","floor":9},{"not_picked":["sneckomod:DiceBlock","sneckomod:Nope"],"picked":"sneckomod:IronFang","floor":11},{"not_picked":["sneckomod:SerpentMind","sneckomod:UnknownX"],"picked":"sneckomod:QuickBite","floor":13},{"not_picked":["sneckomod:UnknownWeak","sneckomod:WideSting"],"picked":"sneckomod:QuickMove","floor":14},{"not_picked":["sneckomod:UnknownUncommonSkill","sneckomod:UnknownDexterity"],"picked":"sneckomod:DiceBlock","floor":15}],"player_experience":519630,"relics_obtained":[{"floor":7,"key":"FossilizedHelix"},{"floor":9,"key":"Lizard Tail"},{"floor":13,"key":"Whetstone"},{"floor":14,"key":"Potion Belt"}],"event_choices":[],"is_beta":false,"boss_relics":[],"items_purged_floors":[5],"is_endless":false,"potions_floor_spawned":[8,11,13],"killed_by":"downfall:Defect","ascension_level":20}}