{"host":"2hlhnd4tei6r1t0s","time":1609499383,"event":{"mods":["ATMod(阿瑾Mod)","Act Like it!","Arknights The Spire","Aspiration","Astrologer","BaseMod","Conspire","Downfall","Gensokyo","Gremlin Mod","Hallownest","Hermit","HumanHunterMod(怪物杀人mod)","Jedi Mod","Jorbs\u0027s Wanderer Trilogy","Koishi","Luminous","Mari Mod (Legacy)","Mari\u0027s V1 Patch","Minty Spire (QoL Compilation)","MostiFishMod","Pale of the Ancients","Potionbrewer","Prisma Mod","Quick Restart","Replay The Spire","Robot Space Explorer","RumiaBox-露米娅的神秘盒子","Spicy Shops","StSLib","TestMod","The Administrix","The Alterego","The Cursed","The Hayseed","The Marked","The Mystic","The Runesmith","TheWitcher","Uncapped","WarShipGirlsR/战舰少女R mod","Yakumo Yukari mod","[地精首领爬塔]The Maniac","noobMod","vexMod","【功能Mod】混沌之环修复补丁","【功能Mod】聪明的最终Boss","【遗物卡牌】REMEMod","残留之物"],"gold_per_floor":[100000000,100000012,100000012,100000027,99998432,99998432,99998517,99997331,99997385,99997385,99997385,99997440,99997503,99997503,99997503,99997679,99997679,99997767,99995713,99995751,99995751,99995816,99995816,99994171,99994171,99994220,99994220,99994277,99994318,99994360,99994412,99994412,99994585,99994585,99994678,99993509,99993509,99993509,99993509,99993509,99991739,99989507,99989507,99989507,99989507,99989507,99989507,99989507,99989507,99989507],"floor_reached":51,"playtime":6987,"items_purged":["Luminous:Dark_Crescendo_Luminous","stsjorbsmod:Defend_Wanderer","stsjorbsmod:Defend_Wanderer","stsjorbsmod:Defend_Wanderer","stsjorbsmod:Defend_Wanderer","stsjorbsmod:Strike_Wanderer"],"score":1142,"play_id":"e124aa5c-6b96-4246-ba7d-0674880d9524","local_time":"20210101190943","is_ascension_mode":false,"campfire_choices":[{"data":"AT_ChampionStep","floor":6,"key":"SMITH"},{"data":"stsjorbsmod:ChainLightning","floor":10,"key":"SMITH"},{"data":"stsjorbsmod:RayOfFrost","floor":25,"key":"SMITH"},{"data":"stsjorbsmod:EyeOfTheStorm","floor":32,"key":"SMITH"},{"data":"stsjorbsmod:ArcaneWeapon","floor":40,"key":"SMITH"},{"floor":45,"key":"RECALL"},{"floor":49,"key":"REST"}],"circlet_count":0,"master_deck":["stsjorbsmod:ForbiddenGrimoire+1","stsjorbsmod:FreshAdventure+1","stsjorbsmod:EyeOfTheStorm+1","AT_ChampionStep+1","stsjorbsmod:ChainLightning+1","stsjorbsmod:Hurt+1","stsjorbsmod:RayOfFrost+1","stsjorbsmod:Hurt+1","stsjorbsmod:Prestidigitation+1","stsjorbsmod:TrueStrike+1","stsjorbsmod:Firebolt+1","stsjorbsmod:TrueStrike+1","stsjorbsmod:RayOfFrost+1","stsjorbsmod:Channel+1","stsjorbsmod:TrueStrike+1","stsjorbsmod:FracturedMind+1","stsjorbsmod:WeightOfMemory+1","stsjorbsmod:WanderingMind+1","stsjorbsmod:ChainLightning+1","stsjorbsmod:ArcaneWeapon+1","stsjorbsmod:Hurt+1","stsjorbsmod:Hurt+1","stsjorbsmod:Firebolt+1","stsjorbsmod:TrueStrike+1","stsjorbsmod:ChainLightning+1","stsjorbsmod:ParryingBlow+1","stsjorbsmod:RayOfFrost+1","stsjorbsmod:Materialize+1","stsjorbsmod:Prestidigitation+1","stsjorbsmod:BlackTentacles+1","stsjorbsmod:UnseenServant+1","stsjorbsmod:Prepare+1","stsjorbsmod:ArcaneWeapon","stsjorbsmod:ChatteringStrike+1","stsjorbsmod:WanderingMind+1"],"relics":["stsjorbsmod:GrimoireRelic","ice","testmod-TestBox","DaveBox","REME_ComplimentaryCards","AT_ATBox","RhineSuit","testmod-DreamHouse","Happy Flower","Lantern","NeowsBlessing","SynthV:TestCard","Divine Protection","Molten Egg 2","testmod-Antiphasic","AT_MibuBalloonWealth","testmod-Register","Cauldron","jedi:cryingmask","Letter Opener","potionbrewer:ToyAutogyro","AT_SunfireAegis","Frozen Eye","BargainBundle","Pen Nib","Regal Pillow","Toxic Egg 2","jedi:hotpepper","potionbrewer:BottledElixir","AT_PhaseBoots","Grinning Jar","OrangePellets","ClockworkSouvenir","jedi:bottledfury","Golden Egg","HandDrill","AT_RedNoBalance","AT_Kusabimaru","Boot","Bronze Scales","vexMod:Cooldron","Pet Ghost","Whetstone","GodSword5","RhineCircuit","vexMod:TimeEaterHat","testmod-LifeArmor","testmod-TurbochargingSystem","Ccalipers","Blue Candle","jedi:ominousloannote","aspiration:Lifesprig","Gremlin Horn","Replay:Rubber Ducky","conspire:DecoderRing","ReplayTheSpireMod:ShopPack","Medical Kit","MetatronsCube","Kunai","SnafuTest:BearRelic","Dream Catcher","potionbrewer:SalesContract","Replay:Bottled Steam","AT_EbonyIvory","GodSword6"],"acts_visited":["Exordium","TheCity","TheBeyond"],"potions_floor_usage":[],"damage_taken":[{"damage":0,"enemies":"Cultist","floor":1,"turns":1},{"damage":2,"enemies":"conspire:RoseBush","floor":2,"turns":1},{"damage":0,"enemies":"Small Slimes","floor":4,"turns":1},{"damage":12,"enemies":"3 Louse","floor":7,"turns":3},{"damage":119,"enemies":"Gremlin Nob","floor":12,"turns":11},{"damage":16,"enemies":"2 Fungi Beasts","floor":13,"turns":3},{"damage":10,"enemies":"Fading Forest","floor":16,"turns":6},{"damage":2,"enemies":"3 Byrds","floor":18,"turns":7},{"damage":53,"enemies":"Chosen","floor":20,"turns":10},{"damage":112,"enemies":"Centurion and Healer","floor":22,"turns":15},{"damage":0,"enemies":"Book of Stabbing","floor":28,"turns":1},{"damage":5,"enemies":"conspire:HollyBat","floor":29,"turns":4},{"damage":0,"enemies":"Snecko","floor":30,"turns":3},{"damage":0,"enemies":"REME_1_Revenger","floor":31,"turns":5},{"damage":0,"enemies":"Automaton","floor":33,"turns":4},{"damage":76,"enemies":"3 Shapes","floor":35,"turns":13},{"damage":14,"enemies":"Orb Walker","floor":37,"turns":6},{"damage":49,"enemies":"4 Shapes","floor":38,"turns":4},{"damage":179,"enemies":"Maw","floor":39,"turns":6},{"damage":0,"enemies":"R_Hoarder","floor":46,"turns":1},{"damage":0,"enemies":"3 Darklings","floor":47,"turns":6},{"damage":0,"enemies":"Transient","floor":48,"turns":2},{"damage":0,"enemies":"Time Eater","floor":50,"turns":6}],"seed_played":"2550187292468489085","potions_obtained":[{"floor":2,"key":"stsjorbsmod:LiquidClarity"},{"floor":12,"key":"jedi:hoardpotion"},{"floor":28,"key":"EntropicBrew"},{"floor":33,"key":"EntropicBrew"}],"is_trial":false,"path_per_floor":["M","M","T","M","$","R","M","$","T","R","?","E","M","?","R","B",null,"M","$","M","T","M","?","$","R","T","?","E","M","M","E","R","B",null,"M","$","M","M","M","R","$","$","T","?","R","E","M","M","R","B",null],"character_chosen":"WANDERER","items_purchased":["Divine Protection","Molten Egg 2","testmod-Antiphasic","AT_MibuBalloonWealth","testmod-Register","Cauldron","stsjorbsmod:Hurt+1","Replay:SS_hec_4+1","testmod-DisillusionmentEcho","stsjorbsmod:TinyHut","stsjorbsmod:Counterspell","jedi:cryingmask","Letter Opener","potionbrewer:ToyAutogyro","AT_SunfireAegis","Frozen Eye","BargainBundle","testmod-BackupPower","stsjorbsmod:Prestidigitation","stsjorbsmod:TrueStrike+1","stsjorbsmod:TollTheDead+1","stsjorbsmod:MageArmor","stsjorbsmod:Mending","potionbrewer:BottledElixir","The Bomb+1","AT_SpeedBoots","Grinning Jar","OrangePellets","ClockworkSouvenir","jedi:bottledfury","stsjorbsmod:RayOfFrost+1","stsjorbsmod:Trauma+1","stsjorbsmod:FaerieFire+1","stsjorbsmod:Channel+1","stsjorbsmod:ArcaneForm","Forethought+1","HandDrill","AT_SilverBalance","AT_Kusabimaru","Boot","Bronze Scales","vexMod:Cooldron","stsjorbsmod:FracturedMind+1","stsjorbsmod:WeightOfMemory+1","Replay:Parry+1","stsjorbsmod:Introspection","stsjorbsmod:FaerieFire+1","stsjorbsmod:WanderingMind+1","vexMod:TimeEaterHat","testmod-LifeArmor","testmod-TurbochargingSystem","Ccalipers","Blue Candle","jedi:ominousloannote","Poisoned Strike+1","testmod-PocketStoneCalender+1","stsjorbsmod:MagicMirror","stsjorbsmod:TollTheDead+1","stsjorbsmod:Hurt+1","stsjorbsmod:Counterspell+1","aspiration:Lifesprig","Gremlin Horn","Replay:Rubber Ducky","conspire:DecoderRing","ReplayTheSpireMod:ShopPack","Medical Kit","stsjorbsmod:ParryingBlow+1","stsjorbsmod:RayOfFrost+1","REME_BuildACard+1","Bandage Up+1","stsjorbsmod:FindFamiliar","stsjorbsmod:Stalwart+1","stsjorbsmod:Materialize+1","MetatronsCube","Kunai","SnafuTest:BearRelic","Dream Catcher","potionbrewer:SalesContract","Replay:Bottled Steam","jedi:cleanse+1","stsjorbsmod:Prestidigitation","stsjorbsmod:Patron+1","stsjorbsmod:BlackTentacles+1","stsjorbsmod:UnseenServant+1","stsjorbsmod:Prepare+1","Survey Options+1"],"campfire_rested":1,"item_purchase_floors":[5,5,5,5,5,5,5,5,5,5,5,8,8,8,8,8,8,8,8,8,8,8,8,19,19,19,19,19,19,19,19,19,19,19,19,19,24,24,24,24,24,24,24,24,24,24,24,24,36,36,36,36,36,36,36,36,36,36,36,36,41,41,41,41,41,41,41,41,41,41,41,41,41,42,42,42,42,42,42,42,42,42,42,42,42,42],"current_hp_per_floor":[68,66,66,67,67,67,56,56,56,56,56,54,38,38,38,40,67,67,67,335,335,1082,1082,1082,1082,1082,1082,924,1129,1416,2074,2074,2751,2751,3789,3789,3980,5069,5950,5950,5950,5950,5950,5950,5950,5950,6284,6293,6293,14266],"gold":99989507,"neow_bonus":"THREE_ENEMY_KILL","is_daily":false,"chose_seed":false,"campfire_upgraded":5,"win_rate":0.0,"timestamp":1609499383,"path_taken":["M","M","?","M","$","R","M","$","T","R","?","E","M","?","R","BOSS","M","$","?","?","M","?","$","R","T","?","E","M","?","E","R","BOSS","M","$","?","M","?","R","?","$","T","?","R","E","M","M","R","BOSS"],"items_purchased_type":["Relic","Relic","Relic","Relic","Relic","Relic","Card","Card","Card","Card","Card","Relic","Relic","Relic","Relic","Relic","Relic","Card","Card","Card","Card","Card","Card","Relic","Card","Relic","Relic","Relic","Relic","Relic","Card","Card","Card","Card","Card","Card","Relic","Relic","Relic","Relic","Relic","Relic","Card","Card","Card","Card","Card","Card","Relic","Relic","Relic","Relic","Relic","Relic","Card","Card","Card","Card","Card","Card","Relic","Relic","Relic","Relic","Relic","Relic","Card","Card","Card","Card","Card","Card","Card","Relic","Relic","Relic","Relic","Relic","Relic","Card","Card","Card","Card","Card","Card","Card"],"build_version":"2020-12-22","purchased_purges":6,"victory":true,"max_hp_per_floor":[68,68,68,68,68,68,68,65,65,65,65,82,86,86,86,90,67,90,90,482,482,1092,1092,1092,1092,1092,1092,1323,1325,1416,2074,2074,2751,2751,3789,3789,3980,5173,5950,5950,5950,5950,5950,5950,5950,5950,6284,6293,6293,14556],"card_choices":[{"not_picked":["stsjorbsmod:WanderingMind","stsjorbsmod:ArcaneWeapon"],"picked":"stsjorbsmod:ChainLightning","floor":1},{"not_picked":["stsjorbsmod:Prepare","stsjorbsmod:DoubleCheck","stsjorbsmod:Channel","stsjorbsmod:HedgeWizard"],"picked":"stsjorbsmod:Hurt","floor":2},{"not_picked":["stsjorbsmod:DoubleCheck","stsjorbsmod:UnseenServant","stsjorbsmod:MagicMissiles","stsjorbsmod:ChatteringStrike"],"picked":"stsjorbsmod:RayOfFrost","floor":4},{"not_picked":["stsjorbsmod:Hurt+1","stsjorbsmod:Introspection","stsjorbsmod:BurningFlask","stsjorbsmod:RayOfFrost+1"],"picked":"stsjorbsmod:ColorSpray+1","floor":7},{"not_picked":["stsjorbsmod:HoldMonster","stsjorbsmod:DoubleCheck","stsjorbsmod:BurningFlask","stsjorbsmod:Prepare"],"picked":"stsjorbsmod:Firebolt+1","floor":12},{"not_picked":["stsjorbsmod:LoseGrip","stsjorbsmod:UnseenServant","stsjorbsmod:Will","stsjorbsmod:Patron+1"],"picked":"stsjorbsmod:TrueStrike+1","floor":13},{"not_picked":["stsjorbsmod:Rediscovery","stsjorbsmod:MirrorImage+1","stsjorbsmod:CorrodingBarrier+1","stsjorbsmod:Feast+1"],"picked":"stsjorbsmod:Trauma+1","floor":16},{"not_picked":["stsjorbsmod:DoubleCheck+1","stsjorbsmod:Materialize+1","stsjorbsmod:ParryingBlow+1","stsjorbsmod:Firebolt+1"],"picked":"stsjorbsmod:TollTheDead+1","floor":18},{"not_picked":["stsjorbsmod:Firebolt+1","stsjorbsmod:Will+1","stsjorbsmod:HedgeWizard+1","stsjorbsmod:MistyStep+1"],"picked":"stsjorbsmod:TrueStrike+1","floor":20},{"not_picked":["stsjorbsmod:RefuseToForget+1","stsjorbsmod:Hurt+1","stsjorbsmod:ColorSpray+1","stsjorbsmod:TinyHut"],"picked":"stsjorbsmod:SmithingStrike+1","floor":22},{"not_picked":["stsjorbsmod:Inferno+1","stsjorbsmod:DoubleCheck+1","stsjorbsmod:Determination+1","stsjorbsmod:Rediscovery"],"picked":"stsjorbsmod:ChainLightning+1","floor":28},{"not_picked":["stsjorbsmod:Aid+1","stsjorbsmod:RefuseToForget+1","stsjorbsmod:Mindworm+1","stsjorbsmod:Channel+1"],"picked":"stsjorbsmod:TollTheDead+1","floor":29},{"not_picked":["stsjorbsmod:TinyHut+1","stsjorbsmod:Prepare+1","stsjorbsmod:Materialize+1","stsjorbsmod:ParryingBlow+1"],"picked":"stsjorbsmod:TollTheDead+1","floor":30},{"not_picked":["stsjorbsmod:Firebolt+1","stsjorbsmod:Materialize+1","stsjorbsmod:BurningFlask+1","stsjorbsmod:ChatteringStrike+1"],"picked":"stsjorbsmod:Mindworm+1","floor":31},{"not_picked":["stsjorbsmod:Entangle","stsjorbsmod:DeathThroes+1","stsjorbsmod:Rediscovery","stsjorbsmod:IvoryTower+1"],"picked":"stsjorbsmod:SiphonEnergy+1","floor":33},{"not_picked":["stsjorbsmod:MageArmor+1","stsjorbsmod:Index+1","stsjorbsmod:DoubleCheck+1","stsjorbsmod:Will+1"],"picked":"stsjorbsmod:ArcaneWeapon","floor":35},{"not_picked":["stsjorbsmod:MagicMirror","stsjorbsmod:Hurt+1","stsjorbsmod:FaerieFire+1","stsjorbsmod:UnseenServant+1"],"picked":"stsjorbsmod:Firebolt+1","floor":37},{"not_picked":["stsjorbsmod:Inferno+1","stsjorbsmod:ChatteringStrike+1","stsjorbsmod:MagicMirror+1","stsjorbsmod:HedgeWizard+1"],"picked":"stsjorbsmod:TrueStrike+1","floor":38},{"not_picked":["stsjorbsmod:Prepare+1","stsjorbsmod:Channel+1","stsjorbsmod:FindFamiliar","stsjorbsmod:DoubleCheck+1"],"picked":"stsjorbsmod:ChainLightning+1","floor":39},{"not_picked":["testmod-PulseDistributor","testmod-Librarian","expansioncontent:QuickStudy","REME_BuildACard"],"picked":"MostiFishMod:KingOfFree","floor":41},{"not_picked":["Replay:SS_forest_6","testmod-PainDetonator","Replay:SS_fish_3","testmod-Bloodthirsty"],"picked":"jedi:forcepush","floor":41},{"not_picked":["jedi:cleanse","AT_TearsDenial","REME_ShortnessOfBreath","MostiFishMod:JungleRules"],"picked":"AT_LightSaberMaster","floor":41},{"not_picked":["stsjorbsmod:DeathThroes+1","stsjorbsmod:RayOfFrost+1","stsjorbsmod:Materialize+1","stsjorbsmod:ScorchingRay+1"],"picked":"stsjorbsmod:TollTheDead+1","floor":46},{"not_picked":["stsjorbsmod:ChatteringStrike+1","stsjorbsmod:Mania+1","stsjorbsmod:Inferno+1","stsjorbsmod:Firebolt+1"],"picked":"stsjorbsmod:ArcaneWeapon","floor":47},{"not_picked":["stsjorbsmod:MagicMirror","stsjorbsmod:MageArmor+1","stsjorbsmod:Message+1","stsjorbsmod:Counterspell+1"],"picked":"stsjorbsmod:ChatteringStrike+1","floor":48},{"not_picked":["stsjorbsmod:FranticSearch+1","stsjorbsmod:Prepare+1","stsjorbsmod:Stalwart+1","stsjorbsmod:BurningFlask+1"],"picked":"stsjorbsmod:WanderingMind+1","floor":49}],"player_experience":21339,"relics_obtained":[{"floor":1,"key":"SynthV:TestCard"},{"floor":9,"key":"Pen Nib"},{"floor":12,"key":"Regal Pillow"},{"floor":21,"key":"Golden Egg"},{"floor":26,"key":"Pet Ghost"},{"floor":28,"key":"Whetstone"},{"floor":31,"key":"GodSword5"},{"floor":43,"key":"AT_EbonyIvory"},{"floor":46,"key":"GodSword6"}],"event_choices":[{"damage_healed":0,"gold_gain":0,"player_choice":"Grow","damage_taken":0,"max_hp_gain":0,"max_hp_loss":0,"event_name":"Living Wall","floor":11,"gold_loss":0,"cards_upgraded":["stsjorbsmod:FreshAdventure"]},{"damage_healed":0,"gold_gain":0,"player_choice":"Forge","damage_taken":0,"max_hp_gain":0,"max_hp_loss":0,"event_name":"Accursed Blacksmith","floor":27,"gold_loss":0,"cards_upgraded":["stsjorbsmod:Hurt"]},{"damage_healed":0,"gold_gain":0,"player_choice":"3 cards matched","damage_taken":0,"max_hp_gain":0,"max_hp_loss":0,"event_name":"Match and Keep!","floor":44,"gold_loss":0,"cards_obtained":["stsjorbsmod:MageArmor","Replay:SS_hec_1","Languid"]}],"is_beta":false,"boss_relics":[{"not_picked":["aspiration:SecretTechniqueScroll","Astrolabe"],"picked":"jedi:hotpepper"},{"not_picked":["MoonlightInvasionPlan","NightmareShop"],"picked":"RhineCircuit"}],"items_purged_floors":[5,8,8,19,19,24],"is_endless":false,"potions_floor_spawned":[2,12,28,29,30,33,37,39,47],"ascension_level":0}}