{"host":"1bnrkmg0bmhwam8n","time":1609529209,"event":{"mods":["2.2 Compatiblity","BaseMod","Colored Map","Hermit","Infinite Spire","Minty Spire (QoL Compilation)","Quick Restart","StSLib"],"gold_per_floor":[116,191,202,38,38,38,51,71,71,246,266,266,296,310,310,310,310],"floor_reached":16,"playtime":516,"items_purged":[],"score":102,"play_id":"ca1f5778-97a3-4de6-a165-d0050ab10cc2","local_time":"20210101132649","is_ascension_mode":false,"campfire_choices":[{"data":"infinitespire:Collect","floor":6,"key":"SMITH"},{"floor":12,"key":"REST"},{"floor":15,"key":"REST"}],"circlet_count":0,"master_deck":["hermit:Strike_Hermit","hermit:Strike_Hermit","hermit:Strike_Hermit","hermit:Strike_Hermit","hermit:Defend_Hermit","hermit:Defend_Hermit","hermit:Defend_Hermit","hermit:Defend_Hermit","hermit:Snapshot","hermit:Covet","hermit:Purgatory","hermit:Enervate","hermit:BigShot","Apotheosis","infinitespire:Collect+1","hermit:Vantage","Doubt"],"relics":["hermit:Momento","Bronze Scales"],"acts_visited":[],"potions_floor_usage":[13,13,16],"damage_taken":[{"damage":0,"enemies":"Small Slimes","floor":1,"turns":4},{"damage":0,"enemies":"2 Louse","floor":3,"turns":3},{"damage":1,"enemies":"Jaw Worm","floor":7,"turns":2},{"damage":11,"enemies":"2 Fungi Beasts","floor":8,"turns":3},{"damage":12,"enemies":"Looter","floor":11,"turns":3},{"damage":10,"enemies":"Gremlin Nob","floor":13,"turns":5},{"damage":19,"enemies":"Gremlin Gang","floor":14,"turns":5},{"damage":44,"enemies":"Slime Boss","floor":16,"turns":11}],"seed_played":"-9157739005900414384","potions_obtained":[{"floor":1,"key":"DistilledChaos"},{"floor":8,"key":"Block Potion"},{"floor":14,"key":"AttackPotion"}],"is_trial":false,"path_per_floor":["M","?","M","$","?","R","M","M","T","?","M","R","E","M","R","B"],"character_chosen":"HERMIT","items_purchased":["Apotheosis"],"campfire_rested":2,"item_purchase_floors":[4],"current_hp_per_floor":[75,64,64,64,46,46,45,34,34,34,22,44,34,15,37,0,0],"gold":310,"neow_bonus":"ONE_RANDOM_RARE_CARD","is_daily":false,"chose_seed":false,"campfire_upgraded":1,"win_rate":0.0,"timestamp":1609529209,"path_taken":["M","?","M","$","?","R","M","M","T","?","?","R","E","M","R","BOSS"],"items_purchased_type":["Card"],"build_version":"2020-12-22","purchased_purges":0,"victory":false,"max_hp_per_floor":[75,75,75,75,75,75,75,75,75,75,75,75,75,75,75,75,75],"card_choices":[{"not_picked":["hermit:Gestalt","hermit:HighCaliber"],"picked":"hermit:Enervate","floor":1},{"not_picked":["hermit:SprayPray","hermit:Misfire"],"picked":"hermit:BigShot","floor":3},{"not_picked":["infinitespire:FinalStrike","infinitespire:Oblivion"],"picked":"infinitespire:Collect","floor":5},{"not_picked":["hermit:Glare","hermit:FullyLoaded","hermit:CalledShot"],"picked":"SKIP","floor":7},{"not_picked":["hermit:HoleUp","hermit:Gambit"],"picked":"hermit:Vantage","floor":8},{"not_picked":["hermit:CalledShot","hermit:Desperado","hermit:HighCaliber"],"picked":"SKIP","floor":11},{"not_picked":["hermit:LoneWolf","hermit:LowProfile","hermit:Manifest"],"picked":"SKIP","floor":13},{"not_picked":["hermit:Headshot","hermit:Grudge","hermit:Snipe"],"picked":"SKIP","floor":14}],"player_experience":400962,"relics_obtained":[{"floor":13,"key":"Bronze Scales"}],"event_choices":[{"damage_healed":0,"gold_gain":75,"player_choice":"Gather Gold","damage_taken":11,"max_hp_gain":0,"max_hp_loss":0,"event_name":"World of Goop","floor":2,"gold_loss":0},{"damage_healed":0,"gold_gain":175,"player_choice":"AGREE","damage_taken":0,"max_hp_gain":0,"max_hp_loss":0,"event_name":"Liars Game","floor":10,"gold_loss":0,"cards_obtained":["Doubt"]}],"is_beta":false,"boss_relics":[],"items_purged_floors":[],"is_endless":false,"potions_floor_spawned":[1,8,14],"killed_by":"Slime Boss","ascension_level":0}}