{"host":"4amcrcg6ktw8dbzk","time":1609471460,"event":{"mods":["Arknights The Spire","BaseMod","Dota2Spire","Minty Spire (QoL Compilation)","MostiFishMod","Spicy Shops","StSLib","The Marked","Waifu the Spire"],"gold_per_floor":[112,12,29,45,55,83,83,103,103,3,19,34,34,90,90,189,189,204,219,94,108,126,155,155,155,206,218,218,246,246,272,272,367,367,385,435,435,60,60,60,90,100,172,197,197,197,197,208,208,208,208,208,33,33,33],"floor_reached":54,"playtime":3045,"items_purged":["ats:Strike V","ats:Defend","ats:Strike S","MostiFishMod:Neptune","ats:Shadow Assault"],"score":830,"play_id":"cba745bc-c4d5-431c-9d5e-1a995dc7ca8f","local_time":"20210101112420","is_ascension_mode":false,"campfire_choices":[{"data":"ats:Calcification","floor":7,"key":"SMITH"},{"data":"ats:Thorns","floor":13,"key":"SMITH"},{"data":"ats:Burning Ground","floor":15,"key":"SMITH"},{"data":"ats:Flame Of Heaven","floor":28,"key":"SMITH"},{"data":"ats:True Silver Slash","floor":32,"key":"SMITH"},{"data":"Purity","floor":40,"key":"SMITH"},{"data":"ats:Emotion Absorption","floor":45,"key":"SMITH"},{"floor":47,"key":"RECALL"},{"data":"ats:Ignite","floor":49,"key":"SMITH"},{"data":"ats:Ignite","floor":52,"key":"SMITH"}],"circlet_count":0,"master_deck":["ats:Strike C","ats:Armor Crushing Shot","ats:Defend","ats:Defend","ats:Defend+1","ats:Emotion Absorption+1","MostiFishMod:TheEndOfMoonlight","MostiFishMod:SparklingWater","MostiFishMod:FantasySummer+1","MostiFishMod:NightSea","ats:Burning Ground+1","ats:Apocalypse","ats:Explosion Area Strengthen","ats:Calcification+1","ats:Ignite","ats:Thorns+1","ats:Ignite","ats:Sunburst","ats:Dogmatic Field","ats:True Silver Slash+1","ats:Ignite+1","ats:Thorns+1","ats:Flame Of Heaven+1","ats:Rat Pack","ats:Ignite+1","ats:Very Hot Blade","ats:Calcification+1","Purity+1","ats:Very Hot Blade+1"],"relics":["ats:Sanity","DaveBox","MoonlightInvasionPlan","SynthV:TestCard","ats:Originium","Dota2Spire:BladeMail","War Paint","ats:Tactical Delivery","Bottled Lightning","Blood Vial","Lantern","Strawberry","Runic Pyramid","Calipers","ats:Ability Aura","DollysMirror","StrikeDummy","ats:Industrial Water Cannon","Bag of Marbles"],"acts_visited":["Exordium","TheCity","TheBeyond","TheEnding"],"potions_floor_usage":[6,14,16,21],"damage_taken":[{"damage":0,"enemies":"Cultist","floor":1,"turns":3},{"damage":10,"enemies":"Small Slimes","floor":3,"turns":3},{"damage":0,"enemies":"2 Louse","floor":4,"turns":2},{"damage":11,"enemies":"Lots of Slimes","floor":5,"turns":3},{"damage":13,"enemies":"3 Sentries","floor":6,"turns":6},{"damage":10,"enemies":"Exordium Wildlife","floor":8,"turns":5},{"damage":0,"enemies":"Looter","floor":11,"turns":2},{"damage":0,"enemies":"3 Louse","floor":12,"turns":3},{"damage":0,"enemies":"Gremlin Nob","floor":14,"turns":1},{"damage":6,"enemies":"Hexaghost","floor":16,"turns":8},{"damage":0,"enemies":"Shell Parasite","floor":18,"turns":6},{"damage":7,"enemies":"Chosen","floor":19,"turns":6},{"damage":5,"enemies":"Snake Plant","floor":21,"turns":4},{"damage":5,"enemies":"Chosen and Byrds","floor":22,"turns":2},{"damage":34,"enemies":"Slavers","floor":23,"turns":6},{"damage":0,"enemies":"Centurion and Healer","floor":27,"turns":6},{"damage":0,"enemies":"Book of Stabbing","floor":29,"turns":4},{"damage":0,"enemies":"Slavers","floor":31,"turns":4},{"damage":70,"enemies":"Collector","floor":33,"turns":10},{"damage":0,"enemies":"Orb Walker","floor":35,"turns":3},{"damage":0,"enemies":"Mind Bloom Boss Battle","floor":36,"turns":8},{"damage":10,"enemies":"Giant Head","floor":41,"turns":12},{"damage":0,"enemies":"3 Shapes","floor":42,"turns":5},{"damage":0,"enemies":"Nemesis","floor":44,"turns":7},{"damage":15,"enemies":"Maw","floor":48,"turns":6},{"damage":42,"enemies":"Donu and Deca","floor":50,"turns":11},{"damage":90,"enemies":"Shield and Spear","floor":54,"turns":3}],"seed_played":"3747752338983381257","potions_obtained":[{"floor":1,"key":"PowerPotion"},{"floor":8,"key":"Dota2Spire:HealingSalve"},{"floor":11,"key":"GamblersBrew"},{"floor":14,"key":"SkillPotion"},{"floor":16,"key":"SkillPotion"},{"floor":21,"key":"Strength Potion"},{"floor":22,"key":"ats:Emergency Sanity Potion"},{"floor":27,"key":"CultistPotion"}],"is_trial":false,"path_per_floor":["M","$","M","M","M","E","R","M","T","$","M","M","R","?","R","B",null,"M","M","$","M","M","E","?","?","T","M","R","E","?","E","R","B",null,"M","?","?","$","?","R","E","M","T","E","R","?","R","M","R","B",null,"R","$","E"],"character_chosen":"DOCTOR_CLASS","items_purchased":["ats:Apocalypse","ats:Ability Aura","DollysMirror"],"campfire_rested":0,"item_purchase_floors":[2,38,38],"current_hp_per_floor":[79,79,69,69,62,57,57,52,52,52,53,58,58,58,58,58,79,79,79,79,79,74,79,79,72,72,79,79,79,79,86,86,86,86,86,86,86,86,86,86,76,86,86,86,86,86,86,86,86,86,86,86,86,0,0],"gold":33,"neow_bonus":"TEN_PERCENT_HP_BONUS","is_daily":false,"chose_seed":false,"campfire_upgraded":9,"win_rate":0.0,"timestamp":1609471460,"path_taken":["M","?","M","M","M","E","R","M","T","$","M","M","R","?","R","BOSS","M","M","$","M","M","E","?","?","T","?","R","E","?","E","R","BOSS","M","?","?","$","?","R","E","M","T","E","R","?","R","?","R","BOSS","R","$","E"],"items_purchased_type":["Card","Relic","Relic"],"build_version":"2020-12-22","purchased_purges":5,"victory":false,"max_hp_per_floor":[79,79,79,79,79,79,79,79,79,79,79,79,79,79,79,79,79,79,79,79,79,79,79,79,79,79,79,79,79,79,86,86,86,86,86,86,86,86,86,86,86,86,86,86,86,86,86,86,86,86,86,86,86,86,86],"card_choices":[{"not_picked":["ats:Hammer On","ats:Cat Scratch"],"picked":"ats:Burning Ground","floor":1},{"not_picked":["ats:Shell Defense","ats:Hammer On","ats:Song Of Battle","ats:Flexible Camouflage"],"picked":"ats:Explosion Area Strengthen","floor":3},{"not_picked":["ats:Assault Order","ats:Revitalization","ats:Explosion Area Strengthen","ats:Support Order","ats:Curse Doll"],"picked":"SKIP","floor":4},{"not_picked":["ats:Curse Doll","ats:Hammer On","ats:Neurotoxin","ats:Blood Oath","ats:Counter Healing Mode"],"picked":"SKIP","floor":5},{"not_picked":["ats:Counter Healing Mode","ats:Revitalization","ats:Assault Order","ats:Hammer On"],"picked":"ats:Calcification","floor":6},{"not_picked":["ats:Powerful Strike","ats:Consecutive Shot Auto","ats:Magnetic Hammer","ats:Poison Spread"],"picked":"ats:Ignite","floor":8},{"not_picked":["ats:Cat Scratch","ats:Shell Defense","ats:Consecutive Shot Auto","ats:Assault Order"],"picked":"ats:Thorns","floor":11},{"not_picked":["ats:Cat Scratch","ats:Assault Order","ats:Explosion Area Strengthen","ats:Song Of Battle"],"picked":"ats:Ignite","floor":12},{"not_picked":["ats:Neurotoxin","ats:Powerful Strike","ats:Consecutive Shot Auto","ats:Childhood Dance"],"picked":"ats:Sunburst","floor":14},{"not_picked":["ats:Calcification","ats:Fractured Body","ats:Echo Reverb","ats:True Silver Slash"],"picked":"ats:Dogmatic Field","floor":16},{"not_picked":["ats:Curse Doll","ats:Shell Defense","ats:Explosion Area Strengthen","ats:Consecutive Shot Auto+1","ats:Directed Diagnosis"],"picked":"SKIP","floor":18},{"not_picked":["ats:Revitalization","ats:LN2 Cannon","ats:Shell Defense","ats:Consecutive Shot Auto"],"picked":"ats:True Silver Slash","floor":19},{"not_picked":["ats:Consecutive Shot Auto+1","ats:Assault Order+1","ats:Apocalypse+1","ats:Overload","ats:Childhood Dance+1"],"picked":"SKIP","floor":21},{"not_picked":["ats:Part Time Job","ats:Revitalization","ats:Magnetic Hammer","ats:Apocalypse"],"picked":"ats:Ignite","floor":22},{"not_picked":["ats:Childhood Dance","ats:Nebulous Foxfire","ats:Flexible Camouflage","ats:Hook Shot"],"picked":"ats:Thorns+1","floor":23},{"not_picked":["ats:Guardian Obelisk+1","ats:Apocalypse","ats:Cat Scratch","ats:Explosion Area Strengthen"],"picked":"ats:Flame Of Heaven","floor":27},{"not_picked":["ats:Powerful Strike+1","ats:Explosion Area Strengthen+1","ats:Shell Defense","ats:Curse Doll","ats:Apocalypse+1"],"picked":"SKIP","floor":29},{"not_picked":["ats:Assault Order","ats:Shell Defense","ats:Magnetic Hammer","ats:True Silver Slash"],"picked":"ats:Shadow Assault","floor":31},{"not_picked":["ats:Disruption Kick","ats:Dogmatic Field","ats:Fractured Body","ats:Soul Rend"],"picked":"ats:Rat Pack","floor":33},{"not_picked":["ats:Assault Order","ats:Charging Defense","ats:Leaping Hammer","ats:Sunburst+1"],"picked":"ats:Ignite","floor":35},{"not_picked":["ats:Shell Defense","ats:Charging Defense+1","ats:Flexible Camouflage","ats:Assault Order+1"],"picked":"ats:Very Hot Blade","floor":36},{"not_picked":["MostiFishMod:PerfectForm","Flash of Steel","Mayhem","Jack Of All Trades"],"picked":"Purity","floor":39},{"not_picked":["ats:Leaping Hammer","ats:Beaten Up+1","ats:Shell Defense","ats:Revitalization","ats:Assault Order+1"],"picked":"SKIP","floor":41},{"not_picked":["ats:Guardian Obelisk","ats:Revitalization","ats:Support Order+1","ats:Healing Drone","ats:Cat Scratch+1"],"picked":"SKIP","floor":42},{"not_picked":["ats:Explosion Area Strengthen+1","ats:Shell Defense+1","ats:Ambush","ats:Leaping Hammer+1","ats:Healing Drone"],"picked":"SKIP","floor":44},{"not_picked":["ats:Shell Defense+1","ats:LN2 Cannon","ats:Revitalization+1","ats:Blood Oath"],"picked":"ats:Very Hot Blade+1","floor":48}],"player_experience":326404,"relics_obtained":[{"floor":1,"key":"SynthV:TestCard"},{"floor":6,"key":"ats:Originium"},{"floor":6,"key":"Dota2Spire:BladeMail"},{"floor":14,"key":"War Paint"},{"floor":23,"key":"Bottled Lightning"},{"floor":26,"key":"Blood Vial"},{"floor":29,"key":"Lantern"},{"floor":31,"key":"Strawberry"},{"floor":36,"key":"Calipers"},{"floor":41,"key":"StrikeDummy"},{"floor":43,"key":"ats:Industrial Water Cannon"},{"floor":44,"key":"Bag of Marbles"}],"event_choices":[{"damage_healed":0,"gold_gain":0,"player_choice":"Searched \u00271\u0027 times","damage_taken":0,"max_hp_gain":0,"max_hp_loss":0,"event_name":"Dead Adventurer","floor":14,"gold_loss":0},{"cards_removed":["ats:Strike G"],"damage_healed":0,"gold_gain":0,"player_choice":"Elegance","damage_taken":0,"max_hp_gain":0,"max_hp_loss":0,"event_name":"Back to Basics","floor":24,"gold_loss":0},{"damage_healed":0,"gold_gain":0,"player_choice":"Damaged","damage_taken":7,"max_hp_gain":0,"max_hp_loss":0,"event_name":"Wheel of Change","floor":25,"gold_loss":0},{"damage_healed":0,"gold_gain":0,"player_choice":"Ignored","damage_taken":0,"max_hp_gain":0,"max_hp_loss":0,"event_name":"Ghosts","floor":30,"gold_loss":0},{"damage_healed":0,"gold_gain":0,"player_choice":"Fight","damage_taken":0,"max_hp_gain":0,"max_hp_loss":0,"event_name":"MindBloom","floor":36,"gold_loss":0},{"damage_healed":0,"gold_gain":0,"player_choice":"Ignored","damage_taken":0,"max_hp_gain":0,"max_hp_loss":0,"event_name":"Tomb of Lord Red Mask","floor":37,"gold_loss":0},{"damage_healed":0,"gold_gain":0,"player_choice":"Memory 1","damage_taken":0,"max_hp_gain":0,"max_hp_loss":0,"event_name":"SensoryStone","floor":39,"gold_loss":0},{"damage_healed":0,"gold_gain":0,"player_choice":"Ignored","damage_taken":0,"max_hp_gain":0,"max_hp_loss":0,"event_name":"NoteForYourself","floor":46,"gold_loss":0}],"is_beta":false,"boss_relics":[{"not_picked":["SacredBark","Calling Bell"],"picked":"ats:Tactical Delivery"},{"not_picked":["FixedStarFall","ats:Omniscience"],"picked":"Runic Pyramid"}],"items_purged_floors":[2,10,20,38,53],"is_endless":false,"potions_floor_spawned":[1,8,11,14,16,21,22,27,36,44,48],"killed_by":"Shield and Spear","ascension_level":0}}