{"host":"mi5vlje10yq9orgl","time":1609463511,"event":{"mods":["BaseMod","Minty Spire (QoL Compilation)"],"gold_per_floor":[117,137,151,301,64,64,91,91,91,117,147,178,198,30,30,107,107,126,16,32,45,225,225,243,243,243,270,270,270,290,300,300,371,371,391,391,407,63,63,91,10,10,36,71,102,114,158,180,192,204],"floor_reached":51,"playtime":6662,"items_purged":["Doubt"],"score":1471,"play_id":"796c9c55-b2b2-443e-a4a3-940393c19010","local_time":"20201231191151","is_ascension_mode":true,"campfire_choices":[{"data":"Caltrops","floor":6.0,"key":"SMITH"},{"floor":8.0,"key":"REST"},{"data":"Bouncing Flask","floor":15,"key":"SMITH"},{"data":"Wraith Form v2","floor":23,"key":"SMITH"},{"data":"Footwork","floor":25,"key":"SMITH"},{"floor":28,"key":"REST"},{"floor":32,"key":"REST"},{"data":"Eviscerate","floor":42,"key":"SMITH"},{"data":"Poisoned Stab","floor":46,"key":"SMITH"},{"data":"Leg Sweep","floor":49,"key":"SMITH"}],"circlet_count":0,"master_deck":["AscendersBane","Defend_G","Defend_G","Defend_G","Defend_G","Defend_G","Survivor","Neutralize","Eviscerate+1","Caltrops+1","Poisoned Stab+1","Bouncing Flask+1","Footwork+1","Leg Sweep+1","Wraith Form v2+1","After Image+1","Tactician+1","Adrenaline+1","Crippling Poison+1","Blur","Backflip","Backflip","Night Terror","Blur"],"relics":["Velvet Choker","Snake Skull","Calipers","Singing Bowl","Pen Nib","Lantern","Astrolabe","Gremlin Horn","Orichalcum","Snecko Eye","Ice Cream","Vajra","MealTicket","MawBank","Paper Crane"],"acts_visited":["TheCity","TheBeyond"],"potions_floor_usage":[16,24,27,31,33,33,45,47,50,50],"damage_taken":[{"damage":1.0,"enemies":"Small Slimes","floor":1.0,"turns":4.0},{"damage":7.0,"enemies":"Jaw Worm","floor":2.0,"turns":4.0},{"damage":1.0,"enemies":"Cultist","floor":3.0,"turns":4.0},{"damage":27.0,"enemies":"3 Sentries","floor":7.0,"turns":8.0},{"damage":5.0,"enemies":"Lagavulin","floor":10.0,"turns":7.0},{"damage":6.0,"enemies":"Gremlin Nob","floor":12.0,"turns":3.0},{"damage":0,"enemies":"2 Fungi Beasts","floor":13,"turns":3},{"damage":12,"enemies":"Hexaghost","floor":16,"turns":8},{"damage":3,"enemies":"Spheric Guardian","floor":18,"turns":3},{"damage":2,"enemies":"Shell Parasite","floor":20,"turns":5},{"damage":0,"enemies":"Snecko","floor":21,"turns":4},{"damage":4,"enemies":"Cultist and Chosen","floor":24,"turns":7},{"damage":33,"enemies":"Gremlin Leader","floor":27,"turns":7},{"damage":8,"enemies":"Centurion and Healer","floor":30,"turns":8},{"damage":3,"enemies":"Snake Plant","floor":31,"turns":4},{"damage":22,"enemies":"Collector","floor":33,"turns":14},{"damage":5,"enemies":"3 Darklings","floor":35,"turns":6},{"damage":0,"enemies":"Orb Walker","floor":37,"turns":5},{"damage":11,"enemies":"Giant Head","floor":40,"turns":10},{"damage":0,"enemies":"Reptomancer","floor":44,"turns":7},{"damage":0,"enemies":"Transient","floor":45,"turns":6},{"damage":1,"enemies":"Nemesis","floor":47,"turns":11},{"damage":0,"enemies":"Maw","floor":48,"turns":7},{"damage":31,"enemies":"Awakened One","floor":50,"turns":16}],"seed_played":"6776931802030347566","potions_obtained":[{"floor":3.0,"key":"LiquidBronze"},{"floor":7.0,"key":"Block Potion"},{"floor":10.0,"key":"Weak Potion"},{"floor":12.0,"key":"FearPotion"},{"floor":18,"key":"Poison Potion"},{"floor":21,"key":"ColorlessPotion"},{"floor":27,"key":"Dexterity Potion"},{"floor":30,"key":"EssenceOfSteel"},{"floor":31,"key":"CunningPotion"},{"floor":33,"key":"SpeedPotion"},{"floor":45,"key":"GamblersBrew"},{"floor":47,"key":"Strength Potion"}],"is_trial":false,"path_per_floor":["M","M","M","?","$","R","E","R","T","E","?","E","M","$","R","B",null,"M","?","M","M","?","R","M","R","T","E","R","?","M","M","R","B",null,"M","?","M","$","?","E","$","R","T","E","M","R","E","M","R","B",null],"character_chosen":"THE_SILENT","items_purchased":["Snake Skull","Footwork","Leg Sweep","Ice Cream","Regen Potion"],"campfire_rested":3,"item_purchase_floors":[5,14,14,38,41],"current_hp_per_floor":[58,51,50,50,50,50,23,42,42,37,37,33,35,35,35,23,58,55,55,55,57,38,38,34,34,34,3,25,25,17,14,36,14,61,58,58,60,60,62,53,53,53,53,53,70,70,71,73,73,42],"gold":216,"neow_bonus":"BOSS_RELIC","is_daily":false,"chose_seed":false,"campfire_upgraded":7,"win_rate":0.0,"timestamp":1609463511,"path_taken":["M","M","M","?","$","R","E","R","T","E","?","E","M","?","R","BOSS","M","?","?","M","?","R","?","R","T","E","R","?","M","M","R","BOSS","M","?","M","$","?","E","$","R","T","E","M","R","E","M","R","BOSS"],"items_purchased_type":["Relic","Card","Card","Relic","Potion"],"build_version":"2020-12-22","purchased_purges":1,"victory":true,"max_hp_per_floor":[66,66,66,66,66,66,66,66,66,66,66,68,70,70,70,70,70,70,70,72,74,74,74,74,74,74,76,76,76,76,76,76,76,76,78,78,80,80,82,84,84,84,84,84,86,86,88,90,90,90],"card_choices":[{"not_picked":["Outmaneuver","Blade Dance"],"picked":"Eviscerate","floor":1.0},{"not_picked":["Quick Slash","Slice"],"picked":"Caltrops","floor":2.0},{"not_picked":["Flying Knee","Tactician","Calculated Gamble"],"picked":"SKIP","floor":3.0},{"not_picked":["Caltrops","Blur"],"picked":"Poisoned Stab","floor":7.0},{"not_picked":["Glass Knife","PiercingWail"],"picked":"Bouncing Flask","floor":10.0},{"not_picked":["Setup","Dagger Throw","Prepared"],"picked":"Singing Bowl","floor":12.0},{"not_picked":["Quick Slash","Poisoned Stab","Outmaneuver"],"picked":"Singing Bowl","floor":13},{"not_picked":["Storm of Steel","Malaise"],"picked":"Wraith Form v2","floor":16},{"not_picked":["Backstab","Poisoned Stab"],"picked":"Crippling Poison","floor":18},{"not_picked":["Dodge and Roll","Outmaneuver","Dagger Throw"],"picked":"Singing Bowl","floor":20},{"not_picked":["Backflip","Cloak And Dagger+1","Acrobatics"],"picked":"Singing Bowl","floor":21},{"not_picked":["Concentrate+1","Tactician"],"picked":"Blur","floor":24},{"not_picked":["Heel Hook+1","Envenom","Infinite Blades"],"picked":"Singing Bowl","floor":27},{"not_picked":["PiercingWail","Bane"],"picked":"Backflip","floor":30},{"not_picked":["Prepared","Acrobatics"],"picked":"Backflip","floor":31},{"not_picked":["Glass Knife","A Thousand Cuts"],"picked":"Night Terror","floor":33},{"not_picked":["Deflect+1","Dodge and Roll","Slice"],"picked":"Singing Bowl","floor":35},{"not_picked":["PiercingWail","Dodge and Roll","Dagger Spray"],"picked":"Singing Bowl","floor":37},{"not_picked":["Panacea","Forethought","PanicButton"],"picked":"Singing Bowl","floor":39},{"not_picked":["A Thousand Cuts","Quick Slash","Well Laid Plans"],"picked":"Singing Bowl","floor":40},{"not_picked":["Dagger Spray+1","Heel Hook"],"picked":"Blur","floor":44},{"not_picked":["Skewer","Deadly Poison","Distraction"],"picked":"Singing Bowl","floor":45},{"not_picked":["Poisoned Stab","Blade Dance","Backstab+1"],"picked":"Singing Bowl","floor":47},{"not_picked":["Bane","Heel Hook","Outmaneuver"],"picked":"Singing Bowl","floor":48}],"player_experience":305331,"relics_obtained":[{"floor":7.0,"key":"Calipers"},{"floor":9.0,"key":"Singing Bowl"},{"floor":10.0,"key":"Pen Nib"},{"floor":12.0,"key":"Lantern"},{"floor":26,"key":"Gremlin Horn"},{"floor":27,"key":"Orichalcum"},{"floor":40,"key":"Vajra"},{"floor":43,"key":"MealTicket"},{"floor":44,"key":"MawBank"},{"floor":47,"key":"Paper Crane"}],"event_choices":[{"damage_healed":0.0,"max_hp_gain":0.0,"max_hp_loss":0.0,"gold_gain":150.0,"event_name":"Liars Game","player_choice":"AGREE","floor":4.0,"gold_loss":0.0,"damage_taken":0.0,"cards_obtained":["Doubt"]},{"damage_healed":0.0,"max_hp_gain":0.0,"max_hp_loss":0.0,"gold_gain":30.0,"event_name":"Dead Adventurer","player_choice":"Searched \u00272\u0027 times","floor":11.0,"gold_loss":0.0,"damage_taken":0.0},{"cards_removed":["Strike_G"],"damage_healed":0,"gold_gain":0,"player_choice":"Upgrade and Remove","damage_taken":0,"max_hp_gain":0,"max_hp_loss":0,"event_name":"Designer","floor":19,"gold_loss":110,"cards_upgraded":["Crippling Poison"]},{"damage_healed":0,"gold_gain":180,"player_choice":"GOLD GOLD ","damage_taken":19,"max_hp_gain":0,"max_hp_loss":0,"event_name":"Knowing Skull","floor":22,"potions_obtained":[],"gold_loss":0,"cards_obtained":[]},{"damage_healed":0,"gold_gain":0,"player_choice":"Ignored","damage_taken":0,"max_hp_gain":0,"max_hp_loss":0,"event_name":"Cursed Tome","floor":29,"gold_loss":0},{"cards_removed":["Strike_G"],"damage_healed":0,"gold_gain":0,"player_choice":"Removed Attack","damage_taken":0,"max_hp_gain":0,"max_hp_loss":0,"event_name":"Falling","floor":36,"gold_loss":0},{"damage_healed":0,"gold_gain":0,"player_choice":"Memory 1","damage_taken":0,"max_hp_gain":0,"max_hp_loss":0,"event_name":"SensoryStone","floor":39,"gold_loss":0}],"is_beta":false,"boss_relics":[{"not_picked":["Busted Crown","Runic Pyramid"],"picked":"Astrolabe"},{"not_picked":["Coffee Dripper","Philosopher\u0027s Stone"],"picked":"Snecko Eye"}],"items_purged_floors":[5],"is_endless":false,"potions_floor_spawned":[3,7,10,12,18,21,27,30,31,33,44,45,47],"ascension_level":18}}