{"host":"ezkqjaqywejtjag1","time":1609463815,"event":{"mods":["BaseMod","BetterRewards","Colored Map","Infinite Spire","Minty Spire (QoL Compilation)","Replay The Spire","StSLib"],"gold_per_floor":[109,109,109,129,129,129,151,184,184,212,212,212,245,245,245,374,437,477,477,500,547,345,345,345,374,374,374,299,338,338,191,191,294,294,329,329,397,397,397,429,453,481,530,556,583,583,606,636,636,674],"floor_reached":51,"playtime":2795,"items_purged":[],"score":991,"play_id":"e6fba3e5-1158-4058-9afe-d851b511dc90","local_time":"20201231201655","daily_mods":["Insanity","Specialized","Vintage","Heirloom"],"is_ascension_mode":false,"campfire_choices":[{"data":"Crystallizer","floor":6,"key":"SMITH"},{"data":"Hologram","floor":12,"key":"SMITH"},{"data":"Lockon","floor":15,"key":"SMITH"},{"data":"BasicCrystalCard","floor":23,"key":"SMITH"},{"data":"FIFO Queue","floor":27,"key":"SMITH"},{"data":"BasicCrystalCard","floor":32,"key":"SMITH"},{"data":"Transmutation","floor":46,"key":"SMITH"},{"data":"Replay:Dark Deal","floor":49,"key":"SMITH"}],"circlet_count":0,"master_deck":["Steam","Coolheaded","Conserve Battery","Steam","Go for the Eyes","Sweeping Beam","Rebound+1","Hologram+1","Beam Cell","ReplayGash","ReplayTheSpireMod:Reroute Power","Steam","Barrage","Hologram","BasicCrystalCard+1","Glacier","Go for the Eyes","Conserve Battery","Fusion","Auto Shields","Rebound","FIFO Queue+1","Compile Driver","Coolheaded","Compile Driver","Panic Button","Capacitor","BasicCrystalCard+1","Rebound","Cold Snap","Gash","Beam Cell","BootSequence","Gash","Panic Button","Crystallizer+1","Gash","Coolheaded","Leap","Rebound","Conserve Battery","Coolheaded","Gash","Storm","Lockon+1","Gash","White Noise+1","Glacier","Compile Driver","Recycle","Recycle","Recycle","Recycle","Recycle","ReplayTheSpireMod:Omega Cannon+1","Stack","Voices","Mirror Shield","Sickly","CommonCold","Normality","Barrage+1","ReplayTheSpireMod:Necrogeddon","Replay:Dark Deal+1","Transmutation+1"],"relics":["infinitespire:Golems Mask","Replay:Bandana","Iron Core","infinitespire:Lychee Nut","WarpedTongs","Replay:Bottled Flurry","Replay:Bottled Steam","StrikeDummy","Pantograph","Bloody Idol","Replay:Rubber Ducky","Singing Bowl","Tiny House","Darkstone Periapt","Divine Protection","Centennial Puzzle","TheAbacus","Ring of Shattering","Ring of Hypnosis","Quantum Egg","Replay:WaspNest","Smiling Mask","PreservedInsect","Replay:Ancient Bell","Orichalcum","Chameleon Ring","Unceasing Top","Mummified Hand","FossilizedHelix","Replay:Wax Seal","CeramicFish","Bronze Scales","Regal Pillow","Carrot","Omamori","Toy Ornithopter"],"acts_visited":["Exordium","TheCity","TheBeyond"],"potions_floor_usage":[33,50,50,50],"damage_taken":[{"damage":0,"enemies":"Jaw Worm","floor":1,"turns":2},{"damage":0,"enemies":"2 Louse","floor":4,"turns":3},{"damage":4,"enemies":"Cultist","floor":7,"turns":2},{"damage":0,"enemies":"Large Slime","floor":8,"turns":3},{"damage":0,"enemies":"Lots of Slimes","floor":10,"turns":4},{"damage":0,"enemies":"Blue Slaver","floor":13,"turns":2},{"damage":32,"enemies":"The Guardian","floor":16,"turns":7},{"damage":4,"enemies":"Spheric Guardian","floor":18,"turns":3},{"damage":3,"enemies":"2 Thieves","floor":20,"turns":4},{"damage":0,"enemies":"Centurion and Healer","floor":21,"turns":4},{"damage":0,"enemies":"Snake Plant","floor":25,"turns":4},{"damage":0,"enemies":"Shelled Parasite and Fungi","floor":29,"turns":4},{"damage":0,"enemies":"Automaton","floor":33,"turns":13},{"damage":0,"enemies":"3 Darklings","floor":35,"turns":2},{"damage":0,"enemies":"Mind Bloom Boss Battle","floor":37,"turns":5},{"damage":0,"enemies":"Orb Walker","floor":40,"turns":4},{"damage":0,"enemies":"4 Shapes","floor":41,"turns":7},{"damage":0,"enemies":"Jaw Worm Horde","floor":42,"turns":5},{"damage":0,"enemies":"Maw","floor":44,"turns":6},{"damage":0,"enemies":"Sphere and 2 Shapes","floor":47,"turns":8},{"damage":0,"enemies":"Writhing Mass","floor":48,"turns":3},{"damage":0,"enemies":"Awakened One","floor":50,"turns":12}],"seed_played":"-8577296202766206031","potions_obtained":[{"floor":8,"key":"Reflective Coating"},{"floor":13,"key":"AttackPotion"},{"floor":17,"key":"Milkshake"},{"floor":21,"key":"PotionOfCapacity"},{"floor":33,"key":"LiquidMemories"},{"floor":35,"key":"SteroidPotion"},{"floor":44,"key":"PotionOfCapacity"},{"floor":47,"key":"PowerPotion"}],"is_trial":true,"path_per_floor":["M","?","?","M","?","R","M","M","T","M","?","R","M","T","R","B",null,"M","?","M","M","$","R","?","M","T","R","?","M","?","$","R","B",null,"M","?","?","$","?","M","M","M","T","M","?","R","M","M","R","B",null],"character_chosen":"DEFECT","items_purchased":["TheAbacus","Stack","PreservedInsect"],"campfire_rested":0,"item_purchase_floors":[22,22,31],"current_hp_per_floor":[75,75,75,56,56,56,55,56,56,56,42,42,45,45,45,25,63,59,59,61,63,63,63,69,69,69,69,69,69,69,69,69,69,93,93,93,93,93,93,93,93,93,93,93,93,93,93,93,93,93],"gold":674,"neow_bonus":"","is_daily":false,"chose_seed":false,"campfire_upgraded":8,"win_rate":0.0,"timestamp":1609463815,"path_taken":["M","?","?","?","?","R","M","?","T","M","?","R","M","?","R","BOSS","M","?","M","?","$","R","?","M","T","R","?","M","?","?","R","BOSS","M","?","?","$","?","M","M","M","T","M","?","R","?","M","R","BOSS"],"items_purchased_type":["Relic","Card","Relic"],"build_version":"2020-12-22","purchased_purges":0,"victory":true,"max_hp_per_floor":[75,75,75,56,56,56,56,56,56,56,56,56,56,56,56,56,63,63,63,63,63,63,63,69,69,69,69,69,69,69,69,69,69,93,93,93,93,93,93,93,93,93,93,93,93,93,93,93,93,93],"card_choices":[{"not_picked":["Buffer","Hyperbeam"],"picked":"ReplayTheSpireMod:Omega Cannon","floor":16},{"not_picked":["Warcry","Body Slam","Clash"],"picked":"Singing Bowl","floor":17},{"not_picked":["Electrodynamics","Machine Learning"],"picked":"Mirror Shield","floor":33},{"not_picked":["Languid","Sickly","CommonCold"],"picked":"Singing Bowl","floor":34},{"not_picked":["CommonCold","Pain","ReplayTheSpireMod:Restless Dread"],"picked":"Singing Bowl","floor":34},{"not_picked":["Looming Evil","Normality","Hallucinations"],"picked":"Singing Bowl","floor":34},{"not_picked":["Fusion","Undo"],"picked":"Barrage+1","floor":37},{"not_picked":["Sadistic Nature","Enlightenment"],"picked":"ReplayTheSpireMod:Necrogeddon","floor":45},{"not_picked":["Purity","Deep Breath"],"picked":"Replay:Dark Deal","floor":45},{"not_picked":["Violence","Purity"],"picked":"Transmutation","floor":45}],"player_experience":181048,"relics_obtained":[{"floor":1,"key":"Replay:Bandana"},{"floor":4,"key":"infinitespire:Lychee Nut"},{"floor":7,"key":"Replay:Bottled Flurry"},{"floor":8,"key":"Replay:Bottled Steam"},{"floor":9,"key":"StrikeDummy"},{"floor":10,"key":"Pantograph"},{"floor":13,"key":"Replay:Rubber Ducky"},{"floor":14,"key":"Singing Bowl"},{"floor":18,"key":"Darkstone Periapt"},{"floor":20,"key":"Divine Protection"},{"floor":21,"key":"Centennial Puzzle"},{"floor":24,"key":"Ring of Shattering"},{"floor":24,"key":"Ring of Hypnosis"},{"floor":25,"key":"Quantum Egg"},{"floor":26,"key":"Replay:WaspNest"},{"floor":29,"key":"Smiling Mask"},{"floor":35,"key":"Mummified Hand"},{"floor":37,"key":"FossilizedHelix"},{"floor":40,"key":"Replay:Wax Seal"},{"floor":41,"key":"CeramicFish"},{"floor":42,"key":"Bronze Scales"},{"floor":43,"key":"Regal Pillow"},{"floor":44,"key":"Carrot"},{"floor":47,"key":"Omamori"},{"floor":48,"key":"Toy Ornithopter"}],"event_choices":[{"damage_healed":0,"gold_gain":0,"player_choice":"Upgraded","damage_taken":0,"max_hp_gain":0,"max_hp_loss":0,"event_name":"Upgrade Shrine","floor":3,"gold_loss":0,"cards_upgraded":["White Noise"]},{"damage_healed":0,"gold_gain":0,"player_choice":"Rummage","damage_taken":0,"relics_obtained":["WarpedTongs"],"max_hp_gain":0,"max_hp_loss":0,"event_name":"Accursed Blacksmith","floor":5,"gold_loss":0,"cards_obtained":["Pain"]},{"damage_healed":0,"gold_gain":0,"player_choice":"Take Damage","damage_taken":14,"relics_obtained":["Golden Idol"],"max_hp_gain":0,"max_hp_loss":0,"event_name":"Golden Idol","floor":11,"gold_loss":0},{"damage_healed":0,"gold_gain":0,"player_choice":"Upgraded","damage_taken":0,"max_hp_gain":0,"max_hp_loss":0,"event_name":"Upgrade Shrine","floor":19,"gold_loss":0,"cards_upgraded":["ReplayTheSpireMod:Omega Cannon"]},{"cards_removed":["Pain"],"damage_healed":0,"gold_gain":0,"player_choice":"Gave Gold","damage_taken":0,"max_hp_gain":0,"max_hp_loss":0,"event_name":"Beggar","floor":28,"gold_loss":75},{"damage_healed":0,"gold_gain":0,"player_choice":"Gave Idol","damage_taken":0,"relics_obtained":["Bloody Idol"],"max_hp_gain":0,"max_hp_loss":0,"event_name":"Forgotten Altar","floor":30,"relics_lost":["Golden Idol"],"gold_loss":0},{"damage_healed":0,"gold_gain":0,"player_choice":"Ignored","damage_taken":0,"max_hp_gain":0,"max_hp_loss":0,"event_name":"Tomb of Lord Red Mask","floor":36,"gold_loss":0},{"damage_healed":0,"gold_gain":0,"player_choice":"Fight","damage_taken":0,"max_hp_gain":0,"max_hp_loss":0,"event_name":"MindBloom","floor":37,"gold_loss":0},{"cards_removed":["Cold Snap"],"damage_healed":0,"gold_gain":0,"player_choice":"Removed Attack","damage_taken":0,"max_hp_gain":0,"max_hp_loss":0,"event_name":"Falling","floor":39,"gold_loss":0},{"damage_healed":0,"gold_gain":0,"player_choice":"Memory 3","damage_taken":10,"max_hp_gain":0,"max_hp_loss":0,"event_name":"SensoryStone","floor":45,"gold_loss":0}],"is_beta":false,"boss_relics":[{"not_picked":["Replay:Grab Bag","SacredBark"],"picked":"Tiny House"},{"not_picked":["Runic Dome","Kintsugi"],"picked":"Replay:Ancient Bell"},{"not_picked":["Pet Ghost","Blue Doll"],"picked":"Orichalcum"},{"not_picked":["ReplayTheSpireMod:Ninjato","The Courier"],"picked":"Chameleon Ring"},{"not_picked":["TungstenRod","Lizard Tail"],"picked":"Unceasing Top"}],"items_purged_floors":[],"is_endless":false,"potions_floor_spawned":[8,13,21,29,33,35,42,44,47],"ascension_level":0}}