{"host":"j0vzbnzm6n2ctevn","time":1609498920,"event":{"mods":["AchievementEnabler","BaseMod","Minty Spire (QoL Compilation)","Quick Restart","Shop Mod","Spicy Shops","StSLib"],"gold_per_floor":[118,118,137,137,155,184,184,217,290,290,306,306,325,345,345,440,440,454,454,44,44,54,54,54,88,88,88,88],"floor_reached":27,"playtime":1048,"items_purged":["Strike_G"],"score":289,"play_id":"288d27f6-5716-4919-af96-09650ca8979d","local_time":"20210101190200","is_ascension_mode":true,"campfire_choices":[{"floor":7.0,"key":"REST"},{"data":"Catalyst","floor":10.0,"key":"SMITH"},{"floor":15.0,"key":"REST"},{"data":"Poisoned Stab","floor":23,"key":"SMITH"}],"circlet_count":0,"master_deck":["Defend_G","Defend_G","Survivor","Neutralize","Distraction","Distraction","Catalyst+1","Envenom","Escape Plan","Backstab","Night Terror","Die Die Die","Backstab","Poisoned Stab+1","Malaise","Calculated Gamble+1"],"relics":["Velvet Choker","Dead Branch","Happy Flower","Letter Opener","Empty Cage","Boot","ClockworkSouvenir","Regal Pillow","Mummified Hand"],"acts_visited":["Exordium","TheCity"],"potions_floor_usage":[22],"damage_taken":[{"damage":0.0,"enemies":"Jaw Worm","floor":1.0,"turns":4.0},{"damage":6.0,"enemies":"2 Louse","floor":3.0,"turns":3.0},{"damage":0.0,"enemies":"Cultist","floor":5.0,"turns":4.0},{"damage":34.0,"enemies":"Gremlin Nob","floor":6.0,"turns":5.0},{"damage":10.0,"enemies":"Lagavulin","floor":8.0,"turns":4.0},{"damage":8.0,"enemies":"Looter","floor":11.0,"turns":3.0},{"damage":20.0,"enemies":"Gremlin Gang","floor":13.0,"turns":4.0},{"damage":7.0,"enemies":"2 Fungi Beasts","floor":14.0,"turns":3.0},{"damage":2.0,"enemies":"The Guardian","floor":16.0,"turns":8.0},{"damage":12.0,"enemies":"3 Byrds","floor":18.0,"turns":4.0},{"damage":13,"enemies":"Spheric Guardian","floor":22,"turns":4},{"damage":27,"enemies":"Gremlin Leader","floor":25,"turns":4},{"damage":3,"enemies":"Centurion and Healer","floor":27,"turns":2}],"seed_played":"-220880007116523999","potions_obtained":[{"floor":5.0,"key":"LiquidMemories"},{"floor":6.0,"key":"AttackPotion"},{"floor":11.0,"key":"DistilledChaos"},{"floor":12.0,"key":"SmokeBomb"},{"floor":12.0,"key":"AttackPotion"},{"floor":14.0,"key":"Poison Potion"},{"floor":25,"key":"Explosive Potion"}],"is_trial":false,"path_per_floor":["M","?","M","?","M","E","R","E","T","R","M","?","M","M","R","B",null,"M","?","$","?","M","R","$","E","T","M"],"character_chosen":"THE_SILENT","items_purchased":["Poisoned Stab","Boot","ClockworkSouvenir","Malaise"],"campfire_rested":2,"item_purchase_floors":[20,20,20,20],"current_hp_per_floor":[70,70,64,64,64,30,51,41,41,41,33,33,13,6,27,25,70,58,58,58,58,45,45,45,18,18,15,15],"gold":88,"neow_bonus":"BOSS_RELIC","is_daily":false,"chose_seed":false,"campfire_upgraded":2,"win_rate":0.0,"timestamp":1609498920,"path_taken":["M","?","M","?","?","E","R","E","T","R","M","?","?","M","R","BOSS","M","?","$","?","M","R","?","E","T","M"],"items_purchased_type":["Card","Relic","Relic","Card"],"build_version":"2020-12-22","purchased_purges":1,"victory":false,"max_hp_per_floor":[70,70,70,70,70,70,70,70,70,70,70,70,70,70,70,70,70,70,70,70,70,70,70,70,70,70,70,70],"card_choices":[{"not_picked":["Blade Dance","Flechettes","Sucker Punch"],"picked":"SKIP","floor":1.0},{"not_picked":["Cloak And Dagger","Bane"],"picked":"Distraction","floor":3.0},{"not_picked":["Flechettes","Accuracy"],"picked":"Distraction","floor":5.0},{"not_picked":["Concentrate","Deflect"],"picked":"Catalyst","floor":6.0},{"not_picked":["Accuracy","Finisher"],"picked":"Envenom","floor":8.0},{"not_picked":["Blade Dance","Terror"],"picked":"Escape Plan","floor":11.0},{"not_picked":["Eviscerate","Underhanded Strike","Bane"],"picked":"SKIP","floor":13.0},{"not_picked":["Setup","Expertise"],"picked":"Backstab","floor":14.0},{"not_picked":["Envenom","Unload"],"picked":"Night Terror","floor":16.0},{"not_picked":["Cloak And Dagger","Quick Slash","Dodge and Roll"],"picked":"SKIP","floor":18.0},{"not_picked":["Bane","Setup"],"picked":"Calculated Gamble+1","floor":22},{"not_picked":["Infinite Blades","PiercingWail","Endless Agony"],"picked":"SKIP","floor":25}],"player_experience":96427,"relics_obtained":[{"floor":6.0,"key":"Dead Branch"},{"floor":8.0,"key":"Happy Flower"},{"floor":9.0,"key":"Letter Opener"},{"floor":25,"key":"Regal Pillow"},{"floor":26,"key":"Mummified Hand"}],"event_choices":[{"cards_removed":["Defend_G"],"damage_healed":0.0,"max_hp_gain":0.0,"max_hp_loss":0.0,"gold_gain":0.0,"event_name":"Living Wall","player_choice":"Forget","floor":2.0,"gold_loss":0.0,"damage_taken":0.0},{"cards_removed":["Defend_G"],"damage_healed":0.0,"max_hp_gain":0.0,"max_hp_loss":0.0,"gold_gain":0.0,"event_name":"Wheel of Change","player_choice":"Card Removal","floor":4.0,"gold_loss":0.0,"damage_taken":0.0},{"damage_healed":0.0,"max_hp_gain":0.0,"max_hp_loss":0.0,"gold_gain":0.0,"event_name":"Lab","player_choice":"Got Potions","floor":12.0,"gold_loss":0.0,"damage_taken":0.0},{"damage_healed":0.0,"max_hp_gain":0.0,"max_hp_loss":0.0,"gold_gain":0.0,"cards_transformed":["Strike_G","Strike_G"],"event_name":"Drug Dealer","player_choice":"Became Test Subject","floor":19.0,"gold_loss":0.0,"damage_taken":0.0,"cards_obtained":["Die Die Die","Backstab"]},{"cards_removed":["Defend_G"],"damage_healed":0.0,"max_hp_gain":0.0,"max_hp_loss":0.0,"gold_gain":0.0,"event_name":"Back to Basics","player_choice":"Elegance","floor":21.0,"gold_loss":0.0,"damage_taken":0.0}],"is_beta":false,"boss_relics":[{"not_picked":["SacredBark","HoveringKite"],"picked":"Empty Cage"}],"items_purged_floors":[20],"is_endless":false,"potions_floor_spawned":[5,6,11,13,14,25],"killed_by":"Centurion and Healer","ascension_level":4}}