{"host":"0jile2yd1dg679g0","time":1609469342,"event":{"mods":["AchievementEnabler","Act Like it!","BaseMod","Better Third Choice","Colored Map","Colored Powertips","Gensokyo","Hermit","Luminous","Marisa????????","Minty Spire (QoL Compilation)","Random Character Button","Spicy Shops","StSLib","The Servant 0.9.4","Transform Curses","Waifu the Spire"],"gold_per_floor":[115,115,128,141,60,60,86,86,137,169,188,204,28,103,103,203,203,214,228,246,101,101,101,134,134,204,204,22,22,68,85,85,183,183,194,1193,1193,317,330,344,344,21,21,21,31,50,11,21,21,21],"floor_reached":51,"playtime":3955,"items_purged":["Normality","Normality"],"score":775,"play_id":"b5c9fd77-e187-4804-9483-7d58fc563bf9","local_time":"20201231214902","is_ascension_mode":true,"campfire_choices":[{"data":"Flame Barrier","floor":6.0,"key":"SMITH"},{"data":"Double Tap","floor":8.0,"key":"SMITH"},{"floor":15,"key":"REST"},{"data":"Perfected Strike","floor":23,"key":"SMITH"},{"floor":32,"key":"REST"},{"data":"Apotheosis","floor":41,"key":"SMITH"},{"floor":49,"key":"REST"}],"circlet_count":0,"master_deck":["Strike_R+1","Strike_R+1","Strike_R+1","Strike_R+1","Strike_R+1","Defend_R+1","Defend_R+1","Defend_R+1","Defend_R+1","Bash","Barricade+1","Thunderclap","Intimidate","Flame Barrier+1","Double Tap+1","Thunderclap","Ghostly Armor","Perfected Strike+1","Intimidate","Metallicize","Immolate","Metallicize","Wild Strike","Seeing Red+1","Wild Strike","Apotheosis+1","Shrug It Off+1","Reaper","Pommel Strike+1","Wild Strike+1","Seeing Red"],"relics":["Burning Blood","Pen Nib","Red Skull","Centennial Puzzle","Strawberry","Velvet Choker","Medical Kit","Ice Cream","Bottled Lightning","Bronze Scales","Black Star","Magic Flower","Self Forming Clay","Eternal Feather","Membership Card","Orichalcum","Bag of Preparation","Toy Ornithopter"],"acts_visited":["Exordium","TheCity","TheBeyond"],"potions_floor_usage":[24,27,31,31,35,50],"damage_taken":[{"damage":10.0,"enemies":"2 Louse","floor":1.0,"turns":3.0},{"damage":1.0,"enemies":"Cultist","floor":3.0,"turns":3.0},{"damage":7.0,"enemies":"Small Slimes","floor":4.0,"turns":5.0},{"damage":43.0,"enemies":"Gremlin Nob","floor":7.0,"turns":6.0},{"damage":20.0,"enemies":"3 Sentries","floor":10.0,"turns":7.0},{"damage":1.0,"enemies":"2 Fungi Beasts","floor":11.0,"turns":3.0},{"damage":4.0,"enemies":"3 Louse","floor":12.0,"turns":3.0},{"damage":17,"enemies":"Hexaghost","floor":16,"turns":10},{"damage":0,"enemies":"Chosen","floor":18,"turns":5},{"damage":9,"enemies":"Shell Parasite","floor":19,"turns":6},{"damage":9,"enemies":"Cultist and Chosen","floor":20,"turns":6},{"damage":28,"enemies":"Slavers","floor":24,"turns":2},{"damage":6,"enemies":"Colosseum Slavers","floor":27,"turns":3},{"damage":13,"enemies":"Snake Plant","floor":31,"turns":2},{"damage":43,"enemies":"Champ","floor":33,"turns":11},{"damage":22,"enemies":"3 Darklings","floor":35,"turns":5},{"damage":11,"enemies":"3 Shapes","floor":39,"turns":5},{"damage":44,"enemies":"Sphere and 2 Shapes","floor":40,"turns":6},{"damage":26,"enemies":"Jaw Worm Horde","floor":45,"turns":2},{"damage":28,"enemies":"Writhing Mass","floor":46,"turns":8},{"damage":0,"enemies":"Sphere and 2 Shapes","floor":48,"turns":1},{"damage":82,"enemies":"Awakened One","floor":50,"turns":13}],"seed_played":"8628392717826170802","potions_obtained":[{"floor":1.0,"key":"EntropicBrew"},{"floor":3.0,"key":"BlessingOfTheForge"},{"floor":7.0,"key":"Swift Potion"},{"floor":12.0,"key":"Explosive Potion"},{"floor":16,"key":"Fire Potion"},{"floor":19,"key":"Regen Potion"},{"floor":40,"key":"ElixirPotion"},{"floor":44,"key":"FairyPotion"},{"floor":44,"key":"DuplicationPotion"},{"floor":45,"key":"FairyPotion"}],"is_trial":false,"path_per_floor":["M","?","M","M","$","R","E","R","T","E","M","M","$","?","R","B",null,"M","M","M","$","?","R","E","?","T","?","$","?","T","M","R","B",null,"M","?","?","$","M","M","R","$","T","?","M","M","$","M","R","B",null],"character_chosen":"IRONCLAD","items_purchased":["Double Tap","Strawberry","Metallicize","Medical Kit","Apotheosis","Magic Flower","Self Forming Clay","Eternal Feather","Membership Card","Orichalcum","Toy Ornithopter"],"campfire_rested":3,"item_purchase_floors":[5,13,13,21,28,38,38,38,42,42,47],"current_hp_per_floor":[68,68,72,71,71,71,34,34,34,20,25,27,34,23,46,35,79,79,76,73,73,58,58,41,41,41,41,41,41,41,34,59,22,84,81,81,81,81,79,50,68,68,68,68,51,34,34,43,84,31],"gold":21,"neow_bonus":"THREE_RARE_CARDS","is_daily":false,"chose_seed":false,"campfire_upgraded":4,"win_rate":0.0,"timestamp":1609469342,"path_taken":["M","?","M","M","$","R","E","R","T","E","?","M","$","?","R","BOSS","M","M","M","$","?","R","E","?","T","?","$","?","?","?","R","BOSS","M","?","?","?","M","M","R","$","T","?","M","M","$","?","R","BOSS"],"items_purchased_type":["Card","Relic","Card","Relic","Card","Relic","Relic","Relic","Relic","Relic","Relic"],"build_version":"2020-12-22","purchased_purges":2,"victory":true,"max_hp_per_floor":[72,72,72,72,72,72,72,72,72,72,72,72,79,79,79,79,79,79,79,79,79,84,84,84,84,84,84,84,84,84,84,84,84,84,84,84,84,84,84,84,84,84,84,84,84,84,84,84,84,84],"card_choices":[{"not_picked":["Reaper","Double Tap"],"picked":"Barricade","floor":0.0},{"not_picked":["Feel No Pain","Wild Strike"],"picked":"Thunderclap","floor":1.0},{"not_picked":["Warcry","Wild Strike"],"picked":"Intimidate","floor":3.0},{"not_picked":["Sever Soul","Iron Wave"],"picked":"Flame Barrier","floor":4.0},{"not_picked":["Fiend Fire","Heavy Blade"],"picked":"Thunderclap","floor":7.0},{"not_picked":["Feed","Pommel Strike"],"picked":"Ghostly Armor","floor":10.0},{"not_picked":["Evolve","Power Through"],"picked":"Perfected Strike","floor":11.0},{"not_picked":["Bloodletting","Warcry"],"picked":"Intimidate","floor":12.0},{"not_picked":["Exhume","Offering"],"picked":"Immolate","floor":16},{"not_picked":["Havoc","Bloodletting+1"],"picked":"Metallicize","floor":18},{"not_picked":["Anger","Feel No Pain"],"picked":"Wild Strike","floor":19},{"not_picked":["Warcry","Heavy Blade"],"picked":"Seeing Red+1","floor":20},{"not_picked":["Dropkick","Clash"],"picked":"Wild Strike","floor":24},{"not_picked":["Anger+1","Blood for Blood"],"picked":"Shrug It Off+1","floor":31},{"not_picked":["Berserk","Limit Break"],"picked":"Reaper","floor":33},{"not_picked":["Battle Trance","Pummel+1"],"picked":"Pommel Strike+1","floor":35},{"not_picked":["Warcry","Clothesline+1"],"picked":"Wild Strike+1","floor":39},{"not_picked":["Dual Wield+1","Heavy Blade+1","Body Slam"],"picked":"SKIP","floor":40},{"not_picked":["Hemokinesis+1","Clothesline+1","Corruption"],"picked":"SKIP","floor":45},{"not_picked":["Whirlwind+1","Body Slam"],"picked":"Seeing Red","floor":46},{"not_picked":["Clash","Twin Strike+1","True Grit+1"],"picked":"SKIP","floor":48}],"player_experience":221919,"relics_obtained":[{"floor":7.0,"key":"Pen Nib"},{"floor":9.0,"key":"Red Skull"},{"floor":10.0,"key":"Centennial Puzzle"},{"floor":24,"key":"Ice Cream"},{"floor":26,"key":"Bottled Lightning"},{"floor":30,"key":"Bronze Scales"},{"floor":43,"key":"Bag of Preparation"}],"event_choices":[{"damage_healed":0.0,"max_hp_gain":0.0,"max_hp_loss":0.0,"gold_gain":0.0,"event_name":"Upgrade Shrine","player_choice":"Upgraded","floor":2.0,"gold_loss":0.0,"damage_taken":0.0,"cards_upgraded":["Barricade"]},{"damage_healed":0,"gold_gain":75,"player_choice":"Gold","damage_taken":11,"max_hp_gain":0,"max_hp_loss":0,"event_name":"betterThird:BetterGoop","floor":14,"gold_loss":0},{"damage_healed":0,"gold_gain":0,"player_choice":"Shed Blood","damage_taken":20,"max_hp_gain":5,"max_hp_loss":0,"event_name":"Forgotten Altar","floor":22,"gold_loss":0},{"damage_healed":0,"gold_gain":0,"player_choice":"Ignored","damage_taken":0,"max_hp_gain":0,"max_hp_loss":0,"event_name":"Ghosts","floor":25,"gold_loss":0},{"damage_healed":0,"gold_gain":0,"player_choice":"Fight","damage_taken":0,"max_hp_gain":0,"max_hp_loss":0,"event_name":"Colosseum","floor":27,"gold_loss":0},{"damage_healed":0,"gold_gain":0,"player_choice":"Fled From Nobs","damage_taken":0,"max_hp_gain":0,"max_hp_loss":0,"event_name":"Colosseum","floor":27,"gold_loss":0},{"damage_healed":0,"gold_gain":0,"player_choice":"Simplicity","damage_taken":0,"max_hp_gain":0,"max_hp_loss":9,"event_name":"betterThird:BetterWriting","floor":29,"gold_loss":0},{"damage_healed":0,"gold_gain":999,"player_choice":"Gold","damage_taken":0,"max_hp_gain":0,"max_hp_loss":0,"event_name":"MindBloom","floor":36,"gold_loss":0,"cards_obtained":["Normality","Normality"]},{"damage_healed":0,"gold_gain":0,"player_choice":"Ignored","damage_taken":0,"max_hp_gain":0,"max_hp_loss":0,"event_name":"Tomb of Lord Red Mask","floor":37,"gold_loss":0},{"damage_healed":0,"gold_gain":0,"player_choice":"Got Potions","damage_taken":0,"max_hp_gain":0,"max_hp_loss":0,"event_name":"Lab","floor":44,"gold_loss":0}],"is_beta":false,"boss_relics":[{"not_picked":["Coffee Dripper","Pandora\u0027s Box"],"picked":"Velvet Choker"},{"not_picked":["Empty Cage","Snecko Eye"],"picked":"Black Star"}],"items_purged_floors":[38,42],"is_endless":false,"potions_floor_spawned":[1,3,7,12,16,19,40,45,48],"ascension_level":4}}