{"host":"q1ejl7hv5l3527la","time":1609468396,"event":{"mods":["Aspiration","Bard","BaseMod","Better Third Choice","Colored Powertips","Downfall","Energized Spire","Hermit","Highlight Path","Hubris","Infinite Spire","Minty Spire (QoL Compilation)","Replay The Spire","Shop Mod","StSLib","The Bladedancer","The Cursed","The Forsaken","The Juggle","The Jungle","The Runesmith"],"gold_per_floor":[117,217,231,248,259,259,285,56,81,98,7,7,7,7,7,111,111,130,25,45,62,62,90,90,119,173,173,208,208,208,208,208,218,218,318,318,331,331,348,0,10,10,44,44,118,118,131,142,158,177,177,177,177],"floor_reached":52,"playtime":10815,"items_purged":[],"score":592,"play_id":"afecc3d8-8e49-464e-88ad-bf1ee192ebfd","local_time":"20201231203316","is_ascension_mode":false,"campfire_choices":[{"floor":6,"key":"REST"},{"floor":12,"key":"REST"},{"floor":15,"key":"REST"},{"floor":24,"key":"REST"},{"floor":27,"key":"REST"},{"floor":29,"key":"REST"},{"floor":32,"key":"REST"},{"floor":34,"key":"REST"},{"floor":42,"key":"REST"},{"floor":44,"key":"REST"},{"data":"theForsaken:HealingLight","floor":51,"key":"SMITH"}],"circlet_count":0,"master_deck":["theForsaken:TheForsaken_Strike","theForsaken:TheForsaken_Strike","theForsaken:TheForsaken_Strike","theForsaken:TheForsaken_Strike","theForsaken:TheForsaken_Defend","theForsaken:TheForsaken_Defend","theForsaken:TheForsaken_Defend","theForsaken:TheForsaken_Defend","theForsaken:Smite","theForsaken:Penitence","theForsaken:ShieldBash","theForsaken:DarkBargain","theForsaken:Backlash","theForsaken:DarkBargain","theForsaken:Eulogy","theForsaken:InspiringBlow","theForsaken:RainingSunlight","Trip","theForsaken:RainingSunlight+1","theForsaken:HymnOfPatience","theForsaken:SiphonStrike","theForsaken:Backlash","theForsaken:DarkRift","theForsaken:SpreadingPlague+1","theForsaken:LightRoll+1","theForsaken:Bolster","theForsaken:Bolster+1","theForsaken:HymnOfPatience","theForsaken:SpinAttack+1","theForsaken:Thunderbolt","theForsaken:Thunderbolt","theForsaken:ShieldBash","ReplayTheSpireMod:Black Plague","theForsaken:HorrifyingStrike","theForsaken:Parry","theForsaken:SpreadingPlague","theForsaken:ShieldBash","theForsaken:HealingLight+1","theForsaken:Preservation+1","theForsaken:QuickAttack","Parasite","theForsaken:ShieldBash+1","theForsaken:ShieldCharge","theForsaken:DefensiveStance","Parasite","theForsaken:FuryStrikes+1"],"relics":["theForsaken:JudgementScales","NeowsBlessing","Shuriken","Centennial Puzzle","Honey Jar","Simple Rune","Pet Ghost","ReplayTheSpireMod:Ninjato","Gremlin Food","Runesmith:AutoHammer","Black Star","Ginger","Red Mask","Bag of Marbles","hubris:CrystalStatue","hubris:PeanutButter"],"acts_visited":["Exordium","TheCity","TheBeyond"],"potions_floor_usage":[18,18,20,25,48,52,52],"damage_taken":[{"damage":0,"enemies":"Jaw Worm","floor":1,"turns":1},{"damage":0,"enemies":"infinitespire:Voidling","floor":3,"turns":1},{"damage":0,"enemies":"Cultist","floor":4,"turns":1},{"damage":26,"enemies":"Red Slaver","floor":5,"turns":5},{"damage":40,"enemies":"3 Sentries","floor":7,"turns":14},{"damage":5,"enemies":"Looter","floor":10,"turns":3},{"damage":34,"enemies":"Fading Forest","floor":16,"turns":11},{"damage":4,"enemies":"Shell Parasite","floor":18,"turns":7},{"damage":29,"enemies":"2 Thieves","floor":20,"turns":3},{"damage":63,"enemies":"Chosen and Byrds","floor":21,"turns":7},{"damage":4,"enemies":"Gremlin Leader","floor":23,"turns":2},{"damage":22,"enemies":"Book of Stabbing","floor":25,"turns":6},{"damage":16,"enemies":"Nightmare","floor":28,"turns":10},{"damage":15,"enemies":"Sentry and Sphere","floor":33,"turns":6},{"damage":36,"enemies":"hubris:MusketHawk","floor":35,"turns":9},{"damage":33,"enemies":"3 Shapes","floor":37,"turns":10},{"damage":13,"enemies":"Orb Walker","floor":39,"turns":6},{"damage":17,"enemies":"4 Shapes","floor":41,"turns":11},{"damage":11,"enemies":"Nemesis","floor":43,"turns":9},{"damage":12,"enemies":"Writhing Mass","floor":47,"turns":7},{"damage":5,"enemies":"Maw","floor":48,"turns":8},{"damage":4,"enemies":"Sphere and 2 Shapes","floor":49,"turns":7},{"damage":10,"enemies":"Writhing Mass","floor":50,"turns":9},{"damage":104,"enemies":"hubris:GrandSnecko","floor":52,"turns":12}],"seed_played":"7986072446719520829","potions_obtained":[{"floor":4,"key":"SkillPotion"},{"floor":7,"key":"PowerPotion"},{"floor":16,"key":"Death Potion"},{"floor":18,"key":"Ancient Potion"},{"floor":21,"key":"Strength Potion"},{"floor":35,"key":"ColorlessPotion"},{"floor":37,"key":"Energy Potion"},{"floor":47,"key":"FearPotion"},{"floor":48,"key":"Dexterity Potion"}],"is_trial":false,"path_per_floor":["M","?","M","M","M","R","E","$","T","M","$","R","$","?","R","B",null,"M","$","M","M","AVR","E","R","E","T","R","NM","R","PTL","PTL","R","M","R","B",null,"M","AVR","M","?","M","R","E","R","T","?","M","M","M","M","R","B"],"character_chosen":"THE_FORSAKEN","items_purchased":["theForsaken:Eulogy","theForsaken:InspiringBlow","theForsaken:RainingSunlight","Trip","theForsaken:HymnOfPatience","theForsaken:SiphonStrike","theForsaken:Bolster","theForsaken:HymnOfPatience"],"campfire_rested":10,"item_purchase_floors":[8,8,8,8,11,11,19,19],"current_hp_per_floor":[65,65,65,65,41,60,26,26,26,23,23,42,42,42,61,65,65,61,61,37,9,9,5,24,2,2,21,8,27,27,27,46,36,55,19,65,32,32,19,19,35,54,43,62,62,65,60,63,59,65,65,0,0],"gold":177,"neow_bonus":"THREE_ENEMY_KILL","is_daily":false,"chose_seed":false,"campfire_upgraded":1,"win_rate":0.0,"timestamp":1609468396,"path_taken":["M","?","?","?","M","R","E","$","T","M","?","R","$","?","R","BOSS","M","?","M","M","AVR","E","R","E","T","R","NM","R","PTL","PTL","R","M","R","BOSS","M","AVR","M","?","M","R","E","R","T","?","M","M","?","M","R","BOSS"],"items_purchased_type":["Card","Card","Card","Card","Card","Card","Card","Card"],"build_version":"2020-12-22","purchased_purges":0,"victory":false,"max_hp_per_floor":[65,65,65,65,65,65,65,65,65,65,65,65,65,65,65,65,65,65,65,65,65,65,65,65,65,65,65,65,65,65,65,65,65,65,65,65,65,65,65,65,65,65,65,65,65,65,65,65,65,65,65,65,65],"card_choices":[{"not_picked":["theForsaken:WordsOfMight","theForsaken:PanicDive"],"picked":"theForsaken:ShieldBash","floor":1},{"not_picked":["theForsaken:DarkBarrier","theForsaken:PanicDive"],"picked":"theForsaken:DarkBargain","floor":3},{"not_picked":["theForsaken:CreepingInfection","theForsaken:ChargeAttack"],"picked":"theForsaken:Backlash","floor":4},{"not_picked":["theForsaken:PanicDive","theForsaken:Backlash"],"picked":"theForsaken:DarkBargain","floor":5},{"not_picked":["theForsaken:NobleSacrifice","theForsaken:BottledPlague"],"picked":"theForsaken:ScorchingSunlight","floor":7},{"not_picked":["theForsaken:DefensiveStance","theForsaken:BlindFaith"],"picked":"theForsaken:RainingSunlight","floor":10},{"not_picked":["theForsaken:DivineGuidance","theForsaken:TearsOfSunlight"],"picked":"theForsaken:SpreadingPlague","floor":16},{"not_picked":["theForsaken:BlindFaith","theForsaken:StoreUp","theForsaken:WordsOfMight"],"picked":"theForsaken:LightRoll","floor":18},{"not_picked":["theForsaken:DarkBarrier","theForsaken:PanicDive","theForsaken:BottledPlague"],"picked":"theForsaken:SpinAttack+1","floor":20},{"not_picked":["theForsaken:WordsOfPestilence","theForsaken:BindingThorns","theForsaken:FatRoll"],"picked":"theForsaken:Thunderbolt","floor":21},{"not_picked":["theForsaken:WordOfPower","theForsaken:NobleSacrifice","theForsaken:CreepingInfection"],"picked":"theForsaken:Thunderbolt","floor":23},{"not_picked":["theForsaken:ChargeAttack+1","theForsaken:CreepingInfection","theForsaken:Backlash"],"picked":"theForsaken:ShieldBash","floor":25},{"not_picked":["Replay:Fractal Strike","infinitespire:NeuralNetwork"],"picked":"ReplayTheSpireMod:Black Plague","floor":28},{"not_picked":["theForsaken:WordsOfMight+1","theForsaken:DarkRift","theForsaken:CreepingInfection"],"picked":"theForsaken:HorrifyingStrike","floor":28},{"not_picked":["theForsaken:FuryStrikes","theForsaken:PanicDive","theForsaken:BlessedWeapon"],"picked":"theForsaken:Parry","floor":33},{"not_picked":["theForsaken:SacrificeSoul","theForsaken:Mantra","theForsaken:Purification"],"picked":"theForsaken:SpreadingPlague","floor":35},{"not_picked":["theForsaken:HorrifyingStrike+1","theForsaken:HymnOfPatience","theForsaken:StoreUp+1"],"picked":"theForsaken:ShieldBash","floor":37},{"not_picked":["theForsaken:Backlash+1","theForsaken:PowerUp+1","theForsaken:HymnOfRest+1"],"picked":"theForsaken:HealingLight","floor":39},{"not_picked":["theForsaken:DarkBarrier+1","theForsaken:StoreUp","theForsaken:Thunderbolt+1"],"picked":"theForsaken:Preservation+1","floor":41},{"not_picked":["theForsaken:HorrifyingStrike+1","theForsaken:Backlash","theForsaken:Enfeeble+1"],"picked":"theForsaken:QuickAttack","floor":43},{"not_picked":["theForsaken:Terrorize+1","theForsaken:SolarFlare","theForsaken:RainingSunlight"],"picked":"theForsaken:ShieldBash+1","floor":47},{"not_picked":["theForsaken:Purification","theForsaken:BlightOfFamine+1","theForsaken:ScorchingSunlight+1"],"picked":"theForsaken:ShieldCharge","floor":48},{"not_picked":["theForsaken:ChargeAttack","theForsaken:Terrorize+1","theForsaken:Preservation"],"picked":"theForsaken:DefensiveStance","floor":49},{"not_picked":["theForsaken:Thunderbolt","theForsaken:ChargeAttack+1","theForsaken:BindingThorns+1"],"picked":"theForsaken:FuryStrikes+1","floor":50}],"player_experience":36930,"relics_obtained":[{"floor":7,"key":"Shuriken"},{"floor":9,"key":"Centennial Puzzle"},{"floor":23,"key":"Pet Ghost"},{"floor":25,"key":"ReplayTheSpireMod:Ninjato"},{"floor":26,"key":"Gremlin Food"},{"floor":28,"key":"Runesmith:AutoHammer"},{"floor":43,"key":"Bag of Marbles"},{"floor":43,"key":"hubris:CrystalStatue"},{"floor":45,"key":"hubris:PeanutButter"}],"event_choices":[{"damage_healed":0,"gold_gain":100,"player_choice":"Pray","damage_taken":0,"max_hp_gain":0,"max_hp_loss":0,"event_name":"Golden Shrine","floor":2,"gold_loss":0},{"damage_healed":0,"gold_gain":0,"player_choice":"2 cards matched","damage_taken":0,"max_hp_gain":0,"max_hp_loss":0,"event_name":"Match and Keep!","floor":14,"gold_loss":0,"cards_obtained":["theForsaken:Backlash","theForsaken:DarkRift"]},{"damage_healed":0,"gold_gain":0,"player_choice":"Paid","damage_taken":0,"relics_obtained":["Red Mask"],"max_hp_gain":0,"max_hp_loss":0,"event_name":"Tomb of Lord Red Mask","floor":40,"gold_loss":348},{"cards_removed":["theForsaken:ScorchingSunlight"],"damage_healed":5,"gold_gain":0,"player_choice":"Offered Common","damage_taken":0,"max_hp_gain":0,"max_hp_loss":0,"event_name":"Bonfire Elementals","floor":46,"gold_loss":0},{"cards_removed":["theForsaken:ScorchingSunlight"],"damage_healed":5,"gold_gain":0,"player_choice":"Offered Special","damage_taken":0,"max_hp_gain":0,"max_hp_loss":0,"event_name":"Bonfire Elementals","floor":46,"gold_loss":0}],"is_beta":false,"boss_relics":[{"not_picked":["hubris:GrandSneckoEye","hubris:Backtick"],"picked":"Honey Jar"},{"not_picked":["Replay:Drink Me","Runic Pyramid"],"picked":"Black Star"}],"items_purged_floors":[],"is_endless":true,"potions_floor_spawned":[4,7,16,18,21,35,37,47,48,49],"killed_by":"hubris:GrandSnecko","ascension_level":0}}