{"host":"sc0o2qwpf9j16a4i","time":1609520224,"event":{"mods":["AchievementEnabler","BaseMod","BetterRewards","Block Reminder","Colored Map","Colored Powertips","Custom Start","Highlight Path","Minty Spire (QoL Compilation)","Relic Stats"],"gold_per_floor":[110,110,24,43,58,70,70,104,104,116,116,116,145,165,165,241,241,261,261,261,281,281,281],"floor_reached":22,"playtime":503,"items_purged":[],"score":392,"play_id":"517d97fb-e57b-4f94-b677-1f413ab612a9","local_time":"20210101185704","is_ascension_mode":true,"campfire_choices":[{"floor":7.0,"key":"REST"},{"floor":12,"key":"REST"},{"floor":15,"key":"REST"}],"circlet_count":0,"master_deck":["AscendersBane","Strike_G","Strike_G","Strike_G","Strike_G","Strike_G","Defend_G","Defend_G","Defend_G","Defend_G","Defend_G","Survivor","Neutralize","All Out Attack","Noxious Fumes+1","Dagger Spray","Poisoned Stab","Dagger Spray","Deadly Poison","Wraith Form v2+1","Caltrops+1","Blur"],"relics":["Runic Pyramid","Frozen Egg 2","Centennial Puzzle","InkBottle","Lantern","Philosopher\u0027s Stone","MutagenicStrength"],"acts_visited":["Exordium","TheCity"],"potions_floor_usage":[13,16,22],"damage_taken":[{"damage":0.0,"enemies":"Cultist","floor":1.0,"turns":5.0},{"damage":6.0,"enemies":"2 Louse","floor":4.0,"turns":2.0},{"damage":1.0,"enemies":"Small Slimes","floor":5.0,"turns":3.0},{"damage":13.0,"enemies":"Blue Slaver","floor":6.0,"turns":4.0},{"damage":12.0,"enemies":"3 Sentries","floor":8.0,"turns":5.0},{"damage":0.0,"enemies":"2 Fungi Beasts","floor":10.0,"turns":2.0},{"damage":24,"enemies":"Gremlin Nob","floor":13,"turns":4},{"damage":3,"enemies":"Looter","floor":14,"turns":3},{"damage":19,"enemies":"Slime Boss","floor":16,"turns":9},{"damage":16,"enemies":"2 Thieves","floor":18,"turns":4},{"damage":5,"enemies":"Chosen","floor":21,"turns":5},{"damage":23,"enemies":"Masked Bandits","floor":22,"turns":2}],"seed_played":"3155212598741232777","potions_obtained":[{"floor":1.0,"key":"SteroidPotion"},{"floor":5.0,"key":"FearPotion"},{"floor":6.0,"key":"Block Potion"},{"floor":8.0,"key":"DistilledChaos"},{"floor":14,"key":"ColorlessPotion"}],"is_trial":false,"path_per_floor":["M","T","$","M","M","M","R","E","T","M","?","R","E","M","R","B",null,"M","?","?","M","?"],"character_chosen":"THE_SILENT","items_purchased":["Noxious Fumes+1"],"campfire_rested":3,"item_purchase_floors":[3],"current_hp_per_floor":[59,59,59,53,52,39,58,46,46,46,46,65,41,38,57,38,59,43,25,25,20,0,0],"gold":281,"neow_bonus":"BOSS_RELIC","is_daily":false,"chose_seed":false,"campfire_upgraded":0,"win_rate":0.0,"timestamp":1609520224,"path_taken":["M","?","?","M","?","M","R","E","T","M","?","R","E","M","R","BOSS","M","?","?","M","?"],"items_purchased_type":["Card"],"build_version":"2020-12-22","purchased_purges":0,"victory":false,"max_hp_per_floor":[66,66,66,66,66,66,66,66,66,66,66,66,66,66,66,66,66,66,71,71,71,71,71],"relic_stats":{"Centennial Puzzle":[18],"counters":[12,48],"obtain_stats":[{"Centennial Puzzle":8,"Lantern":13,"MutagenicStrength":20,"Philosopher\u0027s Stone":17,"Frozen Egg 2":2,"InkBottle":9,"Ring of the Snake":0,"Runic Pyramid":0},{"Centennial Puzzle":5,"Lantern":7,"MutagenicStrength":10,"Philosopher\u0027s Stone":9,"Frozen Egg 2":1,"InkBottle":5,"Ring of the Snake":0,"Runic Pyramid":0},{"Centennial Puzzle":19,"Lantern":25,"MutagenicStrength":41,"Philosopher\u0027s Stone":37,"Frozen Egg 2":5,"InkBottle":19,"Ring of the Snake":0,"Runic Pyramid":0}],"InkBottle":[10]},"card_choices":[{"not_picked":["Prepared","Catalyst"],"picked":"All Out Attack","floor":1.0},{"not_picked":["Underhanded Strike","Distraction"],"picked":"Dagger Spray","floor":4.0},{"not_picked":["Eviscerate","Backflip"],"picked":"Poisoned Stab","floor":5.0},{"not_picked":["Concentrate","Masterful Stab"],"picked":"Dagger Spray","floor":6.0},{"not_picked":["Poisoned Stab","Accuracy+1","Cloak And Dagger"],"picked":"SKIP","floor":8.0},{"not_picked":["Well Laid Plans+1","Choke","Outmaneuver"],"picked":"SKIP","floor":10},{"not_picked":["Dagger Spray","Acrobatics","Poisoned Stab"],"picked":"SKIP","floor":13},{"not_picked":["Reflex","Heel Hook"],"picked":"Deadly Poison","floor":14},{"not_picked":["Night Terror","Tools of the Trade+1"],"picked":"Wraith Form v2+1","floor":16},{"not_picked":["Terror","Backflip"],"picked":"Caltrops+1","floor":18},{"not_picked":["Acrobatics","Reflex"],"picked":"Blur","floor":21}],"player_experience":482941,"relics_obtained":[{"floor":2.0,"key":"Frozen Egg 2"},{"floor":8.0,"key":"Centennial Puzzle"},{"floor":9.0,"key":"InkBottle"},{"floor":13,"key":"Lantern"}],"event_choices":[{"damage_healed":0,"gold_gain":0,"player_choice":"Searched \u00270\u0027 times","damage_taken":0,"max_hp_gain":0,"max_hp_loss":0,"event_name":"Dead Adventurer","floor":11,"gold_loss":0},{"damage_healed":0,"gold_gain":0,"player_choice":"Shed Blood","damage_taken":23,"max_hp_gain":5,"max_hp_loss":0,"event_name":"Forgotten Altar","floor":19,"gold_loss":0},{"damage_healed":0,"gold_gain":0,"player_choice":"Inject Mutagens","damage_taken":0,"relics_obtained":["MutagenicStrength"],"max_hp_gain":0,"max_hp_loss":0,"event_name":"Drug Dealer","floor":20,"gold_loss":0},{"damage_healed":0,"gold_gain":0,"player_choice":"Fought Bandits","damage_taken":0,"max_hp_gain":0,"max_hp_loss":0,"event_name":"Masked Bandits","floor":22,"gold_loss":0}],"is_beta":false,"boss_relics":[{"not_picked":["Fusion Hammer","SacredBark"],"picked":"Philosopher\u0027s Stone"}],"items_purged_floors":[],"is_endless":false,"potions_floor_spawned":[1,5,6,8,14],"killed_by":"Masked Bandits","ascension_level":20}}