{"host":"6uq6591iqph6da66","time":1609468026,"event":{"mods":["Act Like it!","BaseMod","CapriCore","Highlight Path","Koishi","KomeijiMod","Lobotomy","LobotomyExtend","Marisa£®ÏF”Í°°ƒß¿Ì…≥£©","Minty Spire (QoL Compilation)","Quick Restart","Reimu£®≤©¿ˆ¡È√Œ£©","RumiaBox-¬∂√◊Ê´µƒ…Ò√ÿ∫–◊”","StSLib","TestMod","The Alterego","The Immortal","WarShipGirlsR/’ΩΩ¢…Ÿ≈ÆR mod","Yakumo Yukari mod","Youmu£®ªÍ∆«—˝√Œ£©","noobMod","°æπ¶ƒ‹Mod°øªÏ„Á÷Æª∑–ﬁ∏¥≤π∂°"],"gold_per_floor":[110,128,203,222,233,233,251,276,327,171,203,223,249,260,260,361,361,361,361],"floor_reached":18,"playtime":1346,"items_purged":["SpecialBullet"],"score":361,"play_id":"40a1a92d-7fe2-41bb-8d1f-82ee0f8bb9ef","local_time":"20210101102706","is_ascension_mode":true,"campfire_choices":[{"floor":6,"key":"RECALL"}],"circlet_count":0,"master_deck":["SpecialBullet","SpecialBullet","SpecialBullet","SpecialBullet","SpecialBullet","SpecialBullet","SpecialBullet","InformationCode","ExtractionCode","SecurityCode","Regret_ego","Wingbeat","Amita","Bloodbath","SomewhereSpear","RedEyes","MHz","BearPaw","Christmas+1","CherryBlossoms","ShedSkin","CherryBlossom+1","GreedKing","TheSmile","SpiderBud","Regret_ego","Regret_ego","TheSmile","Porccubus","Adoration"],"relics":["CogitoBucket","RabbitCall","testmod-TestBox","ice","Centennial Puzzle","LetterFromLob","AddBug","SecretRecord","SecretRecord","SecretRecord"],"acts_visited":["Exordium","TheCity"],"potions_floor_usage":[],"damage_taken":[{"damage":16,"enemies":"2 Louse","floor":1,"turns":3},{"damage":16,"enemies":"Cultist","floor":2,"turns":4},{"damage":10,"enemies":"Small Slimes","floor":4,"turns":4},{"damage":19,"enemies":"Red Slaver","floor":5,"turns":4},{"damage":24,"enemies":"Blue Slaver","floor":7,"turns":4},{"damage":30,"enemies":"3 Sentries","floor":8,"turns":9},{"damage":62,"enemies":"Gremlin Nob","floor":11,"turns":7},{"damage":4,"enemies":"Exordium Thugs","floor":12,"turns":5},{"damage":0,"enemies":"3 Sentries","floor":13,"turns":7},{"damage":12,"enemies":"2 Fungi Beasts","floor":14,"turns":3},{"damage":0,"enemies":"Slime Boss","floor":16,"turns":8},{"damage":165,"enemies":"2 Thieves","floor":18,"turns":6}],"seed_played":"-1782265246929900429","potions_obtained":[],"is_trial":false,"path_per_floor":["M","M","?","M","M","R","M","E","T","$","E","M","E","M","R","B",null,"M"],"character_chosen":"Angela","items_purchased":["ShedSkin"],"campfire_rested":0,"item_purchase_floors":[10],"current_hp_per_floor":[62,54,47,45,34,34,20,64,64,64,79,97,112,108,108,124,125,0,0],"gold":361,"neow_bonus":"RANDOM_COMMON_RELIC","is_daily":false,"chose_seed":false,"campfire_upgraded":0,"win_rate":0.0,"timestamp":1609468026,"path_taken":["M","M","?","M","?","R","M","E","T","$","E","M","E","M","R","BOSS","M"],"items_purchased_type":["Card"],"build_version":"2020-12-22","purchased_purges":1,"victory":false,"max_hp_per_floor":[70,70,70,70,70,70,70,75,75,75,79,107,117,120,120,125,125,129,129],"card_choices":[{"not_picked":["SoundOfStar"],"picked":"Regret_ego","floor":1},{"not_picked":["Lantern","Tough"],"picked":"SKIP","floor":1},{"not_picked":["Loneliness"],"picked":"Wingbeat","floor":2},{"not_picked":["Regret_ego","Lantern"],"picked":"SKIP","floor":2},{"not_picked":["Loneliness"],"picked":"Amita","floor":4},{"not_picked":["VoidDream","PunishingBird"],"picked":"Bloodbath","floor":4},{"not_picked":["Horn"],"picked":"SomewhereSpear","floor":4},{"not_picked":["Ecstasy","Beak"],"picked":"SKIP","floor":5},{"not_picked":["Penitence","Discord"],"picked":"SKIP","floor":5},{"not_picked":["FrostShard"],"picked":"RedEyes","floor":7},{"not_picked":["WallGazer","ShyLook"],"picked":"MHz","floor":7},{"not_picked":["ScreamingWedge"],"picked":"BearPaw","floor":7},{"not_picked":["SomewhereSpear","LifeForTheDareDevil"],"picked":"SKIP","floor":7},{"not_picked":["BloodyDesire"],"picked":"Christmas","floor":8},{"not_picked":["OldLady","PunishingBird"],"picked":"CherryBlossoms","floor":8},{"not_picked":["Mimicry","Regret_ego"],"picked":"SKIP","floor":8},{"not_picked":["SolemnVow"],"picked":"CherryBlossom","floor":11},{"not_picked":["BloodyDesire","Harmony"],"picked":"SKIP","floor":11},{"not_picked":["SpiderBud","BigBadWolf"],"picked":"GreedKing","floor":12},{"not_picked":["WristCuter"],"picked":"TheSmile","floor":12},{"not_picked":["SomewhereSpear","Lantern"],"picked":"SKIP","floor":12},{"not_picked":["BeautyBeast","CrumblingArmor"],"picked":"SpiderBud","floor":13},{"not_picked":["BloodyDesire","Lantern"],"picked":"SKIP","floor":13},{"not_picked":["Discord","BloodyDesire"],"picked":"SKIP","floor":13},{"not_picked":["Beak"],"picked":"Regret_ego","floor":14},{"not_picked":["RapturousDream"],"picked":"Regret_ego","floor":14},{"not_picked":["Pinks","DaCapo"],"picked":"TheSmile","floor":16},{"not_picked":["Rudolta","MeatLantern"],"picked":"Porccubus","floor":16},{"not_picked":["GoldRush","CENSORED_ego"],"picked":"Adoration","floor":16}],"player_experience":906282,"relics_obtained":[{"floor":1,"key":"LetterFromLob"},{"floor":1,"key":"AddBug"},{"floor":8,"key":"SecretRecord"},{"floor":8,"key":"testmod-InjuryResistance"},{"floor":11,"key":"Frozen Egg 2"},{"floor":13,"key":"SecretRecord"},{"floor":13,"key":"Bag of Marbles"}],"event_choices":[{"damage_healed":0,"gold_gain":75,"player_choice":"Touch","damage_taken":7,"max_hp_gain":0,"max_hp_loss":0,"event_name":"FaceTrader","floor":3,"gold_loss":0}],"is_beta":false,"boss_relics":[{"not_picked":["Coffee Dripper","testmod-BatchProcessingSystem"],"picked":"testmod-HarvestTotem"}],"items_purged_floors":[10],"is_endless":false,"potions_floor_spawned":[],"killed_by":"2 Thieves","ascension_level":4}}