{"host":"qswkx8hggytna0kc","time":1609470922,"event":{"mods":["Aspiration","BaseMod","BetterRewards","Colored Map","Colored Powertips","Highlight Path","Hubris","Minty Spire (QoL Compilation)","Quick Restart","Rare Cards Sparkle","Replay The Spire","SIMod","StSLib","SuperFastMode"],"gold_per_floor":[129,150,150,100,121,121,163,182,182,188,188],"floor_reached":10,"playtime":390,"items_purged":[],"score":85,"play_id":"d9a1df1e-3df3-43ad-b59d-f30e5c9de12f","local_time":"20210101111522","is_ascension_mode":true,"campfire_choices":[{"data":"Zap","floor":6,"key":"SMITH"}],"circlet_count":0,"master_deck":["Strike_B","Strike_B","Strike_B","Defend_B","Defend_B","Defend_B","Defend_B","Zap+1","Dualcast","ReplaySolidLightProjector","Heatsinks","Double Energy","ReplayTheSpireMod:Calculation Training","Panic Button"],"relics":["Cracked Core","Replay:Bandana","aspiration:BabyByrd","Strawberry","Replay:Accelerometer"],"acts_visited":["Exordium"],"potions_floor_usage":[],"damage_taken":[{"damage":0,"enemies":"Small Slimes","floor":1,"turns":3},{"damage":6,"enemies":"Jaw Worm","floor":2,"turns":4},{"damage":6,"enemies":"2 Louse","floor":5,"turns":3},{"damage":22,"enemies":"Replay:BlueRogue","floor":7,"turns":10},{"damage":27,"enemies":"Gremlin Gang","floor":8,"turns":7},{"damage":30,"enemies":"3 Sentries","floor":10,"turns":4}],"seed_played":"6317858344550666041","potions_obtained":[{"floor":5,"key":"Doom Potion"},{"floor":7,"key":"CultistPotion"}],"is_trial":false,"path_per_floor":["M","M","?","?","M","R","E","M","T","E"],"character_chosen":"DEFECT","items_purchased":[],"campfire_rested":0,"item_purchase_floors":[],"current_hp_per_floor":[75,69,69,69,63,63,48,21,21,0,0],"gold":188,"neow_bonus":"RANDOM_COMMON_RELIC","is_daily":false,"chose_seed":false,"campfire_upgraded":1,"win_rate":0.0,"timestamp":1609470922,"path_taken":["M","M","?","?","M","R","E","M","T","E"],"items_purchased_type":[],"build_version":"2020-12-22","purchased_purges":0,"victory":false,"max_hp_per_floor":[75,75,75,75,75,75,82,82,82,82,82],"card_choices":[{"not_picked":["Steam","Cold Snap"],"picked":"ReplaySolidLightProjector","floor":1},{"not_picked":["Rip and Tear","Ball Lightning"],"picked":"Heatsinks","floor":2},{"not_picked":["Turbo","Sweeping Beam"],"picked":"Double Energy","floor":5},{"not_picked":["hubris:SpecializedCircuitry","Compile Driver"],"picked":"ReplayTheSpireMod:Calculation Training","floor":7},{"not_picked":["Turbo","Compile Driver"],"picked":"Panic Button","floor":8}],"player_experience":195313,"relics_obtained":[{"floor":7,"key":"Strawberry"},{"floor":9,"key":"Replay:Accelerometer"}],"event_choices":[{"cards_removed":["Strike_B"],"damage_healed":0,"gold_gain":0,"player_choice":"Card Removal","damage_taken":0,"max_hp_gain":0,"max_hp_loss":0,"event_name":"The Cleric","floor":4,"gold_loss":50}],"is_beta":false,"boss_relics":[],"items_purged_floors":[],"is_endless":false,"potions_floor_spawned":[5,7],"killed_by":"3 Sentries","ascension_level":5}}