{"host":"7k2a2omxz3voj5ax","time":1609488691,"event":{"mods":["BaseMod","Lobotomy","Marisa£¨ìFÓê¡¡Ä§ÀíÉ³£©","Minty Spire (QoL Compilation)","Quick Restart","Spicy Shops","StSLib","Starting Relic: Pandora\u0027s Box","óô»ðÖ¸ÄÏ"],"gold_per_floor":[119,129,54,69,69,69,13,45,45,45,45],"floor_reached":10,"playtime":474,"items_purged":[],"score":132,"play_id":"82a633bd-87c0-47db-99ad-90f1977949a9","local_time":"20210101171131","is_ascension_mode":true,"campfire_choices":[{"data":"NonDirectionalLaser","floor":6,"key":"SMITH"}],"circlet_count":0,"master_deck":["AscendersBane","MasterSpark","UpSweep","OneTimeOff","DC","SporeBomb","GalacticHalo","IllusionStar","EarthLightRay+1","ShootingEcho","CrumblingArmor","NonDirectionalLaser+1","UniverseFragment","MachineGunSpark","BlazeAway","MeatLantern"],"relics":["MiniHakkero","CogitoBucket","CaptainsWheel"],"acts_visited":["Exordium"],"potions_floor_usage":[],"damage_taken":[{"damage":0.0,"enemies":"2 Louse","floor":1.0,"turns":2.0},{"damage":5.0,"enemies":"Cultist","floor":2.0,"turns":2.0},{"damage":3.0,"enemies":"Jaw Worm","floor":4.0,"turns":4.0},{"damage":20,"enemies":"Lagavulin","floor":8,"turns":5},{"damage":51,"enemies":"3 Sentries","floor":10,"turns":2}],"seed_played":"8377571257324574980","potions_obtained":[{"floor":1.0,"key":"Weak Potion"}],"is_trial":false,"path_per_floor":["M","M","?","M","?","R","$","E","T","E"],"character_chosen":"MARISA","items_purchased":["BlazeAway"],"campfire_rested":0,"item_purchase_floors":[7],"current_hp_per_floor":[69,64,64,65,65,65,65,50,50,0,0],"gold":45,"neow_bonus":"","is_daily":false,"chose_seed":false,"campfire_upgraded":1,"win_rate":0.0,"timestamp":1609488691,"path_taken":["M","M","?","M","?","R","$","E","T","E"],"items_purchased_type":["Card"],"build_version":"2020-12-22","purchased_purges":0,"victory":false,"max_hp_per_floor":[70,70,70,70,70,70,70,70,70,70,70],"card_choices":[{"not_picked":["LittleHelper","MeatLantern"],"picked":"CrumblingArmor","floor":1.0},{"not_picked":["WitchLeyline","UnstableBomb"],"picked":"NonDirectionalLaser","floor":1.0},{"not_picked":["CherryBlossoms","OSAHOGD"],"picked":"UniverseFragment","floor":2.0},{"not_picked":["GrandCross","BinaryStars","UnstableBomb"],"picked":"SKIP","floor":2.0},{"not_picked":["UnstableBomb","EventHorizon"],"picked":"MachineGunSpark","floor":4},{"not_picked":["HeroicMonk","OldLady","Woodsman"],"picked":"Singing Bowl","floor":8},{"not_picked":["WallGazer","MHz"],"picked":"MeatLantern","floor":8},{"not_picked":["EventHorizon","AsteroidBelt","NonDirectionalLaser"],"picked":"SKIP","floor":8}],"player_experience":394238,"relics_obtained":[{"floor":8,"key":"CaptainsWheel"}],"event_choices":[{"cards_removed":["IllusionStar"],"damage_healed":0.0,"max_hp_gain":0.0,"max_hp_loss":0.0,"gold_gain":0.0,"event_name":"The Cleric","player_choice":"Card Removal","floor":3.0,"gold_loss":75.0,"damage_taken":0.0},{"damage_healed":0,"gold_gain":0,"player_choice":"Upgraded","damage_taken":0,"max_hp_gain":0,"max_hp_loss":0,"event_name":"Upgrade Shrine","floor":5,"gold_loss":0,"cards_upgraded":["EarthLightRay"]}],"is_beta":false,"boss_relics":[],"items_purged_floors":[],"is_endless":false,"potions_floor_spawned":[1],"killed_by":"3 Sentries","ascension_level":20}}