{"host":"wukdhyb91avklb3w","time":1609459301,"event":{"mods":["BaseMod","Colored Map","Colored Powertips","Highlight Path","Minty Spire (QoL Compilation)","Relic Stats"],"gold_per_floor":[114,129,144,159,159,189,204,204,229,244,274,289,289,304,304,404,404,419,434,709,157,172,202,232,247,247,262,262,277,277,292,292,292,292],"floor_reached":33,"playtime":1872,"items_purged":["Regret"],"score":330,"play_id":"dc57e36c-ccdb-4254-9476-a87b5a5fd799","local_time":"20201231160141","daily_mods":["Heirloom","Time Dilation","Lethality"],"is_ascension_mode":false,"campfire_choices":[{"data":"Buffer","floor":8.0,"key":"SMITH"},{"data":"White Noise","floor":13.0,"key":"SMITH"},{"data":"Beam Cell","floor":15.0,"key":"SMITH"},{"floor":32.0,"key":"REST"}],"circlet_count":0,"master_deck":["Strike_B","Strike_B","Strike_B","Defend_B","Defend_B","Defend_B","Defend_B","Zap","Dualcast","Sweeping Beam","Go for the Eyes","Cold Snap","Go for the Eyes","Beam Cell+1","Buffer+1","FTL","White Noise+1","Conserve Battery","Electrodynamics","Hello World+1","Tempest","Loop+1","Heatsinks+1","BootSequence+1"],"relics":["Cracked Core","WingedGreaves","Oddly Smooth Stone","Akabeko","Cables","Black Star","Frozen Egg 2","Lee\u0027s Waffle","Bag of Marbles","Mummified Hand","Lantern","Omamori","Mercury Hourglass"],"acts_visited":["Exordium","TheCity"],"potions_floor_usage":[33],"damage_taken":[{"damage":0.0,"enemies":"Cultist","floor":1.0,"turns":2.0},{"damage":0.0,"enemies":"2 Louse","floor":2.0,"turns":1.0},{"damage":5.0,"enemies":"Jaw Worm","floor":3.0,"turns":2.0},{"damage":12.0,"enemies":"Exordium Thugs","floor":4.0,"turns":4.0},{"damage":18.0,"enemies":"3 Sentries","floor":6.0,"turns":6.0},{"damage":0.0,"enemies":"Blue Slaver","floor":7.0,"turns":1.0},{"damage":0.0,"enemies":"Exordium Wildlife","floor":10.0,"turns":2.0},{"damage":0.0,"enemies":"Lagavulin","floor":11.0,"turns":4.0},{"damage":0.0,"enemies":"Large Slime","floor":12.0,"turns":2.0},{"damage":0.0,"enemies":"3 Louse","floor":14.0,"turns":2.0},{"damage":15.0,"enemies":"Hexaghost","floor":16.0,"turns":5.0},{"damage":51.0,"enemies":"3 Byrds","floor":18.0,"turns":3.0},{"damage":1.0,"enemies":"Spheric Guardian","floor":19.0,"turns":4.0},{"damage":0.0,"enemies":"Centurion and Healer","floor":22.0,"turns":4.0},{"damage":33.0,"enemies":"Slavers","floor":23.0,"turns":4.0},{"damage":21.0,"enemies":"Book of Stabbing","floor":24.0,"turns":4.0},{"damage":2.0,"enemies":"Cultist and Chosen","floor":25.0,"turns":4.0},{"damage":14.0,"enemies":"Chosen and Byrds","floor":27.0,"turns":2.0},{"damage":16.0,"enemies":"Snake Plant","floor":29.0,"turns":2.0},{"damage":20.0,"enemies":"Snecko","floor":31.0,"turns":4.0},{"damage":11,"enemies":"Automaton","floor":33,"turns":4}],"seed_played":"-5051420239723459148","potions_obtained":[{"floor":1.0,"key":"SkillPotion"},{"floor":6.0,"key":"Ancient Potion"},{"floor":7.0,"key":"Energy Potion"},{"floor":10.0,"key":"LiquidBronze"},{"floor":12.0,"key":"PowerPotion"},{"floor":23.0,"key":"PotionOfCapacity"},{"floor":25.0,"key":"PotionOfCapacity"},{"floor":28.0,"key":"FairyPotion"},{"floor":29.0,"key":"SkillPotion"}],"is_trial":false,"path_per_floor":["M","M","M","M","?","E","M","R","T","M","E","M","R","M","R","B",null,"M","M","?","$","M","E","E","M","T","M","?","M","?","M","R","B"],"character_chosen":"DEFECT","items_purchased":["Frozen Egg 2","Lee\u0027s Waffle","Hello World+1"],"campfire_rested":1,"item_purchase_floors":[21,21,21],"current_hp_per_floor":[75,75,70,58,58,40,40,40,40,40,40,40,40,40,40,25,75,24,23,23,82,82,49,28,26,26,12,12,24,24,4,28,17,17],"gold":292,"neow_bonus":"","is_daily":true,"chose_seed":false,"campfire_upgraded":3,"win_rate":0.0,"timestamp":1609459301,"path_taken":["M","?","M","M","?","E","M","R","T","M","E","M","R","M","R","BOSS","M","M","?","?","M","E","E","M","T","M","?","?","?","M","R","BOSS"],"items_purchased_type":["Relic","Relic","Card"],"build_version":"2020-12-22","purchased_purges":1,"victory":false,"max_hp_per_floor":[75,75,75,75,75,75,75,75,75,75,75,75,75,75,75,75,75,75,75,75,82,82,82,82,82,82,82,82,82,82,82,82,82,82],"relic_stats":{"Lee\u0027s Waffle":59,"counters":[21,65],"Mummified Hand":[20],"Black Star":2,"obtain_stats":[{"Lee\u0027s Waffle":21,"Lantern":24,"Oddly Smooth Stone":6,"Omamori":24,"Frozen Egg 2":21,"Akabeko":9,"Cables":11,"Mercury Hourglass":26,"Mummified Hand":23,"WingedGreaves":0,"Black Star":17,"Bag of Marbles":23,"Cracked Core":0},{"Lee\u0027s Waffle":13,"Lantern":16,"Oddly Smooth Stone":5,"Omamori":16,"Frozen Egg 2":13,"Akabeko":6,"Cables":8,"Mercury Hourglass":17,"Mummified Hand":15,"WingedGreaves":0,"Black Star":11,"Bag of Marbles":15,"Cracked Core":0},{"Lee\u0027s Waffle":38,"Lantern":50,"Oddly Smooth Stone":15,"Omamori":50,"Frozen Egg 2":38,"Akabeko":16,"Cables":22,"Mercury Hourglass":54,"Mummified Hand":46,"WingedGreaves":0,"Black Star":31,"Bag of Marbles":46,"Cracked Core":0}],"Cables":[32,30,2,0,0],"Mercury Hourglass":[52]},"card_choices":[{"not_picked":["Skim","Turbo"],"picked":"Sweeping Beam","floor":1.0},{"not_picked":["Darkness","Aggregate"],"picked":"Go for the Eyes","floor":2.0},{"not_picked":["Undo","Auto Shields"],"picked":"Cold Snap","floor":3.0},{"not_picked":["Barrage","Recycle"],"picked":"Go for the Eyes","floor":4.0},{"not_picked":["Barrage","Sweeping Beam"],"picked":"Beam Cell","floor":6.0},{"not_picked":["Chill","Sweeping Beam"],"picked":"Buffer","floor":7.0},{"not_picked":["Rebound","Melter"],"picked":"FTL","floor":10.0},{"not_picked":["Force Field","Conserve Battery"],"picked":"White Noise","floor":11.0},{"not_picked":["Rip and Tear","Ball Lightning","Hologram"],"picked":"SKIP","floor":12.0},{"not_picked":["Coolheaded","Gash"],"picked":"Conserve Battery","floor":14.0},{"not_picked":["Rainbow","Thunder Strike"],"picked":"Electrodynamics","floor":16.0},{"not_picked":["Leap","Go for the Eyes","Undo"],"picked":"SKIP","floor":18.0},{"not_picked":["Barrage","Hologram","Rebound+1"],"picked":"SKIP","floor":19.0},{"not_picked":["Lockon+1","Doom and Gloom","Steam"],"picked":"SKIP","floor":22.0},{"not_picked":["Barrage","Aggregate+1","Turbo"],"picked":"SKIP","floor":23.0},{"not_picked":["Genetic Algorithm","Consume"],"picked":"Tempest","floor":24.0},{"not_picked":["Blizzard+1","Reprogram","Hologram+1"],"picked":"SKIP","floor":25.0},{"not_picked":["Chill","Cold Snap"],"picked":"Loop+1","floor":27.0},{"not_picked":["Rebound+1","Reprogram"],"picked":"Heatsinks+1","floor":29.0},{"not_picked":["Redo","FTL"],"picked":"BootSequence+1","floor":31.0}],"player_experience":921770,"relics_obtained":[{"floor":6.0,"key":"Oddly Smooth Stone"},{"floor":9.0,"key":"Akabeko"},{"floor":11.0,"key":"Cables"},{"floor":23.0,"key":"Bag of Marbles"},{"floor":23.0,"key":"Mummified Hand"},{"floor":24.0,"key":"Lantern"},{"floor":24.0,"key":"Omamori"},{"floor":26.0,"key":"Mercury Hourglass"}],"event_choices":[{"cards_removed":["Strike_B"],"damage_healed":0.0,"max_hp_gain":0.0,"max_hp_loss":0.0,"gold_gain":0.0,"event_name":"Bonfire Elementals","player_choice":"Offered Basic","floor":5.0,"gold_loss":0.0,"damage_taken":0.0},{"damage_healed":0.0,"max_hp_gain":0.0,"max_hp_loss":0.0,"gold_gain":275.0,"event_name":"Golden Shrine","player_choice":"Desecrate","floor":20.0,"gold_loss":0.0,"damage_taken":0.0,"cards_obtained":["Regret"]},{"damage_healed":0.0,"max_hp_gain":0.0,"max_hp_loss":0.0,"gold_gain":0.0,"event_name":"Lab","player_choice":"Got Potions","floor":28.0,"gold_loss":0.0,"damage_taken":0.0},{"damage_healed":0.0,"max_hp_gain":0.0,"max_hp_loss":0.0,"gold_gain":0.0,"event_name":"Ghosts","player_choice":"Ignored","floor":30.0,"gold_loss":0.0,"damage_taken":0.0}],"is_beta":false,"boss_relics":[{"not_picked":["Inserter","Sozu"],"picked":"Black Star"}],"items_purged_floors":[21],"is_endless":false,"potions_floor_spawned":[1,6,7,10,12,23,25,27,29],"killed_by":"Automaton","ascension_level":0}}