{"host":"f5pfdf07lxwkzoqo","time":1609522063,"event":{"mods":["Act Like it!","Aspiration","BaseMod","BetterRewards","Colored Powertips","Conspire","Downfall","Duelist Mod","GifTheSpireLib","GungeonMod","Hallownest","Highlight Path","Hubris","Jorbs\u0027s Wanderer Trilogy","Minty Spire (QoL Compilation)","Rare Cards Sparkle","StSLib","The Animator"],"gold_per_floor":[118,134,27,202,232,232,263,263,290,290,304,304,314,381,381,484,484,514,514,514,63,80,113,126,165,177,215,299,325,612,654,666,684,684],"floor_reached":33,"playtime":4844,"items_purged":[],"score":374,"play_id":"a4a0c1f5-b23c-4f9a-b50f-6e6dff47ea4d","local_time":"20210101172743","is_ascension_mode":true,"campfire_choices":[{"floor":10,"key":"REST"},{"floor":12,"key":"REST"},{"floor":15,"key":"REST"},{"floor":32,"key":"REST"}],"circlet_count":0,"master_deck":["animator:Strike_HitsugiNoChaika","animator:Defend_HitsugiNoChaika","animator:Strike","animator:Strike","animator:Strike","animator:Defend","animator:Defend","animator:Defend","animator:AcuraAkari","animator:Gillette","animator:PandorasActor","animator:Megumin+6","animator:IzunaHatsuse","animator:Bozes","animator:TsurugaMeisai","animator:Entoma+8","animator:Gillette","animator:Shalltear","animator:Witch","animator:UneriGinkaku","animator:Wiz","animator:Viivi","animator:AcuraShin+1","animator:Spearman+1","animator:ChaikaBohdan+1","animator:Sebas+1","animator:Shichika+1","animator:Chris+1","Regret","animator:RoryMercury+1"],"relics":["animator:LivingPicture","animator:TheMissingPiece","aspiration:Nostalgia","DemoMod:Dog","DemoMod:ClearGuonStone","Bronze Scales","hubris:FruitBowl","animator:WornHelmet","conspire:SpecialSausage","Molten Egg 2","DemoMod:MonsterBlood","hubris:TenFootPole","MawBank","Matryoshka","Regal Pillow"],"acts_visited":["Exordium","TheCity"],"potions_floor_usage":[7,11,25,25,27,28,29,33,33],"damage_taken":[{"damage":6.0,"enemies":"Cultist","floor":1.0,"turns":3.0},{"damage":0.0,"enemies":"conspire:RoseBush","floor":2.0,"turns":2.0},{"damage":0.0,"enemies":"Jaw Worm","floor":5.0,"turns":3.0},{"damage":32,"enemies":"3 Sentries","floor":7,"turns":12},{"damage":18,"enemies":"Gremlin Gang","floor":11,"turns":4},{"damage":0,"enemies":"Exordium Thugs","floor":13,"turns":6},{"damage":6,"enemies":"conspire:2 RoseBushes","floor":14,"turns":5},{"damage":26,"enemies":"Hexaghost","floor":16,"turns":11},{"damage":21,"enemies":"conspire:FuzzyDice","floor":18,"turns":5},{"damage":18,"enemies":"Spheric Guardian","floor":22,"turns":3},{"damage":18,"enemies":"theDuelist:KaibaA2","floor":23,"turns":5},{"damage":0,"enemies":"Chosen and Byrds","floor":24,"turns":5},{"damage":7,"enemies":"conspire:Head Lice","floor":25,"turns":7},{"damage":24,"enemies":"Gremlin Leader","floor":27,"turns":5},{"damage":5,"enemies":"Centurion and Healer","floor":28,"turns":6},{"damage":12,"enemies":"Shelled Parasite and Fungi","floor":29,"turns":3},{"damage":2,"enemies":"Snake Plant","floor":31,"turns":2},{"damage":70,"enemies":"Collector","floor":33,"turns":7}],"seed_played":"5620677034560427023","potions_obtained":[{"floor":1.0,"key":"AttackPotion"},{"floor":7,"key":"sneckomod:MuddlingPotion"},{"floor":11,"key":"Ancient Potion"},{"floor":23,"key":"Fire Potion"},{"floor":27,"key":"SkillPotion"},{"floor":28,"key":"DuplicationPotion"},{"floor":29,"key":"DemoMod:LeadSkinPotion"},{"floor":31,"key":"sneckomod:MuddlingPotion"}],"is_trial":false,"path_per_floor":["M","M","$","?","M","?","E","$","T","R","M","R","M","M","R","B",null,"M","?","?","$","M","E","M","E","T","E","M","M","?","M","R","B"],"character_chosen":"THE_ANIMATOR","items_purchased":["animator:IzunaHatsuse","animator:Bozes","Bronze Scales","hubris:FruitBowl","Molten Egg 2","DemoMod:MonsterBlood","animator:Entoma+1"],"campfire_rested":4,"item_purchase_floors":[3,3,8,8,21,21,21],"current_hp_per_floor":[60,60,60,60,60,63,31,2,2,22,11,32,32,30,52,26,76,55,63,63,73,55,38,38,34,34,14,13,4,4,6,48,0,0],"gold":684,"neow_bonus":"NOSTALGIA","is_daily":false,"chose_seed":false,"campfire_upgraded":0,"win_rate":0.0,"timestamp":1609522063,"path_taken":["M","M","$","?","M","?","E","?","T","R","M","R","M","M","R","BOSS","M","?","?","$","M","E","M","E","T","E","?","M","?","M","R","BOSS"],"items_purchased_type":["Card","Card","Relic","Relic","Relic","Relic","Card"],"build_version":"2020-12-22","purchased_purges":0,"victory":false,"max_hp_per_floor":[66,66,66,66,66,69,69,69,69,69,72,72,72,76,76,76,76,76,76,76,86,86,87,87,90,90,90,90,93,93,93,93,93,93],"card_choices":[{"not_picked":["animator:LeleiLaLalena","animator:Kuribayashi"],"picked":"animator:PandorasActor","floor":1.0},{"not_picked":["animator:Emonzaemon","animator:Azekura"],"picked":"animator:Megumin","floor":2.0},{"not_picked":["animator:DolaStephanie","animator:DolaSchwi"],"picked":"animator:TsurugaMeisai","floor":5.0},{"not_picked":["animator:DolaRiku","animator:TukaLunaMarceau"],"picked":"animator:Entoma","floor":5.0},{"not_picked":["animator:Viivi","animator:AcuraTooru"],"picked":"animator:Gillette","floor":7},{"not_picked":["animator:DolaRiku","animator:Jibril"],"picked":"animator:Shalltear","floor":11},{"not_picked":["animator:PandorasActor","animator:Hitei"],"picked":"animator:Witch","floor":13},{"not_picked":["animator:Mitsurugi","animator:GuildGirl"],"picked":"animator:UneriGinkaku","floor":14},{"not_picked":["animator:ItamiYouji","animator:SwordMaiden"],"picked":"animator:Wiz","floor":16},{"not_picked":["animator:AcuraAkari","animator:Guy"],"picked":"animator:Viivi","floor":18},{"not_picked":["animator:Evileye","animator:Darkness"],"picked":"animator:Entoma+1","floor":22},{"not_picked":["animator:Albedo+1","animator:DolaCouronne"],"picked":"animator:AcuraShin+1","floor":23},{"not_picked":["animator:DolaStephanie","animator:Demiurge"],"picked":"animator:Spearman+1","floor":24},{"not_picked":["animator:Viivi+1","animator:Guy"],"picked":"animator:ChaikaBohdan+1","floor":25},{"not_picked":["animator:Darkness","animator:Hitei"],"picked":"animator:Sebas+1","floor":27},{"not_picked":["animator:ZankiKiguchi+1","animator:ChaikaBohdan+1"],"picked":"animator:Shichika+1","floor":28},{"not_picked":["animator:Mitsurugi+1","animator:ChaikaBohdan+1"],"picked":"animator:Chris+1","floor":29},{"not_picked":["animator:Kuribayashi+1","animator:YaoHaDucy+1"],"picked":"animator:RoryMercury+1","floor":31}],"player_experience":525264,"relics_obtained":[{"floor":7,"key":"DemoMod:ClearGuonStone"},{"floor":9,"key":"animator:WornHelmet"},{"floor":23,"key":"hubris:TenFootPole"},{"floor":25,"key":"MawBank"},{"floor":26,"key":"Matryoshka"},{"floor":27,"key":"Regal Pillow"}],"event_choices":[{"damage_healed":0.0,"max_hp_gain":0.0,"max_hp_loss":0.0,"gold_gain":175.0,"event_name":"Liars Game","player_choice":"AGREE","floor":4.0,"gold_loss":0.0,"damage_taken":0.0,"cards_obtained":["Doubt"]},{"cards_removed":["Doubt"],"damage_healed":0,"gold_gain":0,"player_choice":"Removed Curses","damage_taken":0,"max_hp_gain":0,"max_hp_loss":0,"event_name":"Fountain of Cleansing","floor":20,"gold_loss":0},{"damage_healed":0,"gold_gain":275,"player_choice":"Desecrate","damage_taken":0,"max_hp_gain":0,"max_hp_loss":0,"event_name":"Golden Shrine","floor":30,"gold_loss":0,"cards_obtained":["Regret"]}],"is_beta":false,"boss_relics":[{"not_picked":["hubris:GrandSneckoEye","hubris:HollowSoul"],"picked":"conspire:SpecialSausage"}],"items_purged_floors":[],"is_endless":false,"potions_floor_spawned":[1,7,11,23,27,28,29,31],"killed_by":"Collector","ascension_level":1}}