{"host":"weghyrtrhzwgovqi","time":1609463357,"event":{"mods":["BaseMod","Defuse TimeMaze Blight","Minty Spire (QoL Compilation)","StSLib","Uncapped","UnlockEverythingMod","Youmu£®ªÍ∆«—˝√Œ£©"],"gold_per_floor":[118,130,8,24,40,70,70,104,150,181,192,92,102,113,113,208,208,228,240,155,172,27,55,155,190,190,200,43,73,73,89,89,187,187,205,205,220,220,16,51,51,82,82,82,95,105,120,43,43,43,43,43,43,70,70,70],"floor_reached":55,"playtime":1789,"items_purged":["Strike_YM","Defend_YM","Defend_YM"],"score":945,"play_id":"40a12026-3959-439d-afc9-f148156f0261","local_time":"20210101090917","is_ascension_mode":true,"campfire_choices":[{"data":"EchoesOfTheInclemencyOfAllBeings","floor":7.0,"key":"SMITH"},{"data":"LowerRealmReflectionSlash","floor":15.0,"key":"SMITH"},{"data":"SwordExtraction","floor":32.0,"key":"SMITH"},{"data":"HellGodSword","floor":41.0,"key":"SMITH"},{"floor":49.0,"key":"RECALL"},{"data":"Vault","floor":52,"key":"SMITH"}],"circlet_count":0,"master_deck":["Strike_YM","Strike_YM","Defend_YM","SlashOfPresentWorld","WheelOfPainOfLivingAndDead","CrescentMoonSlash","PretaSword","SwordOfBindingDesires","DispleasureOfTheSevenHakus","EchoesOfTheInclemencyOfAllBeings+1","TwoHundredYojanaInOneSlash","LowerRealmReflectionSlash+1","HeavenGodSword","HeavenlyHaloSlash","RapidSlash","SwordExtraction+1","CrescentMoonSlash+1","BizarrenessOfSixRealms+1","SlashOfMeditation+1","Fire Breathing+1","Tools of the Trade","Expertise","HellGodSword+1","Vault+1","Parasite","TalkToTheHand","SlashOfSaigyouSpringWind","HumanGodSword","Wireheading"],"relics":["HalfPhantom","NeowsBlessing","Gambling Chip","Anchor","Orichalcum","Philosopher\u0027s Stone","Ancient Tea Set","Orrery","Bronze Scales","PreservedInsect","PrismaticShard","Boot","Nloth\u0027s Gift","Cursed Key","Meat on the Bone","Pen Nib","CaptainsWheel","Sundial"],"acts_visited":["Exordium","TheCity","TheBeyond","TheEnding"],"potions_floor_usage":[55,55],"damage_taken":[{"damage":0.0,"enemies":"Cultist","floor":1.0,"turns":1.0},{"damage":0.0,"enemies":"Small Slimes","floor":2.0,"turns":1.0},{"damage":0.0,"enemies":"Jaw Worm","floor":4.0,"turns":1.0},{"damage":7.0,"enemies":"2 Fungi Beasts","floor":5.0,"turns":4.0},{"damage":25.0,"enemies":"Gremlin Nob","floor":6.0,"turns":4.0},{"damage":24.0,"enemies":"Lagavulin","floor":8.0,"turns":5.0},{"damage":0.0,"enemies":"Gremlin Nob","floor":10.0,"turns":2.0},{"damage":0.0,"enemies":"Lots of Slimes","floor":11.0,"turns":2.0},{"damage":0.0,"enemies":"Blue Slaver","floor":13.0,"turns":1.0},{"damage":0.0,"enemies":"Exordium Wildlife","floor":14.0,"turns":2.0},{"damage":18.0,"enemies":"The Guardian","floor":16.0,"turns":10.0},{"damage":0.0,"enemies":"Chosen","floor":18.0,"turns":2.0},{"damage":6.0,"enemies":"Spheric Guardian","floor":19.0,"turns":3.0},{"damage":4.0,"enemies":"Cultist and Chosen","floor":21.0,"turns":3.0},{"damage":0.0,"enemies":"Book of Stabbing","floor":23.0,"turns":2.0},{"damage":0.0,"enemies":"Gremlin Leader","floor":25.0,"turns":3.0},{"damage":0.0,"enemies":"3 Cultists","floor":27.0,"turns":2.0},{"damage":2.0,"enemies":"Book of Stabbing","floor":29.0,"turns":3.0},{"damage":0.0,"enemies":"Sentry and Sphere","floor":31.0,"turns":3.0},{"damage":56.0,"enemies":"Collector","floor":33.0,"turns":9.0},{"damage":0.0,"enemies":"Orb Walker","floor":35.0,"turns":2.0},{"damage":2.0,"enemies":"3 Darklings","floor":37.0,"turns":2.0},{"damage":41.0,"enemies":"Nemesis","floor":40.0,"turns":3.0},{"damage":8.0,"enemies":"Giant Head","floor":42.0,"turns":4.0},{"damage":2.0,"enemies":"Transient","floor":45.0,"turns":5.0},{"damage":0.0,"enemies":"Jaw Worm Horde","floor":46.0,"turns":2.0},{"damage":0.0,"enemies":"Sphere and 2 Shapes","floor":47.0,"turns":3.0},{"damage":16,"enemies":"Awakened One","floor":50,"turns":10},{"damage":0,"enemies":"Shield and Spear","floor":54,"turns":2},{"damage":74,"enemies":"The Heart","floor":55,"turns":4}],"seed_played":"6009337518067010717","potions_obtained":[{"floor":4.0,"key":"SpeedPotion"},{"floor":10.0,"key":"Explosive Potion"},{"floor":11.0,"key":"EssenceOfSteel"},{"floor":19.0,"key":"PowerPotion"},{"floor":25.0,"key":"Dexterity Potion"},{"floor":45.0,"key":"Regen Potion"}],"is_trial":false,"path_per_floor":["M","M","$","M","M","E","R","E","T","E","M","$","M","M","R","B",null,"M","M","?","M","$","E","?","E","T","M","$","E","?","M","R","B",null,"M","?","M","?","$","E","R","E","T","?","M","M","M","$","R","B",null,"R","$","E","B"],"character_chosen":"YOUMU","items_purchased":["SwordOfBindingDesires","Orrery","PrismaticShard","HellGodSword","HumanGodSword"],"campfire_rested":0,"item_purchase_floors":[3,22,28,39,48],"current_hp_per_floor":[75,75,75,75,68,43,43,19,19,19,19,19,19,19,19,1,75,75,69,69,65,65,65,65,65,65,65,65,63,63,63,63,7,75,75,71,69,69,69,28,28,32,32,32,42,42,42,42,42,38,71,71,71,71,0,0],"gold":70,"neow_bonus":"THREE_ENEMY_KILL","is_daily":false,"chose_seed":false,"campfire_upgraded":5,"win_rate":0.0,"timestamp":1609463357,"path_taken":["M","M","$","M","M","E","R","E","T","E","M","$","M","M","R","BOSS","M","M","?","M","$","E","?","E","T","?","$","E","?","M","R","BOSS","M","?","M","?","?","E","R","E","T","?","?","M","M","$","R","BOSS","R","$","E","BOSS"],"items_purchased_type":["Card","Relic","Relic","Card","Card"],"build_version":"2020-12-22","purchased_purges":3,"victory":false,"max_hp_per_floor":[75,75,75,75,75,75,75,75,75,75,75,75,75,75,75,75,75,75,75,75,75,75,75,75,75,75,75,75,75,75,75,75,75,75,75,71,71,71,71,71,71,71,71,71,71,71,71,71,71,71,71,71,71,71,71,71],"card_choices":[{"not_picked":["ThreeKonsSevenHakus","PhosphoricSlash"],"picked":"CrescentMoonSlash","floor":1.0},{"not_picked":["HumanRealmSword","FourBirthsSword"],"picked":"PretaSword","floor":2.0},{"not_picked":["ConstancyOfTheConventionalTruth","HumanKnowledgeSword","SuddenPhantomFormationSlashOfKarmicWind"],"picked":"SKIP","floor":4.0},{"not_picked":["FlashingScatteredFlowers","LotusPostureSlash"],"picked":"DispleasureOfTheSevenHakus","floor":5.0},{"not_picked":["HeavenlyHaloSlash","SpiritMediumsBind"],"picked":"EchoesOfTheInclemencyOfAllBeings","floor":6.0},{"not_picked":["LifeCuttingSword","HeartExcerptSlash"],"picked":"TwoHundredYojanaInOneSlash","floor":8.0},{"not_picked":["HeavenSword","TwoHundredYojanaInOneSlash","LifeCuttingSword"],"picked":"SKIP","floor":10.0},{"not_picked":["HumanKnowledgeSword","SpiritMediumsBind"],"picked":"LowerRealmReflectionSlash","floor":11.0},{"not_picked":["ThoughtCuttingSword","TwoHundredYojanaInOneSlash","SpiritMediumsBind"],"picked":"SKIP","floor":13.0},{"not_picked":["KarmicPunishmentOfTheIdleAndUnfocused","HiganSword","TwoHundredYojanaInOneSlash"],"picked":"SKIP","floor":14.0},{"not_picked":["CelestialStarSword","VoidnessSword"],"picked":"HeavenGodSword","floor":16.0},{"not_picked":["SwordOfBindingDesires","HesitationCuttingSword+1"],"picked":"HeavenlyHaloSlash","floor":18.0},{"not_picked":["SwordOfBindingDesires","FourBirthsSword","HumanKnowledgeSword"],"picked":"SKIP","floor":19.0},{"not_picked":["CherryBlossomFlashing","SanzenSekai"],"picked":"RapidSlash","floor":21.0},{"not_picked":["TwoHundredYojanaInOneSlash+1","SwordOfBindingDesires"],"picked":"SwordExtraction","floor":22.0},{"not_picked":["StrangeHalfBody","FlashingScatteredFlowers"],"picked":"CrescentMoonSlash+1","floor":22.0},{"not_picked":["SlashOfSaigyouSpringWind","LowerRealmReflectionSlash+1"],"picked":"BizarrenessOfSixRealms+1","floor":23.0},{"not_picked":["SpiderLilyBurial","LowerRealmReflectionSlash"],"picked":"SlashOfMeditation+1","floor":25.0},{"not_picked":["ConstancyOfTheConventionalTruth+1","PhosphoricSlash+1","TwoHundredYojanaInOneSlash"],"picked":"SKIP","floor":27.0},{"not_picked":["VoidnessSword","ConstancyOfTheConventionalTruth","Collect"],"picked":"SKIP","floor":29.0},{"not_picked":["Cloak And Dagger","ThirdEye"],"picked":"Fire Breathing+1","floor":31.0},{"not_picked":["CherryBlossomSword","VoidnessSword"],"picked":"Tools of the Trade","floor":33.0},{"not_picked":["Sword Boomerang","ConstancyOfTheConventionalTruth","Dagger Throw"],"picked":"SKIP","floor":35.0},{"not_picked":["CrushJoints+1","LowerRealmReflectionSlash"],"picked":"Expertise","floor":37.0},{"not_picked":["Trip","Heatsinks+1","Good Instincts+1"],"picked":"SKIP","floor":40.0},{"not_picked":["Blade Dance+1","Vengeance+1"],"picked":"Vault","floor":42.0},{"not_picked":["Warcry","DispleasureOfTheSevenHakus"],"picked":"TalkToTheHand","floor":45.0},{"not_picked":["Indignation+1","Combust"],"picked":"SlashOfSaigyouSpringWind","floor":46.0},{"not_picked":["Cold Snap","Go for the Eyes+1","Cloak And Dagger"],"picked":"SKIP","floor":47.0},{"not_picked":["HeavenlyHaloSlash+1","WaveOfTheHand"],"picked":"Wireheading","floor":54}],"player_experience":203411,"relics_obtained":[{"floor":6.0,"key":"Gambling Chip"},{"floor":8.0,"key":"Mercury Hourglass"},{"floor":9.0,"key":"Anchor"},{"floor":10.0,"key":"Orichalcum"},{"floor":23.0,"key":"Bronze Scales"},{"floor":25.0,"key":"PreservedInsect"},{"floor":29.0,"key":"Boot"},{"floor":40.0,"key":"Meat on the Bone"},{"floor":42.0,"key":"Pen Nib"},{"floor":43.0,"key":"CaptainsWheel"},{"floor":54,"key":"Sundial"}],"event_choices":[{"damage_healed":0.0,"max_hp_gain":0.0,"max_hp_loss":0.0,"gold_gain":0.0,"event_name":"Addict","player_choice":"Obtained Relic","floor":20.0,"gold_loss":85.0,"damage_taken":0.0,"relics_obtained":["Ancient Tea Set"]},{"damage_healed":0.0,"max_hp_gain":0.0,"max_hp_loss":0.0,"gold_gain":100.0,"event_name":"Golden Shrine","player_choice":"Pray","floor":24.0,"gold_loss":0.0,"damage_taken":0.0},{"damage_healed":0.0,"max_hp_gain":0.0,"max_hp_loss":0.0,"gold_gain":0.0,"event_name":"N\u0027loth","player_choice":"Traded Relic","floor":30.0,"relics_lost":["Mercury Hourglass"],"gold_loss":0.0,"damage_taken":0.0,"relics_obtained":["Nloth\u0027s Gift"]},{"damage_healed":0.0,"max_hp_gain":0.0,"max_hp_loss":4.0,"gold_gain":0.0,"event_name":"Winding Halls","player_choice":"Max HP","floor":36.0,"gold_loss":0.0,"damage_taken":0.0},{"cards_removed":["Strike_YM"],"damage_healed":0.0,"max_hp_gain":0.0,"max_hp_loss":0.0,"gold_gain":0.0,"event_name":"Falling","player_choice":"Removed Attack","floor":38.0,"gold_loss":0.0,"damage_taken":0.0},{"cards_removed":["Defend_YM"],"damage_healed":0.0,"max_hp_gain":0.0,"max_hp_loss":0.0,"gold_gain":0.0,"event_name":"Purifier","player_choice":"Purged","floor":44.0,"gold_loss":0.0,"damage_taken":0.0}],"is_beta":false,"boss_relics":[{"not_picked":["SlaversCollar","Calling Bell"],"picked":"Philosopher\u0027s Stone"},{"not_picked":["Black Star","Velvet Choker"],"picked":"Cursed Key"}],"items_purged_floors":[3,12,39],"is_endless":false,"potions_floor_spawned":[4,10,11,13,14,19,25,31,42,45,47],"killed_by":"The Heart","ascension_level":2}}