{"host":"w7o06k3e8uel8euj","time":1609495727,"event":{"mods":["AchievementEnabler","BaseMod","Colored Powertips","Custom Start","DeckTracker","Keyboard Shortcuts","Minty Spire (QoL Compilation)","Quick Restart","Relic Stats","StSLib","SuperFastMode","everything is the same but u backflip on backflip"],"gold_per_floor":[110,35,35,35,54,82,82,82,82,117,117,152,102,137,137,239,239,254,284,21,21,38,71,71,97,120,138,171,171,96,45,45,146,146,169,84,130,147,163,206,206,239,239,239,189,189,189,222,222,222,222,222,25,68,68],"floor_reached":56,"playtime":2151,"items_purged":["Strike_G","Strike_G","Distraction","Flying Knee+1","Outmaneuver+1","Predator+1"],"score":2064,"play_id":"dbe2cab3-53a5-4404-9107-1b17629420fd","local_time":"20210101190847","is_ascension_mode":true,"campfire_choices":[{"data":"Cloak And Dagger","floor":8.0,"key":"SMITH"},{"data":"Acrobatics","floor":11.0,"key":"SMITH"},{"floor":15.0,"key":"REST"},{"data":"Outmaneuver","floor":24.0,"key":"SMITH"},{"floor":29.0,"key":"REST"},{"data":"Footwork","floor":32.0,"key":"SMITH"},{"data":"Concentrate","floor":41.0,"key":"SMITH"},{"data":"Reflex","floor":44.0,"key":"SMITH"},{"data":"Tactician","floor":47.0,"key":"SMITH"},{"floor":49.0,"key":"RECALL"},{"data":"Acrobatics","floor":52.0,"key":"SMITH"}],"circlet_count":0,"master_deck":["AscendersBane","Survivor","Neutralize","Cloak And Dagger+1","Catalyst","Acrobatics+1","Noxious Fumes","Corpse Explosion","Reflex+1","Concentrate+1","Footwork+1","Prepared","Acrobatics+1","Tactician+1","Calculated Gamble+1","Master of Strategy","Deflect"],"relics":["Ring of the Snake","NeowsBlessing","Omamori","WarpedTongs","Molten Egg 2","Bag of Preparation","Lizard Tail","Gremlin Horn","Membership Card","MealTicket","Pandora\u0027s Box","Red Mask","Lee\u0027s Waffle","Singing Bowl","Akabeko","Question Card","CeramicFish","PreservedInsect","Toy Ornithopter","Philosopher\u0027s Stone","Calipers","Anchor","Smiling Mask","Torii","Happy Flower","Du-Vu Doll"],"acts_visited":["Exordium","TheCity","TheBeyond","TheEnding"],"potions_floor_usage":[55],"damage_taken":[{"damage":0.0,"enemies":"Small Slimes","floor":1.0,"turns":1.0},{"damage":0.0,"enemies":"Jaw Worm","floor":5.0,"turns":1.0},{"damage":0.0,"enemies":"Lagavulin","floor":6.0,"turns":1.0},{"damage":8.0,"enemies":"3 Sentries","floor":10.0,"turns":12.0},{"damage":29.0,"enemies":"Lagavulin","floor":12.0,"turns":9.0},{"damage":25.0,"enemies":"Gremlin Nob","floor":14.0,"turns":5.0},{"damage":29.0,"enemies":"Hexaghost","floor":16.0,"turns":12.0},{"damage":23.0,"enemies":"Shell Parasite","floor":18.0,"turns":4.0},{"damage":12.0,"enemies":"Masked Bandits","floor":19.0,"turns":2.0},{"damage":24.0,"enemies":"2 Thieves","floor":22.0,"turns":3.0},{"damage":4.0,"enemies":"Gremlin Leader","floor":23.0,"turns":4.0},{"damage":48.0,"enemies":"Slavers","floor":25.0,"turns":3.0},{"damage":5.0,"enemies":"Book of Stabbing","floor":28.0,"turns":4.0},{"damage":41.0,"enemies":"Collector","floor":33.0,"turns":7.0},{"damage":3.0,"enemies":"Orb Walker","floor":35.0,"turns":2.0},{"damage":34.0,"enemies":"2 Orb Walkers","floor":37.0,"turns":3.0},{"damage":0.0,"enemies":"3 Darklings","floor":38.0,"turns":2.0},{"damage":27.0,"enemies":"Maw","floor":39.0,"turns":5.0},{"damage":11.0,"enemies":"Giant Head","floor":40.0,"turns":5.0},{"damage":18.0,"enemies":"Nemesis","floor":42.0,"turns":5.0},{"damage":0.0,"enemies":"Reptomancer","floor":48.0,"turns":2.0},{"damage":1.0,"enemies":"Awakened One","floor":50.0,"turns":4.0},{"damage":0.0,"enemies":"Shield and Spear","floor":54.0,"turns":1.0},{"damage":30,"enemies":"The Heart","floor":55,"turns":5}],"seed_played":"-2189506697398413576","potions_obtained":[{"floor":5.0,"key":"ColorlessPotion"},{"floor":10.0,"key":"FairyPotion"},{"floor":14.0,"key":"BlessingOfTheForge"},{"floor":18.0,"key":"LiquidBronze"},{"floor":23.0,"key":"Swift Potion"},{"floor":33.0,"key":"AttackPotion"},{"floor":37.0,"key":"ColorlessPotion"},{"floor":38.0,"key":"Block Potion"}],"is_trial":false,"path_per_floor":["M","$","?","?","M","E","?","R","T","E","R","E","$","E","R","B",null,"M","?","$","?","M","E","R","E","T","?","E","R","?","$","R","B",null,"M","$","?","M","M","E","R","E","T","R","$","?","R","E","R","B",null,"R","$","E","B",null],"character_chosen":"THE_SILENT","items_purchased":["Membership Card","Lee\u0027s Waffle","Singing Bowl","GhostInAJar","Tactician","Happy Flower","Master of Strategy"],"campfire_rested":2,"item_purchase_floors":[13,20,20,31,36,53,53],"current_hp_per_floor":[63,63,60,60,60,60,60,60,60,52,52,23,23,20,41,12,56,33,21,77,77,55,53,53,7,7,7,4,29,29,44,44,5,67,64,79,52,54,29,18,18,12,12,12,27,83,83,85,85,84,85,85,85,85,55],"gold":68,"neow_bonus":"THREE_ENEMY_KILL","is_daily":false,"chose_seed":false,"campfire_upgraded":8,"win_rate":0.0,"timestamp":1609495727,"path_taken":["M","$","?","?","?","E","?","R","T","E","R","E","$","E","R","BOSS","M","?","$","?","M","E","R","E","T","?","E","R","?","?","R","BOSS","M","$","?","M","M","E","R","E","T","R","$","?","R","E","R","BOSS","R","$","E","BOSS"],"items_purchased_type":["Relic","Relic","Relic","Potion","Card","Relic","Card"],"build_version":"2020-12-22","purchased_purges":6,"victory":true,"max_hp_per_floor":[70,70,70,70,70,70,70,70,70,70,70,70,70,70,70,70,70,70,70,77,77,79,81,81,83,83,83,85,85,85,85,85,87,87,87,87,89,91,93,93,93,95,95,95,95,83,83,85,85,85,85,85,85,85,85],"relic_stats":{"Lee\u0027s Waffle":41,"Gremlin Horn":[9,9],"Singing Bowl":20,"Torii":19,"Happy Flower":[2],"counters":[24,102],"CeramicFish":63,"PreservedInsect":360,"Bag of Preparation":[42],"Question Card":12,"Smiling Mask":88,"WarpedTongs":[97],"Lizard Tail":0,"MealTicket":60,"Pandora\u0027s Box":["Riddle With Holes","Distraction","Night Terror","Outmaneuver","Flying Knee","Corpse Explosion","Predator","Reflex"],"obtain_stats":[{"Calipers":37,"Gremlin Horn":12,"Singing Bowl":20,"Torii":48,"CeramicFish":25,"Bag of Preparation":9,"Smiling Mask":42,"Lizard Tail":10,"MealTicket":14,"Philosopher\u0027s Stone":34,"Red Mask":19,"Ring of the Snake":0,"Lee\u0027s Waffle":20,"NeowsBlessing":0,"Happy Flower":53,"PreservedInsect":26,"Omamori":3,"Question Card":23,"Akabeko":21,"WarpedTongs":4,"Du-Vu Doll":54,"Anchor":40,"Molten Egg 2":6,"Pandora\u0027s Box":17,"Membership Card":13,"Toy Ornithopter":28},{"Calipers":16,"Gremlin Horn":5,"Singing Bowl":9,"Torii":21,"CeramicFish":12,"Bag of Preparation":3,"Smiling Mask":20,"Lizard Tail":4,"MealTicket":6,"Philosopher\u0027s Stone":14,"Red Mask":9,"Ring of the Snake":0,"Lee\u0027s Waffle":9,"NeowsBlessing":0,"Happy Flower":22,"PreservedInsect":12,"Omamori":1,"Question Card":11,"Akabeko":9,"WarpedTongs":1,"Du-Vu Doll":23,"Anchor":19,"Molten Egg 2":3,"Pandora\u0027s Box":7,"Membership Card":5,"Toy Ornithopter":13},{"Calipers":73,"Gremlin Horn":24,"Singing Bowl":47,"Torii":92,"CeramicFish":57,"Bag of Preparation":3,"Smiling Mask":90,"Lizard Tail":15,"MealTicket":29,"Philosopher\u0027s Stone":68,"Red Mask":47,"Ring of the Snake":0,"Lee\u0027s Waffle":47,"NeowsBlessing":0,"Happy Flower":96,"PreservedInsect":57,"Omamori":1,"Question Card":54,"Akabeko":47,"WarpedTongs":1,"Du-Vu Doll":97,"Anchor":85,"Molten Egg 2":3,"Pandora\u0027s Box":41,"Membership Card":24,"Toy Ornithopter":61}],"Toy Ornithopter":15,"Ring of the Snake":[48]},"card_choices":[{"not_picked":["Dagger Throw","Flying Knee"],"picked":"Cloak And Dagger","floor":1.0},{"not_picked":["Bane","Outmaneuver"],"picked":"Catalyst","floor":5.0},{"not_picked":["Bullet Time","Dagger Throw+1"],"picked":"Acrobatics","floor":6.0},{"not_picked":["Underhanded Strike+1","Dodge and Roll","Flying Knee+1"],"picked":"SKIP","floor":10.0},{"not_picked":["All Out Attack+1","Blur"],"picked":"Noxious Fumes","floor":12.0},{"not_picked":["Dagger Throw+1","Underhanded Strike+1","Infinite Blades"],"picked":"SKIP","floor":14.0},{"not_picked":["Venomology","Phantasmal Killer"],"picked":"Corpse Explosion","floor":16.0},{"not_picked":["Expertise+1","Acrobatics+1"],"picked":"Concentrate","floor":18.0},{"not_picked":["Acrobatics+1","Accuracy","Predator+1"],"picked":"Singing Bowl","floor":22.0},{"not_picked":["Envenom","Backstab+1","Cloak And Dagger"],"picked":"Singing Bowl","floor":23.0},{"not_picked":["Quick Slash+1","Bane+1","Dagger Spray+1","Backflip"],"picked":"Singing Bowl","floor":25.0},{"not_picked":["Die Die Die+1","Flechettes+1","Poisoned Stab+1","Grand Finale+1"],"picked":"Singing Bowl","floor":28.0},{"not_picked":["Venomology","Wraith Form v2","A Thousand Cuts","Die Die Die+1"],"picked":"Singing Bowl","floor":33.0},{"not_picked":["Deadly Poison+1","Bane+1","Heel Hook+1"],"picked":"Acrobatics","floor":35.0},{"not_picked":["Prepared","Storm of Steel","Noxious Fumes+1","Dodge and Roll"],"picked":"Singing Bowl","floor":37.0},{"not_picked":["Sucker Punch+1","Predator+1","Flying Knee+1","Prepared+1"],"picked":"Singing Bowl","floor":38.0},{"not_picked":["Footwork+1","PiercingWail+1","Backstab+1","Caltrops+1"],"picked":"Singing Bowl","floor":39.0},{"not_picked":["Sucker Punch+1","Acrobatics","Blade Dance"],"picked":"Calculated Gamble+1","floor":40.0},{"not_picked":["Quick Slash+1","Poisoned Stab+1","Riddle With Holes+1","All Out Attack+1"],"picked":"Singing Bowl","floor":42.0},{"not_picked":["Dagger Spray+1","Prepared","Flying Knee+1","Deflect"],"picked":"Singing Bowl","floor":48.0},{"not_picked":["Tools of the Trade","Expertise+1","Terror+1"],"picked":"Deflect","floor":54}],"player_experience":575786,"relics_obtained":[{"floor":6.0,"key":"Molten Egg 2"},{"floor":9.0,"key":"Bag of Preparation"},{"floor":10.0,"key":"Lizard Tail"},{"floor":12.0,"key":"Gremlin Horn"},{"floor":14.0,"key":"MealTicket"},{"floor":19.0,"key":"Red Mask"},{"floor":23.0,"key":"Question Card"},{"floor":25.0,"key":"CeramicFish"},{"floor":26.0,"key":"PreservedInsect"},{"floor":28.0,"key":"Toy Ornithopter"},{"floor":37.0,"key":"Calipers"},{"floor":40.0,"key":"Anchor"},{"floor":42.0,"key":"Smiling Mask"},{"floor":48.0,"key":"Torii"},{"floor":54,"key":"Du-Vu Doll"}],"event_choices":[{"damage_healed":0.0,"max_hp_gain":0.0,"max_hp_loss":0.0,"gold_gain":0.0,"event_name":"Scrap Ooze","player_choice":"Success","floor":3.0,"gold_loss":0.0,"damage_taken":3.0,"relics_obtained":["Omamori"]},{"damage_healed":0.0,"max_hp_gain":0.0,"max_hp_loss":0.0,"gold_gain":0.0,"event_name":"Accursed Blacksmith","player_choice":"Rummage","floor":4.0,"gold_loss":0.0,"damage_taken":0.0,"relics_obtained":["WarpedTongs"],"cards_obtained":["Pain"]},{"damage_healed":0.0,"max_hp_gain":0.0,"max_hp_loss":0.0,"gold_gain":0.0,"event_name":"The Woman in Blue","player_choice":"Bought 0 Potions","floor":7.0,"gold_loss":0.0,"damage_taken":0.0},{"damage_healed":0.0,"max_hp_gain":0.0,"max_hp_loss":0.0,"gold_gain":0.0,"event_name":"Masked Bandits","player_choice":"Fought Bandits","floor":19.0,"gold_loss":0.0,"damage_taken":0.0},{"damage_healed":0.0,"max_hp_gain":0.0,"max_hp_loss":0.0,"gold_gain":0.0,"event_name":"The Mausoleum","player_choice":"Opened","floor":21.0,"gold_loss":0.0,"damage_taken":0.0,"relics_obtained":["Akabeko"],"cards_obtained":["Writhe"]},{"damage_healed":0.0,"max_hp_gain":0.0,"max_hp_loss":0.0,"gold_gain":0.0,"cards_transformed":["Riddle With Holes","Night Terror"],"event_name":"Drug Dealer","player_choice":"Became Test Subject","floor":27.0,"gold_loss":0.0,"damage_taken":0.0,"cards_obtained":["Footwork","Prepared"]},{"cards_removed":["Corpse Explosion"],"damage_healed":0.0,"max_hp_gain":0.0,"max_hp_loss":0.0,"gold_gain":0.0,"event_name":"Beggar","player_choice":"Gave Gold","floor":30.0,"gold_loss":75.0,"damage_taken":0.0},{"damage_healed":0.0,"max_hp_gain":0.0,"max_hp_loss":0.0,"gold_gain":0.0,"event_name":"Mysterious Sphere","player_choice":"Fight","floor":37.0,"gold_loss":0.0,"damage_taken":0.0},{"damage_healed":83.0,"max_hp_gain":0.0,"max_hp_loss":12.0,"gold_gain":0.0,"event_name":"The Moai Head","player_choice":"Heal","floor":46.0,"gold_loss":0.0,"damage_taken":0.0}],"is_beta":false,"boss_relics":[{"not_picked":["Runic Dome","Sozu"],"picked":"Pandora\u0027s Box"},{"not_picked":["Snecko Eye","Ring of the Serpent"],"picked":"Philosopher\u0027s Stone"}],"items_purged_floors":[2,13,20,36,45,53],"is_endless":false,"potions_floor_spawned":[5,10,14,18,23,33,37,38],"ascension_level":10}}