{"host":"tr12w2fixbnujl15","time":1609530003,"event":{"mods":["2.2 Compatiblity","Bartender","BaseMod","Better Skull","BetterRewards","Colored Powertips","Hubris","Infinite Spire","Minty Spire (QoL Compilation)","Quick Restart","Replay The Spire","Shop Mod","StSLib","SuperFastMode","The Administrix","The Necromancer","The Sage","The Senshi","The Spell Scribe","The Valiant","TheFirefly","WarShipGirlsR/????R mod"],"gold_per_floor":[119,119,131,6,21,21,21],"floor_reached":6,"playtime":158,"items_purged":[],"score":36,"play_id":"fd9bfcf9-b248-4f60-927e-f73445095b41","local_time":"20210101144003","is_ascension_mode":false,"campfire_choices":[],"circlet_count":0,"master_deck":["AdministrixMod:Strike_Administrix","AdministrixMod:Strike_Administrix","AdministrixMod:Strike_Administrix","AdministrixMod:Strike_Administrix","AdministrixMod:RedCloak","AdministrixMod:Defend_Administrix","AdministrixMod:Defend_Administrix","AdministrixMod:Defend_Administrix","AdministrixMod:Defend_Administrix","AdministrixMod:BlueCloak","AdministrixMod:PassageOfAges","AdministrixMod:BegetEternity","AdministrixMod:BishamonBlessing","AdministrixMod:ImmortalGrace","AdministrixMod:LightOfYourLife"],"relics":["AdministrixMod:ConductorRitualBaton","NeowsBlessing"],"acts_visited":["Exordium"],"potions_floor_usage":[],"damage_taken":[{"damage":0,"enemies":"Small Slimes","floor":1,"turns":2},{"damage":0,"enemies":"Cultist","floor":3,"turns":1},{"damage":0,"enemies":"2 Louse","floor":5,"turns":1}],"seed_played":"-7347411133210654744","potions_obtained":[],"is_trial":false,"path_per_floor":["M","?","M","$","M","E"],"character_chosen":"TheAdministrix","items_purchased":["AdministrixMod:BishamonBlessing","AdministrixMod:ImmortalGrace"],"campfire_rested":0,"item_purchase_floors":[4,4],"current_hp_per_floor":[65,65,65,65,65,52,52],"gold":21,"neow_bonus":"THREE_ENEMY_KILL","is_daily":false,"chose_seed":false,"campfire_upgraded":0,"win_rate":0.0,"timestamp":1609530003,"path_taken":["M","?","?","$","M","E"],"items_purchased_type":["Card","Card"],"build_version":"2020-12-22","purchased_purges":0,"victory":false,"max_hp_per_floor":[65,65,65,65,65,65,65],"card_choices":[{"not_picked":["AdministrixMod:PlateOfAntiquity","AdministrixMod:TrickOfTheLight"],"picked":"AdministrixMod:PassageOfAges","floor":1},{"not_picked":["AdministrixMod:WickedPunishment","AdministrixMod:NoblePath"],"picked":"AdministrixMod:BegetEternity","floor":3},{"not_picked":["AdministrixMod:Overdrive","AdministrixMod:Transition"],"picked":"AdministrixMod:LightOfYourLife","floor":5}],"player_experience":16992,"relics_obtained":[],"event_choices":[{"damage_healed":0,"gold_gain":0,"player_choice":"Ignored","damage_taken":0,"max_hp_gain":0,"max_hp_loss":0,"event_name":"Purifier","floor":2,"gold_loss":0}],"is_beta":false,"boss_relics":[],"items_purged_floors":[],"is_endless":false,"potions_floor_spawned":[],"killed_by":"Gremlin Nob","ascension_level":0}}