{"host":"nmjik3bzoelmmajy","time":1609459727,"event":{"mods":["BaseMod","Better Third Choice","Colored Map","DeckTracker","Minty Spire (QoL Compilation)","Quick Restart","Say the Spire","StSLib","SuperFastMode"],"gold_per_floor":[114,134,153,303,303,303,332,332,332,407,407,432,445,459,459,533,533,549,242,257,269,269,269],"floor_reached":22,"playtime":1705,"items_purged":["Strike_G"],"score":353,"play_id":"fcbcaf83-cdee-4f21-8080-80216818642e","local_time":"20210101090847","is_ascension_mode":true,"campfire_choices":[{"data":"Dagger Spray","floor":6,"key":"SMITH"},{"data":"Finisher","floor":8,"key":"SMITH"},{"data":"Accuracy","floor":11,"key":"SMITH"},{"floor":15,"key":"REST"}],"circlet_count":0,"master_deck":["AscendersBane","Strike_G","Strike_G","Strike_G","Strike_G","Defend_G","Defend_G","Defend_G","Defend_G","Defend_G","Survivor","Neutralize","Slice","Dagger Spray+1","Finisher+1","Accuracy+1","Blade Dance","Prepared","After Image","Crippling Poison","Accuracy","Footwork","Infinite Blades","Well Laid Plans","Blur","Cloak And Dagger"],"relics":["Ring of the Snake","Boot","Smiling Mask","The Courier","Kunai","WristBlade"],"acts_visited":["Exordium","TheCity"],"potions_floor_usage":[7,13,16,20,21,22],"damage_taken":[{"damage":0,"enemies":"Jaw Worm","floor":1,"turns":4},{"damage":0,"enemies":"2 Louse","floor":2,"turns":3},{"damage":0,"enemies":"Small Slimes","floor":3,"turns":3},{"damage":2,"enemies":"Gremlin Nob","floor":7,"turns":3},{"damage":32,"enemies":"3 Sentries","floor":12,"turns":8},{"damage":1,"enemies":"Exordium Wildlife","floor":13,"turns":2},{"damage":0,"enemies":"2 Fungi Beasts","floor":14,"turns":3},{"damage":21,"enemies":"The Guardian","floor":16,"turns":13},{"damage":10,"enemies":"Shell Parasite","floor":18,"turns":5},{"damage":19,"enemies":"2 Thieves","floor":20,"turns":3},{"damage":10,"enemies":"Snecko","floor":21,"turns":5},{"damage":19,"enemies":"Snake Plant","floor":22,"turns":3}],"seed_played":"7697990282068879426","potions_obtained":[{"floor":3,"key":"Fire Potion"},{"floor":12,"key":"Energy Potion"},{"floor":13,"key":"AttackPotion"},{"floor":18,"key":"LiquidBronze"},{"floor":20,"key":"BlessingOfTheForge"}],"is_trial":false,"path_per_floor":["M","M","M","?","?","R","E","R","T","?","R","E","M","M","R","B",null,"M","$","M","M","M"],"character_chosen":"THE_SILENT","items_purchased":["Accuracy","Footwork","Infinite Blades","Well Laid Plans","PowerPotion"],"campfire_rested":1,"item_purchase_floors":[19,19,19,19,19],"current_hp_per_floor":[59,59,59,59,59,59,57,57,57,46,46,14,13,13,32,11,52,42,42,23,13,0,0],"gold":269,"neow_bonus":"RANDOM_COMMON_RELIC","is_daily":false,"chose_seed":false,"campfire_upgraded":3,"win_rate":0.0,"timestamp":1609459727,"path_taken":["M","M","M","?","?","R","E","R","T","?","R","E","?","M","R","BOSS","M","$","M","M","M"],"items_purchased_type":["Card","Card","Card","Card","Potion"],"build_version":"2020-12-22","purchased_purges":1,"victory":false,"max_hp_per_floor":[66,66,66,66,66,66,66,66,66,66,66,66,66,66,66,66,66,66,66,66,66,66,66],"card_choices":[{"not_picked":["Acrobatics","Prepared"],"picked":"Slice","floor":1},{"not_picked":["Infinite Blades","Calculated Gamble"],"picked":"Dagger Spray","floor":2},{"not_picked":["Dodge and Roll","Dagger Throw"],"picked":"Finisher","floor":3},{"not_picked":["Flying Knee","Terror"],"picked":"Accuracy","floor":7},{"not_picked":["Prepared","Underhanded Strike"],"picked":"Blade Dance","floor":12},{"not_picked":["Underhanded Strike","Poisoned Stab","Masterful Stab"],"picked":"SKIP","floor":13},{"not_picked":["Unload","Deadly Poison"],"picked":"Prepared","floor":14},{"not_picked":["Tools of the Trade","Glass Knife"],"picked":"After Image","floor":16},{"not_picked":["Deadly Poison","Poisoned Stab"],"picked":"Crippling Poison","floor":18},{"not_picked":["Underhanded Strike","Finisher"],"picked":"Blur","floor":20},{"not_picked":["Underhanded Strike","Sucker Punch+1"],"picked":"Cloak And Dagger","floor":21}],"player_experience":829476,"relics_obtained":[{"floor":7,"key":"Smiling Mask"},{"floor":9,"key":"The Courier"},{"floor":12,"key":"Kunai"}],"event_choices":[{"damage_healed":0,"gold_gain":150,"player_choice":"AGREE","damage_taken":153,"max_hp_gain":0,"max_hp_loss":0,"event_name":"betterThird:BetterSerpent","floor":4,"gold_loss":0},{"cards_removed":["Doubt"],"damage_healed":0,"gold_gain":0,"player_choice":"Forget","damage_taken":0,"max_hp_gain":0,"max_hp_loss":0,"event_name":"Living Wall","floor":5,"gold_loss":0},{"damage_healed":0,"gold_gain":75,"player_choice":"Gold","damage_taken":11,"max_hp_gain":0,"max_hp_loss":0,"event_name":"betterThird:BetterGoop","floor":10,"gold_loss":0}],"is_beta":false,"boss_relics":[{"not_picked":["Ectoplasm","Fusion Hammer"],"picked":"WristBlade"}],"items_purged_floors":[19],"is_endless":false,"potions_floor_spawned":[3,12,13,18,20],"killed_by":"Snake Plant","ascension_level":16}}