{"host":"ds1yr10zonoc6w4a","time":1609520273,"event":{"mods":["2.2 Compatiblity","AchievementEnabler","Act Like it!","BaseMod","Better Match","Better Third Choice","BetterRewards","Downfall","Elementarium","Evolution","Gensokyo","GifTheSpireLib","Infinite Spire","Jorbs\u0027s Wanderer Trilogy","Koishi","Menagerie","Minty Spire (QoL Compilation)","Pale of the Ancients","Replay The Spire","StSLib","Stuff the Spire","The Animator","Wandering Minibosses","vexMod","??????REMEMod"],"gold_per_floor":[131,129,66,26,26,47,65,107,107,107,117,117,142,154,154,218,218,226,271,303,264,264,264,264],"floor_reached":23,"playtime":3159,"items_purged":["animator:Strike","animator:Strike"],"score":617,"play_id":"863cabe1-f40d-4a85-aa75-299a5ace9a8b","local_time":"20210101095753","is_ascension_mode":true,"campfire_choices":[{"data":"animator:KurumiTokisaki","floor":10,"key":"SMITH"},{"data":"animator:QuestionMark","floor":15,"key":"SMITH"}],"circlet_count":0,"master_deck":["AscendersBane","animator:ReimuHakurei","animator:Chung","animator:Strike+1","animator:Defend","animator:Defend","animator:Defend+1","animator:Chung","animator:Raven","animator:KurumiTokisaki+1","animator:QuestionMark+1","vexMod:UltimateCard","animator:KyokoSakura","animator:Jibril","animator:Hibiki","animator:YachiyoNanami","animator:Kyubey","animator:Shalltear","animator:Elsword","animator:Mitsuba","animator:Shalltear","animator:FielNirvalen","animator:Mikaela","animator:DolaRiku","animator:MadokaKaname","animator:ElricAlphonse","animator:Megumin","animator:YuiTsuruno","animator:Laby","animator:DwarfShaman","animator:Eve"],"relics":["animator:LivingPicture","animator:TheMissingPiece","EVO:Axolotl","REME_ComplimentaryCards","animator:PurgingStone","Pear","Oddly Smooth Stone","ReplayFunnel","infinitespire:CheckeredPen","Gensokyo:Mercy","Prayer Wheel","vexMod:TanglingVine","Simple Rune","Philosopher\u0027s Stone","StuffTheSpire:PointBlank"],"acts_visited":["Gensokyo:Gensokyo","Gensokyo:Gensokyoer"],"potions_floor_usage":[11,14,16,18,20],"damage_taken":[{"damage":0,"enemies":"Gensokyo:3_Fairies","floor":1,"turns":4},{"damage":0,"enemies":"Gensokyo:2_Kodama","floor":2,"turns":7},{"damage":12,"enemies":"Gensokyo:Aya","floor":6,"turns":6},{"damage":12,"enemies":"Gensokyo:Gryphon","floor":7,"turns":5},{"damage":14,"enemies":"Gensokyo:Cirno","floor":8,"turns":6},{"damage":0,"enemies":"Gensokyo:3_Kodama","floor":11,"turns":4},{"damage":0,"enemies":"Gensokyo:Mamizou","floor":13,"turns":9},{"damage":2,"enemies":"Gensokyo:VengefulSpirit","floor":14,"turns":4},{"damage":0,"enemies":"Gensokyo:Kokoro","floor":16,"turns":9},{"damage":17,"enemies":"Gensokyo:3_Dogs","floor":18,"turns":5},{"damage":0,"enemies":"Gensokyo:CosmicMonolith","floor":20,"turns":5},{"damage":63,"enemies":"Gensokyo:3_Gloops","floor":21,"turns":6},{"damage":5,"enemies":"Gensokyo:Tenshi","floor":23,"turns":1}],"seed_played":"5272505892386351100","potions_obtained":[{"floor":6,"key":"CultistPotion"},{"floor":7,"key":"Adrenaline Potion"},{"floor":13,"key":"EssenceOfSteel"},{"floor":14,"key":"Swift Potion"},{"floor":18,"key":"ColorlessPotion"}],"is_trial":false,"path_per_floor":["M","M","?","COS","?","E","M","E","T","R","M","?","E","M","R","B",null,"M","T","M","M","AVR","E"],"character_chosen":"THE_ANIMATOR","items_purchased":["animator:QuestionMark","animator:Millim"],"campfire_rested":0,"item_purchase_floors":[0,0],"current_hp_per_floor":[59,59,60,60,55,43,31,17,17,17,17,17,17,16,16,17,64,53,53,57,3,3,0,0],"gold":264,"neow_bonus":"","is_daily":false,"chose_seed":false,"campfire_upgraded":2,"win_rate":0.0,"timestamp":1609520273,"path_taken":["M","M","?","COS","?","E","?","E","T","R","M","?","E","M","R","BOSS","M","?","?","M","AVR","E"],"items_purchased_type":["Card","Card"],"build_version":"2020-12-22","purchased_purges":2,"victory":false,"max_hp_per_floor":[66,66,67,67,77,77,77,77,77,77,77,77,77,78,78,79,79,79,79,80,80,80,80,80],"card_choices":[{"not_picked":["animator:OrikoMikuni","animator:Raven"],"picked":"animator:KyokoSakura","floor":1},{"not_picked":["animator:Demiurge","animator:Benimaru"],"picked":"animator:Jibril","floor":2},{"not_picked":["animator:Kira","animator:HarukoHaruhara"],"picked":"animator:Hibiki","floor":3},{"not_picked":["animator:NagisaMomoe","animator:Yuuichirou"],"picked":"animator:YachiyoNanami","floor":3},{"not_picked":["animator:Wiz","animator:SwordMaiden"],"picked":"animator:Kyubey","floor":3},{"not_picked":["animator:Ain","animator:Demiurge"],"picked":"animator:Shalltear","floor":6},{"not_picked":["animator:Ara","animator:Raven"],"picked":"animator:Elsword","floor":7},{"not_picked":["animator:DolaSchwi","animator:DolaCouronne"],"picked":"animator:Mitsuba","floor":8},{"not_picked":["animator:PandorasActor","animator:SwordMaiden"],"picked":"animator:Shalltear","floor":11},{"not_picked":["animator:Yoichi","animator:Gluttony"],"picked":"animator:FielNirvalen","floor":13},{"not_picked":["animator:Chung","animator:Wiz"],"picked":"animator:Mikaela","floor":14},{"not_picked":["animator:DolaSchwi","animator:Jibril"],"picked":"animator:DolaRiku","floor":14},{"not_picked":["animator:Shiro","animator:HomuraAkemi"],"picked":"animator:MadokaKaname","floor":16},{"not_picked":["animator:CowGirl","animator:Cocytus"],"picked":"animator:ElricAlphonse","floor":18},{"not_picked":["animator:NagisaMomoe","animator:OrikoMikuni"],"picked":"animator:Megumin","floor":18},{"not_picked":["animator:Jibril","animator:Shinoa"],"picked":"animator:YuiTsuruno","floor":20},{"not_picked":["animator:DolaSchwi","animator:WinryRockbell"],"picked":"animator:Laby","floor":20},{"not_picked":["animator:Vanir","animator:Demiurge"],"picked":"animator:DwarfShaman","floor":21},{"not_picked":["animator:OrikoMikuni","animator:Benimaru"],"picked":"animator:Eve","floor":21}],"player_experience":681976,"relics_obtained":[{"floor":6,"key":"Oddly Smooth Stone"},{"floor":8,"key":"infinitespire:CheckeredPen"},{"floor":13,"key":"Prayer Wheel"},{"floor":19,"key":"Simple Rune"}],"event_choices":[{"damage_healed":0,"gold_gain":0,"player_choice":"1","damage_taken":0,"max_hp_gain":0,"max_hp_loss":0,"event_name":"betterMatch:BetterMatch","floor":3,"gold_loss":0,"cards_obtained":["betterMatch:ColorlessRareCard","betterMatch:UncommonCard","betterMatch:RareCard"]}],"is_beta":false,"boss_relics":[{"not_picked":["StuffTheSpire:RunicConfusion","ReplayTheSpireMod:DimensionalGlitch"],"picked":"vexMod:TanglingVine"}],"items_purged_floors":[0,22],"is_endless":false,"potions_floor_spawned":[6,7,13,14,18],"killed_by":"Gensokyo:Tenshi","ascension_level":13}}