{"host":"1yib4t3blvbtzkw7","time":1609495310,"event":{"mods":["2.2 Compatiblity","AchievementEnabler","BaseMod","Colored Map","DeckTracker","Highlight Path","Minty Spire (QoL Compilation)","Random Character Button","Rare Cards Sparkle"],"gold_per_floor":[111,111,111,132,156,156,190,190,216,216,230,0,0,25,25,155,155,176,192,44,59,74,118,118,157,157,157,175,175,175,188,188,290,290,307,307,307],"floor_reached":36,"playtime":1231,"items_purged":["Strike_R"],"score":429,"play_id":"693f819a-19e0-4521-b088-07db92dd6a22","local_time":"20210101110150","is_ascension_mode":false,"campfire_choices":[{"data":"Mayhem","floor":6,"key":"SMITH"},{"floor":8,"key":"REST"},{"data":"Bash","floor":10,"key":"SMITH"},{"data":"Armaments","floor":13,"key":"SMITH"},{"data":"Hemokinesis","floor":15,"key":"SMITH"},{"data":"Demon Form","floor":29,"key":"SMITH"},{"data":"Disarm","floor":32,"key":"SMITH"}],"circlet_count":0,"master_deck":["Defend_R","Defend_R","Defend_R","Defend_R","Bash+1","Mayhem+1","Twin Strike","Iron Wave","Heavy Blade","Armaments+1","Hemokinesis+1","Demon Form+1","Clothesline+1","Bloodletting","Mayhem+1","Sword Boomerang","Twin Strike+1","Evolve","Bite","Bite","Bite","Bite","Pommel Strike","Disarm+1","Barricade"],"relics":["Black Blood","Bloody Idol","Strawberry","Lantern","TheAbacus","DollysMirror","Mercury Hourglass","Toy Ornithopter","Letter Opener","Boot","Empty Cage"],"acts_visited":["Exordium","TheCity","TheBeyond"],"potions_floor_usage":[8,23,23,33,36,36],"damage_taken":[{"damage":5,"enemies":"Small Slimes","floor":1,"turns":3},{"damage":8,"enemies":"2 Louse","floor":4,"turns":3},{"damage":4,"enemies":"Jaw Worm","floor":5,"turns":5},{"damage":30,"enemies":"Lagavulin","floor":7,"turns":5},{"damage":5,"enemies":"Looter","floor":11,"turns":3},{"damage":1,"enemies":"3 Louse","floor":14,"turns":5},{"damage":53,"enemies":"The Guardian","floor":16,"turns":9},{"damage":7,"enemies":"Chosen","floor":18,"turns":5},{"damage":32,"enemies":"Spheric Guardian","floor":19,"turns":4},{"damage":36,"enemies":"Shelled Parasite and Fungi","floor":21,"turns":5},{"damage":8,"enemies":"Centurion and Healer","floor":22,"turns":6},{"damage":18,"enemies":"Slavers","floor":23,"turns":5},{"damage":35,"enemies":"Gremlin Leader","floor":25,"turns":5},{"damage":25,"enemies":"3 Cultists","floor":28,"turns":5},{"damage":10,"enemies":"Cultist and Chosen","floor":31,"turns":5},{"damage":24,"enemies":"Champ","floor":33,"turns":7},{"damage":55,"enemies":"3 Darklings","floor":35,"turns":5},{"damage":42,"enemies":"2 Orb Walkers","floor":36,"turns":3}],"seed_played":"-1199494127126849893","potions_obtained":[{"floor":1,"key":"SteroidPotion"},{"floor":5,"key":"Block Potion"},{"floor":7,"key":"Fruit Juice"},{"floor":19,"key":"Dexterity Potion"},{"floor":22,"key":"AttackPotion"},{"floor":23,"key":"Swift Potion"},{"floor":33,"key":"AttackPotion"}],"is_trial":false,"path_per_floor":["M","?","?","M","M","R","E","R","T","R","M","$","R","M","R","B",null,"M","M","$","M","M","E","?","E","T","?","M","R","?","M","R","B",null,"M","?"],"character_chosen":"IRONCLAD","items_purchased":["TheAbacus","DollysMirror"],"campfire_rested":1,"item_purchase_floors":[12,20],"current_hp_per_floor":[72,54,43,41,43,43,19,49,49,49,50,50,50,55,55,8,84,84,64,64,40,44,38,38,27,27,27,23,23,23,39,39,52,58,25,0,0],"gold":307,"neow_bonus":"RANDOM_COLORLESS_2","is_daily":false,"chose_seed":false,"campfire_upgraded":6,"win_rate":0.0,"timestamp":1609495310,"path_taken":["M","?","?","M","M","R","E","R","T","R","M","$","R","M","R","BOSS","M","M","$","M","M","E","?","E","T","?","M","R","?","M","R","BOSS","M","?"],"items_purchased_type":["Relic","Relic"],"build_version":"2020-12-22","purchased_purges":1,"victory":false,"max_hp_per_floor":[72,72,79,79,79,79,79,84,84,84,84,84,84,84,84,84,84,84,84,84,84,84,84,58,58,58,58,58,58,58,58,58,58,58,58,58,58],"card_choices":[{"not_picked":["Secret Technique","Transmutation"],"picked":"Mayhem","floor":0},{"not_picked":["Flex","Heavy Blade"],"picked":"Twin Strike","floor":1},{"not_picked":["Combust","Flex"],"picked":"Iron Wave","floor":4},{"not_picked":["Power Through","Flex"],"picked":"Heavy Blade","floor":5},{"not_picked":["Sever Soul","Entrench","Anger"],"picked":"SKIP","floor":7},{"not_picked":["Perfected Strike","Feel No Pain"],"picked":"Armaments","floor":11},{"not_picked":["Second Wind","Spot Weakness"],"picked":"Hemokinesis","floor":14},{"not_picked":["Limit Break","Corruption"],"picked":"Demon Form","floor":16},{"not_picked":["Clash","Armaments"],"picked":"Clothesline+1","floor":18},{"not_picked":["Body Slam","Infernal Blade+1"],"picked":"Bloodletting","floor":19},{"not_picked":["True Grit","Clothesline+1"],"picked":"Sword Boomerang","floor":21},{"not_picked":["Headbutt","Clothesline"],"picked":"Twin Strike+1","floor":22},{"not_picked":["Anger","Headbutt"],"picked":"Evolve","floor":23},{"not_picked":["Headbutt","Clothesline"],"picked":"Pommel Strike","floor":25},{"not_picked":["Hemokinesis","Entrench+1"],"picked":"Disarm","floor":28},{"not_picked":["Perfected Strike+1","Cleave","Warcry"],"picked":"SKIP","floor":31},{"not_picked":["Juggernaut","Offering"],"picked":"Barricade","floor":33},{"not_picked":["Reckless Charge","Headbutt+1","Rampage"],"picked":"SKIP","floor":35}],"player_experience":758750,"relics_obtained":[{"floor":7,"key":"Lantern"},{"floor":23,"key":"Mercury Hourglass"},{"floor":25,"key":"Toy Ornithopter"},{"floor":26,"key":"Letter Opener"}],"event_choices":[{"damage_healed":0,"gold_gain":0,"player_choice":"Take Damage","damage_taken":18,"relics_obtained":["Golden Idol"],"max_hp_gain":0,"max_hp_loss":0,"event_name":"Golden Idol","floor":2,"gold_loss":0},{"damage_healed":0,"gold_gain":0,"player_choice":"Success","damage_taken":18,"relics_obtained":["Strawberry"],"max_hp_gain":0,"max_hp_loss":0,"event_name":"Scrap Ooze","floor":3,"gold_loss":0},{"damage_healed":0,"gold_gain":0,"player_choice":"Became a vampire","damage_taken":0,"max_hp_gain":0,"max_hp_loss":26,"event_name":"Vampires","floor":24,"gold_loss":0,"cards_obtained":["Bite","Bite","Bite","Bite","Bite"]},{"damage_healed":0,"gold_gain":0,"player_choice":"Stole Relic","damage_taken":0,"relics_obtained":["Boot"],"max_hp_gain":0,"max_hp_loss":0,"event_name":"Addict","floor":27,"gold_loss":0,"cards_obtained":["Shame"]},{"damage_healed":0,"gold_gain":0,"player_choice":"Gave Idol","damage_taken":0,"relics_obtained":["Bloody Idol"],"max_hp_gain":0,"max_hp_loss":0,"event_name":"Forgotten Altar","floor":30,"relics_lost":["Golden Idol"],"gold_loss":0},{"damage_healed":0,"gold_gain":0,"player_choice":"Fight","damage_taken":0,"max_hp_gain":0,"max_hp_loss":0,"event_name":"Mysterious Sphere","floor":36,"gold_loss":0}],"is_beta":false,"boss_relics":[{"not_picked":["Pandora\u0027s Box","Coffee Dripper"],"picked":"Black Blood"},{"not_picked":["Astrolabe","SlaversCollar"],"picked":"Empty Cage"}],"items_purged_floors":[12],"is_endless":false,"potions_floor_spawned":[1,5,7,19,22,23,33],"killed_by":"2 Orb Walkers","ascension_level":0}}