{"host":"x4d6lk1isuf99bn5","time":1609502658,"event":{"mods":["Act Like it!","BaseMod","Colored Powertips","Defuse TimeMaze Blight","Gensokyo","Highlight Path","Minty Spire (QoL Compilation)","Quick Restart","Remilia£®¿Ÿ√◊¿Ú—«£©","Replay The Spire","Shop Mod","StSLib","The Servant 0.9.4","Waifu the Spire","Youmu£®ªÍ∆«—˝√Œ£©"],"gold_per_floor":[141,141,316,316,367,367,138,213,240,190,286,186,264,120,333,636,636,669,669,669,705,585,585,611,291,291,291,327,327,366,468,468,765,765,810,810,864,919,919,1021,1072,527,603,651,337,389,80,284,284,596,596,644,704,779,830,830,875,953,506,531,543,657,714,726,831,843,1185,1197,1258,422,535,591,382,495,495,623,717,0,118,235,304,368,368,761,761,820,820,378,399,561,677,807,807,807,807],"floor_reached":94,"playtime":6375,"items_purged":["Doubt","Defend_RM","Shame","ScarletShoot+1"],"score":2378,"play_id":"ec95bdd4-409e-462e-8895-cd0cae126939","local_time":"20210101200418","daily_mods":["Vintage","Heirloom","Flight","Midas"],"is_ascension_mode":false,"campfire_choices":[{"floor":6.0,"key":"REST"},{"floor":29.0,"key":"REST"},{"floor":32.0,"key":"REST"},{"floor":49.0,"key":"REST"},{"floor":66,"key":"REST"}],"circlet_count":0,"master_deck":["Strike_RM","Strike_RM","Defend_RM","Defend_RM","RedMoon+1","Pot Of Greed+1","Pot Of Greed","UnstableMagic+1","UnstableMagic+1","BloodRain+1","BombardNight+1","BatForm+1","Gensokyo:HouraiInAPot+1","BloodySeventeenLaser"],"relics":["ScarletHat","Gungnir","Sundial","Dream Catcher","Grinning Jar","Simple Rune","Blood Vial","Toy Ornithopter","Ginger","Happy Flower","SacredBark","Tiny Chest","Gensokyo:MosesMiracle","Replay:Bottled Snecko","Gensokyo:FoxMask","Nunchaku","Medical Kit","Sling","Quantum Egg","Ancient Tea Set","Replay:Mystery Machine","Replay:Grab Bag","Sozu","Philosopher\u0027s Stone","Black Star","Empty Cage","Eternal Feather","Centennial Puzzle","Akabeko","Bronze Scales","Frozen Egg 2","Boot","Lizard Tail","Pear","Replay:Bottled Flurry","Snack Pack","ReplayTheSpireMod:CursedCoin","Bag of Preparation","Replay:Rubber Ducky","Art of War","Whetstone","Pet Ghost","ReplayTheSpireMod:Lightbulb","Odd Mushroom","Toxic Egg 2","ReplayFunnel","Vajra","TungstenRod","MawBank","Replay:Bandana","ScarletEmblem","The Courier","Prayer Wheel","Pen Nib","Strawberry","Torii","CeramicFish","Bag of Marbles","RedBat","Gensokyo:DirgeOfMelancholy","ReplayTheSpireMod:TigerMarble","Replay:Baseball","Blue Doll","Oddly Smooth Stone","Question Card"],"acts_visited":["Exordium","Gensokyo:Gensokyoer","Gensokyo:Gensokyoest","Exordium","Gensokyo:Gensokyoer","Gensokyo:Gensokyoest"],"potions_floor_usage":[84],"damage_taken":[{"damage":0.0,"enemies":"Small Slimes","floor":1.0,"turns":4.0},{"damage":1.0,"enemies":"Jaw Worm","floor":5.0,"turns":5.0},{"damage":1.0,"enemies":"Gremlin Nob","floor":8.0,"turns":4.0},{"damage":3.0,"enemies":"Lagavulin","floor":11.0,"turns":6.0},{"damage":0.0,"enemies":"3 Sentries","floor":13.0,"turns":9.0},{"damage":17.0,"enemies":"The Guardian","floor":16.0,"turns":11.0},{"damage":0.0,"enemies":"Gensokyo:CosmicMonolith","floor":18.0,"turns":3.0},{"damage":0.0,"enemies":"Gensokyo:2_Gloops","floor":21.0,"turns":3.0},{"damage":18.0,"enemies":"Gensokyo:Slime_Group","floor":28.0,"turns":6.0},{"damage":12.0,"enemies":"Gensokyo:Chomper_and_Gloop","floor":30.0,"turns":5.0},{"damage":19.0,"enemies":"Gensokyo:Reisen","floor":31.0,"turns":7.0},{"damage":71.0,"enemies":"Gensokyo:Eiki","floor":33.0,"turns":17.0},{"damage":1.0,"enemies":"Gensokyo:AncientGuardian","floor":35.0,"turns":3.0},{"damage":0.0,"enemies":"Gensokyo:3_Boulders","floor":37.0,"turns":5.0},{"damage":7.0,"enemies":"Gensokyo:Kasen","floor":40.0,"turns":6.0},{"damage":3.0,"enemies":"Gensokyo:Sharpion","floor":41.0,"turns":4.0},{"damage":0.0,"enemies":"Gensokyo:Dusk_and_Dawn","floor":44.0,"turns":4.0},{"damage":5.0,"enemies":"Gensokyo:Scarlet_Devils","floor":50.0,"turns":8.0},{"damage":0.0,"enemies":"Cultist","floor":52.0,"turns":2.0},{"damage":0.0,"enemies":"The Mushroom Lair","floor":53.0,"turns":1.0},{"damage":0.0,"enemies":"Small Slimes","floor":55.0,"turns":2.0},{"damage":0.0,"enemies":"Jaw Worm","floor":57.0,"turns":1.0},{"damage":9.0,"enemies":"3 Sentries","floor":58.0,"turns":2.0},{"damage":0.0,"enemies":"Lagavulin","floor":62.0,"turns":3.0},{"damage":0.0,"enemies":"Gremlin Gang","floor":63.0,"turns":2.0},{"damage":0,"enemies":"3 Sentries","floor":65,"turns":1},{"damage":32,"enemies":"Hexaghost","floor":67,"turns":4},{"damage":0,"enemies":"Gensokyo:Chomper","floor":69,"turns":3},{"damage":0,"enemies":"Gensokyo:Koishi","floor":71,"turns":3},{"damage":0,"enemies":"Gensokyo:AngelMirror","floor":72,"turns":2},{"damage":22,"enemies":"Gensokyo:Tenshi","floor":74,"turns":3},{"damage":9,"enemies":"Gensokyo:Koishi","floor":76,"turns":3},{"damage":37,"enemies":"Gensokyo:Tenshi","floor":77,"turns":3},{"damage":2,"enemies":"Gensokyo:Koishi","floor":79,"turns":2},{"damage":18,"enemies":"Gensokyo:Tenshi","floor":80,"turns":2},{"damage":12,"enemies":"Gensokyo:Slime_Group","floor":81,"turns":3},{"damage":0,"enemies":"Gensokyo:Swordslinger","floor":82,"turns":3},{"damage":2,"enemies":"Gensokyo:Eternal_Rivals","floor":84,"turns":4},{"damage":9,"enemies":"Gensokyo:3_Bats","floor":86,"turns":2},{"damage":57,"enemies":"Gensokyo:3_Bats","floor":89,"turns":6},{"damage":0,"enemies":"Gensokyo:Kasen","floor":90,"turns":2},{"damage":0,"enemies":"Gensokyo:Marisa","floor":91,"turns":2},{"damage":0,"enemies":"Gensokyo:Doremy","floor":92,"turns":1},{"damage":0,"enemies":"Gensokyo:Kasen","floor":94,"turns":1}],"seed_played":"-1365560573650674725","potions_obtained":[{"floor":5.0,"key":"Strength Potion"},{"floor":8.0,"key":"Fire Potion"},{"floor":11.0,"key":"EssenceOfSteel"},{"floor":31.0,"key":"LiquidMemories"},{"floor":33.0,"key":"Explosive Potion"}],"is_trial":true,"path_per_floor":["M","?","?","?","M","R","$","E","T","?","E","$","E","$","R","B",null,"M","?","$","M","?","?","T","COS","T","?","M","R","M","E","R","B",null,"M","?","M","T","?","E","M","$","T","M","$","T","$","?","R","B",null,"M","?","?","M","$","M","E","$","T","?","E","M","$","E","R","B",null,"M","$","E","M","$","E","?","E","E","?","E","E","M","M","R","B",null,"M","?","$","?","E","E","E","?","E"],"character_chosen":"REMILIA","items_purchased":["Grinning Jar","Happy Flower","Lizard Tail","Pear","ReplayTheSpireMod:CursedCoin","Bag of Preparation","Replay:Rubber Ducky","UnstableMagic","Whetstone","BloodRain","Vajra","TungstenRod","Prayer Wheel","Pen Nib","Strawberry","Torii","CeramicFish","RedBat","Oddly Smooth Stone","Question Card"],"campfire_rested":5,"item_purchase_floors":[7,14,42,42,45,45,45,45,47,47,59,59,70,70,70,70,70,73,88,88],"current_hp_per_floor":[75,75,75,75,75,75,75,75,75,75,75,75,75,75,75,72,75,75,75,75,75,75,75,75,75,75,75,65,75,66,65,75,27,75,74,74,75,75,75,75,75,85,85,85,85,85,85,64,85,85,85,85,85,74,81,81,83,79,79,79,79,84,85,85,85,85,85,85,85,92,92,92,92,70,70,85,50,50,52,50,47,72,92,92,92,85,85,85,85,91,92,92,92,92,92],"gold":807,"neow_bonus":"","is_daily":false,"chose_seed":false,"campfire_upgraded":0,"win_rate":0.0,"timestamp":1609502658,"path_taken":["M","?","?","?","?","R","$","E","T","?","E","$","E","$","R","BOSS","M","?","$","M","?","?","?","COS","T","?","M","R","M","E","R","BOSS","M","?","?","?","?","E","M","$","T","?","?","?","$","?","R","BOSS","M","?","?","M","$","M","?","$","T","?","E","?","?","E","R","BOSS","M","$","?","?","$","E","?","E","E","?","E","?","M","?","R","BOSS","M","?","$","?","?","E","E","?","E"],"items_purchased_type":["Relic","Relic","Relic","Relic","Relic","Relic","Relic","Card","Relic","Card","Relic","Relic","Relic","Relic","Relic","Relic","Relic","Relic","Relic","Relic"],"build_version":"2020-12-22","purchased_purges":4,"victory":false,"max_hp_per_floor":[75,75,75,75,75,75,75,75,75,75,75,75,75,75,75,75,75,75,75,75,75,75,75,75,75,75,75,75,75,75,75,75,75,75,75,75,75,75,75,75,75,85,85,85,85,85,85,85,85,85,85,85,85,85,85,85,85,85,85,85,85,85,85,85,85,85,85,85,85,92,92,92,92,92,92,92,92,92,92,92,92,92,92,92,92,92,92,92,92,92,92,92,92,92,92],"card_choices":[{"not_picked":["HiganSword","UltimateOffering","StarOfDavid"],"picked":"SKIP","floor":8.0},{"not_picked":["FourBirthsSword","LifeCuttingSword","MillenniumVampire"],"picked":"SKIP","floor":11.0},{"not_picked":["ScarletImprint","Stigmanizer","ScarletDream"],"picked":"SKIP","floor":13.0},{"not_picked":["StarOfDavid+1","FlashingScatteredFlowers","SuperhumanBloodyKnife"],"picked":"SKIP","floor":31.0},{"not_picked":["HellRealmSword","EquivalentExchange"],"picked":"VoidnessSword","floor":33.0},{"not_picked":["LeisurelyOfLord+1","UnderTheZenith+1","SwordExtraction+1"],"picked":"SKIP","floor":40.0},{"not_picked":["MastersStateliness+1","HellGodSword+1"],"picked":"BombardNight+1","floor":49.0},{"not_picked":["FavorOfDestiny+1","VampireKiss","MastersStateliness+1"],"picked":"SKIP","floor":58.0},{"not_picked":["LightFlashOfTheNetherworld","StarOfDavid","ScarletSymphony+1"],"picked":"SKIP","floor":62.0},{"not_picked":["HellCatastrophe","SwordExtraction+1","GlobalNightmare+1"],"picked":"SKIP","floor":65},{"not_picked":["UnderTheZenith+1","SwordOfBindingDesires+1","SwordExtraction+1"],"picked":"SKIP","floor":71},{"not_picked":["RapidSlash","ForecastOfChange","SanzenSekai"],"picked":"SKIP","floor":74},{"not_picked":["KarmicPunishmentOfTheIdleAndUnfocused+1","ScarletGensokyo+1","FourBirthsSword+1"],"picked":"SKIP","floor":76},{"not_picked":["SwordOfBindingDesires+1","TransmigrationSlash+1","ScarletDevil+1"],"picked":"SKIP","floor":77},{"not_picked":["BloodyTrap+1","SwordExtraction+1","VampireKiss"],"picked":"SKIP","floor":79},{"not_picked":["TricksterDevil+1","ObsessionWithThePresentWorld+1","HellGodSword+1"],"picked":"SKIP","floor":80},{"not_picked":["Gensokyo:RainbowDanmaku","Gensokyo:Dawn"],"picked":"Gensokyo:HouraiInAPot","floor":89},{"not_picked":["BadLadyScramble+1","UltimateOffering+1","SwordOfBindingDesires+1"],"picked":"BloodySeventeenLaser","floor":90},{"not_picked":["EchoesOfTheInclemencyOfAllBeings+1","BombardNight+1","Stigmanizer+1","HiganSword+1"],"picked":"SKIP","floor":91},{"not_picked":["BloodHunter+1","FantasyOfEnteringEnlightenment+1","BatForm+1","NightDance+1"],"picked":"SKIP","floor":92}],"player_experience":50769,"relics_obtained":[{"floor":1.0,"key":"Sundial"},{"floor":5.0,"key":"Dream Catcher"},{"floor":8.0,"key":"Simple Rune"},{"floor":9.0,"key":"Blood Vial"},{"floor":11.0,"key":"Toy Ornithopter"},{"floor":13.0,"key":"Ginger"},{"floor":18.0,"key":"Tiny Chest"},{"floor":21.0,"key":"Replay:Bottled Snecko"},{"floor":24.0,"key":"Nunchaku"},{"floor":26.0,"key":"Quantum Egg"},{"floor":28.0,"key":"Ancient Tea Set"},{"floor":30.0,"key":"Gensokyo:MosesMiracle"},{"floor":30.0,"key":"Replay:Mystery Machine"},{"floor":35.0,"key":"Eternal Feather"},{"floor":37.0,"key":"Centennial Puzzle"},{"floor":38.0,"key":"Akabeko"},{"floor":40.0,"key":"Bronze Scales"},{"floor":40.0,"key":"Frozen Egg 2"},{"floor":41.0,"key":"Boot"},{"floor":43.0,"key":"Replay:Bottled Flurry"},{"floor":44.0,"key":"Snack Pack"},{"floor":46.0,"key":"Art of War"},{"floor":48.0,"key":"Pet Ghost"},{"floor":52.0,"key":"ReplayTheSpireMod:Lightbulb"},{"floor":53.0,"key":"Odd Mushroom"},{"floor":55.0,"key":"Toxic Egg 2"},{"floor":57.0,"key":"ReplayFunnel"},{"floor":60.0,"key":"MawBank"},{"floor":63.0,"key":"Replay:Bandana"},{"floor":69,"key":"The Courier"},{"floor":72,"key":"Bag of Marbles"},{"floor":81,"key":"ReplayTheSpireMod:TigerMarble"},{"floor":82,"key":"Replay:Baseball"},{"floor":86,"key":"Blue Doll"}],"event_choices":[{"damage_healed":0.0,"max_hp_gain":0.0,"max_hp_loss":0.0,"gold_gain":0.0,"event_name":"Living Wall","player_choice":"Grow","floor":2.0,"gold_loss":0.0,"damage_taken":0.0,"cards_upgraded":["RedMoon"]},{"damage_healed":0.0,"max_hp_gain":0.0,"max_hp_loss":0.0,"gold_gain":175.0,"event_name":"Liars Game","player_choice":"AGREE","floor":3.0,"gold_loss":0.0,"damage_taken":0.0,"cards_obtained":["Doubt"]},{"cards_removed":["Strike_RM"],"damage_healed":0.0,"max_hp_gain":0.0,"max_hp_loss":0.0,"gold_gain":0.0,"event_name":"The Cleric","player_choice":"Card Removal","floor":10.0,"gold_loss":50.0,"damage_taken":0.0},{"damage_healed":0.0,"max_hp_gain":0.0,"max_hp_loss":0.0,"gold_gain":0.0,"event_name":"Mushrooms","player_choice":"Fought Mushrooms","floor":53.0,"gold_loss":0.0,"damage_taken":0.0},{"damage_healed":0.0,"max_hp_gain":0.0,"max_hp_loss":0.0,"gold_gain":75.0,"event_name":"World of Goop","player_choice":"Gather Gold","floor":54.0,"gold_loss":0.0,"damage_taken":11.0},{"damage_healed":0.0,"max_hp_gain":0.0,"max_hp_loss":0.0,"gold_gain":0.0,"event_name":"Match and Keep!","player_choice":"1 cards matched","floor":61.0,"gold_loss":0.0,"damage_taken":0.0,"cards_obtained":["BatForm"]}],"is_beta":false,"boss_relics":[{"not_picked":["Snecko Heart","Runic Pyramid"],"picked":"SacredBark"},{"not_picked":["Ring of Chaos","Pandora\u0027s Box"],"picked":"Replay:Grab Bag"},{"not_picked":["Cursed Key","Busted Crown"],"picked":"Sozu"},{"not_picked":["Velvet Choker","SlaversCollar"],"picked":"Philosopher\u0027s Stone"},{"not_picked":["Kintsugi","Calling Bell"],"picked":"Black Star"},{"not_picked":["Honey Jar","Snecko Eye"],"picked":"Empty Cage"},{"not_picked":["Abe\u0027s Treasure","Replay:Drink Me","Painkiller Herb"]},{"not_picked":["Coffee Dripper","APieceOfRedMist"],"picked":"ScarletEmblem"},{"not_picked":["ChewingGum","Replay:Drink Me","ReplayTheSpireMod:DimensionalGlitch"]}],"items_purged_floors":[7,12,45,88],"is_endless":true,"potions_floor_spawned":[5,8,11,31,33,37,41,52,55,63,67,71,79,82,84,91,92],"killed_by":"Gensokyo:Kasen","ascension_level":0}}