{"host":"ko4b5atusvmax52d","time":1609519716,"event":{"mods":["AchievementEnabler","Act Like it!","BaseMod","Better Third Choice","BetterRewards","Friendly Minions","Hermit","Hubris","Marisa????????","Minty Spire (QoL Compilation)","Permanent Neow","Prisma Mod","Quick Restart","Rare Cards Sparkle","Shade Mod","Spicy Shops","Spikes Relics","StSLib","SuperFastMode","The Animator","The Bug Knight","The Runesmith","vexMod"],"gold_per_floor":[286,194,214,233,233,268,291,29,29,58,83,104,121,121,121,224,224,239,258,296,296,211,256,279,291,291,291,316,316,343,362,362,469,469,483,508,29,42,60,115,115,120,120],"floor_reached":42,"playtime":1757,"items_purged":["animator:Strike_Fate"],"score":509,"play_id":"4c41a861-f5d0-4f86-83e1-b46138ffe1a4","local_time":"20210101174836","is_ascension_mode":false,"campfire_choices":[{"floor":15,"key":"REST"},{"data":"animator:Saber","floor":27,"key":"SMITH"},{"data":"animator:Saber","floor":29,"key":"SMITH"},{"data":"animator:SirTouchMe","floor":32,"key":"SMITH"},{"floor":41,"key":"RECALL"}],"circlet_count":0,"master_deck":["animator:Strike_Kancolle","animator:Defend_Kancolle","animator:Shimakaze","animator:ChaikaTrabant","animator:Viivi","animator:Strike_GATE","animator:Strike_Elsword","animator:Defend_GoblinSlayer","animator:Defend_Overlord","animator:Defend_Fate","animator:Tet+1","animator:Saber+1","animator:Saber+1","animator:Fredrika","animator:DolaStephanie","animator:Geryuganshoop","animator:Tet","animator:DolaStephanie+1","animator:DolaStephanie","animator:SirTouchMe+1","animator:Saber","animator:DolaStephanie","animator:NononJakuzure","animator:Shiro"],"relics":["animator:LivingPicture","animator:TheMissingPiece","animator:PurgingStone","SpikesRelics:ToyHorsey","vexMod:Dragonfruit","Ornamental Fan","Dream Catcher","Mark of Pain","Red Mask","MutagenicStrength","Paper Crane","Toy Ornithopter","animator:Buoy","hubris:TenFootPole","animator:CursedGlyph","vexMod:BigBerry","hubris:EmptyBottle","Runesmith:Locket"],"acts_visited":["Exordium","TheCity","TheBeyond"],"potions_floor_usage":[6,10,16,20,33,35,35,38,38,39,39],"damage_taken":[{"damage":8,"enemies":"Jaw Worm","floor":1,"turns":2},{"damage":0,"enemies":"2 Louse","floor":3,"turns":3},{"damage":5,"enemies":"Small Slimes","floor":4,"turns":3},{"damage":37,"enemies":"3 Sentries","floor":6,"turns":7},{"damage":6,"enemies":"Exordium Wildlife","floor":7,"turns":3},{"damage":10,"enemies":"Gremlin Nob","floor":10,"turns":3},{"damage":0,"enemies":"Lots of Slimes","floor":11,"turns":2},{"damage":3,"enemies":"Looter","floor":12,"turns":3},{"damage":0,"enemies":"3 Louse","floor":13,"turns":2},{"damage":13,"enemies":"The Guardian","floor":16,"turns":6},{"damage":11,"enemies":"Shell Parasite","floor":18,"turns":5},{"damage":8,"enemies":"3 Byrds","floor":19,"turns":3},{"damage":4,"enemies":"Masked Bandits","floor":20,"turns":3},{"damage":14,"enemies":"animator:HornedBat","floor":23,"turns":4},{"damage":0,"enemies":"Cultist and Chosen","floor":24,"turns":3},{"damage":0,"enemies":"Snake Plant","floor":25,"turns":1},{"damage":0,"enemies":"Centurion and Healer","floor":28,"turns":3},{"damage":0,"enemies":"Cultist and Chosen","floor":31,"turns":3},{"damage":28,"enemies":"hubris:MusketHawk","floor":33,"turns":6},{"damage":0,"enemies":"3 Darklings","floor":35,"turns":3},{"damage":3,"enemies":"Orb Walker","floor":36,"turns":3},{"damage":3,"enemies":"Sphere and 2 Shapes","floor":38,"turns":3},{"damage":0,"enemies":"Jaw Worm Horde","floor":39,"turns":5},{"damage":0,"enemies":"Mind Bloom Boss Battle","floor":40,"turns":5},{"damage":13,"enemies":"Transient","floor":42,"turns":3}],"seed_played":"3330948314392606948","potions_obtained":[{"floor":1,"key":"GamblersBrew"},{"floor":4,"key":"DuplicationPotion"},{"floor":7,"key":"EssenceOfSteel"},{"floor":12,"key":"LiquidMemories"},{"floor":13,"key":"animator:FalseLifePotion"},{"floor":16,"key":"FearPotion"},{"floor":19,"key":"Dexterity Potion"},{"floor":23,"key":"LiquidMemories"},{"floor":25,"key":"Block Potion"},{"floor":33,"key":"Energy Potion"},{"floor":40,"key":"Swift Potion"}],"is_trial":false,"path_per_floor":["M","?","M","M","T","E","M","$","T","E","M","M","M","?","R","B",null,"M","M","?","?","?","E","M","M","T","R","M","R","T","M","R","B",null,"M","M","$","M","M","?","R","M"],"character_chosen":"THE_ANIMATOR","items_purchased":["animator:Saber","vexMod:Dragonfruit","hubris:EmptyBottle","Fire Potion","animator:NononJakuzure","EssenceOfSteel"],"campfire_rested":1,"item_purchase_floors":[8,8,37,37,37,37],"current_hp_per_floor":[58,58,58,53,53,16,10,15,15,6,6,3,3,3,24,11,72,61,53,49,49,49,35,35,35,35,35,35,35,35,35,35,12,98,98,95,95,95,98,98,98,85,85],"gold":120,"neow_bonus":"ONE_RANDOM_RARE_CARD","is_daily":false,"chose_seed":false,"campfire_upgraded":3,"win_rate":0.0,"timestamp":1609519716,"path_taken":["M","?","M","M","?","E","M","?","T","E","M","?","M","?","R","BOSS","M","M","?","?","?","E","?","M","T","R","M","R","?","M","R","BOSS","M","M","$","M","?","?","R","M"],"items_purchased_type":["Card","Relic","Relic","Potion","Card","Potion"],"build_version":"2020-12-22","purchased_purges":1,"victory":false,"max_hp_per_floor":[66,66,66,66,66,66,66,71,71,72,72,72,72,72,72,72,72,72,72,72,72,72,72,72,72,72,72,72,72,72,68,68,68,98,98,98,98,98,98,98,98,98,98],"card_choices":[{"not_picked":["animator:Layla","animator:Rider"],"picked":"animator:Viivi","floor":1},{"not_picked":["animator:Caster","animator:MumenRider"],"picked":"animator:Tet","floor":3},{"not_picked":["animator:Aisha","animator:Ciel"],"picked":"animator:Saber","floor":4},{"not_picked":["animator:DolaSchwi","animator:YaoHaDucy","animator:PandorasActor"],"picked":"SKIP","floor":7},{"not_picked":["animator:Gillette","animator:Shiro"],"picked":"animator:Fredrika","floor":10},{"not_picked":["animator:Alexander","animator:Jibril","animator:DolaCouronne"],"picked":"SKIP","floor":11},{"not_picked":["animator:Viivi","animator:ChaikaBohdan"],"picked":"animator:DolaStephanie","floor":13},{"not_picked":["animator:Benimaru","animator:Add"],"picked":"animator:Geryuganshoop","floor":15},{"not_picked":["animator:LeleiLaLalena","animator:Gillette","animator:ChlammyZell"],"picked":"SKIP","floor":18},{"not_picked":["animator:Gillette","animator:Elsword"],"picked":"animator:Tet","floor":19},{"not_picked":["animator:Entoma","animator:MetalKnight"],"picked":"animator:DolaStephanie+1","floor":20},{"not_picked":["animator:DolaRiku","animator:Shion"],"picked":"animator:DolaStephanie","floor":24},{"not_picked":["animator:Elsword+1","animator:DolaRiku","animator:Demiurge"],"picked":"SKIP","floor":25},{"not_picked":["animator:ChlammyZell","animator:Souei","animator:DolaCouronne"],"picked":"SKIP","floor":28},{"not_picked":["animator:Shalltear","animator:Entoma"],"picked":"animator:SirTouchMe","floor":31},{"not_picked":["animator:Sora","animator:Shiro"],"picked":"animator:Saber","floor":33},{"not_picked":["animator:Raven+1","animator:NarberalGamma"],"picked":"animator:DolaStephanie","floor":35},{"not_picked":["animator:Tatsumaki","animator:Kaijin+1","animator:RinTohsaka"],"picked":"SKIP","floor":36},{"not_picked":["animator:Entoma+1","animator:Sebas","animator:Chris+1"],"picked":"SKIP","floor":38},{"not_picked":["animator:FielNirvalen","animator:DolaSchwi"],"picked":"animator:Shiro","floor":39}],"player_experience":266070,"relics_obtained":[{"floor":6,"key":"SpikesRelics:ToyHorsey"},{"floor":9,"key":"Ornamental Fan"},{"floor":10,"key":"Dream Catcher"},{"floor":20,"key":"Red Mask"},{"floor":23,"key":"Toy Ornithopter"},{"floor":26,"key":"animator:Buoy"},{"floor":30,"key":"hubris:TenFootPole"},{"floor":31,"key":"animator:CursedGlyph"},{"floor":40,"key":"Runesmith:Locket"}],"event_choices":[{"damage_healed":0,"gold_gain":0,"player_choice":"Fought Bandits","damage_taken":0,"max_hp_gain":0,"max_hp_loss":0,"event_name":"Masked Bandits","floor":20,"gold_loss":0},{"damage_healed":0,"gold_gain":0,"player_choice":"Inject Mutagens","damage_taken":0,"relics_obtained":["MutagenicStrength"],"max_hp_gain":0,"max_hp_loss":0,"event_name":"Drug Dealer","floor":21,"gold_loss":0},{"damage_healed":0,"gold_gain":0,"player_choice":"Obtained Relic","damage_taken":0,"relics_obtained":["Paper Crane"],"max_hp_gain":0,"max_hp_loss":0,"event_name":"Addict","floor":22,"gold_loss":85},{"damage_healed":0,"gold_gain":0,"player_choice":"Fight","damage_taken":0,"max_hp_gain":0,"max_hp_loss":0,"event_name":"MindBloom","floor":40,"gold_loss":0}],"is_beta":false,"boss_relics":[{"not_picked":["Pandora\u0027s Box","vexMod:MegatonBomb"],"picked":"Mark of Pain"},{"not_picked":["Astrolabe","hubris:GrandSneckoEye"],"picked":"vexMod:BigBerry"}],"items_purged_floors":[37],"is_endless":false,"potions_floor_spawned":[1,4,7,12,13,16,19,23,24,25,33,40],"killed_by":"Transient","ascension_level":0}}