{"host":"ds28d883r3sz42zs","time":1609545406,"event":{"mods":["2.2 Compatiblity","AchievementEnabler","Act Like it!","BaseMod","Bestiary","Better Match","Better Sensory Stone","Better Third Choice","Better-Laid Plans","BetterRewards","Block Reminder","Challenge The Spire","Colored Map","Colored Powertips","DeckTracker","Defuse TimeMaze Blight","Disable Question Mark Monsters","Displayed Cursed Tome","Emptier Cage","GifTheSpireLib","Gold Saver","Hallownest","Infinite Spire","Jedi Mod","Minty Spire (QoL Compilation)","Permanent Neow","Practice Mode","Quick Restart","Random Character Button","Rare Cards Sparkle","Relic Filter","Relic Sorter","Relic Stats","SacredBarkPlus","Shop Mod","StSLib","SuperFastMode","The Bug Knight","Uncapped","Unknown Chances"],"gold_per_floor":[114,131,281,206,78,78,112,112,139,139,164,175,200,217,217,217,217],"floor_reached":16,"playtime":341,"items_purged":["Strike_B"],"score":189,"play_id":"34774966-e68d-4c72-9472-93a631b9959a","local_time":"20210101185646","is_ascension_mode":true,"campfire_choices":[{"data":"Beam Cell","floor":6.0,"key":"SMITH"},{"data":"Rip and Tear","floor":8.0,"key":"SMITH"},{"floor":10.0,"key":"REST"},{"data":"Hyperbeam","floor":15.0,"key":"SMITH"}],"circlet_count":0,"master_deck":["AscendersBane","Strike_B","Strike_B","Strike_B","Defend_B","Defend_B","Defend_B","Defend_B","Zap","Dualcast","Leap","Beam Cell+1","Rip and Tear+1","Hyperbeam+1","Barrage","BootSequence"],"relics":["Sozu","Du-Vu Doll","Akabeko","infinitespire:Freezer","infinitespire:FocusingShard"],"acts_visited":["Exordium"],"potions_floor_usage":[],"damage_taken":[{"damage":0.0,"enemies":"Cultist","floor":1.0,"turns":4.0},{"damage":0.0,"enemies":"Small Slimes","floor":2.0,"turns":3.0},{"damage":46.0,"enemies":"3 Sentries","floor":7.0,"turns":10.0},{"damage":0.0,"enemies":"2 Louse","floor":12.0,"turns":1.0},{"damage":18.0,"enemies":"Lagavulin","floor":13.0,"turns":4.0},{"damage":7.0,"enemies":"Red Slaver","floor":14.0,"turns":3.0},{"damage":17,"enemies":"The Guardian","floor":16,"turns":9}],"seed_played":"-3779319830151275243","potions_obtained":[],"is_trial":false,"path_per_floor":["M","M","?","?","$","R","E","R","T","R","T","M","E","M","R","B"],"character_chosen":"DEFECT","items_purchased":["Beam Cell"],"campfire_rested":1,"item_purchase_floors":[5],"current_hp_per_floor":[64,64,64,64,64,64,18,18,18,39,39,39,21,14,14,0,0],"gold":217,"neow_bonus":"BOSS_RELIC","is_daily":false,"chose_seed":false,"campfire_upgraded":3,"win_rate":0.0,"timestamp":1609545406,"path_taken":["M","M","?","?","$","R","E","R","T","R","?","M","E","M","R","BOSS"],"items_purchased_type":["Card"],"build_version":"2020-12-22","purchased_purges":1,"victory":false,"max_hp_per_floor":[71,71,71,71,71,71,71,71,71,71,71,71,71,71,71,71,71],"relic_stats":{"Sozu":1,"counters":[7,34],"obtain_stats":[{"Sozu":0,"Du-Vu Doll":7,"infinitespire:FocusingShard":13,"Cracked Core":0,"Akabeko":9,"infinitespire:Freezer":11},{"Sozu":0,"Du-Vu Doll":3,"infinitespire:FocusingShard":5,"Cracked Core":0,"Akabeko":3,"infinitespire:Freezer":3},{"Sozu":0,"Du-Vu Doll":17,"infinitespire:FocusingShard":22,"Cracked Core":0,"Akabeko":17,"infinitespire:Freezer":17}]},"card_choices":[{"not_picked":["Barrage","Steam Power","Redo"],"picked":"SKIP","floor":1.0},{"not_picked":["Cold Snap","jedi:blockon"],"picked":"Leap","floor":2.0},{"not_picked":["Genetic Algorithm","jedi:overflow"],"picked":"Rip and Tear","floor":7.0},{"not_picked":["White Noise","Cold Snap"],"picked":"Hyperbeam","floor":12.0},{"not_picked":["Redo","Loop"],"picked":"Barrage","floor":13.0},{"not_picked":["Lockon","White Noise"],"picked":"BootSequence","floor":14.0}],"player_experience":758859,"relics_obtained":[{"floor":7.0,"key":"Du-Vu Doll"},{"floor":9.0,"key":"Akabeko"},{"floor":11.0,"key":"infinitespire:Freezer"},{"floor":13.0,"key":"infinitespire:FocusingShard"}],"event_choices":[{"damage_healed":0.0,"max_hp_gain":0.0,"max_hp_loss":0.0,"gold_gain":150.0,"event_name":"betterThird:BetterSerpent","player_choice":"AGREE","floor":3.0,"gold_loss":0.0,"damage_taken":131.0},{"cards_removed":["Doubt"],"damage_healed":0.0,"max_hp_gain":0.0,"max_hp_loss":0.0,"gold_gain":0.0,"event_name":"The Cleric","player_choice":"Card Removal","floor":4.0,"gold_loss":75.0,"damage_taken":0.0}],"is_beta":false,"boss_relics":[],"items_purged_floors":[5],"is_endless":false,"potions_floor_spawned":[12],"killed_by":"The Guardian","ascension_level":15}}