{"host":"ec2wu4mdnvke243f","time":1609469838,"event":{"mods":["2.2 Compatiblity","AchievementEnabler","BaseMod","Defuse TimeMaze Blight","Downfall","Hermit","Infinite Spire","Minty Spire (QoL Compilation)","StSLib","The Cursed","The Disciple","The Jungle","The Servant 0.9.4"],"gold_per_floor":[111,111,135,135,135,178,178,178,178,193,193,193,207,207,207,337,337,350,350,350,350,366,366,366,366,366,392,412,412,423,348,348,348,348],"floor_reached":33,"playtime":12401,"items_purged":[],"score":311,"play_id":"32102dc0-cc85-4fa6-9582-30523abb043b","local_time":"20210101035718","daily_mods":["Purple Cards","Colorless Cards","Flight"],"is_ascension_mode":false,"campfire_choices":[{"floor":8,"key":"REST"},{"floor":11,"key":"REST"},{"data":"expansioncontent:Corrupt","floor":15,"key":"SMITH"},{"data":"hermit:CursedWeapon","floor":23,"key":"SMITH"},{"data":"infinitespire:TheBestDefense","floor":25,"key":"SMITH"},{"floor":32,"key":"REST"}],"circlet_count":0,"master_deck":["hermit:Defend_Hermit","hermit:Defend_Hermit","hermit:Defend_Hermit","hermit:Defend_Hermit+1","hermit:Snapshot","hermit:Covet","hermit:CursedWeapon+1","Metamorphosis+1","hermit:Ricochet","expansioncontent:Corrupt+1","hermit:FlashPowder","Regret","hermit:Magnum","Shame","hermit:LowProfile","hermit:Headshot","infinitespire:TheBestDefense+1","Flash of Steel","hermit:CalledShot","Bite","Bite","Bite","Bite","Bite","hermit:Quickdraw"],"relics":["hermit:Momento","Bloody Idol","Question Card","Thread and Needle","Gambling Chip","infinitespire:Lychee Nut","hermit:BartenderGlass","Bag of Marbles","Shuriken","Bag of Preparation"],"acts_visited":["Exordium","TheCity"],"potions_floor_usage":[6,27,33,33,33],"damage_taken":[{"damage":1,"enemies":"Cultist","floor":1,"turns":3},{"damage":0,"enemies":"Small Slimes","floor":3,"turns":4},{"damage":42,"enemies":"Lagavulin","floor":6,"turns":9},{"damage":3,"enemies":"2 Louse","floor":10,"turns":2},{"damage":2,"enemies":"Blue Slaver","floor":13,"turns":3},{"damage":30,"enemies":"The Guardian","floor":16,"turns":8},{"damage":17,"enemies":"Shell Parasite","floor":18,"turns":5},{"damage":2,"enemies":"3 Byrds","floor":22,"turns":4},{"damage":51,"enemies":"Book of Stabbing","floor":27,"turns":6},{"damage":2,"enemies":"3 Cultists","floor":28,"turns":3},{"damage":2,"enemies":"Snake Plant","floor":30,"turns":1},{"damage":55,"enemies":"Champ","floor":33,"turns":7}],"seed_played":"-4188157655311918554","potions_obtained":[{"floor":3,"key":"Dexterity Potion"},{"floor":6,"key":"Strength Potion"},{"floor":18,"key":"Dexterity Potion"},{"floor":28,"key":"GamblersBrew"}],"is_trial":true,"path_per_floor":["M","?","M","T","?","E","?","R","T","M","R","?","M","?","R","B",null,"M","?","?","?","M","R","AVR","R","T","E","M","?","M","?","R","B"],"character_chosen":"HERMIT","items_purchased":[],"campfire_rested":3,"item_purchase_floors":[],"current_hp_per_floor":[74,74,74,74,74,32,17,39,39,36,58,58,56,56,56,27,56,40,40,40,40,49,49,49,49,49,9,17,17,22,22,33,0,0],"gold":348,"neow_bonus":"","is_daily":false,"chose_seed":false,"campfire_upgraded":3,"win_rate":0.0,"timestamp":1609469838,"path_taken":["M","?","M","?","?","E","?","R","T","?","R","?","?","?","R","BOSS","M","?","?","?","?","R","AVR","R","T","E","?","?","M","?","R","BOSS"],"items_purchased_type":[],"build_version":"2020-12-22","purchased_purges":0,"victory":false,"max_hp_per_floor":[75,75,75,75,75,75,75,75,75,75,75,75,75,56,56,56,56,56,56,56,56,56,56,56,56,56,56,56,39,39,39,39,39,39],"card_choices":[{"not_picked":["hermit:HoleUp","hermit:Shortfuse"],"picked":"hermit:SprayPray","floor":1},{"not_picked":["hermit:BodyArmor","hermit:Desperado"],"picked":"hermit:CursedWeapon","floor":3},{"not_picked":["hermit:Misfire","hermit:HoleUp","PanicButton"],"picked":"Metamorphosis","floor":6},{"not_picked":["hermit:Scavenge","hermit:Misfire","hermit:Desperado"],"picked":"hermit:Ricochet","floor":10},{"not_picked":["hermit:Manifest","Thinking Ahead","hermit:SprayPray"],"picked":"hermit:FlashPowder","floor":13},{"not_picked":["Secret Technique","expansioncontent:Corrupt","hermit:Roughhouse"],"picked":"hermit:Magnum","floor":16},{"not_picked":["hermit:Horror","expansioncontent:GuardianWhirl","hermit:Desperado"],"picked":"hermit:Coalescence","floor":18},{"not_picked":["hermit:Roulette","hermit:Feint","hermit:HighCaliber+1"],"picked":"hermit:Headshot","floor":22},{"not_picked":["hermit:DeadMansHand","hermit:BodyArmor","hermit:LoneWolf"],"picked":"Flash of Steel","floor":27},{"not_picked":["hermit:ItchyTrigger","Enlightenment+1","hermit:WideOpen+1"],"picked":"hermit:CalledShot","floor":28},{"not_picked":["hermit:Roulette","hermit:Manifest","hermit:HoleUp"],"picked":"hermit:Quickdraw","floor":30}],"player_experience":538039,"relics_obtained":[{"floor":4,"key":"Question Card"},{"floor":6,"key":"Thread and Needle"},{"floor":9,"key":"Gambling Chip"},{"floor":26,"key":"Shuriken"},{"floor":27,"key":"Bag of Preparation"}],"event_choices":[{"damage_healed":0,"gold_gain":0,"player_choice":"Take Wound","damage_taken":0,"relics_obtained":["Golden Idol"],"max_hp_gain":0,"max_hp_loss":0,"event_name":"Golden Idol","floor":2,"gold_loss":0,"cards_obtained":["Injury"]},{"damage_healed":0,"gold_gain":0,"player_choice":"Entered Light","damage_taken":15,"max_hp_gain":0,"max_hp_loss":0,"event_name":"Shining Light","floor":7,"gold_loss":0,"cards_upgraded":["Metamorphosis","hermit:Defend_Hermit"]},{"damage_healed":0,"gold_gain":0,"cards_transformed":["hermit:SprayPray"],"player_choice":"Transformed","damage_taken":0,"max_hp_gain":0,"max_hp_loss":0,"event_name":"Transmorgrifier","floor":12,"gold_loss":0,"cards_obtained":["expansioncontent:Corrupt"]},{"damage_healed":0,"gold_gain":0,"player_choice":"Box","damage_taken":0,"relics_obtained":["infinitespire:Lychee Nut"],"max_hp_gain":0,"max_hp_loss":0,"event_name":"Big Fish","floor":14,"gold_loss":0,"cards_obtained":["Regret"]},{"damage_healed":0,"gold_gain":0,"player_choice":"Gave Idol","damage_taken":0,"relics_obtained":["Bloody Idol"],"max_hp_gain":0,"max_hp_loss":0,"event_name":"Forgotten Altar","floor":19,"relics_lost":["Golden Idol"],"gold_loss":0},{"damage_healed":0,"gold_gain":0,"player_choice":"Stole Relic","damage_taken":0,"relics_obtained":["Bag of Marbles"],"max_hp_gain":0,"max_hp_loss":0,"event_name":"Addict","floor":20,"gold_loss":0,"cards_obtained":["Shame"]},{"damage_healed":0,"gold_gain":0,"cards_transformed":["hermit:Coalescence"],"player_choice":"Transformed","damage_taken":0,"max_hp_gain":0,"max_hp_loss":0,"event_name":"Transmorgrifier","floor":21,"gold_loss":0,"cards_obtained":["hermit:LowProfile"]},{"damage_healed":0,"gold_gain":0,"player_choice":"Became a vampire","damage_taken":0,"max_hp_gain":0,"max_hp_loss":17,"event_name":"Vampires","floor":29,"gold_loss":0,"cards_obtained":["Bite","Bite","Bite","Bite","Bite"]},{"cards_removed":["Injury"],"damage_healed":0,"gold_gain":0,"player_choice":"Gave Gold","damage_taken":0,"max_hp_gain":0,"max_hp_loss":0,"event_name":"Beggar","floor":31,"gold_loss":75}],"is_beta":false,"boss_relics":[{"not_picked":["Pandora\u0027s Box","Philosopher\u0027s Stone"],"picked":"hermit:BartenderGlass"}],"items_purged_floors":[],"is_endless":false,"potions_floor_spawned":[3,6,18,28],"killed_by":"Champ","ascension_level":0}}