{"host":"0azimyi6n3ugndj4","time":1609542523,"event":{"mods":["2.2 Compatiblity","BaseMod","Bestiary","Conspire","Curses Come First","Defuse TimeMaze Blight","Hermit","Hyrulean Relics","Infinite Spire","Minty Spire (QoL Compilation)","Relic Stats","Replay The Spire","StSLib","SuperFastMode","The Cursed","Uncapped","¡¼?Úª?ø«¡½REMEMod"],"gold_per_floor":[132,132,32,32,32,32,32,134,160,0,0,0],"floor_reached":11,"playtime":120,"items_purged":[],"score":334,"play_id":"48163cef-037b-4b0f-9bb8-f58dd71d593d","local_time":"20210102080843","daily_mods":["SealedDeck","Hoarder","Insanity","Chimera","Specialized","Vintage","ControlledChaos","Allstar","Colorless Cards","Heirloom","Flight","Elite Swarm","Lethality","Midas","Binary"],"is_ascension_mode":true,"campfire_choices":[{"floor":6.0,"key":"REST"}],"circlet_count":0,"master_deck":["Demon Form","Wraith Form v2","Echo Form","DevaForm","AscendersBane","Bash","Survivor","Zap","Eruption","Strike_R","Strike_G","Strike_B","Defend_R","Defend_G","Defend_P","Quick Slash","Underhanded Strike","Bandage Up","Finisher","Underhanded Strike","Outmaneuver","Bane","ReplayTheSpireMod:Shiv Toss","ReplayTheSpireMod:Exploit Weakness","Prepared","Blind","Blade Dance","PiercingWail","Dagger Spray","Blade Dance","Dodge and Roll","Dodge and Roll","ReplayTheSpireMod:The Works","All Out Attack","Deadly Poison","Poisoned Stab","Blade Dance","Prepared","Sucker Punch","Dodge and Roll","Poisoned Stab","Underhanded Strike","Slice","Finesse","Deadly Poison","Bane","Cloak And Dagger","Distraction","Madness","Slice","Sucker Punch","Distraction","Infinite Blades","Backflip","Hidden Blade","Deadly Poison","PiercingWail","Choke","Outmaneuver","Dagger Throw","Heel Hook","Prepared","Quick Slash","Flying Knee","Slice","Replay:Sssssssssstrike","Replay:Sssssssssstrike","Replay:Sssssssssstrike","Replay:Sssssssssstrike","Replay:Sssssssssstrike","Replay:Sssssssssstrike","Replay:Sssssssssstrike","Replay:Sssssssssstrike","Replay:Sssssssssstrike","Replay:Sssssssssstrike","Replay:Sssssssssstrike","Replay:Sssssssssstrike","Replay:Sssssssssstrike","Replay:Sssssssssstrike","Replay:Sssssssssstrike","Prepared","Prepared","Prepared","Poisoned Stab","Poisoned Stab","Poisoned Stab","ReplayTheSpireMod:Speed Training","ReplayTheSpireMod:Speed Training","ReplayTheSpireMod:Speed Training","Cloak And Dagger","Cloak And Dagger","Cloak And Dagger","Hidden Blade","Hidden Blade","Hidden Blade","ReplayTheSpireMod:Tripwire","ReplayTheSpireMod:Tripwire","ReplayTheSpireMod:Tripwire","Catalyst","Catalyst","Catalyst","conspire:Banana","conspire:Banana","conspire:Banana","Outmaneuver","Outmaneuver","Outmaneuver","Cloak And Dagger","Cloak And Dagger","Cloak And Dagger","Replay:Hum","Replay:Hum","Replay:Hum","Ghostly","Ghostly","Ghostly","Normality","Normality","Normality"],"relics":["Ring of the Snake","Frozen Eye","Busted Crown","REME_ComplimentaryCards","Torii","conspire:DeflatedDodgeball","Ginger","ReplayTheSpireMod:Ring of Challenge","Ring of Fury","zeldaRelics:CouragePiece","HandDrill"],"acts_visited":["Exordium"],"potions_floor_usage":[11],"damage_taken":[{"damage":18.0,"enemies":"2 Louse","floor":1.0,"turns":2.0},{"damage":62.0,"enemies":"Gremlin Nob","floor":8.0,"turns":5.0},{"damage":23,"enemies":"Lagavulin","floor":11,"turns":3}],"seed_played":"9088562674038644283","potions_obtained":[{"floor":8.0,"key":"Reflective Coating"}],"is_trial":true,"path_per_floor":["M","?","?","$","?","R","?","E","T","$","E"],"character_chosen":"THE_SILENT","items_purchased":["HandDrill"],"campfire_rested":1,"item_purchase_floors":[10],"current_hp_per_floor":[41,46,46,46,46,67,67,5,5,5,0,0],"gold":0,"neow_bonus":"","is_daily":false,"chose_seed":false,"campfire_upgraded":0,"win_rate":0.0,"timestamp":1609542523,"path_taken":["M","?","?","?","?","R","?","E","T","?","E"],"items_purchased_type":["Relic"],"build_version":"2020-12-22","purchased_purges":0,"victory":false,"max_hp_per_floor":[66,71,71,71,71,71,71,71,71,71,71,71],"relic_stats":{"Busted Crown":6,"Torii":0,"counters":[3,10],"HandDrill":[2],"Ginger":[0],"obtain_stats":[{"Frozen Eye":0,"Busted Crown":0,"Torii":0,"Ring of Fury":7,"zeldaRelics:CouragePiece":8,"HandDrill":10,"Ginger":5,"conspire:DeflatedDodgeball":1,"ReplayTheSpireMod:Ring of Challenge":7,"Ring of the Snake":0,"REME_ComplimentaryCards":0},{"Frozen Eye":0,"Busted Crown":0,"Torii":0,"Ring of Fury":1,"zeldaRelics:CouragePiece":2,"HandDrill":2,"Ginger":1,"conspire:DeflatedDodgeball":1,"ReplayTheSpireMod:Ring of Challenge":1,"Ring of the Snake":0,"REME_ComplimentaryCards":0},{"Frozen Eye":0,"Busted Crown":0,"Torii":0,"Ring of Fury":2,"zeldaRelics:CouragePiece":7,"HandDrill":7,"Ginger":2,"conspire:DeflatedDodgeball":2,"ReplayTheSpireMod:Ring of Challenge":2,"Ring of the Snake":0,"REME_ComplimentaryCards":0}],"Ring of the Snake":[6]},"card_choices":[],"player_experience":1490352,"relics_obtained":[{"floor":1.0,"key":"conspire:DeflatedDodgeball"},{"floor":5.0,"key":"Ginger"},{"floor":7.0,"key":"ReplayTheSpireMod:Ring of Challenge"},{"floor":7.0,"key":"Ring of Fury"},{"floor":8.0,"key":"zeldaRelics:CouragePiece"},{"floor":9.0,"key":"zeldaRelics:CouragePiece"}],"event_choices":[{"damage_healed":0.0,"max_hp_gain":5.0,"max_hp_loss":0.0,"gold_gain":0.0,"event_name":"Big Fish","player_choice":"Donut","floor":2.0,"gold_loss":0.0,"damage_taken":0.0},{"damage_healed":0.0,"max_hp_gain":0.0,"max_hp_loss":0.0,"gold_gain":0.0,"event_name":"conspire:LoneGhost","player_choice":"Argue","floor":3.0,"gold_loss":0.0,"damage_taken":0.0}],"is_beta":false,"boss_relics":[],"items_purged_floors":[],"is_endless":false,"potions_floor_spawned":[8],"killed_by":"Lagavulin","ascension_level":20}}