{"host":"bf9sa99gaumonoeu","time":1609476508,"event":{"mods":["AchievementEnabler","Act Like it!","BaseMod","Colored Map","Colored Powertips","Downfall","Friendly Minions","Gensokyo","Hermit","Jorbs\u0027s Wanderer Trilogy","Marisa????????","Minty Spire (QoL Compilation)","Remilia??????","Replay The Spire","Shop Mod","StSLib","The Animator","The Bug Knight","The Cursed","The Disciple","The Hierophant","The Jungle","The Senshi","The Servant 0.9.4"],"gold_per_floor":[228,249,524,261,137,137,157,185,185,185,219,219,251,269,269,375,375,394,413,499,499,522,522,522],"floor_reached":23,"playtime":3209,"items_purged":["animator:Defend"],"score":241,"play_id":"9d887499-4cd4-442c-9f5f-39623e119048","local_time":"20210101024828","is_ascension_mode":true,"campfire_choices":[{"data":"animator:KrulTepes","floor":6.0,"key":"SMITH"},{"data":"animator:UneriGinkaku","floor":10.0,"key":"SMITH"},{"floor":15,"key":"REST"}],"circlet_count":0,"master_deck":["animator:Strike_MadokaMagica","animator:Defend_MadokaMagica","animator:Strike","animator:Strike","animator:Strike","animator:Defend","animator:Defend","animator:IrohaTamaki","animator:YuiTsuruno","animator:GuildGirl+1","animator:KrulTepes+1","Regret","animator:Shinoa","animator:Shinoa","animator:WinryRockbell","animator:OrikoMikuni","animator:UneriGinkaku+1","animator:KyokoSakura","animator:Tet","animator:Elesis","animator:DolaCouronne","animator:Eve","animator:MamiTomoe","animator:Hitei","animator:RoyMustang","animator:Alexander+1","animator:DolaSchwi+1","animator:Chung"],"relics":["animator:LivingPicture","animator:TheMissingPiece","animator:PurgingStone","HandDrill","animator:BattleDrones","MealTicket","Blood Vial","Replay:Rubber Ducky","Mark of Pain"],"acts_visited":["Exordium","Exordium"],"potions_floor_usage":[19,19,22,22,22],"damage_taken":[{"damage":1.0,"enemies":"Cultist","floor":1.0,"turns":3.0},{"damage":3.0,"enemies":"Small Slimes","floor":2.0,"turns":4.0},{"damage":1.0,"enemies":"2 Louse","floor":7.0,"turns":4.0},{"damage":5.0,"enemies":"2 Fungi Beasts","floor":8.0,"turns":4.0},{"damage":17.0,"enemies":"Gremlin Nob","floor":11.0,"turns":4.0},{"damage":8,"enemies":"Replay:BlueRogue","floor":13,"turns":6},{"damage":5,"enemies":"Blue Slaver","floor":14,"turns":3},{"damage":7,"enemies":"The Guardian","floor":16,"turns":10},{"damage":0,"enemies":"theJungle:GiantWrat","floor":18,"turns":4},{"damage":8,"enemies":"theJungle:Flameango_and_Byrd","floor":19,"turns":5},{"damage":18,"enemies":"theJungle:SlimyTreeVines","floor":22,"turns":3},{"damage":48,"enemies":"theJungle:Cassacara","floor":23,"turns":5}],"seed_played":"3802833231758710361","potions_obtained":[{"floor":1.0,"key":"Toxic Potion"},{"floor":7.0,"key":"sneckomod:MuddlingPotion"},{"floor":11,"key":"SkillPotion"},{"floor":14,"key":"ColorlessPotion"}],"is_trial":false,"path_per_floor":["M","M","?","$","$","R","M","M","T","R","E","?","E","M","R","B",null,"M","M","?","?","M","E"],"character_chosen":"THE_ANIMATOR","items_purchased":["animator:Shinoa","HandDrill","animator:WinryRockbell","animator:OrikoMikuni"],"campfire_rested":1,"item_purchase_floors":[4,4,5,5],"current_hp_per_floor":[65,62,62,62,62,62,61,56,56,56,39,39,31,28,47,42,66,67,59,43,43,30,0,0],"gold":522,"neow_bonus":"HUNDRED_GOLD","is_daily":false,"chose_seed":false,"campfire_upgraded":2,"win_rate":0.0,"timestamp":1609476508,"path_taken":["M","?","?","?","$","R","M","?","T","R","E","?","E","M","R","BOSS","M","M","?","?","M","E"],"items_purchased_type":["Card","Relic","Card","Card"],"build_version":"2020-12-22","purchased_purges":1,"victory":false,"max_hp_per_floor":[66,66,66,66,66,66,66,66,66,66,66,66,66,66,66,66,66,67,67,67,67,67,67,67],"card_choices":[{"not_picked":["animator:Elsword","animator:Scar"],"picked":"animator:GuildGirl","floor":1.0},{"not_picked":["animator:Berserker","animator:YaoHaDucy"],"picked":"animator:KrulTepes","floor":2.0},{"not_picked":["animator:Layla","animator:YuiTsuruno"],"picked":"animator:UneriGinkaku","floor":7.0},{"not_picked":["animator:MamiTomoe","animator:SuzuneAmano"],"picked":"animator:KyokoSakura","floor":8.0},{"not_picked":["animator:Yuuichirou","animator:YaoHaDucy"],"picked":"animator:Tet","floor":11},{"not_picked":["animator:AcuraTooru","animator:Emonzaemon"],"picked":"animator:Elesis","floor":13},{"not_picked":["animator:Jibril","animator:RinTohsaka"],"picked":"animator:DolaCouronne","floor":14},{"not_picked":["animator:Gilgamesh","animator:Saber"],"picked":"animator:Eve","floor":16},{"not_picked":["animator:SayakaMiki","animator:IrohaTamaki"],"picked":"animator:MamiTomoe","floor":18},{"not_picked":["animator:Mitsuba","animator:YaoHaDucy+1"],"picked":"animator:Hitei","floor":19},{"not_picked":["animator:Ara","animator:HomuraAkemi"],"picked":"animator:RoyMustang","floor":20},{"not_picked":["animator:MaesHughes","animator:Viivi"],"picked":"animator:Alexander+1","floor":20},{"not_picked":["animator:Yuuichirou+1","animator:Caster"],"picked":"animator:DolaSchwi+1","floor":20},{"not_picked":["animator:Konayuki","animator:Elsword"],"picked":"animator:Chung","floor":22}],"player_experience":656819,"relics_obtained":[{"floor":9.0,"key":"animator:BattleDrones"},{"floor":11,"key":"MealTicket"},{"floor":13,"key":"Blood Vial"},{"floor":13,"key":"Replay:Rubber Ducky"}],"event_choices":[{"damage_healed":0.0,"max_hp_gain":0.0,"max_hp_loss":0.0,"gold_gain":275.0,"event_name":"Golden Shrine","player_choice":"Desecrate","floor":3.0,"gold_loss":0.0,"damage_taken":0.0,"cards_obtained":["Regret"]}],"is_beta":false,"boss_relics":[{"not_picked":["Honey Jar","Ring of Chaos"],"picked":"Mark of Pain"}],"items_purged_floors":[4],"is_endless":false,"potions_floor_spawned":[1,7,11,14],"killed_by":"theJungle:Cassacara","ascension_level":4}}