{"host":"6ilae7ewjeys3uzr","time":1609481592,"event":{"mods":["AchievementEnabler","BaseMod","Hermit","Marisa????????","Minty Spire (QoL Compilation)","Quick Restart","Replay The Spire","StSLib","The Cursed","The Servant 0.9.4"],"gold_per_floor":[113,127,127,127,145,180,191,191,267,296,312,312,325,400,400,503,503,523,583,596,610,610,610,610,636,660,660,660],"floor_reached":27,"playtime":1511,"items_purged":[],"score":243,"play_id":"ed49202f-55be-402a-8845-45d5019fa881","local_time":"20210101071312","is_ascension_mode":false,"campfire_choices":[{"floor":8,"key":"REST"},{"floor":15,"key":"REST"},{"floor":23,"key":"RECALL"}],"circlet_count":0,"master_deck":["Strike_MRS","Strike_MRS","Defend_MRS","Defend_MRS+1","MasterSpark","UpSweep","CollectingQuirk","GalacticHalo+1","NonDirectionalLaser","OrrerysSun","MilkyWay","MilkyWay","CollectingQuirk","PropBag+1","GrandCross+1","TreasureHunter+1","ReplayTheSpireMod:Faulty Equipment","GrandCross","LuminesStrike","Occultation","SatelliteIllusion","GalacticHalo","ReplayTheSpireMod:Restless Dread"],"relics":["MiniHakkero","Torii","Iron Hammer","Smiling Mask","Replay:Grab Bag","Velvet Choker","Cursed Key","Empty Cage","Astrolabe","Chameleon Ring","Replay:Bottled Flurry","Strawberry","Blue Candle"],"acts_visited":["Exordium","TheCity"],"potions_floor_usage":[7,10,21,25,27],"damage_taken":[{"damage":1,"enemies":"Jaw Worm","floor":1,"turns":3},{"damage":4,"enemies":"Small Slimes","floor":2,"turns":3},{"damage":1,"enemies":"2 Louse","floor":5,"turns":3},{"damage":21,"enemies":"Lagavulin","floor":6,"turns":12},{"damage":12,"enemies":"Gremlin Gang","floor":7,"turns":6},{"damage":10,"enemies":"3 Sentries","floor":10,"turns":7},{"damage":8,"enemies":"3 Louse","floor":11,"turns":4},{"damage":11,"enemies":"Large Slime","floor":13,"turns":5},{"damage":26,"enemies":"Fading Forest","floor":16,"turns":11},{"damage":0,"enemies":"Chosen","floor":18,"turns":4},{"damage":1,"enemies":"Shell Parasite","floor":20,"turns":4},{"damage":15,"enemies":"Snake Plant","floor":21,"turns":3},{"damage":58,"enemies":"Gremlin Leader","floor":25,"turns":9},{"damage":8,"enemies":"Slavers","floor":27,"turns":4}],"seed_played":"-8007821543984311329","potions_obtained":[{"floor":2,"key":"Milkshake"},{"floor":6,"key":"Block Potion"},{"floor":10,"key":"BlessingOfTheForge"},{"floor":11,"key":"Strength Potion"},{"floor":19,"key":"Languid Potion"}],"is_trial":false,"path_per_floor":["M","M","?","?","M","E","M","R","T","E","M","$","M","?","R","B",null,"M","?","M","M","?","R","?","E","T","E"],"character_chosen":"MARISA","items_purchased":[],"campfire_rested":2,"item_purchase_floors":[],"current_hp_per_floor":[53,49,34,59,58,37,25,47,47,37,29,29,18,7,29,17,75,75,75,74,59,59,59,59,8,8,0,0],"gold":660,"neow_bonus":"THREE_RARE_CARDS","is_daily":false,"chose_seed":false,"campfire_upgraded":0,"win_rate":0.0,"timestamp":1609481592,"path_taken":["M","M","?","?","M","E","M","R","T","E","?","$","M","?","R","BOSS","M","?","M","M","?","R","?","E","T","E"],"items_purchased_type":[],"build_version":"2020-12-22","purchased_purges":0,"victory":false,"max_hp_per_floor":[75,75,75,75,75,75,75,75,75,75,75,75,75,75,75,75,75,75,75,75,75,75,75,75,82,82,82,82],"card_choices":[{"not_picked":["SuperNova","BigCrunch"],"picked":"CollectingQuirk","floor":0},{"not_picked":["WitchOfGreed","MilkyWay"],"picked":"GalacticHalo","floor":1},{"not_picked":["EnergyRecoil","Singularity"],"picked":"NonDirectionalLaser","floor":2},{"not_picked":["DoubleSpark","ShootingEcho"],"picked":"OrrerysSun","floor":5},{"not_picked":["IllusionStar","SporeBomb"],"picked":"MilkyWay","floor":6},{"not_picked":["CasketOfStar","SporeBomb"],"picked":"SprinkleStarSeal","floor":7},{"not_picked":["Acceleration","WitchLeyline"],"picked":"MilkyWay","floor":10},{"not_picked":["GravityBeat","IllusionStar","SporeBomb"],"picked":"SKIP","floor":11},{"not_picked":["OpenUniverse","ManaConvection","DarkMatter"],"picked":"SKIP","floor":13},{"not_picked":["BinaryStars","MaximisePower"],"picked":"CollectingQuirk","floor":16},{"not_picked":["ManaConvection","IllusionStar","6A"],"picked":"SKIP","floor":18},{"not_picked":["GasGiant","SporeBomb+1"],"picked":"GrandCross","floor":19},{"not_picked":["MilkyWay","BlazingStar","EarthLightRay"],"picked":"SKIP","floor":20},{"not_picked":["WitchLeyline","6A"],"picked":"LuminesStrike","floor":21},{"not_picked":["AsteroidBelt","6A"],"picked":"GalacticHalo","floor":25}],"player_experience":231758,"relics_obtained":[{"floor":6,"key":"Torii"},{"floor":9,"key":"Iron Hammer"},{"floor":10,"key":"Smiling Mask"},{"floor":19,"key":"Chameleon Ring"},{"floor":25,"key":"Strawberry"}],"event_choices":[{"damage_healed":0,"gold_gain":0,"player_choice":"Entered Light","damage_taken":15,"max_hp_gain":0,"max_hp_loss":0,"event_name":"Shining Light","floor":3,"gold_loss":0,"cards_upgraded":["Defend_MRS","GalacticHalo"]},{"damage_healed":25,"gold_gain":0,"player_choice":"Banana","damage_taken":0,"max_hp_gain":0,"max_hp_loss":0,"event_name":"Big Fish","floor":4,"gold_loss":0},{"damage_healed":0,"gold_gain":75,"player_choice":"Gather Gold","damage_taken":11,"max_hp_gain":0,"max_hp_loss":0,"event_name":"World of Goop","floor":14,"gold_loss":0},{"damage_healed":0,"gold_gain":0,"player_choice":"Opened","damage_taken":0,"relics_obtained":["Replay:Bottled Flurry"],"max_hp_gain":0,"max_hp_loss":0,"event_name":"The Mausoleum","floor":22,"gold_loss":0},{"damage_healed":0,"gold_gain":0,"player_choice":"2 cards matched","damage_taken":0,"max_hp_gain":0,"max_hp_loss":0,"event_name":"Match and Keep!","floor":24,"gold_loss":0,"cards_obtained":["Occultation","SatelliteIllusion"]}],"is_beta":false,"boss_relics":[{"not_picked":["Runic Pyramid","Philosopher\u0027s Stone"],"picked":"Replay:Grab Bag"},{"not_picked":["Replay:Bronze Core","RampagingMagicTools"],"picked":"Velvet Choker"},{"not_picked":["Coffee Dripper","Replay:Wanted Poster"],"picked":"Cursed Key"},{"not_picked":["Snecko Eye","SacredBark"],"picked":"Empty Cage"},{"not_picked":["ExperimentalFamiliar","Pandora\u0027s Box"],"picked":"Astrolabe"}],"items_purged_floors":[],"is_endless":false,"potions_floor_spawned":[2,6,10,11],"killed_by":"Slavers","ascension_level":0}}