{"host":"0azimyi6n3ugndj4","time":1609535171,"event":{"mods":["2.2 Compatiblity","BaseMod","Bestiary","Conspire","Curses Come First","Defuse TimeMaze Blight","Hermit","Hyrulean Relics","Infinite Spire","Minty Spire (QoL Compilation)","Relic Stats","Replay The Spire","StSLib","SuperFastMode","The Cursed","Uncapped","¡¼?Úª?ø«¡½REMEMod"],"gold_per_floor":[156,156,213,213,158,254,254,254,254,254,254],"floor_reached":10,"playtime":252,"items_purged":[],"score":191,"play_id":"ee7ffe96-f9af-4b96-9ef6-3c053fe32132","local_time":"20210102060611","daily_mods":["SealedDeck","Hoarder","Insanity","Chimera","Specialized","Vintage","ControlledChaos","Allstar","Diverse","Heirloom","Time Dilation","Flight","Elite Swarm","Lethality","Midas","Binary"],"is_ascension_mode":false,"campfire_choices":[],"circlet_count":0,"master_deck":["Demon Form","Wraith Form v2","Echo Form","DevaForm","Bash","Survivor","Zap","Strike_R","Strike_G","Strike_B","Defend_R","Defend_G","Defend_P","Havoc","Outmaneuver","Hologram","Predator","Replay:Poison Smokescreen","TheCursedMod:Torture","ReplayTheSpireMod:Corrosion Curse","TheCursedMod:CursedShiv","Reprogram","Deflect","TheCursedMod:PrepareRite","hermit:Dive","Leg Sweep","Life Link","Consume","EmptyFist","CrushJoints","Twin Strike","Dark Embrace","Prepared","Prostrate","Hidden Blade","Quick Slash","Capacitor","hermit:Manifest","Halt","Lockon","Rampage","TheCursedMod:SpreadPlague","TheCursedMod:CursedShiv","Fluid Movement","hermit:Ricochet","Crescendo","ReplayTheSpireMod:Calculation Training","Dagger Throw","Consecrate","Dagger Spray","Darkness","Deflect","hermit:Brawl","Reinforced Body","Crescendo","hermit:Dive","TalkToTheHand","BasicCrystalCard","TheCursedMod:Stigma","Collect","hermit:SprayPray","TheCursedMod:Wield","PiercingWail","A Thousand Cuts","A Thousand Cuts","A Thousand Cuts","A Thousand Cuts","A Thousand Cuts","A Thousand Cuts","A Thousand Cuts","A Thousand Cuts","A Thousand Cuts","A Thousand Cuts","A Thousand Cuts","A Thousand Cuts","A Thousand Cuts","A Thousand Cuts","Shrug It Off","Shrug It Off","Shrug It Off","Glacier","Glacier+1","Glacier","BowlingBash+1","BowlingBash","BowlingBash","Bouncing Flask","Bouncing Flask","Bouncing Flask","TheCursedMod:CursedArmor","TheCursedMod:CursedArmor","TheCursedMod:CursedArmor","TheCursedMod:Stigma","TheCursedMod:Stigma","TheCursedMod:Stigma","Rebound","Rebound","Rebound","TheCursedMod:Torture","TheCursedMod:Torture","TheCursedMod:Torture","Anger","Anger","Anger","hermit:Spite","hermit:Spite","hermit:Spite","Omniscience","Omniscience","Omniscience"],"relics":["Burning Blood","Frozen Eye","Busted Crown","REME_ComplimentaryCards","Replay:Kaleidoscope","Darkstone Periapt","Blood Vial","GremlinMask","Toxic Egg 2","zeldaRelics:CouragePiece"],"acts_visited":["Exordium"],"potions_floor_usage":[10],"damage_taken":[{"damage":4,"enemies":"conspire:RoseBush","floor":1,"turns":1},{"damage":8,"enemies":"Cultist","floor":3,"turns":3},{"damage":2,"enemies":"Small Slimes","floor":5,"turns":5},{"damage":34,"enemies":"Gremlin Nob","floor":6,"turns":5},{"damage":32,"enemies":"3 Sentries","floor":10,"turns":4}],"seed_played":"-6418655945620922457","potions_obtained":[{"floor":6,"key":"FearPotion"}],"is_trial":true,"path_per_floor":["M","?","M","?","M","E","?","?","T","E"],"character_chosen":"IRONCLAD","items_purchased":[],"campfire_rested":0,"item_purchase_floors":[],"current_hp_per_floor":[80,90,88,88,90,62,44,37,37,7,7],"gold":254,"neow_bonus":"","is_daily":false,"chose_seed":false,"campfire_upgraded":0,"win_rate":0.0,"timestamp":1609535171,"path_taken":["M","?","?","?","?","E","?","?","T","E"],"items_purchased_type":[],"build_version":"2020-12-22","purchased_purges":0,"victory":false,"max_hp_per_floor":[80,90,90,90,90,90,90,90,90,90,90],"relic_stats":{"Darkstone Periapt":0,"Blood Vial":4,"Busted Crown":2,"counters":[5,18],"obtain_stats":[{"Darkstone Periapt":1,"Blood Vial":3,"Frozen Eye":0,"Busted Crown":0,"GremlinMask":4,"zeldaRelics:CouragePiece":6,"Replay:Kaleidoscope":0,"Toxic Egg 2":5,"Burning Blood":0,"REME_ComplimentaryCards":0},{"Darkstone Periapt":1,"Blood Vial":2,"Frozen Eye":0,"Busted Crown":0,"GremlinMask":2,"zeldaRelics:CouragePiece":4,"Replay:Kaleidoscope":0,"Toxic Egg 2":3,"Burning Blood":0,"REME_ComplimentaryCards":0},{"Darkstone Periapt":1,"Blood Vial":4,"Frozen Eye":0,"Busted Crown":0,"GremlinMask":4,"zeldaRelics:CouragePiece":14,"Replay:Kaleidoscope":0,"Toxic Egg 2":9,"Burning Blood":0,"REME_ComplimentaryCards":0}],"Burning Blood":18},"card_choices":[],"player_experience":1483686,"relics_obtained":[{"floor":1,"key":"Darkstone Periapt"},{"floor":3,"key":"Blood Vial"},{"floor":5,"key":"Toxic Egg 2"},{"floor":6,"key":"zeldaRelics:CouragePiece"},{"floor":9,"key":"zeldaRelics:CouragePiece"}],"event_choices":[{"cards_removed":["A Thousand Cuts"],"damage_healed":0,"gold_gain":0,"player_choice":"Offered Rare","damage_taken":0,"max_hp_gain":10,"max_hp_loss":0,"event_name":"Bonfire Elementals","floor":2,"gold_loss":0},{"damage_healed":0,"gold_gain":0,"player_choice":"Trade","damage_taken":0,"relics_obtained":["GremlinMask"],"max_hp_gain":0,"max_hp_loss":0,"event_name":"FaceTrader","floor":4,"gold_loss":0},{"damage_healed":0,"gold_gain":0,"player_choice":"Entered Light","damage_taken":18,"max_hp_gain":0,"max_hp_loss":0,"event_name":"Shining Light","floor":7,"gold_loss":0,"cards_upgraded":["Glacier","BowlingBash"]},{"cards_removed":["Eruption"],"damage_healed":0,"gold_gain":0,"player_choice":"Card Removal","damage_taken":7,"max_hp_gain":0,"max_hp_loss":0,"event_name":"Golden Wing","floor":8,"gold_loss":0}],"is_beta":false,"boss_relics":[],"items_purged_floors":[],"is_endless":false,"potions_floor_spawned":[6],"killed_by":"3 Sentries","ascension_level":0}}