{"host":"nzm1i0l8mrsm8hd2","time":1609486152,"event":{"mods":["Act Like it!","Aspiration","BaseMod","Conspire","Gensokyo","Minty Spire (QoL Compilation)","Pale of the Ancients","Quick Restart","RumiaBox-露米娅的神秘盒子","Spicy Shops","StSLib","The Alterego","Yakumo Yukari mod"],"gold_per_floor":[119,1,12,30,190,190,202,202,202,202,62,62,142,159,159,263,263,282,41,41,59,59,59,74,74,74],"floor_reached":25,"playtime":875,"items_purged":[],"score":280,"play_id":"0c7e676c-8c24-4658-a724-c662673bd6ed","local_time":"20210101152912","is_ascension_mode":true,"campfire_choices":[{"floor":6.0,"key":"REST"},{"data":"Zap","floor":10.0,"key":"SMITH"},{"data":"Dualcast","floor":15.0,"key":"SMITH"},{"data":"Scrape","floor":23.0,"key":"SMITH"}],"circlet_count":0,"master_deck":["Strike_B","Strike_B","Strike_B","Strike_B","Defend_B","Defend_B","Defend_B","Defend_B","Zap+1","Dualcast+1","Go for the Eyes","All For One","FTL","All For One","Streamline","Stack","Gash","Scrape+1","BootSequence"],"relics":["conspire:RunicOctahedron","Ancient Tea Set","Shuriken","Eternal Feather","Incense Burner","AddBug","Eternal Feather","aspiration:Lifesprig","Gensokyo:RedStar"],"acts_visited":["Exordium","Gensokyo:Gensokyo"],"potions_floor_usage":[24],"damage_taken":[{"damage":2.0,"enemies":"Gensokyo:Python","floor":1.0,"turns":4.0},{"damage":21.0,"enemies":"Gensokyo:Gryphon","floor":3.0,"turns":6.0},{"damage":12.0,"enemies":"Gensokyo:2_Kodama","floor":4.0,"turns":7.0},{"damage":29.0,"enemies":"Gensokyo:Gryphon_and_Rabbit","floor":5.0,"turns":8.0},{"damage":3.0,"enemies":"Gensokyo:VengefulSpirit","floor":7.0,"turns":4.0},{"damage":3.0,"enemies":"Gensokyo:Kitsune","floor":14.0,"turns":3.0},{"damage":27.0,"enemies":"Gensokyo:Kokoro","floor":16.0,"turns":10.0},{"damage":20.0,"enemies":"Gensokyo:CosmicMonolith","floor":18.0,"turns":5.0},{"damage":29.0,"enemies":"Gensokyo:3_Dogs","floor":21.0,"turns":3.0},{"damage":8,"enemies":"Gensokyo:Wraith","floor":24,"turns":4},{"damage":19,"enemies":"Gensokyo:Tenshi","floor":25,"turns":2}],"seed_played":"3241125177820212561","potions_obtained":[{"floor":7.0,"key":"Energy Potion"},{"floor":16.0,"key":"SpeedPotion"},{"floor":18.0,"key":"PowerPotion"}],"is_trial":false,"path_per_floor":["M","COS","M","M","M","R","M","?","T","R","?","$","?","M","R","B",null,"M","$","?","M","?","R","M","E"],"character_chosen":"DEFECT","items_purchased":["Stack","Gash","aspiration:Lifesprig"],"campfire_rested":1,"item_purchase_floors":[19,19,19],"current_hp_per_floor":[66,66,45,33,4,26,23,23,23,29,29,29,29,26,32,5,58,38,38,38,9,9,27,19,0,0],"gold":74,"neow_bonus":"BOSS_RELIC","is_daily":false,"chose_seed":false,"campfire_upgraded":3,"win_rate":0.0,"timestamp":1609486152,"path_taken":["M","COS","M","M","M","R","M","?","T","R","?","?","?","?","R","BOSS","M","$","?","M","?","R","M","E"],"items_purchased_type":["Card","Card","Relic"],"build_version":"2020-12-22","purchased_purges":0,"victory":false,"max_hp_per_floor":[75,75,75,75,75,75,75,75,75,75,75,75,75,75,75,75,75,75,75,75,75,75,75,75,75,75],"card_choices":[{"not_picked":["Ball Lightning","Sweeping Beam","Storm"],"picked":"SKIP","floor":1.0},{"not_picked":["Cold Snap","Sweeping Beam"],"picked":"Go for the Eyes","floor":3.0},{"not_picked":["Turbo","Rebound","Sweeping Beam"],"picked":"SKIP","floor":4.0},{"not_picked":["Recycle","Sweeping Beam"],"picked":"All For One","floor":5.0},{"not_picked":["Sweeping Beam","Doom and Gloom"],"picked":"FTL","floor":7.0},{"not_picked":["Capacitor","Glacier","Rip and Tear"],"picked":"SKIP","floor":14.0},{"not_picked":["Core Surge","Machine Learning"],"picked":"All For One","floor":16.0},{"not_picked":["Genetic Algorithm","Stack"],"picked":"Streamline","floor":18.0},{"not_picked":["Cold Snap","Gash","Turbo"],"picked":"SKIP","floor":21.0},{"not_picked":["Go for the Eyes+1","Darkness"],"picked":"BootSequence","floor":24}],"player_experience":576751,"relics_obtained":[{"floor":9.0,"key":"Eternal Feather"},{"floor":18.0,"key":"Eternal Feather"}],"event_choices":[],"is_beta":false,"boss_relics":[{"not_picked":["Empty Cage","Runic Pyramid"],"picked":"AddBug"}],"items_purged_floors":[],"is_endless":false,"potions_floor_spawned":[7,16,18],"killed_by":"Gensokyo:Tenshi","ascension_level":9}}