{"host":"wha9hktbkslqvblg","time":1609510506,"event":{"mods":["BaseMod","Colored Map","Minty Spire (QoL Compilation)","Relic Stats","SuperFastMode","everything is the same but u backflip on backflip"],"gold_per_floor":[115,115,40,40,115,156,156,187,213,213,213,227,127,143,143,238,238,257,147,163,183,58,58,58],"floor_reached":23,"playtime":291,"items_purged":["Strike_R","Parasite","Strike_R"],"score":494,"play_id":"d847a312-434c-48c5-82ad-9d280cf6215c","local_time":"20210101231506","is_ascension_mode":true,"campfire_choices":[{"data":"Fire Breathing","floor":11,"key":"SMITH"},{"data":"Wild Strike","floor":15,"key":"SMITH"}],"circlet_count":0,"master_deck":["AscendersBane","Strike_R","Defend_R+1","Defend_R","Defend_R","Defend_R","Bash","Pommel Strike+1","Fire Breathing+1","Wild Strike+1","Spot Weakness","Limit Break+1"],"relics":["Burning Blood","NeowsBlessing","Golden Idol","Letter Opener","Dream Catcher","Happy Flower","Runic Pyramid"],"acts_visited":["Exordium","TheCity"],"potions_floor_usage":[16],"damage_taken":[{"damage":0.0,"enemies":"Small Slimes","floor":1.0,"turns":1.0},{"damage":0.0,"enemies":"Lagavulin","floor":6.0,"turns":1.0},{"damage":0,"enemies":"Gremlin Nob","floor":8,"turns":1},{"damage":4,"enemies":"Jaw Worm","floor":12,"turns":3},{"damage":1,"enemies":"2 Louse","floor":14,"turns":2},{"damage":43,"enemies":"Hexaghost","floor":16,"turns":7},{"damage":28,"enemies":"Spheric Guardian","floor":18,"turns":4},{"damage":0,"enemies":"Chosen","floor":20,"turns":3},{"damage":16,"enemies":"Sentry and Sphere","floor":21,"turns":4},{"damage":22,"enemies":"Book of Stabbing","floor":23,"turns":3}],"seed_played":"4591063250311915679","potions_obtained":[{"floor":1.0,"key":"CultistPotion"},{"floor":14,"key":"Strength Potion"},{"floor":21,"key":"Ancient Potion"}],"is_trial":false,"path_per_floor":["M","?","$","?","?","E","?","E","T","?","R","M","$","M","R","B",null,"M","?","M","M","$","E"],"character_chosen":"IRONCLAD","items_purchased":[],"campfire_rested":0,"item_purchase_floors":[],"current_hp_per_floor":[74,51,51,51,40,46,63,68,68,68,68,68,65,65,65,28,56,34,34,40,30,30,8,8],"gold":58,"neow_bonus":"THREE_ENEMY_KILL","is_daily":false,"chose_seed":false,"campfire_upgraded":2,"win_rate":0.0,"timestamp":1609510506,"path_taken":["M","?","$","?","?","E","?","E","T","?","R","M","?","?","R","BOSS","M","?","M","?","$","E"],"items_purchased_type":[],"build_version":"2020-12-22","purchased_purges":3,"victory":false,"max_hp_per_floor":[75,75,75,68,68,68,68,68,68,68,68,68,65,65,65,65,65,65,65,65,65,65,65,65],"relic_stats":{"Dream Catcher":0,"Happy Flower":[8],"counters":[10,29],"Golden Idol":50,"Letter Opener":[20],"obtain_stats":[{"Dream Catcher":8,"NeowsBlessing":0,"Happy Flower":9,"Golden Idol":4,"Letter Opener":6,"Burning Blood":0,"Runic Pyramid":17},{"Dream Catcher":3,"NeowsBlessing":0,"Happy Flower":3,"Golden Idol":1,"Letter Opener":2,"Burning Blood":0,"Runic Pyramid":6},{"Dream Catcher":3,"NeowsBlessing":0,"Happy Flower":3,"Golden Idol":1,"Letter Opener":2,"Burning Blood":0,"Runic Pyramid":15}],"Burning Blood":46},"card_choices":[{"not_picked":["Pummel","Dark Embrace"],"picked":"Pommel Strike","floor":1.0},{"not_picked":["Twin Strike","Clothesline"],"picked":"Fire Breathing","floor":6.0},{"not_picked":["Clash","Pummel","Reckless Charge"],"picked":"SKIP","floor":8},{"not_picked":["Dark Embrace","Perfected Strike"],"picked":"Wild Strike","floor":12},{"not_picked":["Rage","Headbutt"],"picked":"Spot Weakness","floor":14},{"not_picked":["Demon Form","Berserk"],"picked":"Limit Break","floor":16},{"not_picked":["Whirlwind","Thunderclap","Armaments"],"picked":"SKIP","floor":18},{"not_picked":["Infernal Blade+1","Anger","Headbutt"],"picked":"SKIP","floor":20},{"not_picked":["Anger","Iron Wave","Thunderclap"],"picked":"SKIP","floor":21}],"player_experience":922461,"relics_obtained":[{"floor":6.0,"key":"Letter Opener"},{"floor":8,"key":"Dream Catcher"},{"floor":9,"key":"Happy Flower"}],"event_choices":[{"damage_healed":0.0,"max_hp_gain":0.0,"max_hp_loss":0.0,"gold_gain":0.0,"event_name":"Shining Light","player_choice":"Entered Light","floor":2.0,"gold_loss":0.0,"damage_taken":23.0,"cards_upgraded":["Pommel Strike","Defend_R"]},{"damage_healed":0.0,"max_hp_gain":0.0,"max_hp_loss":7.0,"gold_gain":0.0,"event_name":"Golden Idol","player_choice":"Lose Max HP","floor":4.0,"gold_loss":0.0,"damage_taken":0.0,"relics_obtained":["Golden Idol"]},{"damage_healed":0.0,"max_hp_gain":0.0,"max_hp_loss":0.0,"gold_gain":75.0,"event_name":"World of Goop","player_choice":"Gather Gold","floor":5.0,"gold_loss":0.0,"damage_taken":11.0},{"damage_healed":17,"gold_gain":0,"player_choice":"Healed and dodged fight","damage_taken":0,"max_hp_gain":0,"max_hp_loss":0,"event_name":"Mushrooms","floor":7,"gold_loss":0,"cards_obtained":["Parasite"]},{"cards_removed":["Strike_R"],"damage_healed":0,"gold_gain":0,"player_choice":"Forget","damage_taken":0,"max_hp_gain":0,"max_hp_loss":0,"event_name":"Living Wall","floor":10,"gold_loss":0},{"cards_removed":["Strike_R"],"damage_healed":0,"gold_gain":0,"player_choice":"Upgrade and Remove","damage_taken":0,"max_hp_gain":0,"max_hp_loss":0,"event_name":"Designer","floor":19,"gold_loss":110,"cards_upgraded":["Limit Break"]}],"is_beta":false,"boss_relics":[{"not_picked":["Runic Cube","Sozu"],"picked":"Runic Pyramid"}],"items_purged_floors":[3,13,22],"is_endless":false,"potions_floor_spawned":[1,14,21],"killed_by":"Book of Stabbing","ascension_level":20}}