{"host":"le69utka9ynaq64d","time":1609466905,"event":{"mods":["AchievementEnabler","Aspiration","BaseMod","Block Reminder","Conspire","Energized Spire","GifTheSpireLib","Halation","Hubris","Minty Spire (QoL Compilation)","Permanent Neow","Quick Restart","Replay The Spire","RiskOfSpire","StSLib","Stuff the Spire","The Forsaken","Trackpad","Uncapped","vexMod"],"gold_per_floor":[57,70,21,12,12,39,39,121,121,132,132,162,162,196,196,191,191,201,201,217,205,51,82,82,116,142,175,21,21,48,42,42,140,140,140,140],"floor_reached":35,"playtime":3080,"items_purged":[],"score":761,"play_id":"8d3aa772-6bf9-40c9-a68c-bb719e4c6e31","local_time":"20201231210825","daily_mods":["DeadlyEvents","Elite Swarm"],"is_ascension_mode":false,"campfire_choices":[{"data":"Anger","floor":7.0,"key":"SMITH"},{"data":"Pommel Strike","floor":11.0,"key":"SMITH"},{"data":"Seeing Red","floor":15.0,"key":"SMITH"},{"data":"Barricade","floor":24.0,"key":"SMITH"},{"data":"Double Tap","floor":29.0,"key":"SMITH"},{"data":"Bash","floor":32.0,"key":"SMITH"}],"circlet_count":0,"master_deck":["Strike_R","Strike_R+1","Defend_R","Defend_R","Bash+1","Seeing Red+1","Anger+1","Pommel Strike+1","Demonic Infusion+1","Barricade+1","Cleave+1","Double Tap+1","Demonic Infusion+1","Demonic Infusion+1","conspire:HitWhereItHurts+1","Feed+1"],"relics":["Burning Blood","riskOfSpire:RoseBuckler","riskOfSpire:RustyKey","Ancient Tea Set","Calipers","riskOfSpire:WarBanner","Regal Pillow","riskOfSpire:Transcendence","trackpad:AdjectivePendant","Darkstone Periapt","theForsaken:Gavel","riskOfSpire:RejuvenationRack","theForsaken:PaleLantern","riskOfSpire:BustlingFungus","Boot","Omamori","halation:KoshaPiece","riskOfSpire:SoldiersSyringe","Replay:Wax Seal","Shovel","Red Skull","Blood Vial","riskOfSpire:CautiousSlug","Replay:Grab Bag","energizedSpire:RedRose","energizedSpire:MagnifyingGlass","vexMod:ImprovementManual","Kintsugi"],"acts_visited":["Exordium","TheCity","TheBeyond"],"potions_floor_usage":[35],"damage_taken":[{"damage":10.0,"enemies":"Jaw Worm","floor":1.0,"turns":4.0},{"damage":1.0,"enemies":"Cultist","floor":2.0,"turns":4.0},{"damage":0.0,"enemies":"2 Louse","floor":4.0,"turns":2.0},{"damage":26.0,"enemies":"Lagavulin","floor":6.0,"turns":6.0},{"damage":22.0,"enemies":"Gremlin Nob","floor":8.0,"turns":4.0},{"damage":0.0,"enemies":"Exordium Wildlife","floor":10.0,"turns":6.0},{"damage":0.0,"enemies":"Lagavulin","floor":12.0,"turns":4.0},{"damage":0.0,"enemies":"3 Sentries","floor":14.0,"turns":5.0},{"damage":0.0,"enemies":"Slime Boss","floor":16.0,"turns":8.0},{"damage":0.0,"enemies":"2 Thieves","floor":18.0,"turns":5.0},{"damage":0.0,"enemies":"conspire:FuzzyDice","floor":20.0,"turns":7.0},{"damage":0.0,"enemies":"Cultist and Chosen","floor":21.0,"turns":7.0},{"damage":0.0,"enemies":"conspire:SneckoGhost","floor":23.0,"turns":8.0},{"damage":0.0,"enemies":"Book of Stabbing","floor":25.0,"turns":5.0},{"damage":0.0,"enemies":"Gremlin Leader","floor":27.0,"turns":10.0},{"damage":0.0,"enemies":"conspire:SneckoGhost","floor":30.0,"turns":8.0},{"damage":0.0,"enemies":"Snake Plant","floor":31.0,"turns":5.0},{"damage":0.0,"enemies":"Automaton","floor":33.0,"turns":12.0},{"damage":9,"enemies":"3 Darklings","floor":35,"turns":3}],"seed_played":"-1988596122528823169","potions_obtained":[{"floor":4.0,"key":"SkillPotion"},{"floor":8.0,"key":"Cursed Concoction"},{"floor":16.0,"key":"ColorlessPotion"},{"floor":20.0,"key":"SteroidPotion"},{"floor":23.0,"key":"Explosive Potion"},{"floor":31.0,"key":"Block Potion"}],"is_trial":true,"path_per_floor":["M","M","$","M","?","E","R","E","T","M","R","E","?","E","R","B",null,"M","?","M","M","$","E","R","E","T","E","$","R","E","M","R","B",null,"M"],"character_chosen":"IRONCLAD","items_purchased":["Anger","Boot","Red Skull"],"campfire_rested":0,"item_purchase_floors":[3,22,28],"current_hp_per_floor":[76,80,80,80,80,60,60,36,36,36,36,36,36,36,36,36,80,80,80,80,80,80,80,80,80,80,80,80,80,80,80,80,80,80,0,0],"gold":140,"neow_bonus":"","is_daily":false,"chose_seed":false,"campfire_upgraded":6,"win_rate":0.0,"timestamp":1609466905,"path_taken":["M","M","$","M","?","E","R","E","T","M","R","E","?","?","R","BOSS","M","?","M","M","$","E","R","E","T","E","$","R","E","M","R","BOSS","M"],"items_purchased_type":["Card","Relic","Relic"],"build_version":"2020-12-22","purchased_purges":0,"victory":false,"max_hp_per_floor":[80,80,80,80,80,80,80,80,80,80,80,80,80,80,80,80,80,80,80,80,80,80,80,80,80,80,80,80,80,80,80,80,80,80,1,1],"card_choices":[{"not_picked":["Flex","conspire:Charge"],"picked":"Seeing Red","floor":2.0},{"not_picked":["Immolate","Corruption","Reaper"],"picked":"SKIP","floor":6.0},{"not_picked":["hubris:StunningStrike","Replay:Many Hands","Fiend Fire"],"picked":"SKIP","floor":8.0},{"not_picked":["Intimidate","Flex"],"picked":"Pommel Strike","floor":10.0},{"not_picked":["Impervious","Brutality"],"picked":"Demonic Infusion","floor":12.0},{"not_picked":["hubris:StunningStrike","Eclipse"],"picked":"Barricade","floor":14.0},{"not_picked":["Armaments","StuffTheSpire:BloodClot","Infernal Blade"],"picked":"SKIP","floor":18.0},{"not_picked":["Defy Death","Power Through"],"picked":"Cleave+1","floor":20.0},{"not_picked":["Corruption","Exhume"],"picked":"Double Tap","floor":23.0},{"not_picked":["Hemogenesis","Barricade"],"picked":"Demonic Infusion","floor":25.0},{"not_picked":["Impervious","Offering"],"picked":"Demonic Infusion","floor":27.0},{"not_picked":["Reaper","conspire:Purge"],"picked":"conspire:HitWhereItHurts","floor":30.0},{"not_picked":["Juggernaut","Exhume"],"picked":"Feed","floor":33.0}],"player_experience":384452,"relics_obtained":[{"floor":1.0,"key":"riskOfSpire:RoseBuckler"},{"floor":4.0,"key":"riskOfSpire:RustyKey"},{"floor":6.0,"key":"Ancient Tea Set"},{"floor":8.0,"key":"Calipers"},{"floor":9.0,"key":"riskOfSpire:WarBanner"},{"floor":9.0,"key":"Regal Pillow"},{"floor":9.0,"key":"riskOfSpire:Transcendence"},{"floor":12.0,"key":"trackpad:AdjectivePendant"},{"floor":14.0,"key":"theForsaken:Gavel"},{"floor":16.0,"key":"riskOfSpire:RejuvenationRack"},{"floor":18.0,"key":"riskOfSpire:MilkyChrysalis"},{"floor":21.0,"key":"riskOfSpire:BustlingFungus"},{"floor":23.0,"key":"Omamori"},{"floor":25.0,"key":"halation:KoshaPiece"},{"floor":26.0,"key":"riskOfSpire:SoldiersSyringe"},{"floor":26.0,"key":"Replay:Wax Seal"},{"floor":27.0,"key":"Shovel"},{"floor":30.0,"key":"Blood Vial"},{"floor":31.0,"key":"riskOfSpire:CautiousSlug"}],"event_choices":[{"damage_healed":0.0,"max_hp_gain":0.0,"max_hp_loss":0.0,"gold_gain":0.0,"event_name":"WeMeetAgain","player_choice":"Gave Potion","floor":13.0,"gold_loss":0.0,"damage_taken":0.0,"relics_obtained":["Darkstone Periapt"]}],"is_beta":false,"boss_relics":[{"not_picked":["riskOfSpire:TitanicKnurl","aspiration:DefectSkillbook"],"picked":"theForsaken:PaleLantern"},{"not_picked":["aspiration:SecretTechniqueScroll","Tiny House"],"picked":"Replay:Grab Bag"},{"not_picked":["vexMod:CursedCompass","vexMod:DeviousBotling"],"picked":"energizedSpire:RedRose"},{"not_picked":["hubris:GrandSneckoEye","Abe\u0027s Treasure"],"picked":"energizedSpire:MagnifyingGlass"},{"not_picked":["hubris:BlackHole","SacredBark"],"picked":"vexMod:ImprovementManual"},{"not_picked":["StuffTheSpire:Kangaroo","halation:PlatinumPhoenix"],"picked":"Kintsugi"}],"items_purged_floors":[],"is_endless":true,"potions_floor_spawned":[2,4,8,16,20,23,27,31],"killed_by":"3 Darklings","ascension_level":0}}