{"host":"xg5jeeis2it0kviw","time":1609516140,"event":{"mods":["Aspiration","BaseMod","Conspire","Minty Spire (QoL Compilation)","Relic Stats","Spicy Shops","StSLib","vexMod","¡¾ÒÅÎï¿¨ÅÆ¡¿REMEMod"],"gold_per_floor":[114,126,126,4,23,23,49,99,147,197,231,251,271,285,285,383,383,383,403,453,533,597,597,647,714,1014,974,217,230,280,340,340,444,444,454,468,533,583,600,600,50,50,50,64,114,0,12,39,39,39],"floor_reached":51,"playtime":3739,"items_purged":["Regret","Parasite"],"score":781,"play_id":"d90321a3-24fb-42bb-ae06-357edfd74e15","local_time":"20210101234900","is_ascension_mode":false,"campfire_choices":[{"floor":6.0,"key":"DIG"},{"floor":15.0,"key":"REST"},{"floor":23.0,"key":"REST"},{"floor":32,"key":"DIG"},{"floor":40,"key":"REST"},{"floor":42,"key":"DIG"},{"floor":49,"key":"DIG"}],"circlet_count":0,"master_deck":["Strike_G","Strike_G","Strike_G","Strike_G","Defend_G","Defend_G","Defend_G","Defend_G","Defend_G","Survivor+1","Neutralize","SandsOfTime","Poisoned Stab","Quick Slash","Blade Dance","Poisoned Stab","Sucker Punch","Venomology","Bouncing Flask+1","J.A.X.","Distraction+1","Riddle With Holes+1","Crippling Poison+1","After Image+1","Magnetism+1","Leg Sweep+1","Prepared+1","Burst","Poisoned Stab+1","Caltrops+1","Infinite Blades+1","Madness","Blade Dance+1","REME_GreenPollution+1","REME_PuzzleBox","Distraction","Noxious Fumes+1","Slice+1"],"relics":["Ring of the Snake","REME_ComplimentaryCards","Regal Pillow","SsserpentHead","Shovel","Turnip","vexMod:Dragonfruit","Bronze Scales","Frozen Egg 2","MealTicket","REME_ChargedStone","conspire:Dentures","Old Coin","Membership Card","conspire:DeflatedDodgeball","Mummified Hand","Incense Burner","conspire:TreasureMap","vexMod:BarristanHead","aspiration:RunicSpoon","REME_PuzzleBoxRelic","Oddly Smooth Stone","Vajra","Snake Skull","Sling","Singing Bowl","Potion Belt","Red Mask","Pen Nib","Centennial Puzzle"],"acts_visited":["Exordium","TheCity","TheBeyond"],"potions_floor_usage":[29,50,50],"damage_taken":[{"damage":0.0,"enemies":"Jaw Worm","floor":1.0,"turns":4.0},{"damage":0.0,"enemies":"Cultist","floor":2.0,"turns":3.0},{"damage":1.0,"enemies":"Small Slimes","floor":5.0,"turns":2.0},{"damage":14.0,"enemies":"Gremlin Nob","floor":11.0,"turns":4.0},{"damage":14.0,"enemies":"Exordium Wildlife","floor":12.0,"turns":4.0},{"damage":12.0,"enemies":"3 Louse","floor":13.0,"turns":3.0},{"damage":10.0,"enemies":"Blue Slaver","floor":14.0,"turns":2.0},{"damage":56.0,"enemies":"The Guardian","floor":16.0,"turns":9.0},{"damage":0.0,"enemies":"3 Byrds","floor":18.0,"turns":1.0},{"damage":4.0,"enemies":"Chosen","floor":19.0,"turns":4.0},{"damage":32.0,"enemies":"conspire:MimicChest","floor":21.0,"turns":4.0},{"damage":30.0,"enemies":"Shelled Parasite and Fungi","floor":22.0,"turns":2.0},{"damage":9.0,"enemies":"Snecko","floor":25.0,"turns":4.0},{"damage":0,"enemies":"Centurion and Healer","floor":29,"turns":5},{"damage":0,"enemies":"Snake Plant","floor":31,"turns":2},{"damage":17,"enemies":"Collector","floor":33,"turns":10},{"damage":0,"enemies":"3 Shapes","floor":35,"turns":3},{"damage":0,"enemies":"Orb Walker","floor":36,"turns":4},{"damage":6,"enemies":"4 Shapes","floor":37,"turns":6},{"damage":32,"enemies":"Writhing Mass","floor":39,"turns":5},{"damage":0,"enemies":"Maw","floor":44,"turns":3},{"damage":0,"enemies":"3 Darklings","floor":47,"turns":3},{"damage":12,"enemies":"Reptomancer","floor":48,"turns":4},{"damage":22,"enemies":"Donu and Deca","floor":50,"turns":6}],"seed_played":"-870888724494639324","potions_obtained":[{"floor":1.0,"key":"Ancient Potion"},{"floor":5.0,"key":"SmokeBomb"},{"floor":14.0,"key":"DistilledChaos"},{"floor":16.0,"key":"SkillPotion"},{"floor":19.0,"key":"Poison Potion"},{"floor":22.0,"key":"Fire Potion"},{"floor":25.0,"key":"EssenceOfSteel"},{"floor":44,"key":"FearPotion"},{"floor":48,"key":"CunningPotion"}],"is_trial":false,"path_per_floor":["M","M","?","$","M","R","$","T","T","?","E","M","M","M","R","B",null,"M","M","?","?","M","R","?","M","T","?","$","M","?","M","R","B",null,"M","M","M","?","M","R","$","R","T","M","?","?","M","E","R","B",null],"character_chosen":"THE_SILENT","items_purchased":["Shovel","Blade Dance","Membership Card","vexMod:BerryBomb","After Image+1","conspire:DeflatedDodgeball","Mummified Hand","Incense Burner","Magnetism+1","conspire:TreasureMap","REME_PuzzleBoxRelic","Oddly Smooth Stone","Vajra","Snake Skull","Sling","REME_GreenPollution+1","REME_PuzzleBox"],"campfire_rested":3,"item_purchase_floors":[4,7,28,28,28,28,28,28,28,28,41,41,41,41,41,41,41],"current_hp_per_floor":[70,70,70,70,69,69,69,74,74,74,60,46,34,24,61,5,75,75,71,71,39,9,46,46,37,37,37,58,58,58,58,58,41,81,81,81,75,75,43,81,78,78,78,78,78,78,78,66,66,44],"gold":39,"neow_bonus":"RANDOM_COMMON_RELIC","is_daily":false,"chose_seed":false,"campfire_upgraded":0,"win_rate":0.0,"timestamp":1609516140,"path_taken":["M","M","?","$","M","R","?","?","T","?","E","M","M","M","R","BOSS","M","M","?","?","?","R","?","?","T","?","?","M","?","?","R","BOSS","M","M","?","?","M","R","$","R","T","M","?","?","M","E","R","BOSS"],"items_purchased_type":["Relic","Card","Relic","Relic","Card","Relic","Relic","Relic","Card","Relic","Relic","Relic","Relic","Relic","Relic","Card","Card"],"build_version":"2020-12-22","purchased_purges":2,"victory":true,"max_hp_per_floor":[70,70,70,70,70,70,70,75,75,75,75,75,75,75,75,75,75,75,75,75,75,75,75,75,75,75,75,81,81,81,81,81,81,81,81,81,81,81,81,81,78,78,78,78,78,78,78,78,78,78],"relic_stats":{"Regal Pillow":44,"Singing Bowl":0,"counters":[24,97],"aspiration:RunicSpoon":[77],"Snake Skull":[70],"Pen Nib":[3],"SsserpentHead":800,"Centennial Puzzle":[3],"Shovel":4,"Mummified Hand":[80],"Bronze Scales":[225],"MealTicket":15,"Turnip":[8],"obtain_stats":[{"Regal Pillow":0,"Singing Bowl":42,"REME_ChargedStone":17,"Vajra":41,"Snake Skull":41,"Incense Burner":28,"Sling":41,"Old Coin":26,"SsserpentHead":3,"Centennial Puzzle":49,"Shovel":4,"Mummified Hand":28,"MealTicket":11,"Red Mask":46,"Ring of the Snake":0,"conspire:Dentures":21,"Potion Belt":43,"conspire:TreasureMap":28,"aspiration:RunicSpoon":34,"Oddly Smooth Stone":41,"vexMod:BerryBomb":28,"Pen Nib":48,"Frozen Egg 2":10,"vexMod:Dragonfruit":8,"vexMod:BarristanHead":32,"Bronze Scales":9,"Turnip":6,"Membership Card":28,"conspire:DeflatedDodgeball":28,"REME_PuzzleBoxRelic":41,"REME_ComplimentaryCards":0},{"Regal Pillow":0,"Singing Bowl":20,"REME_ChargedStone":8,"Vajra":20,"Snake Skull":20,"Incense Burner":13,"Sling":20,"Old Coin":13,"SsserpentHead":2,"Centennial Puzzle":23,"Shovel":2,"Mummified Hand":13,"MealTicket":4,"Red Mask":21,"Ring of the Snake":0,"conspire:Dentures":11,"Potion Belt":20,"conspire:TreasureMap":13,"aspiration:RunicSpoon":16,"Oddly Smooth Stone":20,"vexMod:BerryBomb":13,"Pen Nib":23,"Frozen Egg 2":3,"vexMod:Dragonfruit":3,"vexMod:BarristanHead":15,"Bronze Scales":3,"Turnip":3,"Membership Card":13,"conspire:DeflatedDodgeball":13,"REME_PuzzleBoxRelic":20,"REME_ComplimentaryCards":0},{"Regal Pillow":0,"Singing Bowl":81,"REME_ChargedStone":31,"Vajra":81,"Snake Skull":81,"Incense Burner":46,"Sling":81,"Old Coin":46,"SsserpentHead":7,"Centennial Puzzle":91,"Shovel":7,"Mummified Hand":46,"MealTicket":13,"Red Mask":84,"Ring of the Snake":0,"conspire:Dentures":40,"Potion Belt":81,"conspire:TreasureMap":46,"aspiration:RunicSpoon":63,"Oddly Smooth Stone":81,"vexMod:BerryBomb":46,"Pen Nib":91,"Frozen Egg 2":9,"vexMod:Dragonfruit":9,"vexMod:BarristanHead":53,"Bronze Scales":9,"Turnip":9,"Membership Card":46,"conspire:DeflatedDodgeball":46,"REME_PuzzleBoxRelic":81,"REME_ComplimentaryCards":0}],"Ring of the Snake":[48]},"card_choices":[{"not_picked":["Tactician","Underhanded Strike","Poisoned Stab"],"picked":"SKIP","floor":1.0},{"not_picked":["Backflip","Deadly Poison"],"picked":"Poisoned Stab","floor":2.0},{"not_picked":["Dodge and Roll","Dash"],"picked":"Quick Slash","floor":5.0},{"not_picked":["Deadly Poison","Riddle With Holes"],"picked":"Poisoned Stab","floor":11.0},{"not_picked":["conspire:PoisonWeapons","Prepared","Underhanded Strike"],"picked":"SKIP","floor":12.0},{"not_picked":["Distraction","Expertise","Endless Agony"],"picked":"SKIP","floor":13.0},{"not_picked":["Deflect","PiercingWail"],"picked":"Sucker Punch","floor":14.0},{"not_picked":["Doppelganger","Malaise"],"picked":"Venomology","floor":16.0},{"not_picked":["Heel Hook","Cloak And Dagger"],"picked":"Bouncing Flask+1","floor":19.0},{"not_picked":["Deflect","Bane+1"],"picked":"Distraction+1","floor":21.0},{"not_picked":["Deadly Poison","Outmaneuver"],"picked":"Riddle With Holes+1","floor":22.0},{"not_picked":["PiercingWail","Setup"],"picked":"Crippling Poison+1","floor":25.0},{"not_picked":["Backflip+1","Flying Knee"],"picked":"Leg Sweep+1","floor":29},{"not_picked":["Poisoned Stab","Expertise"],"picked":"Prepared+1","floor":31},{"not_picked":["Storm of Steel","Venomology"],"picked":"Burst","floor":33},{"not_picked":["Backflip","Outmaneuver+1"],"picked":"Poisoned Stab+1","floor":35},{"not_picked":["Poisoned Stab+1","Sucker Punch+1"],"picked":"Caltrops+1","floor":36},{"not_picked":["Masterful Stab","Prepared+1"],"picked":"Infinite Blades+1","floor":37},{"not_picked":["Impatience","conspire:Banana"],"picked":"Madness","floor":38},{"not_picked":["PiercingWail+1","Riddle With Holes"],"picked":"Blade Dance+1","floor":39},{"not_picked":["Outmaneuver+1","Riddle With Holes+1"],"picked":"Distraction","floor":44},{"not_picked":["Accuracy+1","Reflex"],"picked":"Noxious Fumes+1","floor":47},{"not_picked":["Storm of Steel","Poisoned Stab"],"picked":"Slice+1","floor":48}],"player_experience":293945,"relics_obtained":[{"floor":6.0,"key":"Turnip"},{"floor":8.0,"key":"vexMod:Dragonfruit"},{"floor":9.0,"key":"Bronze Scales"},{"floor":11.0,"key":"MealTicket"},{"floor":21.0,"key":"conspire:Dentures"},{"floor":26.0,"key":"Old Coin"},{"floor":32,"key":"vexMod:BarristanHead"},{"floor":42,"key":"Singing Bowl"},{"floor":43,"key":"Potion Belt"},{"floor":48,"key":"Pen Nib"},{"floor":49,"key":"Centennial Puzzle"}],"event_choices":[{"damage_healed":0.0,"max_hp_gain":0.0,"max_hp_loss":0.0,"gold_gain":0.0,"event_name":"FaceTrader","player_choice":"Trade","floor":3.0,"gold_loss":0.0,"damage_taken":0.0,"relics_obtained":["SsserpentHead"]},{"damage_healed":0.0,"max_hp_gain":0.0,"max_hp_loss":0.0,"gold_gain":0.0,"event_name":"Drug Dealer","player_choice":"Obtain J.A.X.","floor":20.0,"gold_loss":0.0,"damage_taken":0.0,"cards_obtained":["J.A.X."]},{"damage_healed":0.0,"max_hp_gain":0.0,"max_hp_loss":0.0,"gold_gain":0.0,"event_name":"The Woman in Blue","player_choice":"Bought 0 Potions","floor":24.0,"gold_loss":0.0,"damage_taken":0.0},{"cards_removed":["Pain"],"damage_healed":0,"gold_gain":0,"player_choice":"Upgrade and Remove","damage_taken":0,"max_hp_gain":0,"max_hp_loss":0,"event_name":"Designer","floor":27,"gold_loss":90,"cards_upgraded":["Survivor"]},{"cards_removed":["Injury"],"damage_healed":0,"gold_gain":0,"player_choice":"Removed Curses","damage_taken":0,"max_hp_gain":0,"max_hp_loss":0,"event_name":"Fountain of Cleansing","floor":30,"gold_loss":0},{"damage_healed":0,"gold_gain":0,"player_choice":"Memory 1","damage_taken":0,"max_hp_gain":0,"max_hp_loss":0,"event_name":"SensoryStone","floor":38,"gold_loss":0},{"cards_removed":["Strike_G"],"damage_healed":0,"gold_gain":0,"player_choice":"Removed Attack","damage_taken":0,"max_hp_gain":0,"max_hp_loss":0,"event_name":"Falling","floor":45,"gold_loss":0},{"damage_healed":0,"gold_gain":0,"player_choice":"Paid","damage_taken":0,"relics_obtained":["Red Mask"],"max_hp_gain":0,"max_hp_loss":0,"event_name":"Tomb of Lord Red Mask","floor":46,"gold_loss":164}],"is_beta":false,"boss_relics":[{"not_picked":["Velvet Choker","Cursed Key"],"picked":"REME_ChargedStone"},{"not_picked":["aspiration:SecretTechniqueScroll","Calling Bell"],"picked":"aspiration:RunicSpoon"}],"items_purged_floors":[28,41],"is_endless":false,"potions_floor_spawned":[1,5,14,16,19,22,25,36,39,44,48],"ascension_level":0}}