{"host":"vcrofm1hbk0ziuql","time":1609530917,"event":{"mods":["2.2 Compatiblity","BaseMod","Colored Map","DeckTracker","Googly Eyes","Highlight Path","Minty Spire (QoL Compilation)","StSLib"],"gold_per_floor":[11,11,11,11,29,29,45,45,45,45,45,76,94,44,44,140,140,153,153,163,213,138,166,166,199,199,209,86,104,132,143,143,238,238,257,307,355,101,0,0,27,27,53,66,80,107,124,26,26,26],"floor_reached":51,"playtime":3962,"items_purged":["Defend_G","Defend_G"],"score":861,"play_id":"dd38aa60-fd19-4296-b37e-3b7c897bcad7","local_time":"20210101195517","is_ascension_mode":false,"campfire_choices":[{"data":"Prepared","floor":6,"key":"SMITH"},{"data":"Neutralize","floor":8,"key":"SMITH"},{"data":"Dodge and Roll","floor":10,"key":"SMITH"},{"floor":15,"key":"REST"},{"data":"Calculated Gamble","floor":24,"key":"SMITH"},{"data":"Reflex","floor":32,"key":"SMITH"},{"floor":40,"key":"REST"},{"floor":42,"key":"DIG"},{"floor":49,"key":"DIG"}],"circlet_count":0,"master_deck":["Strike_G+1","Strike_G+1","Defend_G","Defend_G","Defend_G","Survivor","Neutralize+1","Die Die Die+1","Dodge and Roll+1","Prepared+1","Reflex+1","Blur","Backflip","Unload","Escape Plan+1","Footwork","Calculated Gamble+1","Poisoned Stab+1","Noxious Fumes+1","Adrenaline","Eviscerate","Concentrate","After Image","Deflect+1","Underhanded Strike","Expertise+1","Calculated Gamble+1","Backflip","Acrobatics"],"relics":["Ring of the Snake","Sundial","Calipers","Gremlin Horn","Runic Pyramid","The Courier","Regal Pillow","Bottled Lightning","Pantograph","Fusion Hammer","Shovel","Ice Cream","Kunai","Red Mask","Art of War","Nunchaku","Lantern","Du-Vu Doll","Mercury Hourglass"],"acts_visited":["Exordium","TheCity","TheBeyond"],"potions_floor_usage":[16,18,23,23,23,25,30,31],"damage_taken":[{"damage":0,"enemies":"2 Louse","floor":1,"turns":1},{"damage":2,"enemies":"Small Slimes","floor":5,"turns":3},{"damage":0,"enemies":"Jaw Worm","floor":7,"turns":4},{"damage":7,"enemies":"3 Sentries","floor":12,"turns":7},{"damage":3,"enemies":"Large Slime","floor":13,"turns":7},{"damage":10,"enemies":"Hexaghost","floor":16,"turns":12},{"damage":1,"enemies":"Shell Parasite","floor":18,"turns":7},{"damage":0,"enemies":"Chosen","floor":20,"turns":8},{"damage":1,"enemies":"Gremlin Leader","floor":23,"turns":9},{"damage":13,"enemies":"Slavers","floor":25,"turns":15},{"damage":11,"enemies":"3 Cultists","floor":27,"turns":5},{"damage":0,"enemies":"Snecko","floor":29,"turns":5},{"damage":0,"enemies":"Book of Stabbing","floor":30,"turns":6},{"damage":15,"enemies":"Snake Plant","floor":31,"turns":4},{"damage":0,"enemies":"Collector","floor":33,"turns":9},{"damage":0,"enemies":"3 Shapes","floor":35,"turns":3},{"damage":0,"enemies":"Mind Bloom Boss Battle","floor":36,"turns":9},{"damage":64,"enemies":"2 Orb Walkers","floor":37,"turns":7},{"damage":0,"enemies":"Giant Head","floor":41,"turns":10},{"damage":0,"enemies":"3 Darklings","floor":44,"turns":4},{"damage":0,"enemies":"Sphere and 2 Shapes","floor":45,"turns":3},{"damage":0,"enemies":"Reptomancer","floor":46,"turns":7},{"damage":0,"enemies":"4 Shapes","floor":47,"turns":5},{"damage":5,"enemies":"Awakened One","floor":50,"turns":15}],"seed_played":"-1448598108632789872","potions_obtained":[{"floor":1,"key":"Swift Potion"},{"floor":13,"key":"SkillPotion"},{"floor":16,"key":"EntropicBrew"},{"floor":25,"key":"SteroidPotion"},{"floor":27,"key":"LiquidBronze"},{"floor":29,"key":"Dexterity Potion"},{"floor":36,"key":"LiquidBronze"},{"floor":41,"key":"DistilledChaos"},{"floor":46,"key":"PowerPotion"}],"is_trial":false,"path_per_floor":["M","?","?","?","M","R","M","R","T","R","?","E","M","?","R","B",null,"M","?","M","T","?","E","R","E","T","M","$","M","E","M","R","B",null,"M","?","?","$","?","R","E","R","T","M","M","E","M","$","R","B",null],"character_chosen":"THE_SILENT","items_purchased":["Adrenaline","Eviscerate","Kunai","Acrobatics"],"campfire_rested":2,"item_purchase_floors":[28,28,38,48],"current_hp_per_floor":[70,70,63,56,54,54,54,54,54,54,40,33,30,30,51,41,70,69,69,69,69,69,68,68,55,55,44,44,44,44,29,29,54,70,70,70,6,6,6,42,42,42,42,42,42,42,42,42,42,62],"gold":26,"neow_bonus":"THREE_RARE_CARDS","is_daily":false,"chose_seed":false,"campfire_upgraded":5,"win_rate":0.0,"timestamp":1609530917,"path_taken":["M","?","?","?","?","R","M","R","T","R","?","E","M","?","R","BOSS","M","?","M","?","?","E","R","E","T","M","$","M","E","M","R","BOSS","M","?","?","$","?","R","E","R","T","M","?","E","M","?","R","BOSS"],"items_purchased_type":["Card","Card","Relic","Card"],"build_version":"2020-12-22","purchased_purges":2,"victory":true,"max_hp_per_floor":[70,70,70,70,70,70,70,70,70,70,70,70,70,70,70,70,70,70,70,70,70,70,70,70,70,70,70,70,70,70,70,70,70,70,70,70,70,70,70,70,70,70,70,70,70,70,70,70,70,70],"card_choices":[{"not_picked":["Unload","Burst"],"picked":"Die Die Die","floor":0},{"not_picked":["Blade Dance","Acrobatics"],"picked":"Dodge and Roll","floor":1},{"not_picked":["Quick Slash","Dagger Spray"],"picked":"Prepared","floor":5},{"not_picked":["Cloak And Dagger","Outmaneuver"],"picked":"Reflex","floor":7},{"not_picked":["A Thousand Cuts","Slice"],"picked":"Blur","floor":12},{"not_picked":["Skewer","Bane"],"picked":"Backflip","floor":13},{"not_picked":["Wraith Form v2","Tools of the Trade"],"picked":"Unload","floor":16},{"not_picked":["Prepared+1","Flying Knee+1"],"picked":"Escape Plan+1","floor":18},{"not_picked":["Dodge and Roll","Backflip+1","Quick Slash"],"picked":"SKIP","floor":20},{"not_picked":["Sucker Punch+1","Accuracy+1"],"picked":"Calculated Gamble","floor":23},{"not_picked":["Dodge and Roll+1","Dagger Spray"],"picked":"Poisoned Stab+1","floor":25},{"not_picked":["Masterful Stab","Acrobatics"],"picked":"Noxious Fumes+1","floor":27},{"not_picked":["Prepared","Accuracy","Endless Agony"],"picked":"SKIP","floor":29},{"not_picked":["Unload","Dash"],"picked":"Concentrate","floor":30},{"not_picked":["Cloak And Dagger","Blur","Backflip"],"picked":"SKIP","floor":31},{"not_picked":["Phantasmal Killer","Grand Finale"],"picked":"After Image","floor":33},{"not_picked":["Dagger Spray","Deadly Poison+1"],"picked":"Deflect+1","floor":35},{"not_picked":["Quick Slash+1","Deflect"],"picked":"Underhanded Strike","floor":36},{"not_picked":["PiercingWail+1","Accuracy+1"],"picked":"Expertise+1","floor":41},{"not_picked":["Blade Dance+1","Bane","Slice"],"picked":"SKIP","floor":44},{"not_picked":["Blade Dance+1","Deflect"],"picked":"Calculated Gamble+1","floor":45},{"not_picked":["Unload","Dagger Throw+1","Grand Finale"],"picked":"SKIP","floor":46},{"not_picked":["Noxious Fumes","Deadly Poison+1"],"picked":"Backflip","floor":47}],"player_experience":560482,"relics_obtained":[{"floor":9,"key":"Calipers"},{"floor":12,"key":"Gremlin Horn"},{"floor":23,"key":"The Courier"},{"floor":25,"key":"Regal Pillow"},{"floor":26,"key":"Bottled Lightning"},{"floor":30,"key":"Pantograph"},{"floor":36,"key":"Shovel"},{"floor":37,"key":"Ice Cream"},{"floor":41,"key":"Art of War"},{"floor":42,"key":"Nunchaku"},{"floor":43,"key":"Lantern"},{"floor":46,"key":"Du-Vu Doll"},{"floor":49,"key":"Mercury Hourglass"}],"event_choices":[{"damage_healed":0,"gold_gain":0,"player_choice":"Grow","damage_taken":0,"max_hp_gain":0,"max_hp_loss":0,"event_name":"Living Wall","floor":2,"gold_loss":0,"cards_upgraded":["Die Die Die"]},{"damage_healed":0,"gold_gain":0,"player_choice":"Success","damage_taken":7,"relics_obtained":["Sundial"],"max_hp_gain":0,"max_hp_loss":0,"event_name":"Scrap Ooze","floor":3,"gold_loss":0},{"cards_removed":["Strike_G"],"damage_healed":0,"gold_gain":0,"player_choice":"Card Removal","damage_taken":7,"max_hp_gain":0,"max_hp_loss":0,"event_name":"Golden Wing","floor":4,"gold_loss":0},{"damage_healed":0,"gold_gain":0,"player_choice":"Entered Light","damage_taken":14,"max_hp_gain":0,"max_hp_loss":0,"event_name":"Shining Light","floor":11,"gold_loss":0,"cards_upgraded":["Strike_G","Strike_G"]},{"cards_removed":["Strike_G"],"damage_healed":0,"gold_gain":0,"player_choice":"Card Removal","damage_taken":0,"max_hp_gain":0,"max_hp_loss":0,"event_name":"The Cleric","floor":14,"gold_loss":50},{"damage_healed":0,"gold_gain":0,"player_choice":"Read","damage_taken":0,"max_hp_gain":0,"max_hp_loss":0,"event_name":"The Library","floor":19,"gold_loss":0,"cards_obtained":["Footwork"]},{"cards_removed":["Strike_G"],"damage_healed":0,"gold_gain":0,"player_choice":"Gave Gold","damage_taken":0,"max_hp_gain":0,"max_hp_loss":0,"event_name":"Beggar","floor":22,"gold_loss":75},{"damage_healed":0,"gold_gain":0,"player_choice":"Fight","damage_taken":0,"max_hp_gain":0,"max_hp_loss":0,"event_name":"MindBloom","floor":36,"gold_loss":0},{"damage_healed":0,"gold_gain":0,"player_choice":"Fight","damage_taken":0,"max_hp_gain":0,"max_hp_loss":0,"event_name":"Mysterious Sphere","floor":37,"gold_loss":0},{"damage_healed":0,"gold_gain":0,"player_choice":"Paid","damage_taken":0,"relics_obtained":["Red Mask"],"max_hp_gain":0,"max_hp_loss":0,"event_name":"Tomb of Lord Red Mask","floor":39,"gold_loss":101}],"is_beta":false,"boss_relics":[{"not_picked":["Tiny House","Velvet Choker"],"picked":"Runic Pyramid"},{"not_picked":["WristBlade","Cursed Key"],"picked":"Fusion Hammer"}],"items_purged_floors":[38,48],"is_endless":false,"potions_floor_spawned":[1,13,16,25,27,29,36,41,46],"ascension_level":0}}