{"host":"dl7h25vjpuplx29g","time":1609538578,"event":{"mods":["BaseMod","Colored Map","Minty Spire (QoL Compilation)"],"gold_per_floor":[112,123,136,86,33,33,58,58,58,69,69,69,9,20,20,96,96,115,128,53,63,63,63,83,97,97,124,136,148,20,20,20,20,20],"floor_reached":33,"playtime":3900,"items_purged":["Strike_G"],"score":454,"play_id":"f00924fb-5983-4ae5-95eb-c31382c25844","local_time":"20210102070258","is_ascension_mode":true,"campfire_choices":[{"data":"Predator","floor":6,"key":"SMITH"},{"data":"Well Laid Plans","floor":8,"key":"SMITH"},{"data":"Neutralize","floor":11,"key":"SMITH"},{"floor":15,"key":"REST"},{"data":"Backflip","floor":23,"key":"SMITH"},{"data":"Envenom","floor":29,"key":"SMITH"},{"data":"Leg Sweep","floor":32,"key":"SMITH"}],"circlet_count":0,"master_deck":["AscendersBane","Strike_G+1","Strike_G+1","Defend_G+1","Defend_G+1","Defend_G+1","Defend_G+1","Survivor","Neutralize+1","All Out Attack","Underhanded Strike","Well Laid Plans+1","Predator+1","Backflip+1","Acrobatics","Envenom+1","Burst","Backstab","Skewer+1","Calculated Gamble+1","Deflect+1","Leg Sweep+1","Deadly Poison","Panache"],"relics":["Ring of the Snake","HornCleat","Vajra","The Courier","Coffee Dripper","MawBank"],"acts_visited":["Exordium","TheCity"],"potions_floor_usage":[24,27,28],"damage_taken":[{"damage":1,"enemies":"Small Slimes","floor":1,"turns":3},{"damage":4,"enemies":"Jaw Worm","floor":2,"turns":4},{"damage":0,"enemies":"Cultist","floor":3,"turns":4},{"damage":11,"enemies":"Gremlin Nob","floor":7,"turns":4},{"damage":9,"enemies":"Exordium Wildlife","floor":10,"turns":3},{"damage":3,"enemies":"Blue Slaver","floor":14,"turns":4},{"damage":21,"enemies":"Hexaghost","floor":16,"turns":9},{"damage":4,"enemies":"3 Byrds","floor":18,"turns":6},{"damage":6,"enemies":"2 Thieves","floor":19,"turns":4},{"damage":7,"enemies":"Cultist and Chosen","floor":21,"turns":5},{"damage":2,"enemies":"Snake Plant","floor":24,"turns":4},{"damage":3,"enemies":"Centurion and Healer","floor":25,"turns":5},{"damage":19,"enemies":"Gremlin Leader","floor":27,"turns":8},{"damage":0,"enemies":"Chosen and Byrds","floor":28,"turns":4},{"damage":53,"enemies":"Automaton","floor":33,"turns":12}],"seed_played":"9119004778995718693","potions_obtained":[{"floor":3,"key":"Fire Potion"},{"floor":10,"key":"PowerPotion"},{"floor":27,"key":"SmokeBomb"}],"is_trial":false,"path_per_floor":["M","M","M","?","?","R","E","R","T","M","R","?","$","M","R","B",null,"M","M","?","M","?","R","M","M","T","E","M","R","$","?","R","B"],"character_chosen":"THE_SILENT","items_purchased":["Panache"],"campfire_rested":1,"item_purchase_floors":[30],"current_hp_per_floor":[58,54,54,54,54,54,43,43,43,34,34,27,27,24,43,22,55,51,45,45,38,38,38,36,33,33,14,14,14,14,14,14,0,0],"gold":20,"neow_bonus":"THREE_CARDS","is_daily":false,"chose_seed":false,"campfire_upgraded":6,"win_rate":0.0,"timestamp":1609538578,"path_taken":["M","M","M","?","?","R","E","R","T","?","R","?","$","M","R","BOSS","M","M","?","M","?","R","M","?","T","E","?","R","$","?","R","BOSS"],"items_purchased_type":["Card"],"build_version":"2020-12-22","purchased_purges":1,"victory":false,"max_hp_per_floor":[66,66,66,66,66,66,66,66,66,66,66,66,66,66,66,66,66,66,66,66,66,66,66,66,66,66,66,66,66,66,66,66,66,66],"card_choices":[{"not_picked":["Backflip","Underhanded Strike"],"picked":"All Out Attack","floor":0},{"not_picked":["Outmaneuver","PiercingWail"],"picked":"Underhanded Strike","floor":1},{"not_picked":["Backflip","Concentrate"],"picked":"Well Laid Plans","floor":2},{"not_picked":["Expertise","Dodge and Roll"],"picked":"Predator","floor":3},{"not_picked":["Deadly Poison","Heel Hook"],"picked":"Backflip","floor":7},{"not_picked":["Deadly Poison","Underhanded Strike"],"picked":"Acrobatics","floor":10},{"not_picked":["Predator","Dodge and Roll"],"picked":"Envenom","floor":14},{"not_picked":["Tools of the Trade","Unload"],"picked":"Burst","floor":16},{"not_picked":["Flechettes","Quick Slash"],"picked":"Backstab","floor":18},{"not_picked":["Deflect","Flying Knee"],"picked":"Skewer+1","floor":19},{"not_picked":["Eviscerate","Tools of the Trade"],"picked":"Calculated Gamble+1","floor":21},{"not_picked":["Cloak And Dagger","Backstab"],"picked":"Deflect+1","floor":24},{"not_picked":["Slice","Dagger Spray"],"picked":"Leg Sweep","floor":25},{"not_picked":["Masterful Stab","Dodge and Roll"],"picked":"Deadly Poison","floor":27}],"player_experience":1431890,"relics_obtained":[{"floor":7,"key":"Vajra"},{"floor":9,"key":"The Courier"},{"floor":27,"key":"MawBank"}],"event_choices":[{"cards_removed":["Defend_G"],"damage_healed":0,"gold_gain":0,"player_choice":"Card Removal","damage_taken":0,"max_hp_gain":0,"max_hp_loss":0,"event_name":"The Cleric","floor":4,"gold_loss":50},{"damage_healed":0,"gold_gain":0,"player_choice":"Paid Gold","damage_taken":0,"relics_obtained":["HornCleat"],"max_hp_gain":0,"max_hp_loss":0,"event_name":"WeMeetAgain","floor":5,"gold_loss":53},{"cards_removed":["Strike_G"],"damage_healed":0,"gold_gain":0,"player_choice":"Card Removal","damage_taken":7,"max_hp_gain":0,"max_hp_loss":0,"event_name":"Golden Wing","floor":12,"gold_loss":0},{"cards_removed":["Strike_G"],"damage_healed":0,"gold_gain":0,"player_choice":"Gave Gold","damage_taken":0,"max_hp_gain":0,"max_hp_loss":0,"event_name":"Beggar","floor":20,"gold_loss":75},{"damage_healed":0,"gold_gain":0,"player_choice":"Simplicity","damage_taken":0,"max_hp_gain":0,"max_hp_loss":0,"event_name":"Back to Basics","floor":22,"gold_loss":0,"cards_upgraded":["Strike_G","Strike_G","Defend_G","Defend_G","Defend_G","Defend_G"]}],"is_beta":false,"boss_relics":[{"not_picked":["Black Star","Ectoplasm"],"picked":"Coffee Dripper"}],"items_purged_floors":[13],"is_endless":false,"potions_floor_spawned":[3,10,16,18,21,27],"killed_by":"Automaton","ascension_level":14}}