{"host":"ly20tmf9be7b85hl","time":1609507765,"event":{"mods":["BaseMod","Colored Map","Keyboard Shortcuts","Minty Spire (QoL Compilation)","Permanent Neow","Quick Restart","SuperFastMode"],"gold_per_floor":[119,8,24,24,44,74,74,74,146,163,190,206,206,206],"floor_reached":13,"playtime":285,"items_purged":["Strike_G"],"score":170,"play_id":"96429cb1-4710-4d0e-96d7-949401df7d53","local_time":"20210101222925","is_ascension_mode":true,"campfire_choices":[{"data":"Masterful Stab","floor":8.0,"key":"SMITH"}],"circlet_count":0,"master_deck":["AscendersBane","Strike_G","Strike_G","Strike_G","Strike_G","Defend_G","Defend_G","Defend_G","Defend_G","Defend_G","Survivor","Neutralize","Masterful Stab+1","Eviscerate","Underhanded Strike","Poisoned Stab","Dagger Throw"],"relics":["Ring of the Snake","Lantern","Anchor","Snake Skull","Pantograph","Odd Mushroom"],"acts_visited":["Exordium"],"potions_floor_usage":[13],"damage_taken":[{"damage":2.0,"enemies":"2 Louse","floor":1.0,"turns":4.0},{"damage":0.0,"enemies":"Cultist","floor":3.0,"turns":2.0},{"damage":0.0,"enemies":"Small Slimes","floor":5.0,"turns":3.0},{"damage":29.0,"enemies":"Lagavulin","floor":6.0,"turns":7.0},{"damage":5.0,"enemies":"Exordium Wildlife","floor":10.0,"turns":6.0},{"damage":9.0,"enemies":"The Mushroom Lair","floor":11.0,"turns":5.0},{"damage":10.0,"enemies":"Exordium Thugs","floor":12.0,"turns":4.0},{"damage":0,"enemies":"3 Sentries","floor":13,"turns":5}],"seed_played":"-4173594992187067129","potions_obtained":[{"floor":1.0,"key":"Weak Potion"},{"floor":3.0,"key":"EntropicBrew"},{"floor":5.0,"key":"Swift Potion"},{"floor":12.0,"key":"SteroidPotion"}],"is_trial":false,"path_per_floor":["M","$","M","?","M","E","?","R","T","M","?","M","E"],"character_chosen":"THE_SILENT","items_purchased":["Eviscerate"],"campfire_rested":0,"item_purchase_floors":[2],"current_hp_per_floor":[57,57,57,57,57,28,33,33,33,28,19,9,9,9],"gold":206,"neow_bonus":"RANDOM_COMMON_RELIC","is_daily":false,"chose_seed":false,"campfire_upgraded":1,"win_rate":0.0,"timestamp":1609507765,"path_taken":["M","$","M","?","?","E","?","R","T","M","?","M","E"],"items_purchased_type":["Card"],"build_version":"2020-12-22","purchased_purges":1,"victory":false,"max_hp_per_floor":[66,66,66,66,66,66,71,71,71,71,71,71,71,71],"card_choices":[{"not_picked":["Accuracy","Dagger Throw"],"picked":"Masterful Stab","floor":1.0},{"not_picked":["Blur","Riddle With Holes"],"picked":"Dagger Spray","floor":3.0},{"not_picked":["Bane","Deadly Poison","Deflect"],"picked":"SKIP","floor":5.0},{"not_picked":["Flying Knee","Prepared"],"picked":"Underhanded Strike","floor":6.0},{"not_picked":["Underhanded Strike","PiercingWail","Eviscerate"],"picked":"SKIP","floor":10.0},{"not_picked":["Crippling Poison","Outmaneuver"],"picked":"Poisoned Stab","floor":11.0},{"not_picked":["Expertise","Terror"],"picked":"Dagger Throw","floor":12.0}],"player_experience":844048,"relics_obtained":[{"floor":6.0,"key":"Snake Skull"},{"floor":9.0,"key":"Pantograph"},{"floor":11.0,"key":"Odd Mushroom"}],"event_choices":[{"cards_removed":["Dagger Spray"],"damage_healed":0.0,"max_hp_gain":0.0,"max_hp_loss":0.0,"gold_gain":0.0,"event_name":"WeMeetAgain","player_choice":"Gave Card","floor":4.0,"gold_loss":0.0,"damage_taken":0.0,"relics_obtained":["Anchor"]},{"damage_healed":0.0,"max_hp_gain":5.0,"max_hp_loss":0.0,"gold_gain":0.0,"event_name":"Big Fish","player_choice":"Donut","floor":7.0,"gold_loss":0.0,"damage_taken":0.0},{"damage_healed":0.0,"max_hp_gain":0.0,"max_hp_loss":0.0,"gold_gain":0.0,"event_name":"Mushrooms","player_choice":"Fought Mushrooms","floor":11.0,"gold_loss":0.0,"damage_taken":0.0}],"is_beta":false,"boss_relics":[],"items_purged_floors":[2],"is_endless":false,"potions_floor_spawned":[1,3,5,12],"killed_by":"3 Sentries","ascension_level":20}}