{"host":"gopu3kmfaoww0llm","time":1609511872,"event":{"mods":["BaseMod","DeckTracker","Minty Spire (QoL Compilation)","Quick Restart","StSLib","SuperFastMode"],"gold_per_floor":[119,131,147,167,92,92,121,140,164,182,182,182,22,36,36,107,107,117,17,17,37,37,37,37],"floor_reached":23,"playtime":672,"items_purged":["Strike_P","Strike_P"],"score":386,"play_id":"8ce8425e-cde8-41ac-890f-a0d85286a839","local_time":"20210101233752","is_ascension_mode":true,"campfire_choices":[{"data":"Eruption","floor":6.0,"key":"SMITH"},{"floor":11.0,"key":"REST"},{"floor":15.0,"key":"REST"}],"circlet_count":0,"master_deck":["AscendersBane","Strike_P","Defend_P+1","Defend_P","Defend_P","Eruption+1","Vigilance","SignatureMove","Tantrum+1","InnerPeace","Blasphemy","LessonLearned+1","SashWhip+1"],"relics":["Empty Cage","Molten Egg 2","Vajra","Medical Kit","Black Star"],"acts_visited":["TheCity"],"potions_floor_usage":[],"damage_taken":[{"damage":2.0,"enemies":"Cultist","floor":1.0,"turns":3.0},{"damage":2.0,"enemies":"Jaw Worm","floor":2.0,"turns":3.0},{"damage":4.0,"enemies":"Small Slimes","floor":3.0,"turns":3.0},{"damage":16.0,"enemies":"3 Louse","floor":4.0,"turns":3.0},{"damage":11.0,"enemies":"Gremlin Nob","floor":7.0,"turns":3.0},{"damage":20.0,"enemies":"Exordium Thugs","floor":8.0,"turns":5.0},{"damage":0.0,"enemies":"Looter","floor":10.0,"turns":1.0},{"damage":0.0,"enemies":"Red Slaver","floor":14.0,"turns":1.0},{"damage":15.0,"enemies":"The Guardian","floor":16.0,"turns":9.0},{"damage":0.0,"enemies":"Chosen","floor":18.0,"turns":3.0},{"damage":11.0,"enemies":"Shell Parasite","floor":21.0,"turns":3.0},{"damage":100047,"enemies":"Snecko","floor":23,"turns":4}],"seed_played":"-4498445848553002202","potions_obtained":[{"floor":1.0,"key":"DuplicationPotion"},{"floor":3.0,"key":"FairyPotion"},{"floor":7.0,"key":"PowerPotion"},{"floor":10.0,"key":"AttackPotion"}],"is_trial":false,"path_per_floor":["M","M","M","M","$","R","E","M","T","M","R","?","$","M","R","B",null,"M","$","?","M","?","M"],"character_chosen":"WATCHER","items_purchased":["Medical Kit"],"campfire_rested":2,"item_purchase_floors":[13],"current_hp_per_floor":[59,57,53,37,37,37,26,6,6,6,26,6,6,6,26,11,54,54,54,35,24,24,0,0],"gold":37,"neow_bonus":"BOSS_RELIC","is_daily":false,"chose_seed":false,"campfire_upgraded":1,"win_rate":0.0,"timestamp":1609511872,"path_taken":["M","M","?","M","$","R","E","M","T","M","R","?","$","M","R","BOSS","M","$","?","M","?","M"],"items_purchased_type":["Relic"],"build_version":"2020-12-22","purchased_purges":2,"victory":false,"max_hp_per_floor":[68,68,68,68,68,68,68,68,68,68,68,68,68,68,68,68,68,68,68,73,73,73,73,73],"card_choices":[{"not_picked":["Evaluate","Tantrum"],"picked":"SignatureMove","floor":1.0},{"not_picked":["Nirvana","PathToVictory"],"picked":"Tantrum","floor":2.0},{"not_picked":["CutThroughFate","Protect"],"picked":"InnerPeace","floor":3.0},{"not_picked":["CarveReality","BowlingBash","SashWhip"],"picked":"SKIP","floor":4.0},{"not_picked":["ReachHeaven+1","SashWhip+1","CrushJoints+1"],"picked":"SKIP","floor":7.0},{"not_picked":["Collect","FlyingSleeves+1"],"picked":"Blasphemy","floor":8.0},{"not_picked":["ClearTheMind","EmptyBody","Crescendo"],"picked":"SKIP","floor":10.0},{"not_picked":["CutThroughFate+1","Evaluate","ThirdEye"],"picked":"SKIP","floor":14.0},{"not_picked":["ConjureBlade","MasterReality"],"picked":"LessonLearned+1","floor":16.0},{"not_picked":["Vengeance","ThirdEye","Weave+1"],"picked":"SKIP","floor":18.0},{"not_picked":["PathToVictory+1","FlyingSleeves+1"],"picked":"SashWhip+1","floor":21.0}],"player_experience":2898377,"relics_obtained":[{"floor":7.0,"key":"Molten Egg 2"},{"floor":9.0,"key":"Vajra"}],"event_choices":[{"damage_healed":0.0,"max_hp_gain":0.0,"max_hp_loss":0.0,"gold_gain":0.0,"event_name":"Shining Light","player_choice":"Entered Light","floor":12.0,"gold_loss":0.0,"damage_taken":20.0,"cards_upgraded":["Defend_P","Tantrum"]},{"damage_healed":0.0,"max_hp_gain":5.0,"max_hp_loss":0.0,"gold_gain":0.0,"event_name":"Forgotten Altar","player_choice":"Shed Blood","floor":20.0,"gold_loss":0.0,"damage_taken":24.0},{"damage_healed":0.0,"max_hp_gain":0.0,"max_hp_loss":0.0,"gold_gain":0.0,"event_name":"Vampires","player_choice":"Ignored","floor":22.0,"gold_loss":0.0,"damage_taken":0.0}],"is_beta":false,"boss_relics":[{"not_picked":["Calling Bell","Tiny House"],"picked":"Black Star"}],"items_purged_floors":[5,19],"is_endless":false,"potions_floor_spawned":[1,3,7,10,14],"killed_by":"Snecko","ascension_level":20}}