{"host":"bf1tnxyvjw6wp3cl","time":1609539823,"event":{"mods":["AchievementEnabler","BaseMod","Block Reminder","Colored Powertips","Minty Spire (QoL Compilation)","Quick Restart","Relic Stats","StSLib","SuperFastMode"],"gold_per_floor":[119,294,294,294,313,341,341,11,11,23,23,87,87,48,48,143,143,159,176,101,63,73,73,90,102,147,159,79,79,79],"floor_reached":29,"playtime":823,"items_purged":[],"score":223,"play_id":"5e8f132c-eecd-46f0-918e-13a9e8387d13","local_time":"20210101172343","is_ascension_mode":false,"campfire_choices":[{"floor":7,"key":"REST"},{"floor":13,"key":"REST"},{"data":"Loop","floor":15,"key":"SMITH"},{"floor":23,"key":"REST"}],"circlet_count":0,"master_deck":["Strike_B","Strike_B","Strike_B","Strike_B","Defend_B","Defend_B","Defend_B","Defend_B","Zap","Dualcast","Chill+1","Rip and Tear","Heatsinks","Heatsinks","Blizzard","Defragment","Loop+1","Amplify","BootSequence","Coolheaded+1","Hello World","Go for the Eyes","Self Repair","Beam Cell","Gash+1","Loop"],"relics":["Cracked Core","Pocketwatch","Bottled Flame","Runic Capacitor","Oddly Smooth Stone","Regal Pillow","Runic Pyramid","Toy Ornithopter"],"acts_visited":["Exordium","TheCity"],"potions_floor_usage":[6,12,19,19,25,29],"damage_taken":[{"damage":1,"enemies":"2 Louse","floor":1,"turns":3},{"damage":0,"enemies":"Small Slimes","floor":5,"turns":4},{"damage":38,"enemies":"Lagavulin","floor":6,"turns":6},{"damage":2,"enemies":"Jaw Worm","floor":10,"turns":4},{"damage":16,"enemies":"Gremlin Nob","floor":12,"turns":4},{"damage":51,"enemies":"The Guardian","floor":16,"turns":11},{"damage":21,"enemies":"3 Byrds","floor":18,"turns":6},{"damage":33,"enemies":"2 Thieves","floor":19,"turns":5},{"damage":2,"enemies":"Centurion and Healer","floor":22,"turns":11},{"damage":12,"enemies":"Sentry and Sphere","floor":24,"turns":6},{"damage":25,"enemies":"Snake Plant","floor":25,"turns":5},{"damage":14,"enemies":"3 Cultists","floor":27,"turns":6},{"damage":25,"enemies":"Book of Stabbing","floor":29,"turns":5}],"seed_played":"3439146442893373910","potions_obtained":[{"floor":1,"key":"PowerPotion"},{"floor":6,"key":"GamblersBrew"},{"floor":10,"key":"Fire Potion"},{"floor":18,"key":"Energy Potion"},{"floor":22,"key":"PowerPotion"},{"floor":25,"key":"PowerPotion"}],"is_trial":false,"path_per_floor":["M","?","?","?","M","E","R","$","T","M","$","?","R","$","R","B",null,"M","M","?","$","M","R","M","M","T","M","$","E"],"character_chosen":"DEFECT","items_purchased":["Runic Capacitor","Heatsinks","Oddly Smooth Stone","Loop","Hello World","Loop"],"campfire_rested":3,"item_purchase_floors":[8,8,8,14,21,28],"current_hp_per_floor":[74,74,67,67,67,29,51,51,51,49,49,33,70,70,70,19,75,54,21,21,21,19,56,44,26,26,19,19,0,0],"gold":79,"neow_bonus":"ONE_RARE_RELIC","is_daily":false,"chose_seed":false,"campfire_upgraded":1,"win_rate":0.0,"timestamp":1609539823,"path_taken":["M","?","?","?","M","E","R","$","T","?","?","?","R","$","R","BOSS","M","M","?","$","M","R","M","M","T","M","$","E"],"items_purchased_type":["Relic","Card","Relic","Card","Card","Card"],"build_version":"2020-12-22","purchased_purges":0,"victory":false,"max_hp_per_floor":[75,75,75,75,75,75,75,75,75,75,75,75,75,75,75,75,75,75,75,75,75,75,75,75,75,75,75,75,75,75],"relic_stats":{"Regal Pillow":30,"counters":[13,76],"obtain_stats":[{"Bottled Flame":6,"Regal Pillow":12,"Oddly Smooth Stone":8,"Runic Capacitor":8,"Cracked Core":0,"Toy Ornithopter":26,"Pocketwatch":0,"Runic Pyramid":17},{"Bottled Flame":3,"Regal Pillow":5,"Oddly Smooth Stone":3,"Runic Capacitor":3,"Cracked Core":0,"Toy Ornithopter":11,"Pocketwatch":0,"Runic Pyramid":6},{"Bottled Flame":13,"Regal Pillow":21,"Oddly Smooth Stone":13,"Runic Capacitor":13,"Cracked Core":0,"Toy Ornithopter":65,"Pocketwatch":0,"Runic Pyramid":32}],"Toy Ornithopter":5,"Pocketwatch":[73]},"card_choices":[{"not_picked":["Conserve Battery","Gash"],"picked":"Chill","floor":1},{"not_picked":["Hologram","Stack"],"picked":"Rip and Tear","floor":5},{"not_picked":["Doom and Gloom","Rebound"],"picked":"Heatsinks","floor":6},{"not_picked":["Sweeping Beam","Steam Power"],"picked":"Blizzard","floor":10},{"not_picked":["Genetic Algorithm","Rip and Tear"],"picked":"Defragment","floor":12},{"not_picked":["Fission","Rainbow"],"picked":"Amplify","floor":16},{"not_picked":["Stack+1","Go for the Eyes+1"],"picked":"BootSequence","floor":18},{"not_picked":["Steam Power","Chaos"],"picked":"Coolheaded+1","floor":19},{"not_picked":["Streamline","Redo"],"picked":"Go for the Eyes","floor":22},{"not_picked":["Conserve Battery+1","Machine Learning"],"picked":"Self Repair","floor":24},{"not_picked":["Hologram","Recycle"],"picked":"Beam Cell","floor":25},{"not_picked":["Go for the Eyes+1","Rebound+1"],"picked":"Gash+1","floor":27}],"player_experience":157220,"relics_obtained":[{"floor":6,"key":"Bottled Flame"},{"floor":12,"key":"Regal Pillow"},{"floor":26,"key":"Toy Ornithopter"}],"event_choices":[{"damage_healed":0,"gold_gain":175,"player_choice":"AGREE","damage_taken":0,"max_hp_gain":0,"max_hp_loss":0,"event_name":"Liars Game","floor":2,"gold_loss":0,"cards_obtained":["Doubt"]},{"cards_removed":["Doubt"],"damage_healed":0,"gold_gain":0,"player_choice":"Card Removal","damage_taken":7,"max_hp_gain":0,"max_hp_loss":0,"event_name":"Golden Wing","floor":3,"gold_loss":0},{"damage_healed":0,"gold_gain":0,"player_choice":"Grow","damage_taken":0,"max_hp_gain":0,"max_hp_loss":0,"event_name":"Living Wall","floor":4,"gold_loss":0,"cards_upgraded":["Chill"]},{"damage_healed":0,"gold_gain":0,"player_choice":"Searched \u00271\u0027 times","damage_taken":0,"max_hp_gain":0,"max_hp_loss":0,"event_name":"Dead Adventurer","floor":12,"gold_loss":0},{"cards_removed":["Injury"],"damage_healed":0,"gold_gain":0,"player_choice":"Gave Gold","damage_taken":0,"max_hp_gain":0,"max_hp_loss":0,"event_name":"Beggar","floor":20,"gold_loss":75}],"is_beta":false,"boss_relics":[{"not_picked":["Sozu","Inserter"],"picked":"Runic Pyramid"}],"items_purged_floors":[],"is_endless":false,"potions_floor_spawned":[1,6,10,18,22,25],"killed_by":"Book of Stabbing","ascension_level":0}}