{"host":"rmsq46plbpwfbxcc","time":1609528876,"event":{"mods":["AchievementEnabler","BaseMod","Colored Map","Colored Powertips","DeckTracker","KOR Keyword Fix","Minty Spire (QoL Compilation)","Permanent Neow","Quick Restart","SuperFastMode"],"gold_per_floor":[110,56,72,83,100,100,119,153,223,223,173,173,208,226,226,321,321,341,341,227,245,0,31,31,65,65,76,93,93,93,122,122,227,227,246,246,121,121,69,69,402,418,418,430,445,471,28,38,38,38,38,38,38,73,73],"floor_reached":56,"playtime":2170,"items_purged":["Defend_G","Strike_G","Defend_G","Defend_G"],"score":1559,"play_id":"f3eaad55-1957-4861-b329-07ccadfce138","local_time":"20210102042116","is_ascension_mode":true,"campfire_choices":[{"data":"Blade Dance","floor":6.0,"key":"SMITH"},{"data":"Accuracy","floor":10.0,"key":"SMITH"},{"data":"Cloak And Dagger","floor":12.0,"key":"SMITH"},{"data":"Neutralize","floor":15.0,"key":"SMITH"},{"data":"After Image","floor":29,"key":"SMITH"},{"data":"Finisher","floor":32,"key":"SMITH"},{"data":"Cloak And Dagger","floor":40,"key":"SMITH"},{"floor":49,"key":"RECALL"},{"data":"Bullet Time","floor":52,"key":"SMITH"}],"circlet_count":0,"master_deck":["Strike_G","Defend_G","Survivor","Neutralize+1","Accuracy+1","Cloak And Dagger+1","Backflip","Blade Dance+1","Bullet Time+1","Blur","Burst","Finisher+1","Escape Plan","PiercingWail","After Image+1","Terror+1","Acrobatics","Backflip+1","Cloak And Dagger+1","Acrobatics+1","Well Laid Plans+1","Tactician","Calculated Gamble+1"],"relics":["Coffee Dripper","HornCleat","White Beast Statue","StoneCalendar","Empty Cage","Anchor","Lantern","Strawberry","Bag of Marbles","Bottled Tornado","Bronze Scales","Prayer Wheel","HoveringKite","Old Coin","Question Card","MealTicket","Vajra","TheAbacus","Letter Opener"],"acts_visited":["Exordium","TheCity","TheBeyond","TheEnding"],"potions_floor_usage":[23,23,25,25,31,33,33,42,44,55,55,55],"damage_taken":[{"damage":0.0,"enemies":"Small Slimes","floor":1.0,"turns":4.0},{"damage":1.0,"enemies":"Jaw Worm","floor":3.0,"turns":4.0},{"damage":0.0,"enemies":"Cultist","floor":4.0,"turns":5.0},{"damage":3.0,"enemies":"3 Louse","floor":5.0,"turns":4.0},{"damage":0.0,"enemies":"Gremlin Gang","floor":7.0,"turns":3.0},{"damage":15.0,"enemies":"Gremlin Nob","floor":8.0,"turns":3.0},{"damage":5.0,"enemies":"Lagavulin","floor":13.0,"turns":7.0},{"damage":0.0,"enemies":"Blue Slaver","floor":14.0,"turns":3.0},{"damage":9.0,"enemies":"Slime Boss","floor":16.0,"turns":7.0},{"damage":0.0,"enemies":"2 Thieves","floor":18.0,"turns":4.0},{"damage":15.0,"enemies":"Chosen","floor":21.0,"turns":7.0},{"damage":0,"enemies":"Book of Stabbing","floor":23,"turns":4},{"damage":14,"enemies":"Gremlin Leader","floor":25,"turns":7},{"damage":5,"enemies":"Sentry and Sphere","floor":27,"turns":5},{"damage":0,"enemies":"Centurion and Healer","floor":28,"turns":6},{"damage":3,"enemies":"Slavers","floor":31,"turns":3},{"damage":0,"enemies":"Automaton","floor":33,"turns":6},{"damage":0,"enemies":"Orb Walker","floor":35,"turns":2},{"damage":0,"enemies":"Reptomancer","floor":41,"turns":6},{"damage":0,"enemies":"3 Darklings","floor":42,"turns":3},{"damage":0,"enemies":"Maw","floor":44,"turns":5},{"damage":0,"enemies":"Transient","floor":45,"turns":5},{"damage":0,"enemies":"Giant Head","floor":46,"turns":5},{"damage":0,"enemies":"Writhing Mass","floor":48,"turns":3},{"damage":0,"enemies":"Awakened One","floor":50,"turns":9},{"damage":0,"enemies":"Shield and Spear","floor":54,"turns":5},{"damage":61,"enemies":"The Heart","floor":55,"turns":7}],"seed_played":"6796362241036876138","potions_obtained":[{"floor":1.0,"key":"AttackPotion"},{"floor":3.0,"key":"DuplicationPotion"},{"floor":13.0,"key":"Swift Potion"},{"floor":14.0,"key":"SpeedPotion"},{"floor":16.0,"key":"CultistPotion"},{"floor":18.0,"key":"FearPotion"},{"floor":21.0,"key":"SpeedPotion"},{"floor":23,"key":"Fruit Juice"},{"floor":25,"key":"Strength Potion"},{"floor":27,"key":"Fire Potion"},{"floor":28,"key":"Explosive Potion"},{"floor":31,"key":"Swift Potion"},{"floor":33,"key":"AttackPotion"},{"floor":35,"key":"AttackPotion"},{"floor":41,"key":"SteroidPotion"},{"floor":42,"key":"SkillPotion"},{"floor":44,"key":"ColorlessPotion"},{"floor":46,"key":"SpeedPotion"},{"floor":48,"key":"LiquidBronze"}],"is_trial":false,"path_per_floor":["M","$","M","M","M","R","M","E","T","R","?","R","E","M","R","B",null,"M","?","$","M","$","E","?","E","T","M","M","R","?","E","R","B",null,"M","T","$","?","$","R","E","M","T","M","M","E","$","M","R","B",null,"R","$","E","B",null],"character_chosen":"THE_SILENT","items_purchased":["Cloak And Dagger","Escape Plan","Lantern","Cloak And Dagger","Vajra","TheAbacus"],"campfire_rested":0,"item_purchase_floors":[2,20,22,39,47,47],"current_hp_per_floor":[70,70,69,69,66,66,66,51,51,51,51,51,46,46,46,37,70,70,70,70,55,55,67,67,53,53,48,48,48,48,45,45,45,82,82,82,82,82,82,82,82,82,82,82,82,82,82,82,82,82,82,82,82,82,21],"gold":73,"neow_bonus":"BOSS_RELIC","is_daily":false,"chose_seed":false,"campfire_upgraded":8,"win_rate":0.0,"timestamp":1609528876,"path_taken":["M","$","M","M","M","R","M","E","T","R","?","R","E","M","R","BOSS","M","?","$","M","$","E","?","E","T","M","M","R","?","E","R","BOSS","M","?","$","?","$","R","E","M","T","?","M","E","$","M","R","BOSS","R","$","E","BOSS"],"items_purchased_type":["Card","Card","Relic","Card","Relic","Relic"],"build_version":"2020-12-22","purchased_purges":4,"victory":true,"max_hp_per_floor":[70,70,70,70,70,70,70,70,70,70,70,70,70,70,70,70,70,70,70,70,70,70,82,82,82,82,82,82,82,82,82,82,82,82,82,82,82,82,82,82,82,82,82,82,82,82,82,82,82,82,82,82,82,82,82],"card_choices":[{"not_picked":["Backflip","Endless Agony"],"picked":"Accuracy","floor":1.0},{"not_picked":["Endless Agony","Prepared"],"picked":"Backflip","floor":3.0},{"not_picked":["Quick Slash","Masterful Stab","Dagger Throw"],"picked":"SKIP","floor":4.0},{"not_picked":["Dagger Throw","Acrobatics"],"picked":"Blade Dance","floor":5.0},{"not_picked":["Sucker Punch","Eviscerate","Slice"],"picked":"SKIP","floor":7.0},{"not_picked":["Masterful Stab","Concentrate","Prepared"],"picked":"SKIP","floor":8.0},{"not_picked":["Catalyst","Flying Knee"],"picked":"Bullet Time","floor":13.0},{"not_picked":["Underhanded Strike","PiercingWail"],"picked":"Blur","floor":14.0},{"not_picked":["Malaise","Glass Knife"],"picked":"Burst","floor":16.0},{"not_picked":["Crippling Poison","Masterful Stab"],"picked":"Finisher","floor":18.0},{"not_picked":["Caltrops","Outmaneuver+1","Poisoned Stab"],"picked":"SKIP","floor":21.0},{"not_picked":["Flechettes","Dash","Deflect"],"picked":"SKIP","floor":23},{"not_picked":["Distraction","Reflex"],"picked":"PiercingWail","floor":25},{"not_picked":["Prepared","Cloak And Dagger"],"picked":"After Image","floor":27},{"not_picked":["Finisher","Dash"],"picked":"Terror+1","floor":28},{"not_picked":["Reflex+1","Heel Hook+1","Expertise"],"picked":"SKIP","floor":31},{"not_picked":["Poisoned Stab","Outmaneuver"],"picked":"Acrobatics","floor":35},{"not_picked":["Bane+1","Quick Slash"],"picked":"Backflip+1","floor":35},{"not_picked":["Leg Sweep","Prepared+1"],"picked":"Acrobatics+1","floor":41},{"not_picked":["Dash","Flechettes+1","Acrobatics"],"picked":"SKIP","floor":42},{"not_picked":["Flying Knee+1","Dagger Spray","Sucker Punch+1"],"picked":"SKIP","floor":42},{"not_picked":["Outmaneuver+1","Cloak And Dagger+1","Dodge and Roll+1"],"picked":"Well Laid Plans+1","floor":44},{"not_picked":["All Out Attack","Underhanded Strike","Terror+1"],"picked":"Tactician","floor":44},{"not_picked":["Concentrate+1","Catalyst","Doppelganger","Dodge and Roll+1"],"picked":"SKIP","floor":45},{"not_picked":["Bane+1","Sucker Punch","Unload","Poisoned Stab+1"],"picked":"SKIP","floor":45},{"not_picked":["Sucker Punch","Endless Agony","Bane+1"],"picked":"Calculated Gamble+1","floor":46},{"not_picked":["Acrobatics+1","Underhanded Strike+1","Outmaneuver+1","Masterful Stab"],"picked":"SKIP","floor":48},{"not_picked":["Underhanded Strike+1","Flechettes+1","Dodge and Roll","Distraction"],"picked":"SKIP","floor":48},{"not_picked":["Poisoned Stab+1","Backstab","Cloak And Dagger+1","Bouncing Flask+1"],"picked":"SKIP","floor":54}],"player_experience":632200,"relics_obtained":[{"floor":8.0,"key":"HornCleat"},{"floor":9.0,"key":"White Beast Statue"},{"floor":13.0,"key":"StoneCalendar"},{"floor":23,"key":"Strawberry"},{"floor":25,"key":"Bag of Marbles"},{"floor":26,"key":"Bottled Tornado"},{"floor":31,"key":"Prayer Wheel"},{"floor":41,"key":"Old Coin"},{"floor":43,"key":"Question Card"},{"floor":46,"key":"MealTicket"},{"floor":54,"key":"Letter Opener"}],"event_choices":[{"cards_removed":["Strike_G"],"damage_healed":0.0,"max_hp_gain":0.0,"max_hp_loss":0.0,"gold_gain":0.0,"event_name":"The Cleric","player_choice":"Card Removal","floor":11.0,"gold_loss":50.0,"damage_taken":0.0},{"damage_healed":0.0,"max_hp_gain":0.0,"max_hp_loss":0.0,"gold_gain":0.0,"event_name":"The Mausoleum","player_choice":"Opened","floor":19.0,"gold_loss":0.0,"damage_taken":0.0,"relics_obtained":["Anchor"]},{"damage_healed":0,"gold_gain":0,"player_choice":"Ignored","damage_taken":0,"max_hp_gain":0,"max_hp_loss":0,"event_name":"Ghosts","floor":24,"gold_loss":0},{"damage_healed":0,"gold_gain":0,"player_choice":"Gave Potion","damage_taken":0,"relics_obtained":["Bronze Scales"],"max_hp_gain":0,"max_hp_loss":0,"event_name":"WeMeetAgain","floor":30,"gold_loss":0},{"cards_removed":["Strike_G"],"damage_healed":0,"gold_gain":0,"player_choice":"Offered Basic","damage_taken":0,"max_hp_gain":0,"max_hp_loss":0,"event_name":"Bonfire Elementals","floor":38,"gold_loss":0}],"is_beta":false,"boss_relics":[{"not_picked":["Velvet Choker","Fusion Hammer"],"picked":"Empty Cage"},{"not_picked":["SlaversCollar","Busted Crown"],"picked":"HoveringKite"}],"items_purged_floors":[20,22,37,47],"is_endless":false,"potions_floor_spawned":[1,3,13,14,16,18,21,23,25,27,28,31,33,35,41,42,44,45,46,48,54],"ascension_level":1}}