{"host":"55ppcjbubohfgte6","time":1609466107,"event":{"mods":["BaseMod","Colored Map","Colored Powertips","Googly Eyes","Highlight Path","Minty Spire (QoL Compilation)","Quick Restart","Relic Stats"],"gold_per_floor":[116,116,80,91,91,119,119,119,142,168,179,179,179,194,194,293,293,311,330,33,33,33,33,33,47,47,47,64,80,80,107,107,211,211,230,230,242,144,155,155,187,199,199,199,22,34,34,46,46,46,46],"floor_reached":50,"playtime":2859,"items_purged":["Defend_G","Strike_G"],"score":550,"play_id":"10aa0797-5d9c-46c0-8b2a-e21af9e2db1d","local_time":"20201231195507","is_ascension_mode":false,"campfire_choices":[{"data":"Noxious Fumes","floor":7,"key":"SMITH"},{"floor":13,"key":"RECALL"},{"floor":15,"key":"REST"},{"floor":23,"key":"REST"},{"data":"Catalyst","floor":27,"key":"SMITH"},{"floor":30,"key":"REST"},{"floor":32,"key":"REST"},{"floor":40,"key":"REST"},{"floor":47,"key":"REST"},{"floor":49,"key":"REST"}],"circlet_count":0,"master_deck":["Strike_G","Strike_G","Strike_G","Defend_G","Defend_G","Defend_G","Defend_G","Survivor","Neutralize","Flying Knee","Noxious Fumes+1","Flying Knee","Catalyst+1","Caltrops","Catalyst","Backflip","Adrenaline","Deadly Poison","Catalyst","Necronomicurse","Dagger Spray","Deadly Poison+1","Slice","Phantasmal Killer","A Thousand Cuts","Poisoned Stab","Crippling Poison","Poisoned Stab+1","Dagger Spray+1","All Out Attack+1"],"relics":["Ring of the Snake","NeowsBlessing","Ninja Scroll","TungstenRod","Strawberry","Black Star","Lizard Tail","Necronomicon","Tingsha","Ice Cream","Omamori","Busted Crown","Kunai","Regal Pillow","Molten Egg 2"],"acts_visited":["Exordium","TheCity","TheBeyond"],"potions_floor_usage":[16,18,25,29,33,39,41,42,50],"damage_taken":[{"damage":0,"enemies":"Small Slimes","floor":1,"turns":1},{"damage":0,"enemies":"2 Louse","floor":4,"turns":1},{"damage":0,"enemies":"Lagavulin","floor":6,"turns":1},{"damage":23,"enemies":"3 Sentries","floor":10,"turns":8},{"damage":0,"enemies":"Jaw Worm","floor":11,"turns":4},{"damage":0,"enemies":"Exordium Wildlife","floor":14,"turns":2},{"damage":7,"enemies":"The Guardian","floor":16,"turns":7},{"damage":0,"enemies":"Chosen","floor":18,"turns":4},{"damage":18,"enemies":"Spheric Guardian","floor":19,"turns":6},{"damage":5,"enemies":"3 Cultists","floor":25,"turns":3},{"damage":35,"enemies":"Shelled Parasite and Fungi","floor":28,"turns":6},{"damage":15,"enemies":"Snake Plant","floor":29,"turns":3},{"damage":49,"enemies":"Slavers","floor":31,"turns":6},{"damage":36,"enemies":"Champ","floor":33,"turns":7},{"damage":52,"enemies":"3 Darklings","floor":35,"turns":5},{"damage":13,"enemies":"3 Shapes","floor":37,"turns":4},{"damage":36,"enemies":"Spire Growth","floor":39,"turns":4},{"damage":36,"enemies":"Giant Head","floor":41,"turns":6},{"damage":0,"enemies":"Maw","floor":42,"turns":4},{"damage":27,"enemies":"3 Darklings","floor":46,"turns":4},{"damage":32,"enemies":"4 Shapes","floor":48,"turns":4},{"damage":75,"enemies":"Time Eater","floor":50,"turns":7}],"seed_played":"4551412698763330862","potions_obtained":[{"floor":6,"key":"Swift Potion"},{"floor":10,"key":"DuplicationPotion"},{"floor":19,"key":"SkillPotion"},{"floor":25,"key":"DuplicationPotion"},{"floor":31,"key":"SpeedPotion"},{"floor":33,"key":"GamblersBrew"},{"floor":37,"key":"Ancient Potion"},{"floor":39,"key":"PowerPotion"},{"floor":46,"key":"LiquidMemories"}],"is_trial":false,"path_per_floor":["M","?","$","M","?","E","R","?","T","E","M","T","R","M","R","B",null,"M","M","$","?","?","R","?","M","T","R","M","M","R","E","R","B",null,"M","?","M","$","M","R","E","M","T","?","$","M","R","M","R","B"],"character_chosen":"THE_SILENT","items_purchased":["Noxious Fumes","Lizard Tail","Poisoned Stab","Poisoned Stab+1","Dagger Spray+1"],"campfire_rested":7,"item_purchase_floors":[3,20,38,45,45],"current_hp_per_floor":[70,75,75,75,75,75,75,75,75,52,52,59,59,59,82,75,82,82,64,64,64,52,76,76,71,71,71,36,21,45,41,65,29,82,30,72,59,59,23,44,8,8,8,72,72,45,72,40,72,0,0],"gold":46,"neow_bonus":"THREE_ENEMY_KILL","is_daily":false,"chose_seed":false,"campfire_upgraded":2,"win_rate":0.0,"timestamp":1609466107,"path_taken":["M","?","$","M","?","E","R","?","T","E","?","?","R","M","R","BOSS","M","M","$","?","?","R","?","M","T","R","M","?","R","E","R","BOSS","M","?","M","$","M","R","E","M","T","?","?","M","R","M","R","BOSS"],"items_purchased_type":["Card","Relic","Card","Card","Card"],"build_version":"2020-12-22","purchased_purges":2,"victory":false,"max_hp_per_floor":[70,75,75,75,75,75,75,75,75,75,75,82,82,82,82,82,82,82,82,82,82,82,82,82,82,82,82,82,82,82,82,82,82,82,82,72,72,72,72,72,72,72,72,72,72,72,72,72,72,72,72],"relic_stats":{"Lizard Tail":41,"Regal Pillow":17,"Busted Crown":14,"counters":[22,97],"Tingsha":[36],"Black Star":2,"Necronomicon":[0],"Kunai":[10],"obtain_stats":[{"Ice Cream":31,"Regal Pillow":41,"NeowsBlessing":0,"Tingsha":26,"Omamori":31,"Lizard Tail":20,"Busted Crown":34,"Ninja Scroll":6,"Strawberry":12,"Molten Egg 2":43,"Black Star":17,"Necronomicon":22,"Kunai":41,"TungstenRod":10,"Ring of the Snake":0},{"Ice Cream":13,"Regal Pillow":18,"NeowsBlessing":0,"Tingsha":10,"Omamori":13,"Lizard Tail":9,"Busted Crown":14,"Ninja Scroll":3,"Strawberry":5,"Molten Egg 2":19,"Black Star":7,"Necronomicon":9,"Kunai":18,"TungstenRod":4,"Ring of the Snake":0},{"Ice Cream":52,"Regal Pillow":78,"NeowsBlessing":0,"Tingsha":37,"Omamori":52,"Lizard Tail":34,"Busted Crown":59,"Ninja Scroll":3,"Strawberry":15,"Molten Egg 2":82,"Black Star":24,"Necronomicon":34,"Kunai":78,"TungstenRod":11,"Ring of the Snake":0}],"TungstenRod":74,"Ring of the Snake":[44]},"card_choices":[{"not_picked":["PiercingWail","Caltrops"],"picked":"Flying Knee","floor":1},{"not_picked":["Leg Sweep","Underhanded Strike"],"picked":"Flying Knee","floor":4},{"not_picked":["Heel Hook","Burst"],"picked":"Catalyst","floor":6},{"not_picked":["PiercingWail","Calculated Gamble"],"picked":"Caltrops","floor":10},{"not_picked":["Acrobatics","Outmaneuver"],"picked":"Catalyst","floor":11},{"not_picked":["Acrobatics","All Out Attack"],"picked":"Backflip","floor":14},{"not_picked":["Bullet Time","Phantasmal Killer"],"picked":"Adrenaline","floor":16},{"not_picked":["Slice","PiercingWail"],"picked":"Deadly Poison","floor":18},{"not_picked":["PiercingWail+1","Poisoned Stab"],"picked":"Catalyst","floor":19},{"not_picked":["Reflex","Dagger Throw+1"],"picked":"Dagger Spray","floor":25},{"not_picked":["Flying Knee","Blade Dance+1"],"picked":"Deadly Poison+1","floor":28},{"not_picked":["Dagger Throw","Deflect"],"picked":"Slice","floor":29},{"not_picked":["Blur","Accuracy"],"picked":"Phantasmal Killer","floor":31},{"not_picked":["Adrenaline","Night Terror"],"picked":"A Thousand Cuts","floor":33},{"not_picked":["Choke"],"picked":"SKIP","floor":35},{"not_picked":["Expertise"],"picked":"SKIP","floor":37},{"not_picked":["Deflect"],"picked":"SKIP","floor":39},{"not_picked":["Setup"],"picked":"SKIP","floor":41},{"not_picked":[],"picked":"Crippling Poison","floor":42},{"not_picked":[],"picked":"All Out Attack+1","floor":46},{"not_picked":["Blade Dance"],"picked":"SKIP","floor":48}],"player_experience":294710,"relics_obtained":[{"floor":6,"key":"Ninja Scroll"},{"floor":10,"key":"TungstenRod"},{"floor":12,"key":"Strawberry"},{"floor":22,"key":"Necronomicon"},{"floor":26,"key":"Tingsha"},{"floor":31,"key":"Ice Cream"},{"floor":31,"key":"Omamori"},{"floor":41,"key":"Kunai"},{"floor":41,"key":"Regal Pillow"},{"floor":43,"key":"Molten Egg 2"}],"event_choices":[{"damage_healed":0,"gold_gain":0,"player_choice":"Donut","damage_taken":0,"max_hp_gain":5,"max_hp_loss":0,"event_name":"Big Fish","floor":2,"gold_loss":0},{"damage_healed":0,"gold_gain":0,"player_choice":"Ignored","damage_taken":0,"max_hp_gain":0,"max_hp_loss":0,"event_name":"Shining Light","floor":5,"gold_loss":0},{"damage_healed":0,"gold_gain":0,"player_choice":"Ignored","damage_taken":0,"max_hp_gain":0,"max_hp_loss":0,"event_name":"Golden Idol","floor":8,"gold_loss":0},{"cards_removed":["Strike_G"],"damage_healed":0,"gold_gain":0,"player_choice":"Elegance","damage_taken":0,"max_hp_gain":0,"max_hp_loss":0,"event_name":"Back to Basics","floor":21,"gold_loss":0},{"damage_healed":0,"gold_gain":0,"player_choice":"Obtained Book","damage_taken":16,"max_hp_gain":0,"max_hp_loss":0,"event_name":"Cursed Tome","floor":22,"gold_loss":0},{"damage_healed":72,"gold_gain":0,"player_choice":"Heal","damage_taken":0,"max_hp_gain":0,"max_hp_loss":10,"event_name":"The Moai Head","floor":36,"gold_loss":0},{"damage_healed":64,"gold_gain":0,"player_choice":"Heal","damage_taken":0,"max_hp_gain":0,"max_hp_loss":0,"event_name":"MindBloom","floor":44,"gold_loss":0,"cards_obtained":["Doubt"]}],"is_beta":false,"boss_relics":[{"not_picked":["Runic Pyramid","Empty Cage"],"picked":"Black Star"},{"not_picked":["Runic Dome","Ring of the Serpent"],"picked":"Busted Crown"}],"items_purged_floors":[38,45],"is_endless":false,"potions_floor_spawned":[6,10,19,25,31,33,37,39,46],"killed_by":"Time Eater","ascension_level":0}}