{"host":"x4juqxtivqd4pvh0","time":1609460298,"event":{"mods":["AchievementEnabler","BaseMod","Colored Map","Colored Powertips","Googly Eyes","Minty Spire (QoL Compilation)","Rare Cards Sparkle","Shop Mod","SuperFastMode"],"gold_per_floor":[118,133,150,0,14,14,42,56,103,103,19,19,30,30,30,131,181,201,215,215,215,226,226,246,258,258,258,269,288,30,46,46,46,46],"floor_reached":33,"playtime":1324,"items_purged":[],"score":253,"play_id":"8cb15c51-0a51-4f1a-8032-15d1a54d6794","local_time":"20210101104818","is_ascension_mode":false,"campfire_choices":[{"data":"Heavy Blade","floor":6,"key":"SMITH"},{"floor":12,"key":"REST"},{"data":"Shrug It Off","floor":15,"key":"SMITH"},{"floor":23,"key":"REST"},{"data":"Flex","floor":27,"key":"SMITH"},{"floor":32,"key":"REST"}],"circlet_count":0,"master_deck":["Strike_R","Strike_R","Strike_R+1","Strike_R","Strike_R","Defend_R","Defend_R","Defend_R","Defend_R","Heavy Blade","Twin Strike","Flex+1","Heavy Blade+1","Shrug It Off+1","Dramatic Entrance+1","Pommel Strike+1","Impervious+1","Twin Strike+1","Carnage+1","Clash+1","Infernal Blade+1","Twin Strike+1","Heavy Blade+1","Anger+1","Clothesline+1","Anger+1"],"relics":["Burning Blood","NeowsBlessing","Strange Spoon","Molten Egg 2","Oddly Smooth Stone","Question Card","Tiny House","Nunchaku","Pantograph"],"acts_visited":["Exordium","TheCity"],"potions_floor_usage":[8,16,18],"damage_taken":[{"damage":0,"enemies":"Jaw Worm","floor":1,"turns":1},{"damage":0,"enemies":"Small Slimes","floor":2,"turns":1},{"damage":0,"enemies":"Cultist","floor":3,"turns":1},{"damage":5,"enemies":"Exordium Wildlife","floor":5,"turns":3},{"damage":29,"enemies":"Gremlin Nob","floor":7,"turns":5},{"damage":7,"enemies":"Blue Slaver","floor":8,"turns":2},{"damage":0,"enemies":"2 Fungi Beasts","floor":13,"turns":2},{"damage":24,"enemies":"Slime Boss","floor":16,"turns":9},{"damage":16,"enemies":"Shell Parasite","floor":18,"turns":5},{"damage":14,"enemies":"2 Thieves","floor":19,"turns":3},{"damage":9,"enemies":"Snake Plant","floor":22,"turns":3},{"damage":18,"enemies":"3 Cultists","floor":24,"turns":5},{"damage":4,"enemies":"Sentry and Sphere","floor":25,"turns":4},{"damage":21,"enemies":"Centurion and Healer","floor":28,"turns":4},{"damage":18,"enemies":"Cultist and Chosen","floor":29,"turns":5},{"damage":21,"enemies":"Snake Plant","floor":31,"turns":3},{"damage":83,"enemies":"Collector","floor":33,"turns":6}],"seed_played":"4874803336231673427","potions_obtained":[{"floor":2,"key":"Dexterity Potion"},{"floor":3,"key":"FearPotion"},{"floor":8,"key":"Fire Potion"},{"floor":16,"key":"Swift Potion"},{"floor":17,"key":"Strength Potion"},{"floor":19,"key":"GamblersBrew"},{"floor":25,"key":"Ancient Potion"},{"floor":31,"key":"Dexterity Potion"}],"is_trial":false,"path_per_floor":["M","M","M","$","M","R","E","M","T","?","$","R","M","?","R","B",null,"M","M","?","?","M","R","M","M","T","R","M","M","$","M","R","B"],"character_chosen":"IRONCLAD","items_purchased":["Strange Spoon","Dramatic Entrance+1","Pantograph"],"campfire_rested":3,"item_purchase_floors":[4,11,30],"current_hp_per_floor":[80,80,80,80,80,80,57,56,56,56,56,80,80,77,77,59,85,75,67,67,67,64,85,73,75,75,75,60,48,48,33,58,0,0],"gold":46,"neow_bonus":"THREE_ENEMY_KILL","is_daily":false,"chose_seed":false,"campfire_upgraded":3,"win_rate":0.0,"timestamp":1609460298,"path_taken":["M","M","M","$","M","R","E","M","T","?","$","R","M","?","R","BOSS","M","M","?","?","M","R","?","M","T","R","M","M","$","M","R","BOSS"],"items_purchased_type":["Relic","Card","Relic"],"build_version":"2020-12-22","purchased_purges":0,"victory":false,"max_hp_per_floor":[80,80,80,80,80,80,80,80,80,80,80,80,80,80,80,80,85,85,85,85,85,85,85,85,85,85,85,85,85,85,85,85,85,85],"card_choices":[{"not_picked":["Thunderclap","Power Through"],"picked":"Heavy Blade","floor":1},{"not_picked":["Dark Embrace","Sword Boomerang"],"picked":"Twin Strike","floor":2},{"not_picked":["Evolve","Twin Strike"],"picked":"Flex","floor":3},{"not_picked":["Pummel","Headbutt"],"picked":"Heavy Blade","floor":5},{"not_picked":["Body Slam+1","Iron Wave+1","Brutality"],"picked":"SKIP","floor":7},{"not_picked":["Body Slam+1","Sword Boomerang+1"],"picked":"Shrug It Off","floor":8},{"not_picked":["Sever Soul+1","Reckless Charge+1"],"picked":"Pommel Strike+1","floor":13},{"not_picked":["Demon Form","Corruption","Brutality"],"picked":"Impervious","floor":16},{"not_picked":["Shockwave","Clothesline+1","Spot Weakness"],"picked":"Twin Strike+1","floor":17},{"not_picked":["Metallicize","Thunderclap+1","Heavy Blade+1"],"picked":"Carnage+1","floor":18},{"not_picked":["Wild Strike+1","Battle Trance","Cleave+1"],"picked":"Clash+1","floor":19},{"not_picked":["Rupture","Pummel+1","True Grit+1"],"picked":"Infernal Blade+1","floor":22},{"not_picked":["Dual Wield","Warcry+1","True Grit+1"],"picked":"Twin Strike+1","floor":24},{"not_picked":["Fiend Fire+1","Entrench","True Grit"],"picked":"Heavy Blade+1","floor":25},{"not_picked":["Perfected Strike+1","Headbutt+1","Dual Wield+1"],"picked":"Anger+1","floor":28},{"not_picked":["Cleave+1","Wild Strike+1","Heavy Blade+1"],"picked":"Clothesline+1","floor":29},{"not_picked":["Armaments","True Grit","Pommel Strike+1"],"picked":"Anger+1","floor":31}],"player_experience":49413,"relics_obtained":[{"floor":7,"key":"Molten Egg 2"},{"floor":9,"key":"Oddly Smooth Stone"},{"floor":26,"key":"Nunchaku"}],"event_choices":[{"cards_removed":["Bash"],"damage_healed":0,"gold_gain":0,"player_choice":"Forget","damage_taken":0,"max_hp_gain":0,"max_hp_loss":0,"event_name":"Living Wall","floor":10,"gold_loss":0},{"damage_healed":0,"gold_gain":0,"player_choice":"Success","damage_taken":3,"relics_obtained":["Question Card"],"max_hp_gain":0,"max_hp_loss":0,"event_name":"Scrap Ooze","floor":14,"gold_loss":0},{"damage_healed":0,"gold_gain":0,"player_choice":"Ignored","damage_taken":0,"max_hp_gain":0,"max_hp_loss":0,"event_name":"Ghosts","floor":20,"gold_loss":0},{"damage_healed":0,"gold_gain":0,"player_choice":"Upgraded","damage_taken":0,"max_hp_gain":0,"max_hp_loss":0,"event_name":"Upgrade Shrine","floor":21,"gold_loss":0,"cards_upgraded":["Impervious"]}],"is_beta":false,"boss_relics":[{"not_picked":["Black Blood","Sozu"],"picked":"Tiny House"}],"items_purged_floors":[],"is_endless":false,"potions_floor_spawned":[2,3,8,16,19,25,31],"killed_by":"Collector","ascension_level":0}}