{"host":"922zt4fjsmmy4kg9","time":1609494751,"event":{"mods":["A Magickal Journey","Act Like it!","BaseMod","Better Third Choice","Downfall","Friendly Minions","Hermit","HololiveMod","Hubris","Jorbs\u0027s Wanderer Trilogy","Kiyohime????","Koishi","Marisa????????","Minty Spire (QoL Compilation)","Quick Restart","Reimu??????","Shop Mod","Spicy Shops","StSLib","SuperFastMode","The Animator","The Disciple","The Runesmith"],"gold_per_floor":[99,59,59,59,159,193,220,249,160,173,173,173,173,173],"floor_reached":12,"playtime":482,"items_purged":[],"score":112,"play_id":"b2d30a16-25b5-482e-9468-d2e22838ba48","local_time":"20210101205231","is_ascension_mode":true,"campfire_choices":[{"data":"champ:Taunt","floor":1,"key":"SMITH"},{"data":"champ:StrikeOfGenius","floor":11,"key":"SMITH"}],"circlet_count":0,"master_deck":["champ:Strike","champ:Strike","champ:Strike","champ:Strike","champ:Defend","champ:Defend","champ:Defend","champ:Defend","champ:Execute","champ:Taunt+1","champ:GladiatorStyle","champ:BerserkersShout","champ:SwordThrow","champ:StrikeOfGenius+1","champ:Aggression","champ:RisingSlash","champ:Backstep"],"relics":["champ:ChampionCrown","downfall:HeartsMalice","PaintedHorse:ReiMu","Lantern","champ:DefensiveTrainingManual","Runesmith:AutoHammer"],"acts_visited":["Exordium"],"potions_floor_usage":[8],"damage_taken":[{"damage":0,"enemies":"Jaw Worm","floor":3,"turns":1},{"damage":0,"enemies":"2 Louse","floor":4,"turns":1},{"damage":0,"enemies":"Gremlin Nob","floor":6,"turns":1},{"damage":48,"enemies":"3 Sentries","floor":8,"turns":8},{"damage":21,"enemies":"downfall:FleeingMerchant","floor":9,"turns":4},{"damage":18,"enemies":"Small Slimes","floor":10,"turns":3},{"damage":43,"enemies":"Lagavulin","floor":12,"turns":4}],"seed_played":"-1358063685290978311","potions_obtained":[{"floor":6,"key":"Ancient Potion"},{"floor":10,"key":"SpeedPotion"}],"is_trial":false,"path_per_floor":["R","?","M","M","?","E","T","E","$","M","R","E"],"character_chosen":"THE_CHAMP","items_purchased":["champ:RisingSlash"],"campfire_rested":0,"item_purchase_floors":[9],"current_hp_per_floor":[90,90,90,90,90,90,90,64,54,42,42,0,0,0],"gold":173,"neow_bonus":"THREE_ENEMY_KILL","is_daily":false,"chose_seed":false,"campfire_upgraded":2,"win_rate":0.0,"timestamp":1609494751,"path_taken":["R","?","M","M","?","E","T","E","$","M","R","E"],"items_purchased_type":["Card"],"build_version":"2020-12-22","purchased_purges":0,"victory":false,"max_hp_per_floor":[90,90,90,90,90,90,90,90,90,90,90,90,90,90],"card_choices":[{"not_picked":["champ:GutPunch","champ:DefensiveShout"],"picked":"champ:GladiatorStyle","floor":3},{"not_picked":["champ:Circumvent","champ:GladiatorsShout"],"picked":"champ:BerserkersShout","floor":4},{"not_picked":["champ:FocusedBerserking","champ:Riposte"],"picked":"champ:SwordThrow","floor":6},{"not_picked":["champ:CalledShot","champ:TornadoPunch"],"picked":"champ:StrikeOfGenius","floor":8},{"not_picked":["champ:StanceDance","champ:GutPunch"],"picked":"champ:Aggression","floor":9},{"not_picked":["champ:BringItOn","champ:StanceDance"],"picked":"champ:Backstep","floor":10}],"player_experience":1312794,"relics_obtained":[{"floor":6,"key":"Lantern"},{"floor":7,"key":"champ:DefensiveTrainingManual"},{"floor":8,"key":"Runesmith:AutoHammer"}],"event_choices":[{"damage_healed":0,"gold_gain":0,"player_choice":"Donate","damage_taken":0,"relics_obtained":["PaintedHorse:ReiMu"],"max_hp_gain":0,"max_hp_loss":0,"event_name":"yidonshenshe","floor":2,"gold_loss":40}],"is_beta":false,"boss_relics":[],"items_purged_floors":[],"is_endless":false,"potions_floor_spawned":[6,10],"killed_by":"Lagavulin","ascension_level":1}}