{"host":"ormi09wwzv7sq47a","time":1609528709,"event":{"mods":["2.2 Compatiblity","AchievementEnabler","Act Like it!","BaseMod","Bestiary","Better Altar","Better Note","Better Sensory Stone","Better Skull","Better Third Choice","Better Vampires","BetterRewards","Block Reminder","Card Forge","Colored Map","Colored Powertips","Curses Come First","DeckTracker","Downfall","Highlight Path","Minty Spire (QoL Compilation)","Permanent Neow","Quick Restart","Rare Cards Sparkle","Relic Stats","Shop Mod","StSLib","The Jungle","The Servant 0.9.4"],"gold_per_floor":[110,110,122,139,155,155,189,189,189,201,213,242,254,280,292,409,421,445,1,20,20,20,55,72,85,85,114,131,164,164,184,184,288,288,302,302,302,128,139,164,164,51,76,76,76,93,93,113,113,113,113,113,35,66,66],"floor_reached":56,"playtime":3138,"items_purged":["Guardian:Strike_Guardian","Guardian:Aged"],"score":1996,"play_id":"595a0483-6e34-41a2-a4f3-dbff7127f5fc","local_time":"20210101161829","is_ascension_mode":true,"campfire_choices":[{"data":"Guardian:CurlUp","floor":6.0,"key":"SMITH"},{"data":"Guardian:HyperBeam_Guardian","floor":11.0,"key":"SMITH"},{"data":"Guardian:TwinSlam","floor":15.0,"key":"SMITH"},{"data":"Guardian:BaubleBeam","floor":30.0,"key":"SMITH"},{"data":"Guardian:EvasiveProtocol","floor":32.0,"key":"SMITH"},{"data":"Guardian:BaubleBeam","floor":41.0,"key":"SMITH"},{"data":"Guardian:PrismaticBarrier","floor":44.0,"key":"SMITH"},{"floor":47.0,"key":"RECALL"},{"floor":49,"key":"DIG"},{"floor":52,"key":"DIG"}],"circlet_count":0,"master_deck":["Guardian:Defend_Guardian","Guardian:CurlUp+1","Guardian:TwinSlam+1","Guardian:ChargeUp","Guardian:EvasiveProtocol+1","Guardian:HyperBeam_Guardian+1","Guardian:BaubleBeam+1","Guardian:ChargeCore+1","Guardian:BaubleBeam+1","Guardian:RollAttack+1","Guardian:GemFire","Guardian:VentSteam+1","Guardian:PrismaticBarrier+1","Guardian:BaubleBeam+1","Guardian:PiercingHide+1","Guardian:ExploitGems+1","Guardian:StasisField+1","Guardian:FuturePlans","Secret Weapon+1","Secret Technique+1","Guardian:Repulse+1"],"relics":["Guardian:ModeShifterPlus","Hammer of Thor","Seething Fire","Anvil of the Gods","Turnip","Pen Nib","Astrolabe","Blood Vial","Oddly Smooth Stone","Guardian:StasisUpgradeRelic","Singing Bowl","Nloth\u0027s Gift","Guardian:SackOfGems","TungstenRod","MealTicket","Toxic Egg 2","Guardian:StasisEgg","Shovel","Art of War","InkBottle","Orichalcum"],"acts_visited":["Exordium","TheCity","TheBeyond","TheEnding"],"potions_floor_usage":[48,54,55],"damage_taken":[{"damage":1.0,"enemies":"Jaw Worm","floor":1.0,"turns":4.0},{"damage":0.0,"enemies":"Cultist","floor":3.0,"turns":3.0},{"damage":0.0,"enemies":"2 Louse","floor":4.0,"turns":2.0},{"damage":0.0,"enemies":"Looter","floor":5.0,"turns":3.0},{"damage":16.0,"enemies":"3 Sentries","floor":7.0,"turns":8.0},{"damage":0.0,"enemies":"2 Fungi Beasts","floor":12.0,"turns":1.0},{"damage":4.0,"enemies":"Large Slime","floor":14.0,"turns":5.0},{"damage":11.0,"enemies":"The Guardian","floor":16.0,"turns":12.0},{"damage":0.0,"enemies":"Chosen","floor":18.0,"turns":3.0},{"damage":0.0,"enemies":"Shell Parasite","floor":20.0,"turns":5.0},{"damage":0.0,"enemies":"Slavers","floor":23.0,"turns":4.0},{"damage":0.0,"enemies":"Snecko","floor":24.0,"turns":1.0},{"damage":0.0,"enemies":"Shelled Parasite and Fungi","floor":25.0,"turns":2.0},{"damage":41.0,"enemies":"Gremlin Leader","floor":27.0,"turns":7.0},{"damage":3.0,"enemies":"3 Cultists","floor":28.0,"turns":3.0},{"damage":6.0,"enemies":"Slavers","floor":29.0,"turns":2.0},{"damage":0.0,"enemies":"Centurion and Healer","floor":31.0,"turns":3.0},{"damage":16.0,"enemies":"Champ","floor":33.0,"turns":4.0},{"damage":5.0,"enemies":"Orb Walker","floor":35.0,"turns":2.0},{"damage":0.0,"enemies":"3 Darklings","floor":39.0,"turns":4.0},{"damage":5.0,"enemies":"Nemesis","floor":40.0,"turns":5.0},{"damage":7.0,"enemies":"Writhing Mass","floor":46.0,"turns":4.0},{"damage":0,"enemies":"Jaw Worm Horde","floor":48,"turns":4},{"damage":9,"enemies":"Awakened One","floor":50,"turns":9},{"damage":7,"enemies":"Shield and Spear","floor":54,"turns":4},{"damage":50,"enemies":"The Heart","floor":55,"turns":8}],"seed_played":"-9120225716119696127","potions_obtained":[{"floor":3.0,"key":"champ:CounterPotion"},{"floor":4.0,"key":"Dexterity Potion"},{"floor":5.0,"key":"Dexterity Potion"},{"floor":12.0,"key":"EssenceOfSteel"},{"floor":18.0,"key":"Guardian:StasisDiscoveryPotion"},{"floor":25.0,"key":"Ancient Potion"},{"floor":28.0,"key":"Explosive Potion"},{"floor":29.0,"key":"GamblersBrew"},{"floor":33.0,"key":"Guardian:BlockOnCardUsePotion"},{"floor":46.0,"key":"Guardian:BlockOnCardUsePotion"}],"is_trial":false,"path_per_floor":["M","?","M","M","M","R","E","?","T","$","R","M","?","M","R","B",null,"M","$","M","?","?","E","M","M","T","E","M","E","R","M","R","B",null,"M","?","?","$","M","E","R","$","T","R","?","M","R","M","R","B",null,"R","$","E","B",null],"character_chosen":"GUARDIAN","items_purchased":["Blood Vial","Oddly Smooth Stone","Guardian:StasisUpgradeRelic","Guardian:ExploitGems+1","Guardian:Gem_White","Guardian:FuturePlans","EssenceOfSteel"],"campfire_rested":0,"item_purchase_floors":[19,19,19,38,42,42,53],"current_hp_per_floor":[63,63,63,63,63,63,47,47,47,47,47,47,47,43,43,32,68,68,68,70,70,70,72,76,78,78,39,38,34,34,38,38,24,69,66,66,66,80,80,75,75,80,80,80,80,73,73,75,75,68,77,77,80,75,27],"gold":66,"neow_bonus":"","is_daily":false,"chose_seed":false,"campfire_upgraded":7,"win_rate":0.0,"timestamp":1609528709,"path_taken":["M","?","M","M","M","R","E","?","T","$","R","M","?","M","R","BOSS","M","?","?","?","?","E","M","M","T","E","M","E","R","M","R","BOSS","M","?","?","?","?","E","R","$","T","R","?","M","R","M","R","BOSS","R","$","E","BOSS"],"items_purchased_type":["Relic","Relic","Relic","Card","Card","Card","Potion"],"build_version":"2020-12-22","purchased_purges":2,"victory":true,"max_hp_per_floor":[80,80,80,80,80,80,80,80,80,80,80,80,80,80,80,80,80,80,80,80,80,80,80,82,82,82,82,82,82,82,84,84,84,84,84,80,80,80,80,80,80,80,80,80,80,80,80,80,80,80,80,80,80,82,82],"relic_stats":{"Singing Bowl":6,"counters":[225,1021],"Astrolabe":["Guardian:ChargeCore","Guardian:BaubleBeam","Guardian:RollAttack"],"Pen Nib":[20],"Orichalcum":[24],"Blood Vial":28,"Shovel":2,"MealTicket":22,"Turnip":[8],"Nloth\u0027s Gift":2,"Art of War":[4],"obtain_stats":[{"Calipers":30,"Gremlin Horn":26,"Nilry\u0027s Codex":25,"Guardian:StasisEgg":37,"Vajra":31,"Guardian:SackOfGems":23,"Hammer of Thor":0,"Ginger":0,"Sling":0,"Guardian:PickAxe":14,"Blood Vial":23,"Lizard Tail":0,"Centennial Puzzle":29,"HornCleat":22,"Sundial":30,"DollysMirror":31,"Strawberry":10,"Prayer Wheel":17,"MealTicket":0,"Philosopher\u0027s Stone":34,"Kunai":53,"Toxic Egg 2":29,"Girya":10,"MerchantsRug":21,"Happy Flower":54,"Astrolabe":17,"Dead Branch":0,"Blue Candle":0,"Guardian:ModeShifter":0,"Oddly Smooth Stone":37,"Eternal Feather":9,"Pen Nib":44,"Guardian:PocketSentry":6,"War Paint":9,"Akabeko":0,"OrangePellets":0,"Bottled Flame":26,"Shuriken":26,"Anvil of the Gods":0,"Bronze Scales":0,"MutagenicStrength":22,"Pandora\u0027s Box":34,"Black Star":34,"Nloth\u0027s Gift":22,"Unceasing Top":7,"Pocketwatch":7,"Darkstone Periapt":17,"Guardian:StasisSlotReductionRelic":17,"Lantern":29,"Guardian:ModeShifterPlus":34,"Torii":12,"Singing Bowl":21,"Guardian:StasisCodex":54,"StoneCalendar":38,"Incense Burner":7,"Bag of Preparation":21,"Juzu Bracelet":7,"Ancient Tea Set":26,"Smiling Mask":30,"Cursed Key":17,"Dream Catcher":14,"Nunchaku":0,"Matryoshka":9,"Shovel":40,"Mummified Hand":8,"Tiny Chest":25,"InkBottle":47,"Lee\u0027s Waffle":0,"Golden Idol":13,"PreservedInsect":17,"Omamori":46,"Seething Fire":0,"Orichalcum":43,"Frozen Egg 2":9,"Medical Kit":0,"MawBank":9,"White Beast Statue":21,"Mercury Hourglass":45,"Calling Bell":17,"Peace Pipe":0,"Guardian:StasisUpgradeRelic":53,"CaptainsWheel":9,"Anchor":9,"betterThird:SlimedRelic":2,"Turnip":0,"Bag of Marbles":48,"Art of War":48,"Bottled Lightning":26,"Membership Card":21,"hexamod:BolsterEngine":13,"FossilizedHelix":38,"Toy Ornithopter":44,"TungstenRod":26},{"Calipers":124,"Gremlin Horn":52,"Nilry\u0027s Codex":149,"Guardian:StasisEgg":218,"Vajra":30,"Guardian:SackOfGems":210,"Hammer of Thor":0,"Ginger":39,"Sling":39,"Guardian:PickAxe":24,"Blood Vial":51,"Lizard Tail":17,"Centennial Puzzle":53,"HornCleat":50,"Sundial":12,"DollysMirror":99,"Strawberry":90,"Prayer Wheel":25,"MealTicket":171,"Philosopher\u0027s Stone":186,"Kunai":109,"Toxic Egg 2":215,"Girya":80,"MerchantsRug":96,"Happy Flower":110,"Astrolabe":47,"Dead Branch":111,"Blue Candle":136,"Guardian:ModeShifter":0,"Oddly Smooth Stone":32,"Eternal Feather":44,"Pen Nib":35,"Guardian:PocketSentry":44,"War Paint":69,"Akabeko":84,"OrangePellets":111,"Bottled Flame":123,"Shuriken":97,"Anvil of the Gods":0,"Bronze Scales":162,"MutagenicStrength":180,"Pandora\u0027s Box":14,"Black Star":100,"Nloth\u0027s Gift":209,"Unceasing Top":69,"Pocketwatch":116,"Darkstone Periapt":25,"Guardian:StasisSlotReductionRelic":7,"Lantern":29,"Guardian:ModeShifterPlus":55,"Torii":143,"Singing Bowl":209,"Guardian:StasisCodex":65,"StoneCalendar":189,"Incense Burner":4,"Bag of Preparation":96,"Juzu Bracelet":168,"Ancient Tea Set":28,"Smiling Mask":99,"Cursed Key":177,"Dream Catcher":6,"Nunchaku":66,"Matryoshka":194,"Shovel":220,"Mummified Hand":141,"Tiny Chest":123,"InkBottle":37,"Lee\u0027s Waffle":162,"Golden Idol":5,"PreservedInsect":25,"Omamori":106,"Seething Fire":0,"Orichalcum":34,"Frozen Egg 2":89,"Medical Kit":66,"MawBank":204,"White Beast Statue":96,"Mercury Hourglass":157,"Calling Bell":25,"Peace Pipe":76,"Guardian:StasisUpgradeRelic":109,"CaptainsWheel":4,"Anchor":21,"betterThird:SlimedRelic":40,"Turnip":66,"Bag of Marbles":63,"Art of War":133,"Bottled Lightning":10,"Membership Card":96,"hexamod:BolsterEngine":45,"FossilizedHelix":58,"Toy Ornithopter":105,"TungstenRod":212},{"Calipers":565,"Gremlin Horn":274,"Nilry\u0027s Codex":664,"Guardian:StasisEgg":983,"Vajra":154,"Guardian:SackOfGems":959,"Hammer of Thor":0,"Ginger":211,"Sling":211,"Guardian:PickAxe":121,"Blood Vial":270,"Lizard Tail":91,"Centennial Puzzle":277,"HornCleat":266,"Sundial":61,"DollysMirror":485,"Strawberry":460,"Prayer Wheel":130,"MealTicket":775,"Philosopher\u0027s Stone":845,"Kunai":521,"Toxic Egg 2":974,"Girya":426,"MerchantsRug":476,"Happy Flower":525,"Astrolabe":259,"Dead Branch":532,"Blue Candle":609,"Guardian:ModeShifter":0,"Oddly Smooth Stone":167,"Eternal Feather":237,"Pen Nib":184,"Guardian:PocketSentry":237,"War Paint":367,"Akabeko":446,"OrangePellets":532,"Bottled Flame":561,"Shuriken":479,"Anvil of the Gods":0,"Bronze Scales":727,"MutagenicStrength":815,"Pandora\u0027s Box":75,"Black Star":490,"Nloth\u0027s Gift":955,"Unceasing Top":367,"Pocketwatch":545,"Darkstone Periapt":130,"Guardian:StasisSlotReductionRelic":38,"Lantern":150,"Guardian:ModeShifterPlus":288,"Torii":640,"Singing Bowl":955,"Guardian:StasisCodex":340,"StoneCalendar":861,"Incense Burner":18,"Bag of Preparation":476,"Juzu Bracelet":761,"Ancient Tea Set":145,"Smiling Mask":485,"Cursed Key":801,"Dream Catcher":28,"Nunchaku":349,"Matryoshka":883,"Shovel":992,"Mummified Hand":631,"Tiny Chest":561,"InkBottle":196,"Lee\u0027s Waffle":727,"Golden Idol":22,"PreservedInsect":130,"Omamori":510,"Seething Fire":0,"Orichalcum":177,"Frozen Egg 2":456,"Medical Kit":349,"MawBank":929,"White Beast Statue":476,"Mercury Hourglass":698,"Calling Bell":130,"Peace Pipe":412,"Guardian:StasisUpgradeRelic":521,"CaptainsWheel":18,"Anchor":107,"betterThird:SlimedRelic":214,"Turnip":349,"Bag of Marbles":326,"Art of War":591,"Bottled Lightning":50,"Membership Card":476,"hexamod:BolsterEngine":240,"FossilizedHelix":296,"Toy Ornithopter":504,"TungstenRod":962}],"TungstenRod":33,"InkBottle":[8]},"card_choices":[{"not_picked":["Guardian:PiercingHide","Guardian:Gem_Red"],"picked":"Guardian:ChargeUp","floor":1.0},{"not_picked":["Guardian:Harden","Guardian:Incinerate"],"picked":"Guardian:Gem_White","floor":3.0},{"not_picked":["Guardian:Gem_Red","Guardian:TemporalShield"],"picked":"Guardian:EvasiveProtocol","floor":4.0},{"not_picked":["Guardian:VentSteam","Guardian:Gem_Red"],"picked":"Guardian:Gem_Crimson","floor":5.0},{"not_picked":["Guardian:BronzeOrb","Guardian:Repulse"],"picked":"Guardian:HyperBeam_Guardian","floor":7.0},{"not_picked":["Guardian:VentSteam","Guardian:Reroute"],"picked":"Guardian:Gem_Cyan","floor":12.0},{"not_picked":["Guardian:Reroute","Guardian:PolyBeam"],"picked":"Guardian:Gem_Cyan","floor":14.0},{"not_picked":["Guardian:GemFire","Guardian:FastForward"],"picked":"Guardian:BaubleBeam","floor":16.0},{"not_picked":["Guardian:Incinerate","Guardian:TemporalShield"],"picked":"Guardian:Gem_Cyan","floor":18.0},{"not_picked":["Guardian:TemporalStrike+1","Guardian:ShieldCharger","Guardian:ChargeCore"],"picked":"SKIP","floor":20.0},{"not_picked":["Guardian:TemporalShield","Guardian:Gem_Cyan"],"picked":"Guardian:GemFire","floor":23.0},{"not_picked":["Guardian:CrystalBeam","Guardian:TimeBomb","Guardian:Gem_Purple"],"picked":"Singing Bowl","floor":24.0},{"not_picked":["Guardian:SpikerProtocol","Guardian:Gem_White"],"picked":"Guardian:VentSteam+1","floor":25.0},{"not_picked":["Guardian:PolyBeam+1","Guardian:TemporalStrike"],"picked":"Guardian:Gem_Fragmented","floor":27.0},{"not_picked":["Guardian:CrystalBeam","Guardian:PolyBeam"],"picked":"Guardian:PrismaticBarrier","floor":28.0},{"not_picked":["Guardian:TimeCapacitor","Guardian:Gem_Cyan"],"picked":"Guardian:Gem_Synthetic","floor":29.0},{"not_picked":["Guardian:FloatingOrbs","Guardian:ShieldCharger+1","Guardian:ChargeCore"],"picked":"Singing Bowl","floor":31.0},{"not_picked":["Guardian:TimeSifter","Guardian:GemFinder"],"picked":"Guardian:BaubleBeam","floor":33.0},{"not_picked":["Guardian:Reroute+1","Guardian:Gem_Lightblue"],"picked":"Guardian:PiercingHide+1","floor":35.0},{"not_picked":["Guardian:TimeBomb+1","Guardian:Clone+1"],"picked":"Guardian:Gem_Cyan","floor":39.0},{"not_picked":["Guardian:ChargeCore","Guardian:GemFire"],"picked":"Guardian:StasisField+1","floor":40.0},{"not_picked":["Dramatic Entrance","Purity+1"],"picked":"Secret Weapon+1","floor":45.0},{"not_picked":["Deep Breath+1","Transmutation+1"],"picked":"Secret Technique+1","floor":45.0},{"not_picked":["Guardian:Emergency+1","Guardian:TimeCapacitor+1"],"picked":"Guardian:Repulse+1","floor":46.0},{"not_picked":["Guardian:Recover+1","Guardian:TemporalShield+1"],"picked":"Guardian:Gem_Red","floor":48},{"not_picked":["Guardian:Gem_Lightblue","Guardian:ChargeUp+1","Guardian:DonusPower+1"],"picked":"Singing Bowl","floor":54}],"player_experience":853348,"relics_obtained":[{"floor":7.0,"key":"Pen Nib"},{"floor":9.0,"key":"MawBank"},{"floor":23.0,"key":"Guardian:SackOfGems"},{"floor":26.0,"key":"TungstenRod"},{"floor":27.0,"key":"MealTicket"},{"floor":29.0,"key":"Toxic Egg 2"},{"floor":40.0,"key":"Shovel"},{"floor":49,"key":"Art of War"},{"floor":52,"key":"InkBottle"},{"floor":54,"key":"Orichalcum"}],"event_choices":[{"cards_removed":["Guardian:Defend_Guardian"],"damage_healed":0.0,"max_hp_gain":0.0,"max_hp_loss":0.0,"gold_gain":0.0,"event_name":"Living Wall","player_choice":"Forget","floor":2.0,"gold_loss":0.0,"damage_taken":0.0},{"damage_healed":0.0,"max_hp_gain":0.0,"max_hp_loss":0.0,"gold_gain":0.0,"cards_transformed":["Guardian:Defend_Guardian"],"event_name":"Transmorgrifier","player_choice":"Transformed","floor":13.0,"gold_loss":0.0,"damage_taken":0.0,"cards_obtained":["Guardian:Gem_Blue"]},{"damage_healed":0.0,"max_hp_gain":0.0,"max_hp_loss":0.0,"gold_gain":0.0,"event_name":"WeMeetAgain","player_choice":"Gave Potion","floor":21.0,"gold_loss":0.0,"damage_taken":0.0,"relics_obtained":["Singing Bowl"]},{"damage_healed":0.0,"max_hp_gain":0.0,"max_hp_loss":0.0,"gold_gain":0.0,"event_name":"N\u0027loth","player_choice":"Traded Relic","floor":22.0,"relics_lost":["MawBank"],"gold_loss":0.0,"damage_taken":0.0,"relics_obtained":["Nloth\u0027s Gift"]},{"damage_healed":0.0,"max_hp_gain":0.0,"max_hp_loss":4.0,"gold_gain":0.0,"event_name":"Winding Halls","player_choice":"Max HP","floor":36.0,"gold_loss":0.0,"damage_taken":0.0},{"damage_healed":0.0,"max_hp_gain":0.0,"max_hp_loss":0.0,"gold_gain":3.0,"event_name":"betterStone:BetterStone","player_choice":"1","floor":45.0,"gold_loss":0.0,"damage_taken":0.0}],"is_beta":false,"boss_relics":[{"not_picked":["SacredBark","Ectoplasm"],"picked":"Astrolabe"},{"not_picked":["Runic Pyramid","Pandora\u0027s Box"],"picked":"Guardian:ModeShifterPlus"}],"items_purged_floors":[0,38],"is_endless":false,"potions_floor_spawned":[3,4,5,12,18,25,28,29,33,46],"ascension_level":9}}