{"host":"xdg5osv0fulac4z3","time":1609487434,"event":{"mods":["2.2 Compatiblity","Act Like it!","BaseMod","Colored Map","Hallownest","Minty Spire (QoL Compilation)","Rare Cards Sparkle","Replay The Spire","StSLib","The Bug Knight"],"gold_per_floor":[113,3,19,59,73,98,98,98,98,127,127,139,39,55,55,153,153,167,178,189,29,29,29,78,124,147,147,147],"floor_reached":27,"playtime":1793,"items_purged":["HollowMod:QuickDashStart","HollowMod:NailStrikeStart","HollowMod:NailStrikeStart"],"score":223,"play_id":"8e3ff27e-b0c5-48de-84ae-3c8dd320c235","local_time":"20210101175034","is_ascension_mode":false,"campfire_choices":[{"data":"HollowMod:FocusHealStart","floor":7,"key":"SMITH"},{"floor":11,"key":"REST"},{"data":"HollowMod:InfectionAssault","floor":15,"key":"SMITH"},{"floor":23,"key":"REST"}],"circlet_count":0,"master_deck":["HollowMod:NailStrikeStart","HollowMod:NailStrikeStart","HollowMod:QuickDashStart","HollowMod:QuickDashStart","HollowMod:QuickDashStart","HollowMod:FocusHealStart+1","HollowMod:PogoStrike","HollowMod:MothsMistake","HollowMod:InfectionAssault+1","HollowMod:NewInfectedGuardian","HollowMod:HuntersJournal","HollowMod:InfectedAttack+1","HollowMod:NewGlowingWomb"],"relics":["Black Star","Replay:Rubber Ducky","Art of War","Hallownest:DreamNailRelic","Replay:Accelerometer","Shuriken","Happy Flower","SlaversCollar","Tiny Chest","MealTicket"],"acts_visited":["Hallownest:Greenpath","Hallownest:CityofTears"],"potions_floor_usage":[10,16,16,16,20,24],"damage_taken":[{"damage":1,"enemies":"Hallownest:monsterHuskWarrior","floor":1,"turns":4},{"damage":1,"enemies":"Hallownest:2_Tiktiks_and_1_Crawlid","floor":3,"turns":5},{"damage":2,"enemies":"2_ Uuma","floor":5,"turns":5},{"damage":22,"enemies":"Hallownest:eliteMossKnight","floor":6,"turns":9},{"damage":30,"enemies":"Hallownest:eliteCrystalGuardian","floor":10,"turns":6},{"damage":12,"enemies":"Hallownest:2_Tiktiks_1_Baldur_1_Crawlid","floor":12,"turns":4},{"damage":6,"enemies":"Hallownest:1_Baldur_1_Crawlid_1_Warrior","floor":14,"turns":5},{"damage":53,"enemies":"Hallownest:BossHornet","floor":16,"turns":12},{"damage":26,"enemies":"Hallownest:Guard_and_Sentry","floor":18,"turns":6},{"damage":38,"enemies":"Hallownest:2_Mistakes","floor":19,"turns":11},{"damage":29,"enemies":"Hallownest:monsterMisterMushroom","floor":20,"turns":7},{"damage":43,"enemies":"Hallownest:Glutton_and_Coward","floor":24,"turns":3},{"damage":31,"enemies":"Hallownest:eliteWatcherKnight","floor":27,"turns":6}],"seed_played":"-3448467734967452169","potions_obtained":[{"floor":5,"key":"Regen Potion"},{"floor":6,"key":"LiquidMemories"},{"floor":10,"key":"LiquidBronze"},{"floor":12,"key":"EssenceOfSteel"},{"floor":18,"key":"Regen Potion"},{"floor":19,"key":"Energy Potion"}],"is_trial":false,"path_per_floor":["M","$","M","?","M","E","R","?","T","E","R","M","$","M","R","B",null,"M","M","M","$","?","R","M","T","T","E"],"character_chosen":"THE_BUGKNIGHT","items_purchased":["HollowMod:MothsMistake","HollowMod:NewGlowingWomb"],"campfire_rested":2,"item_purchase_floors":[2,21],"current_hp_per_floor":[74,74,73,73,71,49,49,49,49,29,51,49,49,53,53,27,75,59,33,14,14,28,50,19,19,19,0,0],"gold":147,"neow_bonus":"BOSS_RELIC","is_daily":false,"chose_seed":false,"campfire_upgraded":2,"win_rate":0.0,"timestamp":1609487434,"path_taken":["M","$","M","?","M","E","R","?","T","E","R","M","?","M","R","BOSS","M","M","M","$","?","R","M","?","T","E"],"items_purchased_type":["Card","Card"],"build_version":"2020-12-22","purchased_purges":3,"victory":false,"max_hp_per_floor":[75,75,75,75,75,75,75,75,75,75,75,75,75,75,75,75,75,75,75,75,75,75,75,75,75,75,75,75],"card_choices":[{"not_picked":["HollowMod:NewJinnsSoul","HollowMod:SoulSplash","HollowMod:NewLittleFool"],"picked":"SKIP","floor":1},{"not_picked":["HollowMod:WraithStrike","HollowMod:HeavyBlow","HollowMod:SoulShaman"],"picked":"SKIP","floor":3},{"not_picked":["HollowMod:VengefulVoid","HollowMod:HeavyBlow","HollowMod:ShapeofUnn"],"picked":"SKIP","floor":5},{"not_picked":["HollowMod:DashSlash","HollowMod:DescendingDark"],"picked":"HollowMod:InfectionAssault","floor":6},{"not_picked":["HollowMod:AbyssShriek","HollowMod:InfectedCysts","HollowMod:LifebloodCocoon"],"picked":"SKIP","floor":10},{"not_picked":["HollowMod:NewJinnsSoul","HollowMod:DungDefenderAura","HollowMod:LifebloodCocoon"],"picked":"SKIP","floor":12},{"not_picked":["HollowMod:SoulSplash","HollowMod:PureNailStrike","HollowMod:MonarchWings"],"picked":"SKIP","floor":14},{"not_picked":["HollowMod:VoidDash","HollowMod:HornetsHelp"],"picked":"HollowMod:NewInfectedGuardian","floor":16},{"not_picked":["HollowMod:SiblingsSouls+1","HollowMod:SharpenedShadows","HollowMod:QuirrelsAssistance"],"picked":"SKIP","floor":18},{"not_picked":["HollowMod:CycloneSlash","HollowMod:DoubleDash"],"picked":"HollowMod:HuntersJournal","floor":19},{"not_picked":["HollowMod:ShadowDash","HollowMod:NewJinnsSoul+1"],"picked":"HollowMod:InfectedAttack+1","floor":20},{"not_picked":["HollowMod:CornifersMapStart","HollowMod:DreamGate","HollowMod:GoodIntentions"],"picked":"SKIP","floor":24}],"player_experience":143799,"relics_obtained":[{"floor":6,"key":"Replay:Rubber Ducky"},{"floor":6,"key":"Art of War"},{"floor":9,"key":"Replay:Accelerometer"},{"floor":10,"key":"Shuriken"},{"floor":10,"key":"Happy Flower"},{"floor":25,"key":"Tiny Chest"},{"floor":26,"key":"MealTicket"}],"event_choices":[],"is_beta":false,"boss_relics":[{"not_picked":["Empty Cage","Fusion Hammer"],"picked":"SlaversCollar"}],"items_purged_floors":[2,13,21],"is_endless":false,"potions_floor_spawned":[5,6,10,12,18,19],"killed_by":"Hallownest:eliteWatcherKnight","ascension_level":0}}