{"host":"6b00v7211em4ihns","time":1609511659,"event":{"mods":["BaseMod","Bestiary","Better Match","Minty Spire (QoL Compilation)","Relic Stats","Spicy Shops","StSLib"],"gold_per_floor":[116,136,149,129,148,177,192,192,192,206,206,206,233,52,52,123,123,135,135,135,135,149,149,149,149],"floor_reached":24,"playtime":1256,"items_purged":[],"score":412,"play_id":"b1d77383-c6e3-405c-b8ad-fba8f8d49006","local_time":"20210101143419","daily_mods":["Purple Cards"],"is_ascension_mode":true,"campfire_choices":[{"floor":8,"key":"REST"},{"data":"Static Discharge","floor":11,"key":"SMITH"},{"data":"Protect","floor":15,"key":"SMITH"},{"floor":23,"key":"RECALL"}],"circlet_count":0,"master_deck":["AscendersBane","Strike_B","Strike_B","Strike_B","Defend_B","Defend_B","Defend_B","Defend_B","Zap","Dualcast","Beam Cell","Tantrum","Ball Lightning","Barrage","DeusExMachina","Static Discharge+1","Protect+1","BootSequence","Evaluate","WindmillStrike","Vault","Ghostly","Ghostly","Ghostly","Meditate","Sweeping Beam"],"relics":["Cracked Core","Boot","Cables","StrikeDummy","Fusion Hammer"],"acts_visited":["Exordium","TheCity"],"potions_floor_usage":[6,7,16,22],"damage_taken":[{"damage":10,"enemies":"2 Louse","floor":1,"turns":2},{"damage":0,"enemies":"Cultist","floor":2,"turns":3},{"damage":2,"enemies":"Jaw Worm","floor":3,"turns":2},{"damage":13,"enemies":"3 Louse","floor":5,"turns":3},{"damage":14,"enemies":"Gremlin Nob","floor":6,"turns":3},{"damage":0,"enemies":"Blue Slaver","floor":7,"turns":1},{"damage":1,"enemies":"2 Fungi Beasts","floor":10,"turns":2},{"damage":18,"enemies":"Lagavulin","floor":13,"turns":5},{"damage":11,"enemies":"Hexaghost","floor":16,"turns":6},{"damage":8,"enemies":"2 Thieves","floor":18,"turns":3},{"damage":1,"enemies":"Chosen","floor":22,"turns":3},{"damage":40,"enemies":"Slavers","floor":24,"turns":4}],"seed_played":"6380283120243177193","potions_obtained":[{"floor":1,"key":"PowerPotion"},{"floor":2,"key":"SteroidPotion"},{"floor":13,"key":"FocusPotion"},{"floor":16,"key":"FocusPotion"},{"floor":18,"key":"Swift Potion"}],"is_trial":true,"path_per_floor":["M","M","M","?","M","E","M","R","T","M","R","?","E","$","R","B",null,"M","?","?","?","M","R","E"],"character_chosen":"DEFECT","items_purchased":["BootSequence","Evaluate","WindmillStrike"],"campfire_rested":1,"item_purchase_floors":[14,14,14],"current_hp_per_floor":[54,54,52,52,39,25,25,46,46,45,45,38,20,20,20,9,56,48,48,35,35,34,34,0,0],"gold":149,"neow_bonus":"","is_daily":false,"chose_seed":false,"campfire_upgraded":2,"win_rate":0.0,"timestamp":1609511659,"path_taken":["M","M","M","?","M","E","M","R","T","?","R","?","E","$","R","BOSS","M","?","?","?","M","R","E"],"items_purchased_type":["Card","Card","Card"],"build_version":"2020-12-22","purchased_purges":0,"victory":false,"max_hp_per_floor":[71,71,71,71,71,71,71,71,71,71,71,71,71,71,71,71,71,71,71,35,35,35,35,35,35],"relic_stats":{"counters":[12,37],"Boot":[38],"obtain_stats":[{"Fusion Hammer":17,"Cracked Core":0,"Boot":6,"StrikeDummy":13,"Cables":9},{"Fusion Hammer":9,"Cracked Core":0,"Boot":5,"StrikeDummy":8,"Cables":6},{"Fusion Hammer":27,"Cracked Core":0,"Boot":13,"StrikeDummy":21,"Cables":14}],"Cables":[18,18,0,0,0]},"card_choices":[{"not_picked":["Nirvana","Prostrate"],"picked":"Beam Cell","floor":1},{"not_picked":["BattleHymn","Undo"],"picked":"Tantrum","floor":2},{"not_picked":["Fasting2","ThirdEye"],"picked":"Ball Lightning","floor":3},{"not_picked":["Beam Cell","Crescendo"],"picked":"Barrage","floor":5},{"not_picked":["Lockon","Consecrate"],"picked":"DeusExMachina","floor":6},{"not_picked":["Leap","SashWhip"],"picked":"Static Discharge","floor":7},{"not_picked":["Halt","Adaptation"],"picked":"Protect","floor":10},{"not_picked":["Cold Snap","FlurryOfBlows","Crescendo"],"picked":"SKIP","floor":13},{"not_picked":["Meteor Strike","Biased Cognition"],"picked":"Vault","floor":16},{"not_picked":["Worship","FlurryOfBlows","SignatureMove"],"picked":"SKIP","floor":18},{"not_picked":["JustLucky+1","SignatureMove"],"picked":"Sweeping Beam","floor":22}],"player_experience":2476597,"relics_obtained":[{"floor":6,"key":"Boot"},{"floor":9,"key":"Cables"},{"floor":13,"key":"StrikeDummy"}],"event_choices":[{"damage_healed":0,"gold_gain":0,"player_choice":"Bought 1 Potion","damage_taken":0,"max_hp_gain":0,"max_hp_loss":0,"event_name":"The Woman in Blue","floor":4,"gold_loss":0},{"cards_removed":["Strike_B"],"damage_healed":0,"gold_gain":0,"player_choice":"Card Removal","damage_taken":7,"max_hp_gain":0,"max_hp_loss":0,"event_name":"Golden Wing","floor":12,"gold_loss":0},{"damage_healed":0,"gold_gain":0,"player_choice":"Ignored","damage_taken":0,"max_hp_gain":0,"max_hp_loss":0,"event_name":"The Mausoleum","floor":19,"gold_loss":0},{"damage_healed":0,"gold_gain":0,"player_choice":"Became a Ghost","damage_taken":0,"max_hp_gain":0,"max_hp_loss":36,"event_name":"Ghosts","floor":20,"gold_loss":0,"cards_obtained":["Ghostly","Ghostly","Ghostly"]},{"damage_healed":0,"gold_gain":0,"player_choice":"Read","damage_taken":0,"max_hp_gain":0,"max_hp_loss":0,"event_name":"The Library","floor":21,"gold_loss":0,"cards_obtained":["Meditate"]}],"is_beta":false,"boss_relics":[{"not_picked":["Runic Dome","Philosopher\u0027s Stone"],"picked":"Fusion Hammer"}],"items_purged_floors":[],"is_endless":false,"potions_floor_spawned":[1,2,5,13,16,18],"killed_by":"Slavers","ascension_level":20}}