{"host":"y8wac9ql2zokztpr","time":1609523651,"event":{"mods":["Bartender","BaseMod","Curses Come First","Downfall","Gremlin Mod","Minty Spire (QoL Compilation)","Replay The Spire","Spicy Shops","StSLib","The Hierophant","TheHero"],"gold_per_floor":[110,129,129,129,141,172,172,172,241,341,361,373,373,391,391,489,489,507,15,34,34,51,51,77,12,35,45,11,28,28,28],"floor_reached":30,"playtime":2746,"items_purged":[],"score":252,"play_id":"bf11315b-e3bf-453b-98f9-2ca393045aa2","local_time":"20210101125411","is_ascension_mode":false,"campfire_choices":[{"floor":7,"key":"REST"},{"floor":13,"key":"RECALL"},{"data":"animeID:Rei","floor":15,"key":"SMITH"}],"circlet_count":0,"master_deck":["animeID:Deku","animeID:Bakugo","animeID:Smash","animeID:Smash","animeID:Smash+1","animeID:Smash","animeID:DefendMH","animeID:DefendMH","animeID:DefendMH","animeID:DefendMH+1","animeID:TodorokiShoto","animeID:TodorokiShoto","animeID:Rei+1","Deep Breath","animeID:ToruHagakure","animeID:MtLady","animeID:DelawareSmash","animeID:HighFive+1","animeID:NightEye+1","animeID:Chisaki","animeID:Tsuyu+1","animeID:FullCowl+1","Pride","sneckomod:UnknownClassDEFAULT_GRAY_COLOR+1","hexamod:NightmareStrike","Snap_Punch","animeID:Kirishima","Gremlin:SharpenBlades+1","animeID:Mezo+1","hexamod:GhostShield+1"],"relics":["animeID:HeroCostume","NeowsBlessing","Akabeko","Toxic Egg 2","Honey Jar","MealTicket","PrismaticShard","Medical Kit","Nilry\u0027s Codex","Toy Ornithopter"],"acts_visited":["Exordium","TheCity"],"potions_floor_usage":[16,16,22,24,27,29,30],"damage_taken":[{"damage":0,"enemies":"Small Slimes","floor":1,"turns":2},{"damage":0,"enemies":"2 Louse","floor":2,"turns":1},{"damage":0,"enemies":"Cultist","floor":5,"turns":1},{"damage":13,"enemies":"Lagavulin","floor":6,"turns":8},{"damage":0,"enemies":"3 Louse","floor":11,"turns":1},{"damage":7,"enemies":"Blue Slaver","floor":12,"turns":2},{"damage":6,"enemies":"Red Slaver","floor":14,"turns":2},{"damage":22,"enemies":"The Guardian","floor":16,"turns":10},{"damage":12,"enemies":"Spheric Guardian","floor":18,"turns":7},{"damage":7,"enemies":"Shell Parasite","floor":20,"turns":11},{"damage":30,"enemies":"Cultist and Chosen","floor":22,"turns":9},{"damage":13,"enemies":"Replay:Snechameleon","floor":24,"turns":6},{"damage":23,"enemies":"Snake Plant","floor":27,"turns":5},{"damage":38,"enemies":"Shelled Parasite and Fungi","floor":29,"turns":5},{"damage":22,"enemies":"Cultist and Chosen","floor":30,"turns":4}],"seed_played":"3587361031363123227","potions_obtained":[{"floor":1,"key":"BlessingOfTheForge"},{"floor":5,"key":"champ:CounterPotion"},{"floor":11,"key":"ColorlessPotion"},{"floor":20,"key":"EssenceOfSteel"},{"floor":27,"key":"Explosive Potion"},{"floor":29,"key":"AttackPotion"}],"is_trial":false,"path_per_floor":["M","M","?","?","M","E","R","?","T","?","M","M","R","M","R","B",null,"M","$","M","?","M","?","E","$","T","M","$","M","M"],"character_chosen":"THE_HERO","items_purchased":["animeID:FullCowl+1","MealTicket","PrismaticShard","Medical Kit","SpeedPotion","animeID:Kirishima","animeID:Mezo+1"],"campfire_rested":1,"item_purchase_floors":[19,19,19,19,19,25,28],"current_hp_per_floor":[75,75,60,60,60,53,75,80,80,80,80,75,75,71,71,55,80,70,70,71,55,31,31,24,39,39,26,41,12,0,0],"gold":28,"neow_bonus":"THREE_ENEMY_KILL","is_daily":false,"chose_seed":false,"campfire_upgraded":1,"win_rate":0.0,"timestamp":1609523651,"path_taken":["M","M","?","?","?","E","R","?","T","?","M","?","R","?","R","BOSS","M","$","M","?","M","?","E","?","T","?","?","M","M"],"items_purchased_type":["Card","Relic","Relic","Relic","Potion","Card","Card"],"build_version":"2020-12-22","purchased_purges":0,"victory":false,"max_hp_per_floor":[75,75,75,75,75,75,75,80,80,80,80,80,80,80,80,80,80,80,80,80,80,80,80,80,80,80,80,80,80,80,80],"card_choices":[{"not_picked":["animeID:Thirteen","animeID:Tomura"],"picked":"animeID:TodorokiShoto","floor":1},{"not_picked":["animeID:Nomu","animeID:Stain"],"picked":"animeID:TodorokiShoto","floor":2},{"not_picked":["animeID:Momo","animeID:Iida"],"picked":"animeID:ToruHagakure","floor":5},{"not_picked":["animeID:Momo","animeID:Aoyama"],"picked":"animeID:MtLady","floor":6},{"not_picked":["animeID:FatGum+1","animeID:Momo"],"picked":"animeID:DelawareSmash","floor":11},{"not_picked":["animeID:Mineta+1","animeID:EraserHead+1"],"picked":"animeID:HighFive+1","floor":12},{"not_picked":["animeID:Ojiro","animeID:Tomura"],"picked":"animeID:NightEye+1","floor":14},{"not_picked":["animeID:ProminenceBurn+1","animeID:PresentMic+1"],"picked":"animeID:Chisaki","floor":16},{"not_picked":["animeID:Aoyama","animeID:Momo+1","animeID:Iida+1"],"picked":"animeID:Tsuyu+1","floor":18},{"not_picked":["animeID:FatGum+1","expansioncontent:DecasProtection+1","hexamod:ThirdSeal"],"picked":"sneckomod:UnknownClassDEFAULT_GRAY_COLOR+1","floor":20},{"not_picked":["hexamod:BacktrackSmack","Dancing_Jab","Guardian:SentryBeam"],"picked":"hexamod:NightmareStrike","floor":22},{"not_picked":["Ripple+1","animeID:Kaminari+1","animeID:Mina"],"picked":"Snap_Punch","floor":24},{"not_picked":["Slimebound:GoopSpray+1","Undo+1","Scoop+1"],"picked":"Gremlin:SharpenBlades+1","floor":27},{"not_picked":["Rebound","Guardian:Gem_Crimson","animeID:Tengai+1"],"picked":"hexamod:GhostShield+1","floor":29}],"player_experience":255332,"relics_obtained":[{"floor":6,"key":"Akabeko"},{"floor":9,"key":"Toxic Egg 2"},{"floor":21,"key":"Nilry\u0027s Codex"},{"floor":24,"key":"Toy Ornithopter"}],"event_choices":[{"damage_healed":0,"gold_gain":0,"player_choice":"Entered Light","damage_taken":15,"max_hp_gain":0,"max_hp_loss":0,"event_name":"Shining Light","floor":3,"gold_loss":0,"cards_upgraded":["animeID:Smash","animeID:DefendMH"]},{"damage_healed":0,"gold_gain":0,"player_choice":"2 cards matched","damage_taken":0,"max_hp_gain":0,"max_hp_loss":0,"event_name":"Match and Keep!","floor":4,"gold_loss":0,"cards_obtained":["animeID:Rei","Deep Breath"]},{"damage_healed":0,"gold_gain":0,"player_choice":"Donut","damage_taken":0,"max_hp_gain":5,"max_hp_loss":0,"event_name":"Big Fish","floor":8,"gold_loss":0},{"damage_healed":0,"gold_gain":100,"player_choice":"Pray","damage_taken":0,"max_hp_gain":0,"max_hp_loss":0,"event_name":"Golden Shrine","floor":10,"gold_loss":0},{"damage_healed":0,"gold_gain":0,"player_choice":"Obtained Book","damage_taken":16,"max_hp_gain":0,"max_hp_loss":0,"event_name":"Cursed Tome","floor":21,"gold_loss":0}],"is_beta":false,"boss_relics":[{"not_picked":["Replay:Wanted Poster","Runic Dome"],"picked":"Honey Jar"}],"items_purged_floors":[],"is_endless":false,"potions_floor_spawned":[1,5,11,20,27,29],"killed_by":"Cultist and Chosen","ascension_level":0}}