{"host":"dhyczjm99amxd3qx","time":1609539731,"event":{"mods":["BaseMod","Colored Map","Googly Eyes","Highlight Path","Minty Spire (QoL Compilation)","Quick Restart","StSLib"],"gold_per_floor":[112,112,112,131,141,167,167,177,177,203,235,272,284,246,258,395,407,438,474,511,542,4,4,23,61,61,74,87,127,127,170,170,290,290,303,318,140,140,240,240,573,604,604,241,241,271,284,298,298,298],"floor_reached":51,"playtime":4309,"items_purged":["Defend_B","Strike_B","Strike_B"],"score":988,"play_id":"248097af-4e8c-453f-8f77-4bfc383243a7","local_time":"20210101172211","is_ascension_mode":true,"campfire_choices":[{"data":"Zap","floor":7.0,"key":"SMITH"},{"data":"Go for the Eyes","floor":15.0,"key":"SMITH"},{"data":"Loop","floor":23.0,"key":"SMITH"},{"data":"Echo Form","floor":32,"key":"SMITH"},{"data":"Buffer","floor":40,"key":"SMITH"},{"data":"Buffer","floor":45,"key":"SMITH"},{"data":"Loop","floor":49,"key":"SMITH"}],"circlet_count":0,"master_deck":["Strike_B","Defend_B","Defend_B","Defend_B","Zap+1","Cold Snap","Glacier","Conserve Battery","Self Repair","Go for the Eyes+1","Ball Lightning","Reboot","Hologram","Tempest","Cold Snap","Loop+1","Buffer+1","Echo Form+1","Buffer+1","Loop+1","Barrage+1"],"relics":["Cracked Core","Orichalcum","Vajra","Peace Pipe","Cables","MawBank","Symbiotic Virus","Runic Pyramid","Nunchaku","Shuriken","Gremlin Horn","Emotion Chip","Juzu Bracelet","Darkstone Periapt","Inserter","Meat on the Bone","Dream Catcher","Bottled Tornado","Bottled Flame"],"acts_visited":["Exordium","TheCity","TheBeyond"],"potions_floor_usage":[24,24,29,29,33,42],"damage_taken":[{"damage":1.0,"enemies":"2 Louse","floor":1.0,"turns":2.0},{"damage":2.0,"enemies":"Small Slimes","floor":4.0,"turns":2.0},{"damage":0.0,"enemies":"Cultist","floor":5.0,"turns":3.0},{"damage":11.0,"enemies":"Gremlin Nob","floor":6.0,"turns":6.0},{"damage":0.0,"enemies":"2 Fungi Beasts","floor":8.0,"turns":5.0},{"damage":11.0,"enemies":"3 Sentries","floor":10.0,"turns":10.0},{"damage":1.0,"enemies":"Lots of Slimes","floor":11.0,"turns":4.0},{"damage":8.0,"enemies":"Gremlin Nob","floor":12.0,"turns":4.0},{"damage":0.0,"enemies":"Hexaghost","floor":16.0,"turns":11.0},{"damage":4.0,"enemies":"Shell Parasite","floor":18.0,"turns":3.0},{"damage":6.0,"enemies":"2 Thieves","floor":19.0,"turns":5.0},{"damage":22.0,"enemies":"Snake Plant","floor":20.0,"turns":4.0},{"damage":3.0,"enemies":"Centurion and Healer","floor":21.0,"turns":10.0},{"damage":0,"enemies":"Snecko","floor":24,"turns":4},{"damage":11,"enemies":"Book of Stabbing","floor":25,"turns":7},{"damage":2,"enemies":"Chosen and Byrds","floor":27,"turns":5},{"damage":6,"enemies":"3 Cultists","floor":28,"turns":5},{"damage":37,"enemies":"Slavers","floor":29,"turns":5},{"damage":16,"enemies":"Book of Stabbing","floor":31,"turns":7},{"damage":13,"enemies":"Collector","floor":33,"turns":10},{"damage":3,"enemies":"Orb Walker","floor":35,"turns":4},{"damage":10,"enemies":"3 Shapes","floor":36,"turns":5},{"damage":3,"enemies":"Giant Head","floor":42,"turns":10},{"damage":0,"enemies":"Nemesis","floor":46,"turns":9},{"damage":9,"enemies":"3 Darklings","floor":47,"turns":8},{"damage":3,"enemies":"4 Shapes","floor":48,"turns":8},{"damage":9,"enemies":"Time Eater","floor":50,"turns":10}],"seed_played":"8231618415736500186","potions_obtained":[{"floor":1.0,"key":"GamblersBrew"},{"floor":4.0,"key":"FearPotion"},{"floor":5.0,"key":"Ancient Potion"},{"floor":11.0,"key":"EssenceOfSteel"},{"floor":18.0,"key":"PotionOfCapacity"},{"floor":20.0,"key":"PowerPotion"},{"floor":21.0,"key":"Regen Potion"},{"floor":25,"key":"Swift Potion"},{"floor":28,"key":"SneckoOil"},{"floor":31,"key":"Energy Potion"},{"floor":36,"key":"DistilledChaos"},{"floor":42,"key":"FearPotion"},{"floor":48,"key":"Block Potion"}],"is_trial":false,"path_per_floor":["M","?","?","M","M","E","R","M","T","E","M","E","?","?","R","B",null,"M","M","M","M","$","R","M","E","T","M","M","E","?","E","R","B",null,"M","M","$","?","?","R","?","E","T","$","R","E","M","M","R","B",null],"character_chosen":"DEFECT","items_purchased":["Nunchaku","Shuriken","Loop","Loop","Bottled Tornado"],"campfire_rested":0,"item_purchase_floors":[22,22,22,37,44],"current_hp_per_floor":[74,41,41,39,39,28,28,28,28,24,30,29,29,29,29,36,69,65,66,51,55,55,55,62,58,58,63,64,46,46,37,37,31,69,69,69,69,66,66,66,66,66,66,66,66,66,64,66,66,64],"gold":298,"neow_bonus":"RANDOM_COMMON_RELIC","is_daily":false,"chose_seed":false,"campfire_upgraded":7,"win_rate":0.0,"timestamp":1609539731,"path_taken":["M","?","?","M","M","E","R","M","T","E","M","E","?","?","R","BOSS","M","M","M","M","$","R","M","E","T","M","M","E","?","E","R","BOSS","M","M","$","?","?","R","?","E","T","$","R","E","M","M","R","BOSS"],"items_purchased_type":["Relic","Relic","Card","Card","Relic"],"build_version":"2020-12-22","purchased_purges":3,"victory":true,"max_hp_per_floor":[75,75,75,75,75,75,75,75,75,75,75,75,69,69,69,69,69,69,69,69,69,69,69,69,69,69,69,69,69,69,69,69,69,69,69,69,69,66,66,66,66,66,66,66,66,66,66,66,66,66],"card_choices":[{"not_picked":["Melter","Streamline","Barrage"],"picked":"SKIP","floor":1.0},{"not_picked":["Coolheaded","Ball Lightning"],"picked":"Cold Snap","floor":4.0},{"not_picked":["Conserve Battery","Recycle"],"picked":"Glacier","floor":5.0},{"not_picked":["Turbo","Sweeping Beam"],"picked":"Conserve Battery","floor":6.0},{"not_picked":["Leap","Reinforced Body"],"picked":"Self Repair","floor":8.0},{"not_picked":["Compile Driver","Sunder"],"picked":"Go for the Eyes","floor":10.0},{"not_picked":["Steam","Storm"],"picked":"Ball Lightning","floor":11.0},{"not_picked":["Glacier","Recycle"],"picked":"Reboot","floor":12.0},{"not_picked":["Biased Cognition","Hyperbeam"],"picked":"Multi-Cast","floor":16.0},{"not_picked":["Ball Lightning","Static Discharge"],"picked":"Hologram","floor":18.0},{"not_picked":["Sweeping Beam+1","Heatsinks"],"picked":"Tempest","floor":19.0},{"not_picked":["Rebound","Self Repair"],"picked":"Cold Snap","floor":20.0},{"not_picked":["Gash+1","Redo","Stack"],"picked":"SKIP","floor":21.0},{"not_picked":["Conserve Battery","Ball Lightning"],"picked":"Buffer","floor":24},{"not_picked":["Gash","Amplify","Consume+1"],"picked":"SKIP","floor":25},{"not_picked":["Steam","Streamline+1","Tempest"],"picked":"SKIP","floor":27},{"not_picked":["Coolheaded","Hologram","Streamline"],"picked":"SKIP","floor":28},{"not_picked":["Conserve Battery","Leap"],"picked":"Echo Form","floor":29},{"not_picked":["Barrage","Gash","Coolheaded"],"picked":"SKIP","floor":31},{"not_picked":["Biased Cognition","All For One"],"picked":"Buffer","floor":33},{"not_picked":["Darkness","Capacitor+1","Stack"],"picked":"SKIP","floor":35},{"not_picked":["Streamline+1","Cold Snap+1","Gash"],"picked":"SKIP","floor":36},{"not_picked":["Turbo","Beam Cell+1","Fusion"],"picked":"SKIP","floor":42},{"not_picked":["Compile Driver","Reboot"],"picked":"Barrage+1","floor":46},{"not_picked":["Streamline+1","White Noise+1","Barrage"],"picked":"SKIP","floor":47},{"not_picked":["Sweeping Beam+1","Aggregate","Hologram+1"],"picked":"SKIP","floor":48}],"player_experience":264985,"relics_obtained":[{"floor":6.0,"key":"Peace Pipe"},{"floor":9.0,"key":"Cables"},{"floor":10.0,"key":"MawBank"},{"floor":12.0,"key":"Symbiotic Virus"},{"floor":25,"key":"Gremlin Horn"},{"floor":26,"key":"Emotion Chip"},{"floor":29,"key":"Juzu Bracelet"},{"floor":31,"key":"Darkstone Periapt"},{"floor":42,"key":"Meat on the Bone"},{"floor":43,"key":"Dream Catcher"},{"floor":46,"key":"Bottled Flame"}],"event_choices":[{"damage_healed":0.0,"max_hp_gain":0.0,"max_hp_loss":0.0,"gold_gain":0.0,"event_name":"Scrap Ooze","player_choice":"Success","floor":2.0,"gold_loss":0.0,"damage_taken":33.0,"relics_obtained":["Vajra"]},{"cards_removed":["Strike_B"],"damage_healed":0.0,"max_hp_gain":0.0,"max_hp_loss":0.0,"gold_gain":0.0,"event_name":"Living Wall","player_choice":"Forget","floor":3.0,"gold_loss":0.0,"damage_taken":0.0},{"damage_healed":0.0,"max_hp_gain":0.0,"max_hp_loss":6.0,"gold_gain":0.0,"event_name":"Golden Idol","player_choice":"Lose Max HP","floor":13.0,"gold_loss":0.0,"damage_taken":0.0,"relics_obtained":["Golden Idol"]},{"cards_removed":["Dualcast"],"damage_healed":0.0,"max_hp_gain":0.0,"max_hp_loss":0.0,"gold_gain":0.0,"event_name":"The Cleric","player_choice":"Card Removal","floor":14.0,"gold_loss":50.0,"damage_taken":0.0},{"cards_removed":["Multi-Cast"],"damage_healed":0,"gold_gain":0,"player_choice":"Purged","damage_taken":0,"max_hp_gain":0,"max_hp_loss":0,"event_name":"Purifier","floor":30,"gold_loss":0},{"damage_healed":0,"gold_gain":0,"player_choice":"Max HP","damage_taken":0,"max_hp_gain":0,"max_hp_loss":3,"event_name":"Winding Halls","floor":38,"gold_loss":0},{"damage_healed":0,"gold_gain":100,"player_choice":"Pray","damage_taken":0,"max_hp_gain":0,"max_hp_loss":0,"event_name":"Golden Shrine","floor":39,"gold_loss":0},{"damage_healed":0,"gold_gain":333,"player_choice":"Gave Idol","damage_taken":0,"max_hp_gain":0,"max_hp_loss":0,"event_name":"The Moai Head","floor":41,"relics_lost":["Golden Idol"],"gold_loss":0}],"is_beta":false,"boss_relics":[{"not_picked":["Empty Cage","Cursed Key"],"picked":"Runic Pyramid"},{"not_picked":["Calling Bell","Runic Dome"],"picked":"Inserter"}],"items_purged_floors":[22,37,44],"is_endless":false,"potions_floor_spawned":[1,4,5,11,18,20,21,25,28,31,36,42,48],"ascension_level":3}}