{"host":"lg1piimdyocafd6j","time":1609528802,"event":{"mods":["AchievementEnabler","BaseMod","Better Third Choice","BetterRewards","Colored Map","Colored Powertips","Downfall","Minty Spire (QoL Compilation)","Quick Restart","Rare Cards Sparkle","Remove Card Discount Mod","Shop Mod","StSLib","SuperFastMode"],"gold_per_floor":[113,113,113,113,113,113,113,113,140,63,78,110,110,142,142,142,142],"floor_reached":16,"playtime":744,"items_purged":["Defend_B","Dualcast","Zap","Strike_B","Strike_B","Stack","Redo","Strike_B","Strike_B"],"score":129,"play_id":"e4e5da71-f566-4abe-9427-4be17ef2ee6f","local_time":"20210101202002","is_ascension_mode":false,"campfire_choices":[{"floor":7,"key":"RECALL"},{"data":"Conserve Battery","floor":13,"key":"SMITH"},{"data":"Conserve Battery","floor":15,"key":"SMITH"}],"circlet_count":0,"master_deck":["Defend_B","Defend_B","Defend_B+1","Cold Snap","Conserve Battery+1","Streamline","Cold Snap+1","Conserve Battery+1","Auto Shields"],"relics":["Cracked Core","Membership Card","PreservedInsect","Orrery","DataDisk","Juzu Bracelet","Blood Vial","DollysMirror","Eternal Feather","Pen Nib"],"acts_visited":["Exordium"],"potions_floor_usage":[16],"damage_taken":[{"damage":0,"enemies":"Jaw Worm","floor":1,"turns":3},{"damage":0,"enemies":"Small Slimes","floor":11,"turns":3},{"damage":5,"enemies":"3 Sentries","floor":12,"turns":6},{"damage":0,"enemies":"Gremlin Nob","floor":14,"turns":4},{"damage":44,"enemies":"Hexaghost","floor":16,"turns":19}],"seed_played":"-1828382337902572564","potions_obtained":[{"floor":1,"key":"FearPotion"},{"floor":12,"key":"CultistPotion"}],"is_trial":false,"path_per_floor":["M","?","?","?","?","?","R","?","T","$","M","E","R","E","R","B"],"character_chosen":"DEFECT","items_purchased":["Membership Card","PreservedInsect","Orrery","Cold Snap","DataDisk","Juzu Bracelet","FocusPotion","DollysMirror"],"campfire_rested":0,"item_purchase_floors":[0,0,0,0,0,0,0,10],"current_hp_per_floor":[75,60,60,65,58,58,58,58,58,58,60,57,60,62,65,23,23],"gold":142,"neow_bonus":"","is_daily":false,"chose_seed":false,"campfire_upgraded":2,"win_rate":0.0,"timestamp":1609528802,"path_taken":["M","?","?","?","?","?","R","?","T","$","M","E","R","E","R","BOSS"],"items_purchased_type":["Relic","Relic","Relic","Card","Relic","Relic","Potion","Relic"],"build_version":"2020-12-22","purchased_purges":9,"victory":false,"max_hp_per_floor":[75,75,75,80,80,80,80,80,80,80,80,80,80,80,80,80,80],"card_choices":[{"not_picked":["Doom and Gloom","Force Field"],"picked":"Cold Snap","floor":0},{"not_picked":["Steam","Turbo"],"picked":"Conserve Battery","floor":0},{"not_picked":["BootSequence","Sweeping Beam"],"picked":"Streamline","floor":0},{"not_picked":["Leap","Coolheaded"],"picked":"Stack","floor":0},{"not_picked":["Hologram","Darkness"],"picked":"Redo","floor":0},{"not_picked":["Sweeping Beam","Barrage","BootSequence"],"picked":"SKIP","floor":1},{"not_picked":["Coolheaded","Static Discharge","Aggregate"],"picked":"SKIP","floor":11},{"not_picked":["Doom and Gloom","Aggregate"],"picked":"Auto Shields","floor":12},{"not_picked":["Steam","Chill","Storm"],"picked":"SKIP","floor":14}],"player_experience":93715,"relics_obtained":[{"floor":12,"key":"Eternal Feather"},{"floor":14,"key":"Pen Nib"}],"event_choices":[{"damage_healed":75,"gold_gain":0,"player_choice":"Upgrade","damage_taken":15,"max_hp_gain":0,"max_hp_loss":75,"event_name":"betterThird:BetterShining","floor":2,"gold_loss":0,"cards_upgraded":["Defend_B","Cold Snap"]},{"damage_healed":0,"gold_gain":0,"player_choice":"Ignored","damage_taken":113,"max_hp_gain":0,"max_hp_loss":0,"event_name":"betterThird:BetterSerpent","floor":3,"gold_loss":0},{"damage_healed":0,"gold_gain":0,"player_choice":"Donut","damage_taken":0,"max_hp_gain":5,"max_hp_loss":0,"event_name":"Big Fish","floor":4,"gold_loss":0},{"damage_healed":0,"gold_gain":0,"player_choice":"Relic ","damage_taken":7,"max_hp_gain":0,"max_hp_loss":0,"event_name":"betterThird:BetterScrap","floor":5,"gold_loss":0,"cards_obtained":["Fiend Fire"]},{"damage_healed":0,"gold_gain":0,"player_choice":"Ignored","damage_taken":0,"max_hp_gain":0,"max_hp_loss":0,"event_name":"Golden Idol","floor":6,"gold_loss":0},{"damage_healed":0,"gold_gain":0,"player_choice":"Leave","damage_taken":0,"max_hp_gain":0,"max_hp_loss":0,"event_name":"The Cleric","floor":8,"gold_loss":0}],"is_beta":false,"boss_relics":[],"items_purged_floors":[0,0,0,0,0,0,0,0,10],"is_endless":false,"potions_floor_spawned":[1,12],"killed_by":"Hexaghost","ascension_level":0}}