{"host":"3kdwm9n4ehf6yd4s","time":1609531727,"event":{"mods":["BaseMod","GifTheSpireLib","Minty Spire (QoL Compilation)","Quick Restart","Replay The Spire","StSLib"],"gold_per_floor":[118,118,20,20,51,63,109,134,146,188,200,268,290,320,332,442,454,484,411,383,364,26,56,56,16,16,28,59,59,77,88,88,187,237,255,269,269,285,295,295,295],"floor_reached":40,"playtime":1930,"items_purged":[],"score":797,"play_id":"3350bd17-6f14-4c9a-91aa-e5a3d49fba46","local_time":"20210101130847","is_ascension_mode":true,"campfire_choices":[{"data":"Crystallizer","floor":6,"key":"SMITH"},{"floor":11,"key":"REST"},{"floor":15,"key":"REST"},{"floor":24,"key":"REST"},{"floor":29,"key":"REST"},{"data":"White Noise","floor":32,"key":"SMITH"}],"circlet_count":0,"master_deck":["Strike_B+1","Strike_B","Strike_B","Strike_B","Defend_B","Defend_B+1","Defend_B","Defend_B","Zap","Dualcast+1","Crystallizer+1","BasicCrystalCard","Conserve Battery","Cold Snap","Cold Snap","Barrage","BasicCrystalCard","Leap","Cold Snap","Mirror Shield+1","Reboot","Rebound","White Noise+1","Leap","Blizzard+1","Capacitor","Compile Driver+1","Tempest+1","Cold Snap","Glacier","ReplayTheSpireMod:Omega Cannon","Gash+1","Reinforced Body","ReplayRNGCard+1","Go for the Eyes","ReplayTheSpireMod:Calculation Training"],"relics":["Cracked Core","MawBank","Pear","Replay:Bottled Snecko","Gremlin Food","Ancient Tea Set","Honey Jar","CaptainsWheel","Nunchaku","Replay:Frozen Program","Iron Hammer","Incense Burner","Happy Flower","Tiny House"],"acts_visited":["Exordium","TheCity","TheBeyond"],"potions_floor_usage":[7,13,16,23,38,38,38,40],"damage_taken":[{"damage":4,"enemies":"Small Slimes","floor":1,"turns":4},{"damage":6,"enemies":"Cultist","floor":5,"turns":3},{"damage":18,"enemies":"3 Sentries","floor":7,"turns":6},{"damage":6,"enemies":"Jaw Worm","floor":8,"turns":2},{"damage":19,"enemies":"Lagavulin","floor":10,"turns":7},{"damage":12,"enemies":"Blue Slaver","floor":13,"turns":3},{"damage":0,"enemies":"2 Fungi Beasts","floor":14,"turns":4},{"damage":27,"enemies":"The Guardian","floor":16,"turns":21},{"damage":4,"enemies":"Chosen","floor":18,"turns":7},{"damage":21,"enemies":"2 Thieves","floor":21,"turns":5},{"damage":19,"enemies":"Slavers","floor":23,"turns":7},{"damage":4,"enemies":"Centurion and Healer","floor":27,"turns":9},{"damage":21,"enemies":"Book of Stabbing","floor":28,"turns":5},{"damage":4,"enemies":"3 Cultists","floor":30,"turns":6},{"damage":3,"enemies":"Snecko","floor":31,"turns":4},{"damage":4,"enemies":"Pondfish","floor":33,"turns":15},{"damage":19,"enemies":"3 Darklings","floor":35,"turns":7},{"damage":0,"enemies":"Orb Walker","floor":36,"turns":4},{"damage":4,"enemies":"Jaw Worm Horde","floor":38,"turns":3},{"damage":21,"enemies":"Sphere and 2 Shapes","floor":39,"turns":5},{"damage":78,"enemies":"Giant Head","floor":40,"turns":12}],"seed_played":"-1810220919308895117","potions_obtained":[{"floor":5,"key":"FocusPotion"},{"floor":12,"key":"PotionOfCapacity"},{"floor":13,"key":"Dexterity Potion"},{"floor":23,"key":"Fruit Juice"},{"floor":33,"key":"SteroidPotion"},{"floor":34,"key":"Adrenaline Potion"},{"floor":35,"key":"SteroidPotion"},{"floor":39,"key":"Reflective Coating"}],"is_trial":false,"path_per_floor":["M","?","$","T","M","R","E","M","T","E","R","?","M","M","R","B",null,"M","?","?","M","$","E","R","$","T","M","E","R","M","M","R","B",null,"M","M","?","M","M","E"],"character_chosen":"DEFECT","items_purchased":["Crystallizer","BasicCrystalCard","Nunchaku","Replay:Frozen Program","Leap","Capacitor"],"campfire_rested":4,"item_purchase_floors":[3,3,22,22,22,25],"current_hp_per_floor":[78,82,82,82,76,76,68,62,62,43,70,47,35,35,62,35,92,88,88,88,67,67,53,82,82,82,78,57,86,82,79,79,75,102,83,83,83,79,58,0,0],"gold":295,"neow_bonus":"TEN_PERCENT_HP_BONUS","is_daily":false,"chose_seed":false,"campfire_upgraded":2,"win_rate":0.0,"timestamp":1609531727,"path_taken":["M","?","$","?","?","R","E","M","T","E","R","?","M","M","R","BOSS","M","?","?","M","$","E","R","$","T","M","E","R","M","M","R","BOSS","M","M","?","?","M","E"],"items_purchased_type":["Card","Card","Relic","Relic","Card","Card"],"build_version":"2020-12-22","purchased_purges":0,"victory":false,"max_hp_per_floor":[82,82,82,82,82,82,92,92,92,92,92,92,92,92,92,92,92,92,92,92,92,92,97,97,97,97,97,97,97,97,97,97,97,102,102,102,102,102,102,102,102],"card_choices":[{"not_picked":["Redo","Barrage"],"picked":"Ball Lightning","floor":1},{"not_picked":["Stack","Leap"],"picked":"Conserve Battery","floor":5},{"not_picked":["Hologram","Stack"],"picked":"Cold Snap","floor":7},{"not_picked":["BasicCrystalCard","Steam"],"picked":"Cold Snap","floor":8},{"not_picked":["Panic Button","Hyperbeam"],"picked":"Barrage","floor":10},{"not_picked":["ReplayTheSpireMod:Repulse","Steam"],"picked":"BasicCrystalCard","floor":12},{"not_picked":["Hologram","Recycle"],"picked":"Leap","floor":12},{"not_picked":["ReplaySolidLightProjector","Turbo"],"picked":"Cold Snap","floor":13},{"not_picked":["Beam Cell","Compile Driver"],"picked":"Mirror Shield","floor":14},{"not_picked":["Machine Learning","All For One"],"picked":"Reboot","floor":16},{"not_picked":["Leap","Panic Button","ReplayTheSpireMod:Repulse+1"],"picked":"Rebound","floor":18},{"not_picked":["Stack","Loop","Redo"],"picked":"White Noise","floor":21},{"not_picked":["Steam+1","Melter+1","Compile Driver"],"picked":"Blizzard","floor":23},{"not_picked":["Panic Button","ReplayTheSpireMod:Reroute Power+1","Steam Power"],"picked":"Compile Driver","floor":27},{"not_picked":["Scrape","Lockon","Go for the Eyes+1"],"picked":"Tempest+1","floor":28},{"not_picked":["Leap","Static Discharge","Melter"],"picked":"Cold Snap","floor":30},{"not_picked":["Conserve Battery","BasicCrystalCard+1","Reprogram+1"],"picked":"Glacier","floor":31},{"not_picked":["Seek","Core Surge","Rainbow"],"picked":"ReplayTheSpireMod:Omega Cannon","floor":33},{"not_picked":["Go for the Eyes","Leap+1","Stack"],"picked":"Gash+1","floor":34},{"not_picked":["Darkness","Rebound","Cold Snap"],"picked":"Reinforced Body","floor":35},{"not_picked":["Panic Button+1","Streamline","Skim+1"],"picked":"ReplayRNGCard","floor":36},{"not_picked":["Gash","Rebound+1","Beam Cell"],"picked":"Go for the Eyes","floor":38},{"not_picked":["BasicCrystalCard","Streamline","Panic Button+1"],"picked":"ReplayTheSpireMod:Calculation Training","floor":39}],"player_experience":133557,"relics_obtained":[{"floor":4,"key":"MawBank"},{"floor":7,"key":"Pear"},{"floor":9,"key":"Replay:Bottled Snecko"},{"floor":10,"key":"Gremlin Food"},{"floor":12,"key":"Ancient Tea Set"},{"floor":23,"key":"Iron Hammer"},{"floor":26,"key":"Incense Burner"},{"floor":28,"key":"Happy Flower"}],"event_choices":[{"cards_removed":["Ball Lightning"],"damage_healed":5,"gold_gain":0,"player_choice":"Offered Common","damage_taken":0,"max_hp_gain":0,"max_hp_loss":0,"event_name":"Bonfire Elementals","floor":2,"gold_loss":0},{"cards_removed":["Ball Lightning"],"damage_healed":5,"gold_gain":0,"player_choice":"Offered Special","damage_taken":0,"max_hp_gain":0,"max_hp_loss":0,"event_name":"Bonfire Elementals","floor":2,"gold_loss":0},{"damage_healed":0,"gold_gain":0,"player_choice":"Obtained Relic","damage_taken":0,"relics_obtained":["CaptainsWheel"],"max_hp_gain":0,"max_hp_loss":0,"event_name":"Addict","floor":19,"gold_loss":85},{"damage_healed":0,"gold_gain":0,"player_choice":"Upgrade","damage_taken":0,"max_hp_gain":0,"max_hp_loss":0,"event_name":"Designer","floor":20,"gold_loss":40,"cards_upgraded":["Mirror Shield"]},{"damage_healed":0,"gold_gain":0,"player_choice":"Upgraded","damage_taken":0,"max_hp_gain":0,"max_hp_loss":0,"event_name":"Upgrade Shrine","floor":37,"gold_loss":0,"cards_upgraded":["ReplayRNGCard"]}],"is_beta":false,"boss_relics":[{"not_picked":["Fusion Hammer","Sozu"],"picked":"Honey Jar"},{"not_picked":["Busted Crown","ReplayTheSpireMod:DimensionalGlitch"],"picked":"Tiny House"}],"items_purged_floors":[],"is_endless":false,"potions_floor_spawned":[5,13,23,33,35,39],"killed_by":"Giant Head","ascension_level":1}}