{"host":"pf9sh7nh6rpu9sau","time":1609530281,"event":{"mods":["2.2 Compatiblity","BaseMod","BetterRewards","Clockwork Mod","Downfall","Hermit","Mad Scientist","Minty Spire (QoL Compilation)","Permanent Neow","Quick Restart","Replay The Spire","Somnambulant","StSLib","The Clintock","The Cursed","The Disciple","The Hierophant","The Necromancer","The Runesmith"],"gold_per_floor":[0,19,36,50,62,72,72,98,198,209,209,223,223,223,233,233,233,233],"floor_reached":16,"playtime":1082,"items_purged":[],"score":106,"play_id":"40cfda53-e090-4052-9636-22bbfcc7ff3d","local_time":"20210101144441","is_ascension_mode":false,"campfire_choices":[{"data":"champ:Devastate","floor":11,"key":"SMITH"},{"floor":13,"key":"REST"}],"circlet_count":0,"master_deck":["champ:Strike","champ:Strike","champ:Strike","champ:Defend","champ:Defend","champ:Defend","champ:Defend","champ:Execute","champ:Taunt","champ:Devastate+1","champ:Riposte","champ:FlashCut","champ:RisingSlash","champ:BringItOn","champ:RapidStrikes","champ:TornadoPunch","champ:DefensiveShout","champ:Haymaker","champ:DeathBlow","Spot Weakness"],"relics":["champ:ChampionCrown","Golden Egg","White Beast Statue","PrismaticShard"],"acts_visited":["Exordium"],"potions_floor_usage":[8,8,8,16,16],"damage_taken":[{"damage":5,"enemies":"Cultist","floor":2,"turns":3},{"damage":15,"enemies":"Small Slimes","floor":3,"turns":3},{"damage":3,"enemies":"2 Louse","floor":4,"turns":2},{"damage":20,"enemies":"Exordium Thugs","floor":5,"turns":6},{"damage":4,"enemies":"Blue Slaver","floor":6,"turns":4},{"damage":15,"enemies":"Gremlin Nob","floor":8,"turns":3},{"damage":44,"enemies":"downfall:LadyInBlue","floor":9,"turns":11},{"damage":7,"enemies":"Lots of Slimes","floor":10,"turns":3},{"damage":0,"enemies":"Large Slime","floor":12,"turns":3},{"damage":15,"enemies":"Lots of Slimes","floor":15,"turns":2},{"damage":46,"enemies":"downfall:Defect","floor":16,"turns":5}],"seed_played":"-7650390250187160797","potions_obtained":[{"floor":2,"key":"Energy Potion"},{"floor":4,"key":"Flashbang"},{"floor":6,"key":"PowerPotion"},{"floor":9,"key":"CultistPotion"},{"floor":9,"key":"champ:UltimateStancePotion"},{"floor":9,"key":"sneckomod:MuddlingPotion"},{"floor":10,"key":"SteroidPotion"}],"is_trial":false,"path_per_floor":["R","M","M","M","M","M","T","E","?","M","R","M","R","?","M","B"],"character_chosen":"THE_CHAMP","items_purchased":[],"campfire_rested":1,"item_purchase_floors":[],"current_hp_per_floor":[90,90,80,77,63,59,59,49,21,19,19,19,46,46,41,0,0,0],"gold":233,"neow_bonus":"THREE_RARE_CARDS","is_daily":false,"chose_seed":false,"campfire_upgraded":1,"win_rate":0.0,"timestamp":1609530281,"path_taken":["R","M","M","?","M","M","T","E","?","?","R","?","R","?","M","BOSS"],"items_purchased_type":[],"build_version":"2020-12-22","purchased_purges":0,"victory":false,"max_hp_per_floor":[90,90,90,90,90,90,90,90,90,90,90,90,90,90,90,90,90,90],"card_choices":[{"not_picked":["champ:PerfectForm","champ:VampiricStrike"],"picked":"champ:Devastate","floor":0},{"not_picked":["champ:Backstep","champ:FanOfKnives"],"picked":"champ:FlashCut","floor":2},{"not_picked":["champ:EnragedBash","champ:FlashCut"],"picked":"champ:RisingSlash","floor":3},{"not_picked":["champ:Circumvent","champ:Riposte"],"picked":"champ:BringItOn","floor":4},{"not_picked":["champ:BringItOn","champ:HeavySlash"],"picked":"champ:RapidStrikes","floor":5},{"not_picked":["champ:FalseCounter","champ:DefensiveShout"],"picked":"champ:TornadoPunch","floor":6},{"not_picked":["champ:DefensiveStyle","champ:Control"],"picked":"champ:DefensiveShout","floor":8},{"not_picked":["champ:LastStand","champ:FightOn"],"picked":"champ:Haymaker","floor":10},{"not_picked":["champ:BringItOn","champ:Duel"],"picked":"champ:DeathBlow","floor":12},{"not_picked":["Negative_Energy_Mist","Necromantic_Selection"],"picked":"Spot Weakness","floor":15}],"player_experience":772780,"relics_obtained":[{"floor":8,"key":"Golden Egg"},{"floor":9,"key":"White Beast Statue"}],"event_choices":[],"is_beta":false,"boss_relics":[],"items_purged_floors":[],"is_endless":false,"potions_floor_spawned":[2,4,6,10,12,15],"killed_by":"downfall:Defect","ascension_level":0}}