{"host":"bg8va46pgqgvtzim","time":1609492696,"event":{"mods":["BaseMod","Minty Spire (QoL Compilation)","Quick Restart","StSLib","SuperFastMode"],"gold_per_floor":[112,126,17,36,136,167,186,186,186,198,231,231,242,276,276,374,374,394,114,131,149,24,24,49,49,131,158,175,175,210,210,210,310,310,327,177,196,196,246,281,281,281,281,18,38,72,91,120,120,120,120,120,44,79,79],"floor_reached":56,"playtime":1898,"items_purged":["Strike_G","Strike_G","Strike_G","Strike_G","Defend_G","Defend_G"],"score":1807,"play_id":"c52ed262-762e-468e-aefd-54059e2766de","local_time":"20210101171816","is_ascension_mode":true,"campfire_choices":[{"data":"Skewer","floor":8.0,"key":"SMITH"},{"data":"Neutralize","floor":12.0,"key":"SMITH"},{"data":"Acrobatics","floor":15.0,"key":"SMITH"},{"data":"Prepared","floor":23.0,"key":"SMITH"},{"data":"Expertise","floor":25.0,"key":"SMITH"},{"data":"Setup","floor":32.0,"key":"SMITH"},{"data":"Defend_G","floor":41,"key":"PURGE"},{"floor":49,"key":"RECALL"},{"data":"Strike_G","floor":52,"key":"PURGE"}],"circlet_count":0,"master_deck":["Defend_G","Defend_G","Survivor","Neutralize+1","Adrenaline","Acrobatics+1","Skewer+1","Terror","Well Laid Plans","Underhanded Strike","Grand Finale","After Image","CurseOfTheBell","Expertise+1","Setup+1","Prepared+1","Acrobatics","Necronomicurse","Concentrate+1","After Image","Reflex+1","Calculated Gamble+1","Madness+1","Madness+1","Acrobatics+1","Purity+1","Backflip+1","Deflect+1","Escape Plan+1"],"relics":["Ring of the Snake","Mercury Hourglass","Paper Crane","Question Card","Oddly Smooth Stone","Calling Bell","Vajra","Blue Candle","Peace Pipe","Orrery","Du-Vu Doll","Toxic Egg 2","Shovel","Necronomicon","HornCleat","Black Star","Thread and Needle","Omamori","Gambling Chip","Centennial Puzzle","Smiling Mask","The Specimen","Boot","Bottled Tornado","StrikeDummy","Bag of Preparation"],"acts_visited":["Exordium","TheCity","TheBeyond","TheEnding"],"potions_floor_usage":[55],"damage_taken":[{"damage":0.0,"enemies":"Cultist","floor":1.0,"turns":3.0},{"damage":0.0,"enemies":"Small Slimes","floor":2.0,"turns":5.0},{"damage":0.0,"enemies":"2 Louse","floor":4.0,"turns":2.0},{"damage":22.0,"enemies":"3 Sentries","floor":6.0,"turns":12.0},{"damage":0.0,"enemies":"Exordium Wildlife","floor":7.0,"turns":3.0},{"damage":0.0,"enemies":"Exordium Thugs","floor":10.0,"turns":3.0},{"damage":2.0,"enemies":"Lagavulin","floor":11.0,"turns":6.0},{"damage":2.0,"enemies":"3 Louse","floor":13.0,"turns":2.0},{"damage":1.0,"enemies":"Gremlin Nob","floor":14.0,"turns":3.0},{"damage":0.0,"enemies":"The Guardian","floor":16.0,"turns":6.0},{"damage":0.0,"enemies":"Shell Parasite","floor":18.0,"turns":5.0},{"damage":4.0,"enemies":"3 Byrds","floor":20.0,"turns":4.0},{"damage":4.0,"enemies":"Snake Plant","floor":21.0,"turns":4.0},{"damage":26.0,"enemies":"Slavers","floor":24.0,"turns":3.0},{"damage":0.0,"enemies":"Book of Stabbing","floor":27.0,"turns":4.0},{"damage":7.0,"enemies":"Cultist and Chosen","floor":28.0,"turns":4.0},{"damage":0.0,"enemies":"Gremlin Leader","floor":30.0,"turns":6.0},{"damage":2.0,"enemies":"Automaton","floor":33.0,"turns":6.0},{"damage":1.0,"enemies":"3 Shapes","floor":35.0,"turns":11.0},{"damage":0.0,"enemies":"3 Darklings","floor":37.0,"turns":2.0},{"damage":1.0,"enemies":"Mind Bloom Boss Battle","floor":39.0,"turns":4.0},{"damage":0.0,"enemies":"Nemesis","floor":40.0,"turns":3.0},{"damage":0,"enemies":"Spire Growth","floor":45,"turns":2},{"damage":0,"enemies":"Giant Head","floor":46,"turns":2},{"damage":4,"enemies":"Writhing Mass","floor":47,"turns":3},{"damage":0,"enemies":"Reptomancer","floor":48,"turns":1},{"damage":0,"enemies":"Awakened One","floor":50,"turns":3},{"damage":0,"enemies":"Shield and Spear","floor":54,"turns":1},{"damage":1,"enemies":"The Heart","floor":55,"turns":5}],"seed_played":"-7358896278724717076","potions_obtained":[{"floor":6.0,"key":"Dexterity Potion"},{"floor":7.0,"key":"DuplicationPotion"},{"floor":10.0,"key":"LiquidBronze"},{"floor":11.0,"key":"Weak Potion"},{"floor":24.0,"key":"LiquidMemories"},{"floor":30.0,"key":"GhostInAJar"},{"floor":46,"key":"Weak Potion"},{"floor":54,"key":"Swift Potion"}],"is_trial":false,"path_per_floor":["M","M","$","M","?","E","M","R","T","M","E","R","M","E","R","B",null,"M","$","M","M","$","R","E","R","T","E","M","?","E","?","R","B",null,"M","$","M","?","?","E","R","?","T","$","M","E","M","E","R","B",null,"R","$","E","B",null],"character_chosen":"THE_SILENT","items_purchased":["Terror","Orrery","Acrobatics","Purity+1","Deflect+1"],"campfire_rested":0,"item_purchase_floors":[3,19,19,44,53],"current_hp_per_floor":[49,49,49,49,49,27,27,27,27,27,25,25,23,22,22,22,70,70,70,66,62,62,62,36,36,36,36,29,13,13,13,13,11,70,69,69,69,60,59,59,59,59,59,59,59,59,55,55,55,55,70,70,70,70,69],"gold":79,"neow_bonus":"THREE_RARE_CARDS","is_daily":false,"chose_seed":false,"campfire_upgraded":6,"win_rate":0.0,"timestamp":1609492696,"path_taken":["M","M","?","M","?","E","M","R","T","M","E","R","?","E","R","BOSS","M","$","M","M","$","R","E","R","T","E","M","?","E","?","R","BOSS","M","$","M","?","?","E","R","?","T","$","M","E","?","E","R","BOSS","R","$","E","BOSS"],"items_purchased_type":["Card","Relic","Card","Card","Card"],"build_version":"2020-12-22","purchased_purges":6,"victory":true,"max_hp_per_floor":[70,70,70,70,70,70,70,70,70,70,70,70,70,70,70,70,70,70,70,70,70,70,70,70,70,70,70,70,70,70,70,70,70,70,70,70,70,70,70,70,70,70,70,70,70,70,70,70,70,70,70,70,70,70,70],"card_choices":[{"not_picked":["Burst","Bullet Time"],"picked":"Adrenaline","floor":0.0},{"not_picked":["Prepared","Leg Sweep"],"picked":"Acrobatics","floor":1.0},{"not_picked":["Outmaneuver","Blur"],"picked":"Skewer","floor":2.0},{"not_picked":["Flying Knee","Dagger Spray","Acrobatics"],"picked":"SKIP","floor":4.0},{"not_picked":["Heel Hook","Quick Slash","Flying Knee"],"picked":"SKIP","floor":6.0},{"not_picked":["Bane","Venomology","Dagger Throw"],"picked":"SKIP","floor":7.0},{"not_picked":["Bane","Setup","Dagger Spray"],"picked":"SKIP","floor":10.0},{"not_picked":["Endless Agony","Quick Slash"],"picked":"Well Laid Plans","floor":11.0},{"not_picked":["Dodge and Roll","Dagger Throw","Storm of Steel"],"picked":"Underhanded Strike","floor":13.0},{"not_picked":["Dagger Spray","Riddle With Holes","Dodge and Roll"],"picked":"Grand Finale","floor":14.0},{"not_picked":["Die Die Die","Adrenaline","Storm of Steel"],"picked":"After Image","floor":16.0},{"not_picked":["Cloak And Dagger","Deflect","Backflip"],"picked":"Expertise","floor":18.0},{"not_picked":["Heel Hook","Quick Slash","Sucker Punch"],"picked":"Setup","floor":19.0},{"not_picked":["All Out Attack","Infinite Blades+1","Accuracy"],"picked":"Prepared","floor":19.0},{"not_picked":["Acrobatics","PiercingWail","Sucker Punch","Venomology"],"picked":"SKIP","floor":20.0},{"not_picked":["Dagger Throw","Blade Dance","PiercingWail+1","Bouncing Flask"],"picked":"SKIP","floor":21.0},{"not_picked":["Flying Knee","Outmaneuver","Dodge and Roll","Eviscerate"],"picked":"SKIP","floor":24.0},{"not_picked":["Dodge and Roll+1","Predator","Deflect+1","Bouncing Flask+1"],"picked":"SKIP","floor":27.0},{"not_picked":["Deflect+1","Dodge and Roll+1","Leg Sweep+1","Deadly Poison+1"],"picked":"SKIP","floor":28.0},{"not_picked":["Dodge and Roll+1","Flying Knee+1","Poisoned Stab"],"picked":"Concentrate+1","floor":30.0},{"not_picked":["Dodge and Roll+1","Quick Slash","Calculated Gamble+1"],"picked":"Reflex+1","floor":35.0},{"not_picked":["Eviscerate+1","Flying Knee","Quick Slash"],"picked":"Calculated Gamble+1","floor":37.0},{"not_picked":["Cloak And Dagger+1","Flying Knee","Slice"],"picked":"Acrobatics+1","floor":39.0},{"not_picked":["Acrobatics+1","Bouncing Flask+1","Dagger Spray","Glass Knife"],"picked":"SKIP","floor":40.0},{"not_picked":["Predator+1","Underhanded Strike+1","Dodge and Roll+1"],"picked":"Backflip+1","floor":45},{"not_picked":["Skewer+1","Catalyst+1","Sucker Punch","Dodge and Roll+1"],"picked":"SKIP","floor":46},{"not_picked":["Expertise+1","Distraction+1","Cloak And Dagger+1","Deadly Poison+1"],"picked":"SKIP","floor":47},{"not_picked":["Corpse Explosion+1","Underhanded Strike+1","Slice","Caltrops+1"],"picked":"SKIP","floor":48},{"not_picked":["Poisoned Stab","Wraith Form v2","Dagger Spray"],"picked":"Escape Plan+1","floor":54}],"player_experience":2209914,"relics_obtained":[{"floor":6.0,"key":"Mercury Hourglass"},{"floor":9.0,"key":"Paper Crane"},{"floor":11.0,"key":"Question Card"},{"floor":14.0,"key":"Oddly Smooth Stone"},{"floor":17.0,"key":"Vajra"},{"floor":17.0,"key":"Blue Candle"},{"floor":17.0,"key":"Peace Pipe"},{"floor":24.0,"key":"Du-Vu Doll"},{"floor":26.0,"key":"Toxic Egg 2"},{"floor":27.0,"key":"Shovel"},{"floor":29.0,"key":"Necronomicon"},{"floor":30.0,"key":"HornCleat"},{"floor":39.0,"key":"Thread and Needle"},{"floor":40.0,"key":"Omamori"},{"floor":40.0,"key":"Gambling Chip"},{"floor":46,"key":"Smiling Mask"},{"floor":46,"key":"The Specimen"},{"floor":48,"key":"Boot"},{"floor":48,"key":"Bottled Tornado"},{"floor":54,"key":"StrikeDummy"},{"floor":54,"key":"Bag of Preparation"}],"event_choices":[{"damage_healed":0.0,"max_hp_gain":0.0,"max_hp_loss":0.0,"gold_gain":100.0,"event_name":"Golden Shrine","player_choice":"Pray","floor":5.0,"gold_loss":0.0,"damage_taken":0.0},{"damage_healed":0.0,"max_hp_gain":0.0,"max_hp_loss":0.0,"gold_gain":0.0,"event_name":"Cursed Tome","player_choice":"Obtained Book","floor":29.0,"gold_loss":0.0,"damage_taken":16.0},{"damage_healed":0.0,"max_hp_gain":0.0,"max_hp_loss":0.0,"gold_gain":0.0,"event_name":"Duplicator","player_choice":"Copied","floor":31.0,"gold_loss":0.0,"damage_taken":0.0,"cards_obtained":["After Image"]},{"damage_healed":0.0,"max_hp_gain":0.0,"max_hp_loss":0.0,"gold_gain":0.0,"event_name":"Winding Halls","player_choice":"Embrace Madness","floor":38.0,"gold_loss":0.0,"damage_taken":9.0,"cards_obtained":["Madness","Madness"]},{"damage_healed":0.0,"max_hp_gain":0.0,"max_hp_loss":0.0,"gold_gain":0.0,"event_name":"MindBloom","player_choice":"Fight","floor":39.0,"gold_loss":0.0,"damage_taken":0.0},{"damage_healed":0,"gold_gain":0,"player_choice":"Gave Potion","damage_taken":0,"relics_obtained":["Centennial Puzzle"],"max_hp_gain":0,"max_hp_loss":0,"event_name":"WeMeetAgain","floor":42,"gold_loss":0}],"is_beta":false,"boss_relics":[{"not_picked":["Tiny House","Ring of the Serpent"],"picked":"Calling Bell"},{"not_picked":["Pandora\u0027s Box","Cursed Key"],"picked":"Black Star"}],"items_purged_floors":[3,19,22,36,44,53],"is_endless":false,"potions_floor_spawned":[6,7,10,11,14,16,18,20,24,30,33,37,46,47,54],"ascension_level":1}}