{"host":"h4lp0eeso8a0ssq0","time":1609483030,"event":{"mods":["2.2 Compatiblity","BaseMod","CapriCore","Colored Map","Downfall","Minty Spire (QoL Compilation)","StSLib","SuperFastMode"],"gold_per_floor":[115,128,158,308,321,362,362,403,403,403,403,424,444,444,470,470,470,470],"floor_reached":16,"playtime":779,"items_purged":[],"score":112,"play_id":"75584bdf-ce0d-4ab5-887b-95bbf5d0293b","local_time":"20210101153710","is_ascension_mode":false,"campfire_choices":[{"floor":9.0,"key":"REST"}],"circlet_count":0,"master_deck":["hexamod:Strike","hexamod:Strike","hexamod:Strike","hexamod:Defend","hexamod:Defend","hexamod:Defend","hexamod:Defend","hexamod:Sear","hexamod:Float","hexamod:BacktrackSmack","hexamod:SpectersWail","Slimebound:Icky","hexamod:SecondSeal","hexamod:FifthSeal","hexamod:FourthSeal","hexamod:FlamesFromBeyond+1","hexamod:GhostShield+1","hexamod:ThirdSeal","hexamod:ExtraCrispy","hexamod:SixthSeal","hexamod:AdvancingGuard+1","hexamod:HeatShield+1"],"relics":["hexamod:SpiritBrand","Mummified Hand","Toxic Egg 2","Bottled Flame","Ice Cream","downfall:BrokenWingStatue"],"acts_visited":["Exordium"],"potions_floor_usage":[16,16],"damage_taken":[{"damage":0.0,"enemies":"Jaw Worm","floor":1.0,"turns":3.0},{"damage":2.0,"enemies":"2 Louse","floor":2.0,"turns":3.0},{"damage":0.0,"enemies":"Small Slimes","floor":5.0,"turns":2.0},{"damage":30.0,"enemies":"Lagavulin","floor":6.0,"turns":7.0},{"damage":31.0,"enemies":"3 Sentries","floor":8.0,"turns":9.0},{"damage":9.0,"enemies":"2 Fungi Beasts","floor":12.0,"turns":4.0},{"damage":22.0,"enemies":"Exordium Thugs","floor":13.0,"turns":6.0},{"damage":4.0,"enemies":"Blue Slaver","floor":15.0,"turns":3.0},{"damage":10,"enemies":"downfall:Ironclad","floor":16,"turns":2}],"seed_played":"438457066971500169","potions_obtained":[{"floor":1.0,"key":"SmokeBomb"},{"floor":12.0,"key":"Weak Potion"},{"floor":13.0,"key":"FearPotion"},{"floor":13.0,"key":"Fire Potion"},{"floor":14.0,"key":"SmokeBomb"},{"floor":14.0,"key":"Energy Potion"},{"floor":14.0,"key":"hexamod:EctoCoolerPotion"}],"is_trial":false,"path_per_floor":["M","M","?","?","M","E","T","E","R","?","?","M","M","?","M","B"],"character_chosen":"THE_SPIRIT","items_purchased":[],"campfire_rested":1,"item_purchase_floors":[],"current_hp_per_floor":[77,75,75,75,75,45,45,14,37,37,37,28,6,6,2,0,0,0],"gold":470,"neow_bonus":"TEN_PERCENT_HP_BONUS","is_daily":false,"chose_seed":false,"campfire_upgraded":0,"win_rate":0.0,"timestamp":1609483030,"path_taken":["M","M","?","?","M","E","T","E","R","?","?","M","M","?","M","BOSS"],"items_purchased_type":[],"build_version":"2020-12-22","purchased_purges":0,"victory":false,"max_hp_per_floor":[77,77,77,77,77,77,77,77,77,77,77,77,77,77,77,77,77,77],"card_choices":[{"not_picked":["hexamod:Haunt","hexamod:NightmareStrike"],"picked":"hexamod:BacktrackSmack","floor":1.0},{"not_picked":["hexamod:NightmareStrike","hexamod:HeatCrush"],"picked":"hexamod:SpectersWail","floor":2.0},{"not_picked":["hexamod:EtherealExpedition","hexamod:BacktrackSmack"],"picked":"hexamod:SecondSeal","floor":5.0},{"not_picked":["hexamod:HauntingEcho","hexamod:PowerFromBeyond+1"],"picked":"hexamod:FifthSeal","floor":6.0},{"not_picked":["hexamod:SecondSeal","hexamod:SixthSeal"],"picked":"hexamod:FourthSeal","floor":8.0},{"not_picked":["hexamod:BurningTouch+1","hexamod:RadiantFlame"],"picked":"hexamod:FlamesFromBeyond+1","floor":8.0},{"not_picked":["hexamod:GhostOfSpirePresent","hexamod:Again+1"],"picked":"hexamod:GhostShield+1","floor":12.0},{"not_picked":["hexamod:SecondSeal","hexamod:FourthSeal"],"picked":"hexamod:ThirdSeal","floor":13.0},{"not_picked":["hexamod:Incineration","hexamod:SpectersWail"],"picked":"hexamod:ExtraCrispy","floor":13.0},{"not_picked":["hexamod:FourthSeal","hexamod:SecondSeal"],"picked":"hexamod:SixthSeal","floor":15.0},{"not_picked":["hexamod:GhostflameBarrier+1","hexamod:RecurringNightmare+1"],"picked":"hexamod:AdvancingGuard+1","floor":15.0},{"not_picked":["hexamod:InspiringFlames+1","hexamod:SpectersWail"],"picked":"hexamod:HeatShield+1","floor":15.0}],"player_experience":61046,"relics_obtained":[{"floor":6.0,"key":"Toxic Egg 2"},{"floor":7.0,"key":"Bottled Flame"},{"floor":8.0,"key":"Ice Cream"}],"event_choices":[{"damage_healed":0.0,"max_hp_gain":0.0,"max_hp_loss":0.0,"gold_gain":0.0,"event_name":"Lab","player_choice":"Got Potions","floor":14.0,"gold_loss":0.0,"damage_taken":0.0}],"is_beta":false,"boss_relics":[],"items_purged_floors":[],"is_endless":false,"potions_floor_spawned":[1,13],"killed_by":"downfall:Ironclad","ascension_level":0}}