{"host":"3c27c697js19kaoo","time":1609484838,"event":{"mods":["ATMod(°¢èªMod)","Aspiration","BaseMod","CapriCore","Dota2Spire","Hermit","Lobotomy","Minty Spire (QoL Compilation)","Quick Restart","Replay The Spire","Robot Space Explorer","RumiaBox-Â¶Ã×æ«µÄÉñÃØºÐ×Ó","Spicy Shops","StSLib","The Alterego","The Cursed","The Runesmith","The Servant 0.9.4","vexMod","¡¾¹¦ÄÜMod¡¿»ìãçÖ®»·ÐÞ¸´²¹¶¡","¡¾ÒÅÎï¿¨ÅÆ¡¿REMEMod"],"gold_per_floor":[111,86,27,27,39,39,59,93,93,105,152,252,280,312,312,314,314],"floor_reached":16,"playtime":770,"items_purged":[],"score":112,"play_id":"29d410d3-7d59-4a79-9b50-512a29c37de6","local_time":"20210101150718","is_ascension_mode":true,"campfire_choices":[{"data":"Pot Of Greed","floor":6,"key":"SMITH"},{"data":"Sunder","floor":15,"key":"SMITH"}],"circlet_count":0,"master_deck":["Strike_B","Strike_B","Strike_B","Strike_B","Defend_B","Defend_B","Defend_B","Defend_B","Zap","Dualcast","AT_ChampionKick","AT_WaterDrop","MHz","Self Repair","Pot Of Greed+1","Pot Of Greed","MeatLantern","REME_Shoggoth","Panic Button","OldLady","Gash","RedShoes","White Noise","SnowQueen","Go for the Eyes","PunishingBird","Pot Of Greed","Sunder+1"],"relics":["Cracked Core","REME_ComplimentaryCards","AT_ATBox","CogitoBucket","replay:Trail_Library","Grinning Jar","Dota2Spire:MaskOfMadness","aspiration:FetidBarrel","Replay:Bandana","Theresia"],"acts_visited":["Exordium"],"potions_floor_usage":[],"damage_taken":[{"damage":6,"enemies":"Jaw Worm","floor":1,"turns":4},{"damage":1,"enemies":"2 Louse","floor":5,"turns":3},{"damage":4,"enemies":"Small Slimes","floor":7,"turns":4},{"damage":17,"enemies":"3 Sentries","floor":8,"turns":7},{"damage":0,"enemies":"Red Slaver","floor":10,"turns":2},{"damage":21,"enemies":"Exordium Thugs","floor":13,"turns":4},{"damage":4,"enemies":"Blue Slaver","floor":14,"turns":3},{"damage":100,"enemies":"The Guardian","floor":16,"turns":1}],"seed_played":"-8845404499682930113","potions_obtained":[{"floor":5,"key":"Dota2Spire:HealingSalve"},{"floor":13,"key":"Toxic Potion"},{"floor":14,"key":"Venom Potion"}],"is_trial":false,"path_per_floor":["M","?","?","$","M","R","M","E","T","M","T","?","M","M","R","B"],"character_chosen":"DEFECT","items_purchased":[],"campfire_rested":0,"item_purchase_floors":[],"current_hp_per_floor":[69,69,69,69,75,75,75,65,65,65,65,65,51,54,54,0,0],"gold":314,"neow_bonus":"","is_daily":false,"chose_seed":false,"campfire_upgraded":2,"win_rate":0.0,"timestamp":1609484838,"path_taken":["M","?","?","$","?","R","M","E","T","M","?","?","?","M","R","BOSS"],"items_purchased_type":[],"build_version":"2020-12-22","purchased_purges":0,"victory":false,"max_hp_per_floor":[75,75,75,75,75,75,75,75,75,75,75,75,75,75,75,75,75],"card_choices":[{"not_picked":["BeautyBeast","VoidDream"],"picked":"MHz","floor":1},{"not_picked":["ReplayGash","AT_StudyProgram"],"picked":"Self Repair","floor":1},{"not_picked":["BeautyBeast","CherryBlossoms"],"picked":"MeatLantern","floor":5},{"not_picked":["Hologram","Scrape"],"picked":"REME_Shoggoth","floor":5},{"not_picked":["Storm","Coolheaded"],"picked":"Panic Button","floor":7},{"not_picked":["BigBird","ShyLook"],"picked":"OldLady","floor":8},{"not_picked":["Glacier","AT_ThreeBodyProblem"],"picked":"Gash","floor":8},{"not_picked":["FairyFestival","WallGazer"],"picked":"RedShoes","floor":10},{"not_picked":["Genetic Algorithm","ReplayTheSpireMod:Reroute Power","ReplayRNGCard"],"picked":"SKIP","floor":10},{"not_picked":["GreedKing","SpiderBud"],"picked":"SnowQueen","floor":13},{"not_picked":["Time Bomb","Turbo"],"picked":"Go for the Eyes","floor":13},{"not_picked":["OSAHOGD","CrumblingArmor"],"picked":"PunishingBird","floor":14},{"not_picked":["AT_HeatAcrobatics","Skim"],"picked":"Sunder","floor":14}],"player_experience":199765,"relics_obtained":[{"floor":8,"key":"Dota2Spire:MaskOfMadness"},{"floor":9,"key":"aspiration:FetidBarrel"},{"floor":11,"key":"Replay:Bandana"}],"event_choices":[{"damage_healed":0,"gold_gain":0,"player_choice":"Paid Gold","damage_taken":0,"relics_obtained":["Grinning Jar"],"max_hp_gain":0,"max_hp_loss":0,"event_name":"WeMeetAgain","floor":3,"gold_loss":59},{"damage_healed":0,"gold_gain":100,"player_choice":"Pray","damage_taken":0,"max_hp_gain":0,"max_hp_loss":0,"event_name":"Golden Shrine","floor":12,"gold_loss":0}],"is_beta":false,"boss_relics":[],"items_purged_floors":[],"is_endless":false,"potions_floor_spawned":[5,13,14],"killed_by":"The Guardian","ascension_level":2}}