{"host":"h4lp0eeso8a0ssq0","time":1609480608,"event":{"mods":["2.2 Compatiblity","BaseMod","CapriCore","Colored Map","Downfall","Minty Spire (QoL Compilation)","StSLib","SuperFastMode"],"gold_per_floor":[109,120,120,30,47,47,71,83,109,123,73,173,173,193,207,306,356,306,323,340,353,353,353,353],"floor_reached":22,"playtime":1605,"items_purged":["Slimebound:Strike_Slimebound"],"score":190,"play_id":"99746894-feae-4b4e-a64c-2b5f849cd421","local_time":"20210101145648","is_ascension_mode":false,"campfire_choices":[{"data":"Slimebound:Split","floor":6.0,"key":"SMITH"},{"floor":11,"key":"REST"},{"data":"Slimebound:DouseInSlime","floor":18,"key":"SMITH"}],"circlet_count":0,"master_deck":["Slimebound:Tackle","Slimebound:Defend_Slimebound","Slimebound:Defend_Slimebound","Slimebound:Defend_Slimebound","Slimebound:Defend_Slimebound","Slimebound:Split+1","Slimebound:CorrosiveSpit","Slimebound:AcidTongue","Slimebound:AcidTongue","Slimebound:Schlurp","Slimebound:LeechingTouch+1","Slimebound:Repurpose","Slimebound:SlimeSpikes","Slimebound:DivideAndConquer","Slimebound:Replication","Slimebound:SpikyOuterGoop+1","Slimebound:DouseInSlime+1","Slimebound:SplitSpecialist","Slimebound:SlimeTap+1","Slimebound:RollThrough","Slimebound:LeadByExample+1"],"relics":["Slimebound:AbsorbEndCombat","Slimebound:GreedOozeRelic","Ancient Tea Set","Frozen Egg 2","Tiny House"],"acts_visited":["TheCity"],"potions_floor_usage":[9,16,22,22,22],"damage_taken":[{"damage":8.0,"enemies":"2 Louse","floor":1.0,"turns":3.0},{"damage":4.0,"enemies":"Small Slimes","floor":2.0,"turns":4.0},{"damage":4.0,"enemies":"downfall:FleeingMerchant","floor":4.0,"turns":4.0},{"damage":19.0,"enemies":"Cultist","floor":5.0,"turns":4.0},{"damage":16.0,"enemies":"Large Slime","floor":8.0,"turns":6.0},{"damage":34,"enemies":"3 Sentries","floor":9,"turns":9},{"damage":9,"enemies":"Exordium Thugs","floor":10,"turns":5},{"damage":0,"enemies":"3 Louse","floor":14,"turns":3},{"damage":16,"enemies":"2 Fungi Beasts","floor":15,"turns":4},{"damage":48,"enemies":"downfall:Ironclad","floor":16,"turns":10},{"damage":28,"enemies":"Shell Parasite","floor":19,"turns":6},{"damage":39,"enemies":"Centurion and Healer","floor":20,"turns":10},{"damage":43,"enemies":"3 Cultists","floor":21,"turns":6},{"damage":11,"enemies":"Snake Plant","floor":22,"turns":1}],"seed_played":"4469493928318708001","potions_obtained":[{"floor":1.0,"key":"Ancient Potion"},{"floor":5.0,"key":"LiquidMemories"},{"floor":10,"key":"ColorlessPotion"},{"floor":17,"key":"AttackPotion"},{"floor":20,"key":"sneckomod:MuddlingPotion"}],"is_trial":false,"path_per_floor":["M","M","?","$","M","R","T","M","E","M","R","?","?","M","M","B",null,"R","M","M","M","M"],"character_chosen":"SLIMEBOUND","items_purchased":[],"campfire_rested":1,"item_purchase_floors":[],"current_hp_per_floor":[40,42,42,46,35,35,35,31,11,16,34,34,34,38,34,4,65,65,51,34,9,0,0,0],"gold":353,"neow_bonus":"REMOVE_TWO","is_daily":false,"chose_seed":false,"campfire_upgraded":2,"win_rate":0.0,"timestamp":1609480608,"path_taken":["M","M","?","$","M","R","T","M","E","M","R","?","?","?","M","BOSS","R","M","M","M","M"],"items_purchased_type":[],"build_version":"2020-12-22","purchased_purges":1,"victory":false,"max_hp_per_floor":[60,60,60,60,60,60,60,60,60,60,60,60,60,60,60,60,65,65,65,65,65,65,65,65],"card_choices":[{"not_picked":["Slimebound:RejuvenatingLick","Slimebound:ForwardTackle"],"picked":"Slimebound:AcidTongue","floor":1.0},{"not_picked":["Slimebound:LeechEnergy","Slimebound:RollThrough"],"picked":"Slimebound:AcidTongue","floor":2.0},{"not_picked":["Slimebound:SplitAcid","Slimebound:ComboTackle"],"picked":"Slimebound:SlimeBrawl","floor":4.0},{"not_picked":["Slimebound:LeechingTouch","Slimebound:GrowthPunch"],"picked":"Slimebound:Schlurp","floor":5.0},{"not_picked":["Slimebound:ComboTackle","Slimebound:DivideAndConquer"],"picked":"Slimebound:LeechingTouch","floor":8.0},{"not_picked":["Slimebound:CheckThePlaybook","Slimebound:Teamwork"],"picked":"Slimebound:Repurpose","floor":9},{"not_picked":["Slimebound:SplitBruiser","Slimebound:ComboTackle"],"picked":"Slimebound:SlimeSpikes","floor":10},{"not_picked":["Slimebound:DivideAndConquer","Slimebound:GoopTackle"],"picked":"Slimebound:Replication","floor":14},{"not_picked":["Slimebound:FormOfPuddle","Slimebound:Schlurp"],"picked":"Slimebound:SpikyOuterGoop+1","floor":15},{"not_picked":["Slimebound:RallyTheTroops","Slimebound:TagTeam"],"picked":"Slimebound:DouseInSlime","floor":16},{"not_picked":["Slimebound:SplitBruiser","Slimebound:GoopSpray"],"picked":"Slimebound:SplitSpecialist","floor":17},{"not_picked":["Slimebound:SpikyOuterGoop+1","Slimebound:RollThrough"],"picked":"Slimebound:SlimeTap+1","floor":19},{"not_picked":["Slimebound:LivingWall","Slimebound:Schlurp"],"picked":"Slimebound:RollThrough","floor":20},{"not_picked":["Slimebound:GoopSpray","Slimebound:Grow+1"],"picked":"Slimebound:LeadByExample+1","floor":21}],"player_experience":58302,"relics_obtained":[{"floor":7.0,"key":"Ancient Tea Set"},{"floor":9,"key":"Frozen Egg 2"}],"event_choices":[{"damage_healed":0,"gold_gain":0,"cards_transformed":["Slimebound:SlimeBrawl"],"player_choice":"Transformed","damage_taken":0,"max_hp_gain":0,"max_hp_loss":0,"event_name":"Transmorgrifier","floor":13,"gold_loss":0,"cards_obtained":["Slimebound:DivideAndConquer"]}],"is_beta":false,"boss_relics":[{"not_picked":["Snecko Eye","Velvet Choker"],"picked":"Tiny House"}],"items_purged_floors":[4],"is_endless":false,"potions_floor_spawned":[1,5,10,20],"killed_by":"Snake Plant","ascension_level":0}}