{"host":"sc0o2qwpf9j16a4i","time":1609528405,"event":{"mods":["AchievementEnabler","BaseMod","BetterRewards","Block Reminder","Colored Map","Colored Powertips","Custom Start","Highlight Path","Minty Spire (QoL Compilation)","Relic Stats"],"gold_per_floor":[117,42,61,31,46,46,78,78,102,120,151,151,163,182,182,256,256,276,276,30,65,76,76,105,105,128,163,163,206,38,79,79,151,151,217,217,10,91,157,157,184,222,247,247,35,35,63,24,24,24,24,24],"floor_reached":51,"playtime":2615,"items_purged":["Strike_P","Defend_P","Strike_P"],"score":1820,"play_id":"d97a774b-3649-4471-8335-9603c29408c7","local_time":"20210101211325","is_ascension_mode":true,"campfire_choices":[{"floor":6.0,"key":"REST"},{"data":"Worship","floor":8.0,"key":"SMITH"},{"floor":15.0,"key":"REST"},{"floor":23.0,"key":"REST"},{"floor":25.0,"key":"REST"},{"floor":28.0,"key":"REST"},{"floor":32.0,"key":"REST"},{"floor":40.0,"key":"REST"},{"floor":46.0,"key":"REST"},{"floor":49.0,"key":"RECALL"}],"circlet_count":0,"master_deck":["AscendersBane","Defend_P","Defend_P","Eruption","Vigilance","Worship+1","TalkToTheHand","FlurryOfBlows","LikeWater","Wallop","Wireheading","Protect","MentalFortress","Wish","FearNoEvil","Wish","Prostrate","EmptyBody","Devotion","FlurryOfBlows","LikeWater","Vault","Nirvana+1","LikeWater","Protect","InnerPeace","WaveOfTheHand+1","Swivel","WheelKick","Prostrate","Meditate"],"relics":["PureWater","ClockworkSouvenir","PreservedInsect","Vajra","Sling","Orichalcum","Potion Belt","Centennial Puzzle","Boot","Fusion Hammer","DollysMirror","Lizard Tail","Ancient Tea Set","Damaru","SacredBark","Pear","Bronze Scales","Blood Vial"],"acts_visited":["Exordium","TheCity","TheBeyond"],"potions_floor_usage":[51],"damage_taken":[{"damage":0.0,"enemies":"Small Slimes","floor":1.0,"turns":3.0},{"damage":0.0,"enemies":"Jaw Worm","floor":3.0,"turns":5.0},{"damage":0.0,"enemies":"Cultist","floor":5.0,"turns":3.0},{"damage":0.0,"enemies":"Lagavulin","floor":7.0,"turns":3.0},{"damage":14.0,"enemies":"3 Louse","floor":10.0,"turns":5.0},{"damage":2.0,"enemies":"Gremlin Nob","floor":11.0,"turns":3.0},{"damage":0.0,"enemies":"Blue Slaver","floor":13.0,"turns":3.0},{"damage":6.0,"enemies":"Exordium Thugs","floor":14.0,"turns":4.0},{"damage":3.0,"enemies":"The Guardian","floor":16.0,"turns":10.0},{"damage":18.0,"enemies":"3 Byrds","floor":18.0,"turns":7.0},{"damage":1.0,"enemies":"Chosen","floor":21.0,"turns":5.0},{"damage":7.0,"enemies":"Sentry and Sphere","floor":22.0,"turns":8.0},{"damage":60.0,"enemies":"Book of Stabbing","floor":24.0,"turns":6.0},{"damage":12.0,"enemies":"Snecko","floor":27.0,"turns":8.0},{"damage":6.0,"enemies":"Chosen and Byrds","floor":29.0,"turns":7.0},{"damage":2.0,"enemies":"Sentry and Sphere","floor":31.0,"turns":7.0},{"damage":43.0,"enemies":"Collector","floor":33.0,"turns":12.0},{"damage":27.0,"enemies":"3 Shapes","floor":35.0,"turns":9.0},{"damage":22.0,"enemies":"3 Darklings","floor":39.0,"turns":7.0},{"damage":2.0,"enemies":"Giant Head","floor":41.0,"turns":6.0},{"damage":21.0,"enemies":"Spire Growth","floor":42.0,"turns":8.0},{"damage":22.0,"enemies":"Reptomancer","floor":47.0,"turns":8.0},{"damage":32.0,"enemies":"Awakened One","floor":50.0,"turns":21.0},{"damage":65,"enemies":"Time Eater","floor":51,"turns":16}],"seed_played":"-8887696128540880743","potions_obtained":[{"floor":4.0,"key":"Fruit Juice"},{"floor":4.0,"key":"EntropicBrew"},{"floor":5.0,"key":"DistilledChaos"},{"floor":7.0,"key":"Ambrosia"},{"floor":10.0,"key":"DuplicationPotion"},{"floor":16.0,"key":"Strength Potion"},{"floor":18.0,"key":"LiquidMemories"},{"floor":22.0,"key":"FearPotion"},{"floor":29.0,"key":"FearPotion"},{"floor":31.0,"key":"ColorlessPotion"},{"floor":36.0,"key":"GamblersBrew"},{"floor":36.0,"key":"AttackPotion"},{"floor":39.0,"key":"Ancient Potion"},{"floor":47.0,"key":"Fire Potion"}],"is_trial":false,"path_per_floor":["M","?","M","?","M","R","E","R","T","M","E","?","M","M","R","B",null,"M","?","$","M","M","R","E","R","T","M","R","M","$","M","R","B",null,"M","?","$","T","M","R","E","M","T","?","$","R","E","$","R","B","B"],"character_chosen":"WATCHER","items_purchased":["ClockworkSouvenir","PreservedInsect","Vajra","Sling","Orichalcum","DollysMirror","Damaru","LikeWater","Protect","WheelKick","Meditate"],"campfire_rested":8,"item_purchase_floors":[0,0,0,0,0,20,30,37,37,45,48],"current_hp_per_floor":[31,31,31,31,36,57,57,57,57,43,41,34,34,28,49,46,66,48,48,48,47,40,61,1,22,22,10,31,25,25,23,44,1,55,28,28,28,38,16,40,38,17,17,17,17,41,19,19,19,41,0,0],"gold":24,"neow_bonus":"","is_daily":false,"chose_seed":false,"campfire_upgraded":1,"win_rate":0.0,"timestamp":1609528405,"path_taken":["M","?","M","?","M","R","E","R","T","?","E","?","M","M","R","BOSS","M","?","$","M","M","R","E","R","T","M","R","M","$","M","R","BOSS","M","?","?","?","M","R","E","M","T","?","$","R","E","$","R","BOSS","BOSS"],"items_purchased_type":["Relic","Relic","Relic","Relic","Relic","Relic","Relic","Card","Card","Card","Card"],"build_version":"2020-12-22","purchased_purges":3,"victory":false,"max_hp_per_floor":[68,68,68,68,73,73,73,73,73,73,73,73,73,73,73,73,73,73,73,73,73,73,73,73,73,73,73,73,73,73,73,73,73,73,73,73,73,83,83,83,83,83,83,83,83,83,83,83,83,83,83,83],"relic_stats":{"Blood Vial":4,"Centennial Puzzle":[57],"Lizard Tail":41,"counters":[43,249],"Bronze Scales":[251],"PreservedInsect":410,"Orichalcum":[174],"Boot":[31],"obtain_stats":[{"SacredBark":34,"Vajra":0,"TeardropLocket":39,"Sling":0,"Boot":11,"Ancient Tea Set":26,"ClockworkSouvenir":0,"Blood Vial":47,"Centennial Puzzle":9,"Lizard Tail":24,"HornCleat":20,"DollysMirror":20,"Fusion Hammer":17,"Necronomicon":24,"Kunai":30,"Toxic Egg 2":20,"Potion Belt":7,"Pear":38,"Dead Branch":37,"Oddly Smooth Stone":7,"Damaru":30,"The Courier":13,"PreservedInsect":26,"War Paint":9,"Orichalcum":0,"White Beast Statue":10,"Busted Crown":34,"Bronze Scales":41,"Snecko Eye":17,"Bag of Marbles":12,"Bottled Lightning":23,"PureWater":0},{"SacredBark":36,"Vajra":19,"TeardropLocket":18,"Sling":19,"Boot":25,"Ancient Tea Set":32,"ClockworkSouvenir":19,"Blood Vial":41,"Centennial Puzzle":23,"Lizard Tail":32,"HornCleat":8,"DollysMirror":29,"Fusion Hammer":28,"Necronomicon":10,"Kunai":13,"Toxic Egg 2":8,"Potion Belt":23,"Pear":37,"Dead Branch":17,"Oddly Smooth Stone":4,"Damaru":34,"The Courier":5,"PreservedInsect":10,"War Paint":4,"Orichalcum":19,"White Beast Statue":4,"Busted Crown":15,"Bronze Scales":39,"Snecko Eye":7,"Bag of Marbles":5,"Bottled Lightning":10,"PureWater":0},{"SacredBark":174,"Vajra":75,"TeardropLocket":72,"Sling":75,"Boot":97,"Ancient Tea Set":140,"ClockworkSouvenir":75,"Blood Vial":212,"Centennial Puzzle":89,"Lizard Tail":140,"HornCleat":31,"DollysMirror":121,"Fusion Hammer":114,"Necronomicon":38,"Kunai":47,"Toxic Egg 2":31,"Potion Belt":89,"Pear":183,"Dead Branch":63,"Oddly Smooth Stone":13,"Damaru":155,"The Courier":20,"PreservedInsect":38,"War Paint":13,"Orichalcum":75,"White Beast Statue":13,"Busted Crown":56,"Bronze Scales":196,"Snecko Eye":29,"Bag of Marbles":20,"Bottled Lightning":38,"PureWater":0}]},"card_choices":[{"not_picked":["WaveOfTheHand","Sanctity"],"picked":"Worship","floor":1.0},{"not_picked":["Worship","JustLucky"],"picked":"TalkToTheHand","floor":3.0},{"not_picked":["ClearTheMind","Consecrate"],"picked":"FlurryOfBlows","floor":5.0},{"not_picked":["ConjureBlade","Adaptation"],"picked":"LikeWater","floor":7.0},{"not_picked":["Fasting2","ForeignInfluence"],"picked":"Wallop","floor":10.0},{"not_picked":["Halt","CrushJoints"],"picked":"Wireheading","floor":11.0},{"not_picked":["EmptyFist","WreathOfFlame"],"picked":"Protect","floor":13.0},{"not_picked":["Consecrate","LikeWater"],"picked":"MentalFortress","floor":14.0},{"not_picked":["Alpha","Omniscience"],"picked":"Wish","floor":16.0},{"not_picked":["FlyingSleeves+1","WaveOfTheHand"],"picked":"FearNoEvil","floor":18.0},{"not_picked":["BowlingBash","Evaluate"],"picked":"Prostrate","floor":21.0},{"not_picked":["ThirdEye","Crescendo"],"picked":"EmptyBody","floor":22.0},{"not_picked":["Swivel","FollowUp"],"picked":"Devotion","floor":24.0},{"not_picked":["ThirdEye","JustLucky","Study+1"],"picked":"SKIP","floor":27.0},{"not_picked":["FlyingSleeves","SashWhip+1"],"picked":"FlurryOfBlows","floor":29.0},{"not_picked":["ReachHeaven+1","Consecrate+1"],"picked":"LikeWater","floor":31.0},{"not_picked":["Devotion","SpiritShield"],"picked":"Vault","floor":33.0},{"not_picked":["Indignation","EmptyBody"],"picked":"Nirvana+1","floor":35.0},{"not_picked":["SashWhip","Consecrate"],"picked":"InnerPeace","floor":39.0},{"not_picked":["BowlingBash+1","Protect"],"picked":"WaveOfTheHand+1","floor":41.0},{"not_picked":["EmptyFist","ThirdEye"],"picked":"Swivel","floor":42.0},{"not_picked":["Nirvana","WaveOfTheHand"],"picked":"Prostrate","floor":47.0}],"player_experience":488155,"relics_obtained":[{"floor":7.0,"key":"Potion Belt"},{"floor":9.0,"key":"Centennial Puzzle"},{"floor":11.0,"key":"Boot"},{"floor":24.0,"key":"Lizard Tail"},{"floor":26.0,"key":"Ancient Tea Set"},{"floor":38.0,"key":"Pear"},{"floor":41.0,"key":"Bronze Scales"},{"floor":47.0,"key":"Blood Vial"}],"event_choices":[{"cards_removed":["Strike_P"],"damage_healed":0.0,"max_hp_gain":0.0,"max_hp_loss":0.0,"gold_gain":0.0,"event_name":"The Cleric","player_choice":"Card Removal","floor":2.0,"gold_loss":75.0,"damage_taken":0.0},{"damage_healed":0.0,"max_hp_gain":0.0,"max_hp_loss":0.0,"gold_gain":0.0,"event_name":"The Woman in Blue","player_choice":"Bought 2 Potions","floor":4.0,"gold_loss":0.0,"damage_taken":0.0},{"cards_removed":["Strike_P"],"damage_healed":0.0,"max_hp_gain":0.0,"max_hp_loss":0.0,"gold_gain":0.0,"event_name":"Golden Wing","player_choice":"Card Removal","floor":12.0,"gold_loss":0.0,"damage_taken":7.0},{"cards_removed":["Defend_P"],"damage_healed":0.0,"max_hp_gain":0.0,"max_hp_loss":0.0,"gold_gain":0.0,"event_name":"Purifier","player_choice":"Purged","floor":19.0,"gold_loss":0.0,"damage_taken":0.0},{"damage_healed":0.0,"max_hp_gain":0.0,"max_hp_loss":0.0,"gold_gain":0.0,"event_name":"Lab","player_choice":"Got Potions","floor":36.0,"gold_loss":0.0,"damage_taken":0.0},{"damage_healed":0.0,"max_hp_gain":0.0,"max_hp_loss":0.0,"gold_gain":0.0,"event_name":"Tomb of Lord Red Mask","player_choice":"Ignored","floor":44.0,"gold_loss":0.0,"damage_taken":0.0}],"is_beta":false,"boss_relics":[{"not_picked":["Velvet Choker","HolyWater"],"picked":"Fusion Hammer"},{"not_picked":["Astrolabe","Tiny House"],"picked":"SacredBark"}],"items_purged_floors":[20,37,45],"is_endless":false,"potions_floor_spawned":[5,7,10,16,18,22,29,31,39,41,47],"killed_by":"Time Eater","ascension_level":20}}