{"host":"v711dtdb46xe9u7l","time":1609520217,"event":{"mods":["BaseMod","Minty Spire (QoL Compilation)","StSLib"],"gold_per_floor":[118,138,150,325,2,2,19,54,54,75,75,75,75,75],"floor_reached":13,"playtime":472,"items_purged":["Doubt"],"score":106,"play_id":"ad0daf7b-b444-4030-bb1c-29cdd0238c05","local_time":"20210101165657","is_ascension_mode":true,"campfire_choices":[{"data":"Tempest","floor":6,"key":"SMITH"}],"circlet_count":0,"master_deck":["Strike_B","Strike_B","Strike_B","Strike_B","Defend_B","Defend_B","Defend_B","Defend_B","Zap+1","Dualcast","Reinforced Body","Capacitor","Storm+1","Tempest+1","Barrage","Leap","Seek","Ball Lightning"],"relics":["Cracked Core","Strange Spoon","CeramicFish"],"acts_visited":["Exordium"],"potions_floor_usage":[8,13,13],"damage_taken":[{"damage":5,"enemies":"Small Slimes","floor":1,"turns":3},{"damage":6,"enemies":"Jaw Worm","floor":2,"turns":4},{"damage":0,"enemies":"Cultist","floor":3,"turns":3},{"damage":4,"enemies":"Red Slaver","floor":7,"turns":4},{"damage":30,"enemies":"3 Sentries","floor":8,"turns":6},{"damage":20,"enemies":"3 Louse","floor":10,"turns":3},{"damage":16,"enemies":"Lagavulin","floor":13,"turns":5}],"seed_played":"2797358278085737374","potions_obtained":[{"floor":1,"key":"AttackPotion"},{"floor":10,"key":"PowerPotion"},{"floor":12,"key":"Weak Potion"},{"floor":12,"key":"ColorlessPotion"}],"is_trial":false,"path_per_floor":["M","M","M","?","$","R","M","E","T","M","?","?","E"],"character_chosen":"DEFECT","items_purchased":["Strange Spoon","Tempest","Barrage"],"campfire_rested":0,"item_purchase_floors":[5,5,5],"current_hp_per_floor":[70,64,64,64,64,64,60,30,30,10,10,10,0,0],"gold":75,"neow_bonus":"UPGRADE_CARD","is_daily":false,"chose_seed":false,"campfire_upgraded":1,"win_rate":0.0,"timestamp":1609520217,"path_taken":["M","M","M","?","$","R","M","E","T","M","?","?","E"],"items_purchased_type":["Relic","Card","Card"],"build_version":"2020-12-22","purchased_purges":1,"victory":false,"max_hp_per_floor":[75,75,75,75,75,75,75,75,75,75,75,75,75,75],"card_choices":[{"not_picked":["Beam Cell","Melter"],"picked":"Reinforced Body","floor":1},{"not_picked":["Turbo","Lockon"],"picked":"Capacitor","floor":2},{"not_picked":["Streamline","Compile Driver"],"picked":"Storm","floor":3},{"not_picked":["Turbo","Blizzard"],"picked":"Leap","floor":7},{"not_picked":["Steam","Stack"],"picked":"Seek","floor":8},{"not_picked":["Static Discharge","BootSequence"],"picked":"Ball Lightning","floor":10}],"player_experience":281970,"relics_obtained":[{"floor":8,"key":"CeramicFish"}],"event_choices":[{"damage_healed":0,"gold_gain":175,"player_choice":"AGREE","damage_taken":0,"max_hp_gain":0,"max_hp_loss":0,"event_name":"Liars Game","floor":4,"gold_loss":0,"cards_obtained":["Doubt"]},{"damage_healed":0,"gold_gain":0,"player_choice":"Grow","damage_taken":0,"max_hp_gain":0,"max_hp_loss":0,"event_name":"Living Wall","floor":11,"gold_loss":0,"cards_upgraded":["Storm"]},{"damage_healed":0,"gold_gain":0,"player_choice":"Got Potions","damage_taken":0,"max_hp_gain":0,"max_hp_loss":0,"event_name":"Lab","floor":12,"gold_loss":0}],"is_beta":false,"boss_relics":[],"items_purged_floors":[5],"is_endless":false,"potions_floor_spawned":[1,10],"killed_by":"Lagavulin","ascension_level":5}}