{"host":"3a1ypf1irl30q4k8","time":1609501159,"event":{"mods":["AchievementEnabler","BaseMod","Bestiary","Colored Map","Minty Spire (QoL Compilation)","Relic Stats"],"gold_per_floor":[110,110,110,124,143,186,207,225,279,279,293,293,19,42,42,162,162,187,187,207,306,329,329,329,367,419,419,344,344,360,376,376,495,495,513,128,171,195,210,245,245,276,301,301,354,354,42,66,66,66],"floor_reached":51,"playtime":5087,"items_purged":["Strike_P","EmptyFist","WindmillStrike+1"],"score":845,"play_id":"b889e315-da67-4f2d-a3bd-f1bdb34d0b6d","local_time":"20210101113918","is_ascension_mode":true,"campfire_choices":[{"data":"Consecrate","floor":10,"key":"SMITH"},{"data":"WheelKick","floor":12,"key":"SMITH"},{"data":"MentalFortress","floor":15,"key":"SMITH"},{"floor":23,"key":"REST"},{"data":"Swivel","floor":32,"key":"SMITH"},{"floor":41,"key":"REST"},{"floor":49,"key":"REST"}],"circlet_count":0,"master_deck":["Eruption+1","Vigilance+1","FlyingSleeves+1","MentalFortress+1","FearNoEvil","Wallop","WheelKick+1","EmptyBody+1","LessonLearned","Establishment","Prostrate","Adaptation","Conclude","EmptyBody","Protect+1","Evaluate+1","FollowUp+1","Swivel+1","Meditate","FlurryOfBlows","InnerPeace","Wish+1","Tantrum","Good Instincts+1","ThirdEye+1","Tantrum+1","Wireheading+1","LikeWater+1","Indignation","WaveOfTheHand+1"],"relics":["PureWater","Golden Idol","Mummified Hand","MealTicket","Membership Card","Ancient Tea Set","Pandora\u0027s Box","Pear","Centennial Puzzle","Sozu","Anchor","Art of War","Lee\u0027s Waffle","Happy Flower","Ornamental Fan","War Paint","InkBottle"],"acts_visited":["Exordium","TheCity","TheBeyond"],"potions_floor_usage":[11,16,16,25,25,33,33,33],"damage_taken":[{"damage":7,"enemies":"2 Louse","floor":1,"turns":2},{"damage":0,"enemies":"Small Slimes","floor":4,"turns":2},{"damage":0,"enemies":"Jaw Worm","floor":5,"turns":3},{"damage":0,"enemies":"Gremlin Nob","floor":6,"turns":2},{"damage":1,"enemies":"2 Fungi Beasts","floor":7,"turns":3},{"damage":5,"enemies":"Lots of Slimes","floor":8,"turns":5},{"damage":9,"enemies":"3 Louse","floor":11,"turns":2},{"damage":0,"enemies":"Large Slime","floor":14,"turns":3},{"damage":32,"enemies":"The Guardian","floor":16,"turns":7},{"damage":28,"enemies":"3 Byrds","floor":18,"turns":4},{"damage":2,"enemies":"Chosen","floor":20,"turns":3},{"damage":5,"enemies":"Snake Plant","floor":22,"turns":4},{"damage":2,"enemies":"Book of Stabbing","floor":25,"turns":5},{"damage":11,"enemies":"3 Cultists","floor":30,"turns":4},{"damage":0,"enemies":"Centurion and Healer","floor":31,"turns":6},{"damage":30,"enemies":"Collector","floor":33,"turns":9},{"damage":3,"enemies":"Orb Walker","floor":35,"turns":4},{"damage":24,"enemies":"3 Shapes","floor":37,"turns":5},{"damage":12,"enemies":"Maw","floor":38,"turns":9},{"damage":4,"enemies":"4 Shapes","floor":39,"turns":6},{"damage":37,"enemies":"Nemesis","floor":40,"turns":13},{"damage":0,"enemies":"Giant Head","floor":42,"turns":7},{"damage":1,"enemies":"Sphere and 2 Shapes","floor":45,"turns":5},{"damage":0,"enemies":"Writhing Mass","floor":48,"turns":7},{"damage":0,"enemies":"Donu and Deca","floor":50,"turns":5}],"seed_played":"3170673488253218334","potions_obtained":[{"floor":4,"key":"Fire Potion"},{"floor":7,"key":"StancePotion"},{"floor":8,"key":"Explosive Potion"},{"floor":14,"key":"Strength Potion"},{"floor":20,"key":"Swift Potion"},{"floor":22,"key":"FearPotion"},{"floor":30,"key":"Ambrosia"}],"is_trial":false,"path_per_floor":["M","?","?","M","M","E","M","M","T","R","M","R","$","M","R","B",null,"M","?","M","?","M","R","?","E","T","?","$","?","M","M","R","B",null,"M","$","M","M","M","E","R","E","T","?","M","?","$","M","R","B",null],"character_chosen":"WATCHER","items_purchased":["Membership Card","EmptyBody","Ancient Tea Set","FlurryOfBlows","Block Potion","Energy Potion","Tantrum","Good Instincts","Anchor","Art of War","Lee\u0027s Waffle","ThirdEye","WaveOfTheHand","War Paint","InkBottle"],"campfire_rested":3,"item_purchase_floors":[13,13,13,28,28,28,36,36,36,36,36,36,47,47,47],"current_hp_per_floor":[65,65,65,65,65,65,64,59,59,59,50,50,65,65,65,33,67,39,39,37,37,32,52,52,60,60,60,75,75,64,64,64,34,77,74,84,60,48,44,7,32,32,32,32,31,31,46,46,71,71],"gold":66,"neow_bonus":"UPGRADE_CARD","is_daily":false,"chose_seed":false,"campfire_upgraded":4,"win_rate":0.0,"timestamp":1609501158,"path_taken":["M","?","?","M","M","E","M","M","T","R","M","R","?","M","R","BOSS","M","?","?","?","M","R","?","E","T","?","$","?","?","M","R","BOSS","M","$","M","M","M","E","R","E","T","?","M","?","$","M","R","BOSS"],"items_purchased_type":["Relic","Card","Relic","Card","Potion","Potion","Card","Card","Relic","Relic","Relic","Card","Card","Relic","Relic"],"build_version":"2020-12-22","purchased_purges":3,"victory":true,"max_hp_per_floor":[72,67,67,67,67,67,67,67,67,67,67,67,67,67,67,67,67,67,67,67,67,67,67,67,77,77,77,77,77,77,77,77,77,77,77,84,84,84,84,84,84,84,84,84,84,84,84,84,84,84],"relic_stats":{"Lee\u0027s Waffle":7,"Happy Flower":[8],"counters":[25,125],"Golden Idol":171,"War Paint":["Good Instincts","EmptyBody"],"Sozu":5,"Centennial Puzzle":[24],"Mummified Hand":[72],"Ornamental Fan":[36],"MealTicket":48,"Pandora\u0027s Box":["Fasting2","Establishment","Prostrate","Adaptation","Weave","Conclude","EmptyBody"],"Art of War":[3],"obtain_stats":[{"Lee\u0027s Waffle":36,"Pear":25,"Happy Flower":40,"Golden Idol":2,"War Paint":47,"Ancient Tea Set":13,"Sozu":34,"Centennial Puzzle":26,"Anchor":36,"Mummified Hand":6,"Ornamental Fan":42,"MealTicket":9,"Pandora\u0027s Box":17,"Art of War":36,"Membership Card":13,"PureWater":0,"InkBottle":47},{"Lee\u0027s Waffle":17,"Pear":13,"Happy Flower":21,"Golden Idol":1,"War Paint":23,"Ancient Tea Set":7,"Sozu":16,"Centennial Puzzle":13,"Anchor":17,"Mummified Hand":4,"Ornamental Fan":22,"MealTicket":6,"Pandora\u0027s Box":9,"Art of War":17,"Membership Card":7,"PureWater":0,"InkBottle":23},{"Lee\u0027s Waffle":68,"Pear":45,"Happy Flower":101,"Golden Idol":2,"War Paint":113,"Ancient Tea Set":19,"Sozu":64,"Centennial Puzzle":45,"Anchor":68,"Mummified Hand":9,"Ornamental Fan":108,"MealTicket":17,"Pandora\u0027s Box":29,"Art of War":68,"Membership Card":19,"PureWater":0,"InkBottle":113}],"InkBottle":[6]},"card_choices":[{"not_picked":["PathToVictory","Consecrate"],"picked":"FlyingSleeves","floor":1},{"not_picked":["Protect","PathToVictory"],"picked":"EmptyFist","floor":4},{"not_picked":["Study","FlurryOfBlows"],"picked":"MentalFortress","floor":5},{"not_picked":["MentalFortress","Wallop"],"picked":"FearNoEvil","floor":6},{"not_picked":["Meditate","ReachHeaven"],"picked":"Wallop","floor":7},{"not_picked":["Halt","BowlingBash"],"picked":"Consecrate","floor":8},{"not_picked":["FlyingSleeves","FlurryOfBlows"],"picked":"WheelKick","floor":11},{"not_picked":["WindmillStrike","Protect","Crescendo"],"picked":"SKIP","floor":14},{"not_picked":["Omniscience","Alpha"],"picked":"LessonLearned","floor":16},{"not_picked":["Wallop","EmptyFist"],"picked":"Protect+1","floor":18},{"not_picked":["Pray+1","Crescendo","Nirvana+1"],"picked":"SKIP","floor":20},{"not_picked":["EmptyMind+1","DeceiveReality+1"],"picked":"FollowUp","floor":22},{"not_picked":["BowlingBash","Brilliance"],"picked":"Meditate","floor":25},{"not_picked":["ForeignInfluence","FollowUp"],"picked":"InnerPeace","floor":30},{"not_picked":["ForeignInfluence","EmptyFist"],"picked":"WindmillStrike+1","floor":31},{"not_picked":["MasterReality","Devotion"],"picked":"Wish","floor":33},{"not_picked":["CrushJoints","Evaluate+1","Adaptation+1"],"picked":"SKIP","floor":35},{"not_picked":["EmptyFist+1","Crescendo"],"picked":"Tantrum+1","floor":37},{"not_picked":["PathToVictory+1","Worship+1"],"picked":"Wireheading+1","floor":38},{"not_picked":["FlyingSleeves","CutThroughFate+1"],"picked":"LikeWater+1","floor":39},{"not_picked":["ForeignInfluence","SashWhip+1","FlurryOfBlows"],"picked":"SKIP","floor":40},{"not_picked":["Pray+1","InnerPeace","Worship"],"picked":"SKIP","floor":42},{"not_picked":["FlyingSleeves","LikeWater"],"picked":"Indignation","floor":45},{"not_picked":["Adaptation+1","Alpha","Consecrate"],"picked":"SKIP","floor":48}],"player_experience":922027,"relics_obtained":[{"floor":6,"key":"Mummified Hand"},{"floor":9,"key":"MealTicket"},{"floor":25,"key":"Pear"},{"floor":26,"key":"Centennial Puzzle"},{"floor":40,"key":"Happy Flower"},{"floor":42,"key":"Ornamental Fan"}],"event_choices":[{"damage_healed":0,"gold_gain":0,"player_choice":"Lose Max HP","damage_taken":0,"relics_obtained":["Golden Idol"],"max_hp_gain":0,"max_hp_loss":5,"event_name":"Golden Idol","floor":2,"gold_loss":0},{"damage_healed":0,"gold_gain":0,"player_choice":"Grow","damage_taken":0,"max_hp_gain":0,"max_hp_loss":0,"event_name":"Living Wall","floor":3,"gold_loss":0,"cards_upgraded":["FlyingSleeves"]},{"damage_healed":0,"gold_gain":0,"cards_transformed":["Fasting2"],"player_choice":"Transformed","damage_taken":0,"max_hp_gain":0,"max_hp_loss":0,"event_name":"Transmorgrifier","floor":19,"gold_loss":0,"cards_obtained":["Evaluate"]},{"damage_healed":0,"gold_gain":99,"player_choice":"Stole From Cult","damage_taken":0,"max_hp_gain":0,"max_hp_loss":0,"event_name":"Nest","floor":21,"gold_loss":0},{"damage_healed":0,"gold_gain":0,"player_choice":"Read","damage_taken":0,"max_hp_gain":0,"max_hp_loss":0,"event_name":"The Library","floor":24,"gold_loss":0,"cards_obtained":["Swivel"]},{"cards_removed":["Weave"],"damage_healed":0,"gold_gain":0,"player_choice":"Elegance","damage_taken":0,"max_hp_gain":0,"max_hp_loss":0,"event_name":"Back to Basics","floor":27,"gold_loss":0},{"damage_healed":0,"gold_gain":0,"player_choice":"0 cards matched","damage_taken":0,"max_hp_gain":0,"max_hp_loss":0,"event_name":"Match and Keep!","floor":29,"gold_loss":0,"cards_obtained":[]},{"cards_removed":["Consecrate"],"damage_healed":0,"gold_gain":0,"player_choice":"Removed Attack","damage_taken":0,"max_hp_gain":0,"max_hp_loss":0,"event_name":"Falling","floor":44,"gold_loss":0},{"damage_healed":0,"gold_gain":0,"player_choice":"Ignored","damage_taken":0,"max_hp_gain":0,"max_hp_loss":0,"event_name":"Mysterious Sphere","floor":46,"gold_loss":0}],"is_beta":false,"boss_relics":[{"not_picked":["Black Star","VioletLotus"],"picked":"Pandora\u0027s Box"},{"not_picked":["Coffee Dripper","Calling Bell"],"picked":"Sozu"}],"items_purged_floors":[13,36,47],"is_endless":false,"potions_floor_spawned":[4,7,8,14,20,22,30,35,39,40,42,48],"ascension_level":1}}