{"host":"1zfbckszmdcrhnfi","time":1609523185,"event":{"mods":["AchievementEnabler","BaseMod","Colored Map","Downfall","Minty Spire (QoL Compilation)","Quick Restart","Shop Mod","StSLib","The Cursed"],"gold_per_floor":[99,118,137,151,251,90,90,118,137,62,95,95,20,32,47,47,47],"floor_reached":16,"playtime":870,"items_purged":[],"score":143,"play_id":"d8464a78-f17f-4333-adee-7e77c28da3ac","local_time":"20210102014625","is_ascension_mode":true,"campfire_choices":[{"floor":1.0,"key":"RECALL"},{"floor":10,"key":"REST"},{"floor":13,"key":"REST"}],"circlet_count":0,"master_deck":["sneckomod:Strike","sneckomod:Strike","sneckomod:Strike","sneckomod:Defend","sneckomod:Defend","sneckomod:Defend","sneckomod:TailWhip","sneckomod:SnekBite","sneckomod:Unknown","sneckomod:Unknown","sneckomod:SoulRoll","sneckomod:Unknown0Cost","sneckomod:SoulRoll","sneckomod:Unknown0Cost","sneckomod:SnakeSap"],"relics":["sneckomod:SneckoSoul","Lantern","Blood Vial","downfall:HeartBlessingRed","Tiny Chest","downfall:HeartBlessingBlue"],"acts_visited":["Exordium"],"potions_floor_usage":[11,11,16],"damage_taken":[{"damage":2.0,"enemies":"Small Slimes","floor":2.0,"turns":5.0},{"damage":1.0,"enemies":"Jaw Worm","floor":3.0,"turns":2.0},{"damage":2.0,"enemies":"2 Louse","floor":4.0,"turns":2.0},{"damage":0.0,"enemies":"downfall:FleeingMerchant","floor":6.0,"turns":4.0},{"damage":41.0,"enemies":"3 Sentries","floor":8.0,"turns":10.0},{"damage":15,"enemies":"Exordium Thugs","floor":9,"turns":4},{"damage":45,"enemies":"Lagavulin","floor":11,"turns":8},{"damage":1,"enemies":"3 Louse","floor":14,"turns":2},{"damage":0,"enemies":"2 Fungi Beasts","floor":15,"turns":3},{"damage":62,"enemies":"downfall:Ironclad","floor":16,"turns":9}],"seed_played":"4991088639337536297","potions_obtained":[{"floor":2.0,"key":"Strength Potion"},{"floor":9,"key":"EntropicBrew"},{"floor":11,"key":"LiquidMemories"}],"is_trial":false,"path_per_floor":["R","M","M","M","?","$","T","E","M","R","E","?","R","M","M","B"],"character_chosen":"THE_SNECKO","items_purchased":["Lantern"],"campfire_rested":2,"item_purchase_floors":[6],"current_hp_per_floor":[99,97,97,95,95,96,96,55,42,72,29,29,69,70,72,12,12],"gold":47,"neow_bonus":"TEN_PERCENT_HP_BONUS","is_daily":false,"chose_seed":false,"campfire_upgraded":0,"win_rate":0.0,"timestamp":1609523185,"path_taken":["R","M","M","M","?","$","T","E","M","R","E","?","R","M","M","BOSS"],"items_purchased_type":["Relic"],"build_version":"2020-12-22","purchased_purges":0,"victory":false,"max_hp_per_floor":[99,99,100,100,100,101,101,101,101,101,101,101,111,111,111,111,111],"card_choices":[{"not_picked":["sneckomod:SerpentIdol","sneckomod:WideSting"],"picked":"sneckomod:SoulRoll","floor":2.0},{"not_picked":["sneckomod:QuickBite","sneckomod:UnknownVulnerable"],"picked":"sneckomod:Unknown0Cost","floor":3.0},{"not_picked":["sneckomod:SoulDraw","sneckomod:Unknown1Cost"],"picked":"sneckomod:SoulRoll","floor":4.0},{"not_picked":["sneckomod:Unknown1Cost","sneckomod:SnekBeam"],"picked":"sneckomod:Unknown0Cost","floor":6.0},{"not_picked":["sneckomod:UnknownCommonAttack","sneckomod:UnknownExhaust","sneckomod:ImprovisedGuard"],"picked":"SKIP","floor":8.0},{"not_picked":["sneckomod:Unknown2Cost","sneckomod:UnknownCommonSkill","sneckomod:Unknown1Cost"],"picked":"SKIP","floor":9},{"not_picked":["sneckomod:CheapStock","sneckomod:RainOfDice"],"picked":"sneckomod:SnakeSap","floor":11},{"not_picked":["sneckomod:UnknownClassGREEN","sneckomod:UnknownStrike","sneckomod:QuickBite"],"picked":"SKIP","floor":14},{"not_picked":["sneckomod:UnknownVulnerable","sneckomod:UnknownWeak","sneckomod:DefensiveFlair"],"picked":"SKIP","floor":15}],"player_experience":198507,"relics_obtained":[{"floor":8.0,"key":"Blood Vial"},{"floor":11,"key":"Tiny Chest"}],"event_choices":[],"is_beta":false,"boss_relics":[],"items_purged_floors":[],"is_endless":false,"potions_floor_spawned":[2,9,11,15],"killed_by":"downfall:Ironclad","ascension_level":1}}