{"host":"0cgp910o8339lr91","time":1609484910,"event":{"mods":["BaseMod","Colored Map","Filter the Spire","Minty Spire (QoL Compilation)","Relic Stats","Slay-I","ojb\u0027s Better Paths Mod","ojb\u0027s Info Mod"],"gold_per_floor":[113,113,38,48,48,78,78,104,104,104,63,103,116,129,129,223,223,237,162,162,178,191,227,243,287,312,351,375,399,399,399,399,495,495,515,515,515,531,531,574,601,626,676,316,316,58,98,111,111,111,111,111,111,111,144,144],"floor_reached":57,"playtime":5700,"items_purged":["Strike_P","LessonLearned+1"],"score":2926,"play_id":"96c50c0c-8c39-4510-9f6f-2fd7ff96df39","local_time":"20210101080830","is_ascension_mode":true,"campfire_choices":[{"data":"DeusExMachina","floor":7.0,"key":"SMITH"},{"data":"MentalFortress","floor":15.0,"key":"SMITH"},{"floor":32.0,"key":"REST"},{"floor":49.0,"key":"RECALL"},{"floor":53.0,"key":"REST"}],"circlet_count":0,"master_deck":["AscendersBane","Defend_P+1","Defend_P+1","Vigilance+1","MentalFortress+1","DeusExMachina+1","SandsOfTime+1","SandsOfTime+1","TalkToTheHand+1","Ragnarok+1","Tantrum+1","MentalFortress+1","ConjureBlade+1","Mayhem+1","Tantrum+1","TalkToTheHand+1","Swivel+1","EmptyMind+1","WheelKick"],"relics":["Snecko Eye","White Beast Statue","Tiny Chest","Turnip","InkBottle","Golden Idol","Ice Cream","Empty Cage","Nunchaku","Anchor","Akabeko","Toxic Egg 2","Eternal Feather","Fusion Hammer","Thread and Needle","Whetstone","Yang","ClockworkSouvenir","Happy Flower","Du-Vu Doll"],"acts_visited":["Exordium","TheCity","TheBeyond","TheEnding"],"potions_floor_usage":[56],"damage_taken":[{"damage":0.0,"enemies":"Jaw Worm","floor":1.0,"turns":3.0},{"damage":0.0,"enemies":"Small Slimes","floor":4.0,"turns":3.0},{"damage":3.0,"enemies":"Lagavulin","floor":6.0,"turns":6.0},{"damage":18.0,"enemies":"3 Sentries","floor":8.0,"turns":8.0},{"damage":0.0,"enemies":"Lagavulin","floor":12.0,"turns":4.0},{"damage":0.0,"enemies":"2 Louse","floor":13.0,"turns":2.0},{"damage":5.0,"enemies":"Exordium Thugs","floor":14.0,"turns":2.0},{"damage":5.0,"enemies":"Slime Boss","floor":16.0,"turns":5.0},{"damage":0.0,"enemies":"Spheric Guardian","floor":18.0,"turns":3.0},{"damage":0.0,"enemies":"3 Byrds","floor":21.0,"turns":2.0},{"damage":3.0,"enemies":"Shelled Parasite and Fungi","floor":22.0,"turns":2.0},{"damage":10.0,"enemies":"Gremlin Leader","floor":23.0,"turns":4.0},{"damage":0.0,"enemies":"Snake Plant","floor":24.0,"turns":2.0},{"damage":1.0,"enemies":"Slavers","floor":25.0,"turns":6.0},{"damage":14.0,"enemies":"Book of Stabbing","floor":27.0,"turns":4.0},{"damage":4.0,"enemies":"3 Cultists","floor":28.0,"turns":3.0},{"damage":0.0,"enemies":"Shelled Parasite and Fungi","floor":29.0,"turns":2.0},{"damage":0.0,"enemies":"Collector","floor":33.0,"turns":4.0},{"damage":0.0,"enemies":"3 Darklings","floor":35.0,"turns":2.0},{"damage":6.0,"enemies":"Orb Walker","floor":38.0,"turns":2.0},{"damage":0.0,"enemies":"Reptomancer","floor":40.0,"turns":3.0},{"damage":8.0,"enemies":"Jaw Worm Horde","floor":42.0,"turns":4.0},{"damage":0.0,"enemies":"Giant Head","floor":47.0,"turns":4.0},{"damage":0.0,"enemies":"Maw","floor":48.0,"turns":2.0},{"damage":10.0,"enemies":"Donu and Deca","floor":50.0,"turns":5.0},{"damage":5.0,"enemies":"Time Eater","floor":51.0,"turns":6.0},{"damage":33.0,"enemies":"Shield and Spear","floor":55.0,"turns":5.0},{"damage":6,"enemies":"The Heart","floor":56,"turns":6}],"seed_played":"-8595034063925474258","potions_obtained":[{"floor":1.0,"key":"SteroidPotion"},{"floor":4.0,"key":"Fire Potion"},{"floor":8.0,"key":"Swift Potion"},{"floor":12.0,"key":"Fire Potion"},{"floor":21.0,"key":"Dexterity Potion"},{"floor":22.0,"key":"Swift Potion"},{"floor":23.0,"key":"Swift Potion"},{"floor":24.0,"key":"LiquidMemories"},{"floor":25.0,"key":"SpeedPotion"},{"floor":27.0,"key":"Weak Potion"},{"floor":28.0,"key":"DuplicationPotion"},{"floor":29.0,"key":"GamblersBrew"},{"floor":35.0,"key":"Ancient Potion"},{"floor":55.0,"key":"StancePotion"}],"is_trial":false,"path_per_floor":["M","?","?","M","?","E","R","E","T","?","$","E","M","M","R","B",null,"M","$","?","M","M","E","M","E","T","E","M","M","?","T","R","B",null,"M","?","?","M","?","E","T","M","T","$","?","$","E","M","R","B","B",null,"R","$","E","B",null],"character_chosen":"WATCHER","items_purchased":["SandsOfTime","Swivel+1","Yang","ClockworkSouvenir"],"campfire_rested":2,"item_purchase_floors":[11,44,44,46],"current_hp_per_floor":[61,50,50,50,50,47,47,29,29,29,29,29,29,24,24,19,51,51,51,51,51,48,38,38,37,37,23,19,19,19,19,43,43,57,57,57,47,41,41,41,41,33,33,33,33,33,33,33,42,32,27,51,59,59,26,20],"gold":144,"neow_bonus":"BOSS_RELIC","is_daily":false,"chose_seed":false,"campfire_upgraded":2,"win_rate":0.0,"timestamp":1609484910,"path_taken":["M","?","?","M","?","E","R","E","T","?","$","E","M","M","R","BOSS","M","$","?","M","M","E","M","E","T","E","M","M","?","?","R","BOSS","M","?","?","M","?","E","?","?","T","$","?","$","E","M","R","BOSS","BOSS","R","$","E","BOSS"],"items_purchased_type":["Card","Card","Relic","Relic"],"build_version":"2020-12-22","purchased_purges":2,"victory":true,"max_hp_per_floor":[68,68,68,68,68,68,68,68,68,62,62,62,62,62,62,62,62,62,62,62,62,62,62,62,62,62,62,62,62,62,62,62,62,62,62,62,62,62,59,59,59,59,59,59,59,59,59,59,59,59,59,59,59,59,59,59],"relic_stats":{"Nunchaku":[14],"Happy Flower":[8],"counters":[28,104],"Golden Idol":194,"Snecko Eye":[176,182,144,171],"Tiny Chest":2,"Eternal Feather":23,"Yang":[68],"Turnip":[19],"Whetstone":["Tantrum"],"obtain_stats":[{"Ice Cream":12,"Happy Flower":47,"Golden Idol":10,"Eternal Feather":31,"Thread and Needle":40,"Yang":44,"Whetstone":43,"Empty Cage":17,"White Beast Statue":2,"Akabeko":26,"ClockworkSouvenir":46,"Du-Vu Doll":55,"Nunchaku":23,"Anchor":25,"Snecko Eye":0,"Tiny Chest":6,"Turnip":8,"Fusion Hammer":34,"PureWater":0,"Toxic Egg 2":27,"InkBottle":9},{"Ice Cream":5,"Happy Flower":23,"Golden Idol":4,"Eternal Feather":17,"Thread and Needle":21,"Yang":22,"Whetstone":22,"Empty Cage":8,"White Beast Statue":1,"Akabeko":14,"ClockworkSouvenir":22,"Du-Vu Doll":27,"Nunchaku":12,"Anchor":14,"Snecko Eye":0,"Tiny Chest":3,"Turnip":4,"Fusion Hammer":18,"PureWater":0,"Toxic Egg 2":15,"InkBottle":4},{"Ice Cream":24,"Happy Flower":80,"Golden Idol":20,"Eternal Feather":61,"Thread and Needle":72,"Yang":76,"Whetstone":76,"Empty Cage":33,"White Beast Statue":3,"Akabeko":52,"ClockworkSouvenir":76,"Du-Vu Doll":98,"Nunchaku":44,"Anchor":52,"Snecko Eye":0,"Tiny Chest":12,"Turnip":20,"Fusion Hammer":65,"PureWater":0,"Toxic Egg 2":56,"InkBottle":20}],"InkBottle":[37]},"card_choices":[{"not_picked":["Study","ClearTheMind","FlyingSleeves"],"picked":"SKIP","floor":1.0},{"not_picked":["CrushJoints","BattleHymn"],"picked":"MentalFortress","floor":4.0},{"not_picked":["BowlingBash","ClearTheMind","Evaluate"],"picked":"SKIP","floor":6.0},{"not_picked":["Study","JustLucky"],"picked":"SandsOfTime","floor":8.0},{"not_picked":["SandsOfTime","Protect"],"picked":"TalkToTheHand","floor":12.0},{"not_picked":["Conclude","Protect"],"picked":"LessonLearned","floor":13.0},{"not_picked":["Crescendo","FlyingSleeves","Consecrate"],"picked":"SKIP","floor":14.0},{"not_picked":["Blasphemy","Brilliance"],"picked":"Ragnarok","floor":16.0},{"not_picked":["FollowUp","CutThroughFate"],"picked":"Tantrum","floor":18.0},{"not_picked":["FollowUp+1","Consecrate","EmptyFist"],"picked":"SKIP","floor":21.0},{"not_picked":["Crescendo","FlyingSleeves","BowlingBash"],"picked":"SKIP","floor":22.0},{"not_picked":["EmptyBody","Scrawl","Study"],"picked":"SKIP","floor":23.0},{"not_picked":["SashWhip","Study"],"picked":"MentalFortress+1","floor":24.0},{"not_picked":["InnerPeace+1","FollowUp+1","Halt"],"picked":"SKIP","floor":25.0},{"not_picked":["FollowUp","ThirdEye+1","Consecrate+1"],"picked":"SKIP","floor":27.0},{"not_picked":["Halt+1","Evaluate+1","CutThroughFate"],"picked":"SKIP","floor":28.0},{"not_picked":["ReachHeaven","Tantrum","LessonLearned"],"picked":"SKIP","floor":29.0},{"not_picked":["Judgement+1","LessonLearned"],"picked":"ConjureBlade+1","floor":33.0},{"not_picked":["Evaluate+1","CrushJoints","Crescendo+1"],"picked":"SKIP","floor":35.0},{"not_picked":["Metamorphosis+1","Dark Shackles+1"],"picked":"Mayhem","floor":37.0},{"not_picked":["PathToVictory+1","Study"],"picked":"Tantrum","floor":38.0},{"not_picked":["SashWhip","EmptyBody+1"],"picked":"TalkToTheHand","floor":40.0},{"not_picked":["Weave","PathToVictory+1","FollowUp"],"picked":"SKIP","floor":42.0},{"not_picked":["Judgement+1","ThirdEye+1"],"picked":"EmptyMind+1","floor":47.0},{"not_picked":["CutThroughFate","Prostrate+1","WreathOfFlame+1"],"picked":"SKIP","floor":48.0},{"not_picked":["CrushJoints+1","FlyingSleeves+1"],"picked":"WheelKick","floor":55.0}],"player_experience":1317900,"relics_obtained":[{"floor":6.0,"key":"Tiny Chest"},{"floor":8.0,"key":"Turnip"},{"floor":9.0,"key":"InkBottle"},{"floor":12.0,"key":"Ice Cream"},{"floor":23.0,"key":"Nunchaku"},{"floor":25.0,"key":"Anchor"},{"floor":26.0,"key":"Akabeko"},{"floor":27.0,"key":"Toxic Egg 2"},{"floor":31.0,"key":"Eternal Feather"},{"floor":40.0,"key":"Thread and Needle"},{"floor":43.0,"key":"Whetstone"},{"floor":47.0,"key":"Happy Flower"},{"floor":55.0,"key":"Du-Vu Doll"}],"event_choices":[{"damage_healed":0.0,"max_hp_gain":0.0,"max_hp_loss":0.0,"gold_gain":0.0,"event_name":"Scrap Ooze","player_choice":"Success","floor":2.0,"gold_loss":0.0,"damage_taken":11.0,"relics_obtained":["White Beast Statue"]},{"cards_removed":["Defend_P"],"damage_healed":0.0,"max_hp_gain":0.0,"max_hp_loss":0.0,"gold_gain":0.0,"event_name":"The Cleric","player_choice":"Card Removal","floor":3.0,"gold_loss":75.0,"damage_taken":0.0},{"damage_healed":0.0,"max_hp_gain":0.0,"max_hp_loss":0.0,"gold_gain":0.0,"cards_transformed":["Defend_P"],"event_name":"Living Wall","player_choice":"Change","floor":5.0,"gold_loss":0.0,"damage_taken":0.0,"cards_obtained":["DeusExMachina"]},{"damage_healed":0.0,"max_hp_gain":0.0,"max_hp_loss":6.0,"gold_gain":0.0,"event_name":"Golden Idol","player_choice":"Lose Max HP","floor":10.0,"gold_loss":0.0,"damage_taken":0.0,"relics_obtained":["Golden Idol"]},{"damage_healed":0.0,"max_hp_gain":0.0,"max_hp_loss":0.0,"gold_gain":0.0,"event_name":"Vampires","player_choice":"Ignored","floor":20.0,"gold_loss":0.0,"damage_taken":0.0},{"cards_removed":["Strike_P"],"damage_healed":0.0,"max_hp_gain":0.0,"max_hp_loss":0.0,"gold_gain":0.0,"event_name":"Back to Basics","player_choice":"Elegance","floor":30.0,"gold_loss":0.0,"damage_taken":0.0},{"cards_removed":["Eruption"],"damage_healed":0.0,"max_hp_gain":0.0,"max_hp_loss":0.0,"gold_gain":0.0,"event_name":"Falling","player_choice":"Removed Attack","floor":36.0,"gold_loss":0.0,"damage_taken":0.0},{"damage_healed":0.0,"max_hp_gain":0.0,"max_hp_loss":0.0,"gold_gain":0.0,"event_name":"SensoryStone","player_choice":"Memory 3","floor":37.0,"gold_loss":0.0,"damage_taken":10.0},{"damage_healed":0.0,"max_hp_gain":0.0,"max_hp_loss":3.0,"gold_gain":0.0,"event_name":"Winding Halls","player_choice":"Max HP","floor":39.0,"gold_loss":0.0,"damage_taken":0.0},{"damage_healed":0.0,"max_hp_gain":0.0,"max_hp_loss":0.0,"gold_gain":0.0,"event_name":"Upgrade Shrine","player_choice":"Upgraded","floor":45.0,"gold_loss":0.0,"damage_taken":0.0,"cards_upgraded":["Mayhem"]}],"is_beta":false,"boss_relics":[{"not_picked":["VioletLotus","Sozu"],"picked":"Empty Cage"},{"not_picked":["Runic Dome","Pandora\u0027s Box"],"picked":"Fusion Hammer"}],"items_purged_floors":[19,46],"is_endless":false,"potions_floor_spawned":[1,4,6,8,12,13,14,16,18,21,22,23,24,25,27,28,29,33,35,38,40,42,47,48,55],"ascension_level":20}}