{"host":"c2og1cp357bgjv9b","time":1609495390,"event":{"mods":["BaseMod","Colored Map","Minty Spire (QoL Compilation)","Replay The Spire","StSLib"],"gold_per_floor":[113,113,126,145,164,164,164,164,164,177,28,28,39,50,50,151,151,162,162,172,172,35,35,54,54,54,64,64,84,84,95,95,195,195,209,209,221,238,253,253,0,19,46,101,114,114,131,131,131,131,131],"floor_reached":50,"playtime":2243,"items_purged":["Strike_R"],"score":465,"play_id":"99b47a7b-f003-43ae-8876-91189e104256","local_time":"20210101180310","is_ascension_mode":false,"campfire_choices":[{"data":"Searing Blow","floor":6.0,"key":"SMITH"},{"data":"Searing Blow+1","floor":8.0,"key":"SMITH"},{"data":"Searing Blow+2","floor":12.0,"key":"SMITH"},{"data":"Searing Blow+3","floor":15.0,"key":"SMITH"},{"data":"Searing Blow+4","floor":23.0,"key":"SMITH"},{"data":"Searing Blow+5","floor":28.0,"key":"SMITH"},{"data":"Searing Blow+6","floor":30.0,"key":"SMITH"},{"data":"Searing Blow+7","floor":32.0,"key":"SMITH"},{"data":"Searing Blow+8","floor":40.0,"key":"SMITH"},{"data":"Searing Blow+9","floor":46.0,"key":"SMITH"},{"floor":49,"key":"RECALL"}],"circlet_count":0,"master_deck":["Strike_R","Strike_R","Strike_R","Defend_R","Defend_R","Defend_R","Bash","Searing Blow+10","Rupture","Flex","Hemogenesis","Shrug It Off","Necronomicurse","Thunderclap","Double Tap","Shrug It Off+1","Iron Wave","Secret Technique"],"relics":["Burning Blood","NeowsBlessing","Replay:Bottled Steam","Ancient Tea Set","Membership Card","Ooze Armor","MutagenicStrength","Ring of Panic","ReplayTheSpireMod:Ring of Collecting","Pen Nib","Necronomicon","ReplayTheSpireMod:Ring of Exchange","Self Forming Clay","Ring of Chaos","Red Mask","Ring of Searing","Replay:Towering Pillar of Hats"],"acts_visited":["Exordium","TheCity","TheBeyond"],"potions_floor_usage":[50,50,50],"damage_taken":[{"damage":0.0,"enemies":"Cultist","floor":1.0,"turns":1.0},{"damage":0.0,"enemies":"Jaw Worm","floor":3.0,"turns":1.0},{"damage":0.0,"enemies":"Small Slimes","floor":4.0,"turns":1.0},{"damage":28.0,"enemies":"Exordium Wildlife","floor":5.0,"turns":6.0},{"damage":10.0,"enemies":"Looter","floor":10.0,"turns":2.0},{"damage":7.0,"enemies":"Blue Slaver","floor":13.0,"turns":2.0},{"damage":8.0,"enemies":"Gremlin Gang","floor":14.0,"turns":4.0},{"damage":58.0,"enemies":"Fading Forest","floor":16.0,"turns":11.0},{"damage":24.0,"enemies":"2 Thieves","floor":18.0,"turns":3.0},{"damage":30.0,"enemies":"Shell Parasite","floor":20.0,"turns":7.0},{"damage":11.0,"enemies":"3 Cultists","floor":24.0,"turns":4.0},{"damage":2.0,"enemies":"Cultist and Chosen","floor":27.0,"turns":3.0},{"damage":0.0,"enemies":"Snake Plant","floor":29.0,"turns":1.0},{"damage":1.0,"enemies":"Chosen and Byrds","floor":31.0,"turns":3.0},{"damage":14.0,"enemies":"Champ","floor":33.0,"turns":4.0},{"damage":1.0,"enemies":"Orb Walker","floor":35.0,"turns":2.0},{"damage":8.0,"enemies":"3 Shapes","floor":37.0,"turns":2.0},{"damage":29.0,"enemies":"Maw","floor":38.0,"turns":6.0},{"damage":30.0,"enemies":"Transient","floor":39.0,"turns":5.0},{"damage":7.0,"enemies":"Spire Growth","floor":42.0,"turns":2.0},{"damage":13.0,"enemies":"2 Orb Walkers","floor":44.0,"turns":3.0},{"damage":0.0,"enemies":"Writhing Mass","floor":45.0,"turns":1.0},{"damage":0,"enemies":"Transient","floor":47,"turns":5},{"damage":115,"enemies":"Awakened One","floor":50,"turns":5}],"seed_played":"-1035348199531799282","potions_obtained":[{"floor":4.0,"key":"EssenceOfSteel"},{"floor":5.0,"key":"Venom Potion"},{"floor":10.0,"key":"DuplicationPotion"},{"floor":14.0,"key":"Explosive Potion"},{"floor":20.0,"key":"Weak Potion"},{"floor":29.0,"key":"Swift Potion"},{"floor":33.0,"key":"ColorlessPotion"},{"floor":38.0,"key":"LiquidMemories"},{"floor":44.0,"key":"HeartOfIron"}],"is_trial":false,"path_per_floor":["M","?","M","M","M","R","?","R","T","M","$","R","M","M","R","B",null,"M","?","M","?","$","R","M","?","T","M","R","M","R","M","R","B",null,"M","?","M","M","M","R","?","M","T","?","M","R","M","?","R","B"],"character_chosen":"IRONCLAD","items_purchased":["Membership Card","Pen Nib","Shrug It Off"],"campfire_rested":0,"item_purchase_floors":[11,22,22],"current_hp_per_floor":[80,80,80,80,58,58,58,58,58,54,54,54,53,51,51,9,80,62,62,43,43,43,43,43,27,27,36,36,42,42,52,52,54,80,80,80,78,60,41,41,41,45,45,43,49,49,65,65,65,0,0],"gold":131,"neow_bonus":"THREE_ENEMY_KILL","is_daily":false,"chose_seed":false,"campfire_upgraded":10,"win_rate":0.0,"timestamp":1609495390,"path_taken":["M","?","M","M","?","R","?","R","T","M","?","R","M","M","R","BOSS","M","?","M","?","?","R","M","?","T","M","R","M","R","M","R","BOSS","M","?","M","M","?","R","?","M","T","?","M","R","M","?","R","BOSS"],"items_purchased_type":["Relic","Relic","Card"],"build_version":"2020-12-22","purchased_purges":1,"victory":false,"max_hp_per_floor":[80,80,80,80,80,80,80,80,80,80,80,80,80,80,80,80,80,80,80,80,80,80,80,80,80,80,80,80,80,80,80,80,80,80,80,80,80,80,80,80,80,80,80,80,80,80,80,80,80,80,80],"card_choices":[{"not_picked":["Iron Wave","Infernal Blade"],"picked":"Shockwave","floor":1.0},{"not_picked":["Wild Strike","Cleave"],"picked":"Searing Blow","floor":3.0},{"not_picked":["Carnage","Thunderclap"],"picked":"Rupture","floor":4.0},{"not_picked":["Heavy Blade","Warcry","Infernal Blade"],"picked":"SKIP","floor":5.0},{"not_picked":["ReplayReversal","Shockwave"],"picked":"Flex","floor":10.0},{"not_picked":["Thunderclap","ReplayTheSpireMod:Strike From Hell","Corruption"],"picked":"SKIP","floor":13.0},{"not_picked":["ReplayReversal","Rage","Warcry"],"picked":"SKIP","floor":14.0},{"not_picked":["Immolate","Eclipse"],"picked":"Hemogenesis","floor":16.0},{"not_picked":["ReplayTheSpireMod:Strike From Hell","Warcry","Sword Boomerang"],"picked":"SKIP","floor":18.0},{"not_picked":["Twin Strike+1","Anger","Clothesline"],"picked":"SKIP","floor":20.0},{"not_picked":["Reckless Charge","Wild Strike","Havoc"],"picked":"SKIP","floor":24.0},{"not_picked":["ReplayTheSpireMod:Corrosion Curse","Seeing Red","Flex"],"picked":"SKIP","floor":27.0},{"not_picked":["Carnage+1","Wild Strike","Twin Strike"],"picked":"SKIP","floor":29.0},{"not_picked":["Sword Boomerang+1","Entrench","Fiend Fire"],"picked":"SKIP","floor":31.0},{"not_picked":["Havoc","Abandon","Clothesline+1"],"picked":"SKIP","floor":35.0},{"not_picked":["Clash","Iron Wave","Warcry"],"picked":"SKIP","floor":37.0},{"not_picked":["Perfected Strike+1","Cleave","Anger"],"picked":"SKIP","floor":38.0},{"not_picked":["Massacre+1","Cleave+1","ReplayTheSpireMod:Strike From Hell+1"],"picked":"SKIP","floor":39.0},{"not_picked":["Thunderclap","ReplayTheSpireMod:Strike From Hell+1","Clothesline"],"picked":"SKIP","floor":42.0},{"not_picked":["Iron Wave+1","ReplayTheSpireMod:Strike From Hell+1"],"picked":"Double Tap","floor":44.0},{"not_picked":["Heavy Blade+1","ReplayTheSpireMod:LeadingStrike"],"picked":"Shrug It Off+1","floor":45.0},{"not_picked":["Cleave","True Grit"],"picked":"Iron Wave","floor":47},{"not_picked":["Midas Touch","Trip"],"picked":"Secret Technique","floor":48}],"player_experience":151458,"relics_obtained":[{"floor":9.0,"key":"Ancient Tea Set"},{"floor":21.0,"key":"Ring of Panic"},{"floor":21.0,"key":"ReplayTheSpireMod:Ring of Collecting"},{"floor":25.0,"key":"Necronomicon"},{"floor":26.0,"key":"ReplayTheSpireMod:Ring of Exchange"},{"floor":26.0,"key":"Self Forming Clay"},{"floor":43.0,"key":"Ring of Searing"},{"floor":44.0,"key":"Replay:Towering Pillar of Hats"}],"event_choices":[{"cards_removed":["Shockwave"],"damage_healed":0.0,"max_hp_gain":0.0,"max_hp_loss":0.0,"gold_gain":0.0,"event_name":"WeMeetAgain","player_choice":"Gave Card","floor":2.0,"gold_loss":0.0,"damage_taken":0.0,"relics_obtained":["Replay:Bottled Steam"]},{"damage_healed":0.0,"max_hp_gain":0.0,"max_hp_loss":0.0,"gold_gain":0.0,"event_name":"Drug Dealer","player_choice":"Inject Mutagens","floor":19.0,"gold_loss":0.0,"damage_taken":0.0,"relics_obtained":["MutagenicStrength"]},{"damage_healed":0.0,"max_hp_gain":0.0,"max_hp_loss":0.0,"gold_gain":0.0,"event_name":"Cursed Tome","player_choice":"Obtained Book","floor":25.0,"gold_loss":0.0,"damage_taken":16.0},{"damage_healed":0.0,"max_hp_gain":0.0,"max_hp_loss":0.0,"gold_gain":0.0,"cards_transformed":["Strike_R"],"event_name":"Transmorgrifier","player_choice":"Transformed","floor":36.0,"gold_loss":0.0,"damage_taken":0.0,"cards_obtained":["Thunderclap"]},{"damage_healed":0.0,"max_hp_gain":0.0,"max_hp_loss":0.0,"gold_gain":0.0,"event_name":"Tomb of Lord Red Mask","player_choice":"Paid","floor":41.0,"gold_loss":253.0,"damage_taken":0.0,"relics_obtained":["Red Mask"]},{"damage_healed":0.0,"max_hp_gain":0.0,"max_hp_loss":0.0,"gold_gain":0.0,"event_name":"Mysterious Sphere","player_choice":"Fight","floor":44.0,"gold_loss":0.0,"damage_taken":0.0},{"damage_healed":0,"gold_gain":0,"player_choice":"Memory 1","damage_taken":0,"max_hp_gain":0,"max_hp_loss":0,"event_name":"SensoryStone","floor":48,"gold_loss":0}],"is_beta":false,"boss_relics":[{"not_picked":["Astrolabe","Snecko Eye"],"picked":"Ooze Armor"},{"not_picked":["ChewingGum","Lee\u0027s Waffle"],"picked":"Ring of Chaos"}],"items_purged_floors":[22],"is_endless":false,"potions_floor_spawned":[4,5,10,14,16,20,29,31,33,37,38,44],"killed_by":"Awakened One","ascension_level":0}}