{"host":"7z9izfsmsy4azoxx","time":1609505091,"event":{"mods":["AchievementEnabler","BaseMod","Colored Map","Custom Start","Hermit","Minty Spire (QoL Compilation)","StSLib","SuperFastMode"],"gold_per_floor":[1000000119,1000000119,1000000129,999999582,999999582,999999623,999999642,999999642,999999642,999999602,999999602,999999195,999999195,999999209,999999209,999999305,999999305,999999225,999999225,999998755,999998755,999998755,999998755],"floor_reached":22,"playtime":387,"items_purged":["Strike_G","Strike_G","Strike_G"],"score":489,"play_id":"21e58f16-4c38-4ce1-b98e-36b3f5810f3a","local_time":"20210101214451","is_ascension_mode":true,"campfire_choices":[{"data":"Noxious Fumes","floor":8,"key":"SMITH"},{"data":"Bane","floor":11,"key":"SMITH"},{"data":"Deadly Poison","floor":15,"key":"SMITH"}],"circlet_count":0,"master_deck":["AscendersBane","Strike_G","Strike_G","Defend_G","Defend_G","Defend_G","Defend_G","Defend_G","Survivor","Neutralize","Noxious Fumes+1","Acrobatics","Bane+1","Terror","Backflip","Escape Plan","Deadly Poison+1","Caltrops","Flechettes","Malaise","Poisoned Stab","Tactician","Writhe"],"relics":["Ring of the Snake","NeowsBlessing","Bag of Preparation","Membership Card","White Beast Statue","Golden Idol","TungstenRod","Gremlin Horn","The Specimen","Lantern","Ectoplasm","Torii","Ginger","HandDrill","Ancient Tea Set"],"acts_visited":["Exordium","TheCity"],"potions_floor_usage":[16,16,22,22],"damage_taken":[{"damage":0,"enemies":"Jaw Worm","floor":1,"turns":1},{"damage":0,"enemies":"Cultist","floor":3,"turns":1},{"damage":0,"enemies":"Lagavulin","floor":6,"turns":1},{"damage":0,"enemies":"2 Louse","floor":7,"turns":4},{"damage":0,"enemies":"Looter","floor":10,"turns":4},{"damage":10,"enemies":"Exordium Wildlife","floor":14,"turns":4},{"damage":10,"enemies":"Slime Boss","floor":16,"turns":7},{"damage":18,"enemies":"2 Thieves","floor":18,"turns":4},{"damage":11,"enemies":"Chosen","floor":19,"turns":4},{"damage":39,"enemies":"Masked Bandits","floor":22,"turns":3}],"seed_played":"4426391174086962443","potions_obtained":[{"floor":2,"key":"FearPotion"},{"floor":2,"key":"FairyPotion"},{"floor":14,"key":"DistilledChaos"},{"floor":16,"key":"Dexterity Potion"},{"floor":18,"key":"BlessingOfTheForge"}],"is_trial":false,"path_per_floor":["M","?","M","$","?","E","M","R","T","M","R","$","?","M","R","B",null,"M","M","$","?","?"],"character_chosen":"THE_SILENT","items_purchased":["Bag of Preparation","Membership Card","White Beast Statue","Bane","The Specimen","Lantern","Deadly Poison","Caltrops","PowerPotion","Flechettes","Torii","Ginger","HandDrill"],"campfire_rested":0,"item_purchase_floors":[4,4,4,4,12,12,12,12,12,12,20,20,20],"current_hp_per_floor":[59,59,59,59,36,36,36,36,36,36,36,36,36,26,26,16,54,36,25,25,25,0,0],"gold":999998755,"neow_bonus":"THREE_ENEMY_KILL","is_daily":false,"chose_seed":false,"campfire_upgraded":3,"win_rate":0.0,"timestamp":1609505091,"path_taken":["M","?","?","$","?","E","M","R","T","M","R","$","?","M","R","BOSS","M","M","$","?","?"],"items_purchased_type":["Relic","Relic","Relic","Card","Relic","Relic","Card","Card","Potion","Card","Relic","Relic","Relic"],"build_version":"2020-12-22","purchased_purges":3,"victory":false,"max_hp_per_floor":[66,66,66,66,66,66,66,66,66,66,66,66,66,66,66,66,66,66,66,66,66,66,66],"card_choices":[{"not_picked":["Acrobatics","Terror"],"picked":"Noxious Fumes","floor":1},{"not_picked":["Catalyst","Backflip"],"picked":"Acrobatics","floor":3},{"not_picked":["Outmaneuver","Dagger Spray"],"picked":"Terror","floor":6},{"not_picked":["Acrobatics","Dagger Throw"],"picked":"Backflip","floor":7},{"not_picked":["Acrobatics","Deflect"],"picked":"Escape Plan","floor":10},{"not_picked":["Predator","Acrobatics","Distraction"],"picked":"SKIP","floor":14},{"not_picked":["Grand Finale","Unload"],"picked":"Malaise","floor":16},{"not_picked":["Slice","Cloak And Dagger"],"picked":"Poisoned Stab","floor":18},{"not_picked":["Dagger Spray","Cloak And Dagger"],"picked":"Tactician","floor":19}],"player_experience":512384,"relics_obtained":[{"floor":6,"key":"TungstenRod"},{"floor":9,"key":"Gremlin Horn"}],"event_choices":[{"damage_healed":0,"gold_gain":0,"player_choice":"Got Potions","damage_taken":0,"max_hp_gain":0,"max_hp_loss":0,"event_name":"Lab","floor":2,"gold_loss":0},{"damage_healed":0,"gold_gain":0,"player_choice":"Take Damage","damage_taken":23,"relics_obtained":["Golden Idol"],"max_hp_gain":0,"max_hp_loss":0,"event_name":"Golden Idol","floor":5,"gold_loss":0},{"damage_healed":0,"gold_gain":0,"player_choice":"Ignored","damage_taken":0,"max_hp_gain":0,"max_hp_loss":0,"event_name":"Liars Game","floor":13,"gold_loss":0},{"damage_healed":0,"gold_gain":0,"player_choice":"Opened","damage_taken":0,"relics_obtained":["Ancient Tea Set"],"max_hp_gain":0,"max_hp_loss":0,"event_name":"The Mausoleum","floor":21,"gold_loss":0,"cards_obtained":["Writhe"]},{"damage_healed":0,"gold_gain":0,"player_choice":"Fought Bandits","damage_taken":0,"max_hp_gain":0,"max_hp_loss":0,"event_name":"Masked Bandits","floor":22,"gold_loss":0}],"is_beta":false,"boss_relics":[{"not_picked":["Sozu","SacredBark"],"picked":"Ectoplasm"}],"items_purged_floors":[4,12,20],"is_endless":false,"potions_floor_spawned":[6,7,10,14,16,18,19],"killed_by":"Masked Bandits","ascension_level":20}}