{"host":"2apb6gwm2fj4theg","time":1609518730,"event":{"mods":["2.2 Compatiblity","AlwaysNeverKeys","BaseMod","Halation","Infinite Spire","Minty Spire (QoL Compilation)","Replay The Spire","Shop Mod","Small Relic Pack","StSLib","The Animator"],"gold_per_floor":[115,134,147,161,180,214,227,227,278,278,278,298,312,323,323,418,418,479,449,449],"floor_reached":19,"playtime":1356,"items_purged":[],"score":175,"play_id":"b1ca0c1c-e1d5-4087-b8de-4752d415976b","local_time":"20210101183210","is_ascension_mode":false,"campfire_choices":[{"floor":8.0,"key":"REST"},{"floor":10.0,"key":"REST"},{"floor":15.0,"key":"DIG"}],"circlet_count":0,"master_deck":["Strike_P","Strike_P","Strike_P","Strike_P","Defend_P","Defend_P","Defend_P","Defend_P","Eruption","Vigilance","Wireheading","FlurryOfBlows","Replay:Cycle","Consecrate","Consecrate","Replay:Anticipation","EmptyFist","Halt","MasterReality","Sickly","Eruption","Wallop","Consecrate","FlyingSleeves","SpiritShield","Replay:AtTheReady"],"relics":["PureWater","infinitespire:Beetle Shell","Replay:Mystery Machine","Sundial","relicPack:KazumaCape"],"acts_visited":["Exordium","TheCity"],"potions_floor_usage":[],"damage_taken":[{"damage":1.0,"enemies":"Cultist","floor":1.0,"turns":4.0},{"damage":0.0,"enemies":"Small Slimes","floor":2.0,"turns":2.0},{"damage":6.0,"enemies":"Jaw Worm","floor":3.0,"turns":3.0},{"damage":0.0,"enemies":"Large Slime","floor":4.0,"turns":4.0},{"damage":0.0,"enemies":"Looter","floor":5.0,"turns":2.0},{"damage":28.0,"enemies":"Gremlin Nob","floor":6.0,"turns":3.0},{"damage":6.0,"enemies":"Gremlin Gang","floor":7.0,"turns":3.0},{"damage":0.0,"enemies":"Large Slime","floor":12.0,"turns":3.0},{"damage":5.0,"enemies":"Blue Slaver","floor":13.0,"turns":4.0},{"damage":0.0,"enemies":"Exordium Wildlife","floor":14.0,"turns":4.0},{"damage":60.0,"enemies":"Hexaghost","floor":16.0,"turns":9.0},{"damage":11.0,"enemies":"Chosen","floor":18.0,"turns":6.0},{"damage":14,"enemies":"2 Thieves","floor":19,"turns":2}],"seed_played":"2332590219683602723","potions_obtained":[{"floor":1.0,"key":"DuplicationPotion"},{"floor":2.0,"key":"Toxic Potion"},{"floor":5.0,"key":"LiquidMemories"},{"floor":12.0,"key":"PowerPotion"},{"floor":13.0,"key":"LifebloodPotion"},{"floor":14.0,"key":"Strength Potion"}],"is_trial":false,"path_per_floor":["M","M","M","M","M","E","M","R","T","R","?","M","M","M","R","B",null,"M","M"],"character_chosen":"WATCHER","items_purchased":[],"campfire_rested":2,"item_purchase_floors":[],"current_hp_per_floor":[71,71,65,65,65,37,31,52,52,72,72,72,67,67,67,7,72,61,47,47],"gold":449,"neow_bonus":"THREE_CARDS","is_daily":false,"chose_seed":false,"campfire_upgraded":0,"win_rate":0.0,"timestamp":1609518730,"path_taken":["M","?","M","M","M","E","?","R","T","R","?","?","M","M","R","BOSS","M","M"],"items_purchased_type":[],"build_version":"2020-12-22","purchased_purges":0,"victory":false,"max_hp_per_floor":[72,72,72,72,72,72,72,72,72,72,72,72,72,72,72,72,72,72,72,72],"card_choices":[{"not_picked":["ClearTheMind","BowlingBash"],"picked":"Wireheading","floor":0.0},{"not_picked":["Wireheading","WindmillStrike"],"picked":"FlurryOfBlows","floor":1.0},{"not_picked":["Sanctity","Replay:BluntJabs"],"picked":"Replay:Cycle","floor":2.0},{"not_picked":["ThirdEye","Replay:BluntJabs"],"picked":"Consecrate","floor":3.0},{"not_picked":["Prostrate","CrushJoints"],"picked":"Consecrate","floor":4.0},{"not_picked":["Study","JustLucky"],"picked":"Replay:Anticipation","floor":5.0},{"not_picked":["WheelKick","Judgement"],"picked":"EmptyFist","floor":6.0},{"not_picked":["Replay:BluntJabs","FlurryOfBlows"],"picked":"Halt","floor":7.0},{"not_picked":["EmptyFist","Weave"],"picked":"Wallop","floor":12.0},{"not_picked":["Prostrate","Replay:ManipulateFuture"],"picked":"Consecrate","floor":13.0},{"not_picked":["Replay:Battleflow","Prostrate"],"picked":"FlyingSleeves","floor":14.0},{"not_picked":["DeusExMachina","Alpha"],"picked":"SpiritShield","floor":16.0},{"not_picked":["Replay:Vibes","JustLucky"],"picked":"Replay:AtTheReady","floor":18.0}],"player_experience":585214,"relics_obtained":[{"floor":6.0,"key":"infinitespire:Beetle Shell"},{"floor":9.0,"key":"Replay:Mystery Machine"},{"floor":15.0,"key":"Sundial"}],"event_choices":[{"damage_healed":0.0,"max_hp_gain":0.0,"max_hp_loss":0.0,"gold_gain":0.0,"event_name":"Match and Keep!","player_choice":"3 cards matched","floor":11.0,"gold_loss":0.0,"damage_taken":0.0,"cards_obtained":["MasterReality","Sickly","Eruption"]}],"is_beta":false,"boss_relics":[{"not_picked":["halation:HeavySnake","Coffee Dripper"],"picked":"relicPack:KazumaCape"}],"items_purged_floors":[],"is_endless":false,"potions_floor_spawned":[1,2,5,12,13,14],"killed_by":"2 Thieves","ascension_level":0}}