{"host":"rmsq46plbpwfbxcc","time":1609469341,"event":{"mods":["AchievementEnabler","BaseMod","Colored Map","Colored Powertips","DeckTracker","KOR Keyword Fix","Minty Spire (QoL Compilation)","Permanent Neow","Quick Restart","SuperFastMode"],"gold_per_floor":[116,135,155,305,187,187,213,227,281,206,206,206,222,248,248,320,320,340,340,350,72,85,85,118,118,118,43,43,60,8,42,42,116,116,136,136,154,165,175,175,210,225,225,88,100,100,112,138,138,138,138],"floor_reached":52,"playtime":2349,"items_purged":["Doubt","Strike_G"],"score":1974,"play_id":"e6ea8094-88ae-4d73-8648-356f48229a15","local_time":"20210101114901","is_ascension_mode":true,"campfire_choices":[{"data":"Neutralize","floor":6.0,"key":"SMITH"},{"data":"Predator","floor":12.0,"key":"SMITH"},{"data":"Survivor","floor":15.0,"key":"SMITH"},{"data":"Defend_G","floor":23.0,"key":"SMITH"},{"data":"Defend_G","floor":25.0,"key":"SMITH"},{"data":"Strike_G","floor":28.0,"key":"SMITH"},{"data":"Finisher","floor":32.0,"key":"SMITH"},{"data":"Strike_G","floor":40,"key":"SMITH"},{"data":"Accuracy","floor":49,"key":"SMITH"}],"circlet_count":0,"master_deck":["AscendersBane","Strike_G+1","Strike_G+1","Strike_G","Defend_G+1","Defend_G+1","Defend_G+1","Survivor+1","Neutralize+1","Predator+1","Footwork+1","Backflip+1","Blur+1","Phantasmal Killer+1","CurseOfTheBell","Blade Dance+1","Blur+1","Deadly Poison+1","Cloak And Dagger+1","Finisher+1","Pain","Escape Plan+1","Blade Dance+1","Blur+1","Regret","Accuracy+1","Envenom"],"relics":["Coffee Dripper","Toxic Egg 2","Akabeko","MealTicket","Calling Bell","Happy Flower","White Beast Statue","Mango","Pantograph","Calipers","Blue Candle","InkBottle","Cursed Key","WarpedTongs","PreservedInsect","Eternal Feather","War Paint"],"acts_visited":["Exordium","TheCity","TheBeyond"],"potions_floor_usage":[33,33,38,48,50,51],"damage_taken":[{"damage":0.0,"enemies":"2 Louse","floor":1.0,"turns":3.0},{"damage":0.0,"enemies":"Cultist","floor":2.0,"turns":3.0},{"damage":1.0,"enemies":"Small Slimes","floor":3.0,"turns":3.0},{"damage":24.0,"enemies":"Lagavulin","floor":7.0,"turns":11.0},{"damage":0.0,"enemies":"2 Fungi Beasts","floor":8.0,"turns":4.0},{"damage":2.0,"enemies":"Red Slaver","floor":13.0,"turns":4.0},{"damage":0.0,"enemies":"Gremlin Nob","floor":14.0,"turns":3.0},{"damage":62.0,"enemies":"Slime Boss","floor":16.0,"turns":20.0},{"damage":6.0,"enemies":"3 Byrds","floor":18.0,"turns":9.0},{"damage":0.0,"enemies":"Spheric Guardian","floor":20.0,"turns":4.0},{"damage":2.0,"enemies":"Snecko","floor":22.0,"turns":6.0},{"damage":11.0,"enemies":"Book of Stabbing","floor":24.0,"turns":5.0},{"damage":0.0,"enemies":"3 Cultists","floor":29.0,"turns":7.0},{"damage":6.0,"enemies":"Slavers","floor":31.0,"turns":6.0},{"damage":3,"enemies":"Champ","floor":33,"turns":10},{"damage":0,"enemies":"Orb Walker","floor":35,"turns":3},{"damage":2,"enemies":"3 Shapes","floor":37,"turns":4},{"damage":14,"enemies":"Jaw Worm Horde","floor":38,"turns":5},{"damage":1,"enemies":"Transient","floor":39,"turns":6},{"damage":2,"enemies":"Giant Head","floor":41,"turns":7},{"damage":2,"enemies":"Maw","floor":42,"turns":6},{"damage":2,"enemies":"4 Shapes","floor":45,"turns":9},{"damage":9,"enemies":"Transient","floor":47,"turns":6},{"damage":61,"enemies":"Reptomancer","floor":48,"turns":4},{"damage":42,"enemies":"Awakened One","floor":50,"turns":9},{"damage":18,"enemies":"Donu and Deca","floor":51,"turns":10}],"seed_played":"-8853528938072229275","potions_obtained":[{"floor":1.0,"key":"Dexterity Potion"},{"floor":3.0,"key":"Regen Potion"},{"floor":8.0,"key":"EntropicBrew"},{"floor":18.0,"key":"FearPotion"},{"floor":20.0,"key":"SteroidPotion"},{"floor":22.0,"key":"DuplicationPotion"},{"floor":24.0,"key":"EssenceOfSteel"},{"floor":31.0,"key":"Strength Potion"},{"floor":33,"key":"GamblersBrew"},{"floor":35,"key":"Weak Potion"},{"floor":37,"key":"EssenceOfSteel"},{"floor":38,"key":"Energy Potion"},{"floor":39,"key":"FearPotion"},{"floor":41,"key":"DistilledChaos"},{"floor":47,"key":"PowerPotion"},{"floor":48,"key":"FearPotion"}],"is_trial":false,"path_per_floor":["M","M","M","?","$","R","E","M","T","?","?","R","M","E","R","B",null,"M","?","M","$","M","R","E","R","T","?","R","M","$","E","R","B",null,"M","?","M","M","M","R","E","M","T","$","M","$","M","E","R","B","B",null],"character_chosen":"THE_SILENT","items_purchased":["Footwork","Pantograph","Cloak And Dagger+1","Accuracy"],"campfire_rested":0,"item_purchase_floors":[5,21,30,44],"current_hp_per_floor":[59,59,58,58,58,58,34,34,34,34,34,34,32,41,41,6,65,59,59,59,74,72,72,61,61,61,61,61,61,76,70,70,77,79,79,79,77,63,62,62,60,58,58,73,71,80,71,10,25,8,15],"gold":138,"neow_bonus":"BOSS_RELIC","is_daily":false,"chose_seed":false,"campfire_upgraded":9,"win_rate":0.0,"timestamp":1609469341,"path_taken":["M","M","M","?","$","R","E","M","T","?","?","R","?","E","R","BOSS","M","?","M","$","?","R","E","R","T","?","R","M","$","E","R","BOSS","M","?","M","M","M","R","E","M","T","$","?","?","?","E","R","BOSS","BOSS"],"items_purchased_type":["Card","Relic","Card","Card"],"build_version":"2020-12-22","purchased_purges":2,"victory":true,"max_hp_per_floor":[66,66,66,66,66,66,66,66,66,66,66,66,66,66,66,66,80,80,80,80,80,80,80,80,80,80,80,80,80,80,80,80,80,80,80,80,80,80,80,80,80,80,80,80,80,80,80,80,80,80,80],"card_choices":[{"not_picked":["Endless Agony","Backstab"],"picked":"Predator","floor":1.0},{"not_picked":["Riddle With Holes","Acrobatics","Deflect"],"picked":"SKIP","floor":2.0},{"not_picked":["Dagger Throw","Outmaneuver","Acrobatics"],"picked":"SKIP","floor":3.0},{"not_picked":["Noxious Fumes","Setup+1"],"picked":"Backflip+1","floor":7.0},{"not_picked":["Crippling Poison+1","Deflect+1"],"picked":"Blur+1","floor":8.0},{"not_picked":["Leg Sweep+1","Bane","Sucker Punch"],"picked":"SKIP","floor":13.0},{"not_picked":["Masterful Stab","Bane","Wraith Form v2"],"picked":"SKIP","floor":14.0},{"not_picked":["A Thousand Cuts","Storm of Steel+1"],"picked":"Phantasmal Killer+1","floor":16.0},{"not_picked":["Cloak And Dagger+1","Masterful Stab"],"picked":"Blade Dance+1","floor":18.0},{"not_picked":["Caltrops","Acrobatics+1"],"picked":"Blur+1","floor":20.0},{"not_picked":["Dagger Throw+1","Blade Dance+1","Dagger Spray"],"picked":"SKIP","floor":22.0},{"not_picked":["Grand Finale","Glass Knife","Acrobatics+1"],"picked":"SKIP","floor":24.0},{"not_picked":["Bouncing Flask+1","Dodge and Roll+1"],"picked":"Deadly Poison+1","floor":29.0},{"not_picked":["Slice","Dodge and Roll+1"],"picked":"Finisher","floor":31.0},{"not_picked":["Deadly Poison+1","Finisher","Flying Knee"],"picked":"SKIP","floor":35},{"not_picked":["Prepared+1","Sucker Punch+1"],"picked":"Escape Plan+1","floor":37},{"not_picked":["Backflip+1","Underhanded Strike"],"picked":"Blade Dance+1","floor":38},{"not_picked":["Calculated Gamble+1","Backflip+1"],"picked":"Blur+1","floor":39},{"not_picked":["Dagger Spray","Dodge and Roll+1","Poisoned Stab"],"picked":"SKIP","floor":41},{"not_picked":["Eviscerate","Predator","Masterful Stab"],"picked":"SKIP","floor":42},{"not_picked":["Heel Hook+1","Blade Dance+1"],"picked":"Envenom","floor":45},{"not_picked":["Infinite Blades","Deadly Poison+1","Dagger Throw"],"picked":"SKIP","floor":47},{"not_picked":["Slice","Deflect+1","Grand Finale"],"picked":"SKIP","floor":48}],"player_experience":1425742,"relics_obtained":[{"floor":7.0,"key":"Toxic Egg 2"},{"floor":9.0,"key":"Akabeko"},{"floor":14.0,"key":"MealTicket"},{"floor":17.0,"key":"Happy Flower"},{"floor":17.0,"key":"White Beast Statue"},{"floor":17.0,"key":"Mango"},{"floor":24.0,"key":"Calipers"},{"floor":26.0,"key":"Blue Candle"},{"floor":31.0,"key":"InkBottle"},{"floor":41,"key":"PreservedInsect"},{"floor":43,"key":"Eternal Feather"},{"floor":48,"key":"War Paint"}],"event_choices":[{"damage_healed":0.0,"max_hp_gain":0.0,"max_hp_loss":0.0,"gold_gain":150.0,"event_name":"Liars Game","player_choice":"AGREE","floor":4.0,"gold_loss":0.0,"damage_taken":0.0,"cards_obtained":["Doubt"]},{"cards_removed":["Defend_G"],"damage_healed":0.0,"max_hp_gain":0.0,"max_hp_loss":0.0,"gold_gain":0.0,"event_name":"The Cleric","player_choice":"Card Removal","floor":10.0,"gold_loss":75.0,"damage_taken":0.0},{"damage_healed":0.0,"max_hp_gain":0.0,"max_hp_loss":0.0,"gold_gain":0.0,"event_name":"Upgrade Shrine","player_choice":"Upgraded","floor":11.0,"gold_loss":0.0,"damage_taken":0.0,"cards_upgraded":["Footwork"]},{"cards_removed":["Strike_G"],"damage_healed":0.0,"max_hp_gain":0.0,"max_hp_loss":0.0,"gold_gain":0.0,"event_name":"Purifier","player_choice":"Purged","floor":19.0,"gold_loss":0.0,"damage_taken":0.0},{"cards_removed":["Defend_G"],"damage_healed":0.0,"max_hp_gain":0.0,"max_hp_loss":0.0,"gold_gain":0.0,"event_name":"Beggar","player_choice":"Gave Gold","floor":27.0,"gold_loss":75.0,"damage_taken":0.0},{"damage_healed":0,"gold_gain":0,"player_choice":"Rummage","damage_taken":0,"relics_obtained":["WarpedTongs"],"max_hp_gain":0,"max_hp_loss":0,"event_name":"Accursed Blacksmith","floor":36,"gold_loss":0,"cards_obtained":["Pain"]}],"is_beta":false,"boss_relics":[{"not_picked":["Tiny House","Pandora\u0027s Box"],"picked":"Calling Bell"},{"not_picked":["Snecko Eye","SacredBark"],"picked":"Cursed Key"}],"items_purged_floors":[5,44],"is_endless":false,"potions_floor_spawned":[1,3,8,13,18,20,22,24,29,31,33,35,37,38,39,41,42,45,47,48],"ascension_level":20}}