{"host":"15dd7v8o90xso62x","time":1609526542,"event":{"mods":["BaseMod","Minty Spire (QoL Compilation)","Quick Restart","StSLib","SuperFastMode"],"gold_per_floor":[113,113,113,113,131,165,165,199,199,243,243,283,333,346,346,346,346],"floor_reached":16,"playtime":404,"items_purged":[],"score":352,"play_id":"873aff7d-faa3-48ad-890f-7496ddad4d22","local_time":"20210102034222","is_ascension_mode":true,"campfire_choices":[{"floor":7.0,"key":"REST"},{"data":"Offering","floor":11.0,"key":"SMITH"},{"data":"Flame Barrier","floor":15.0,"key":"SMITH"}],"circlet_count":0,"master_deck":["AscendersBane","Strike_R","Strike_R+1","Strike_R+1","Strike_R","Defend_R","Defend_R","Defend_R","Defend_R","Bash","Flame Barrier+1","Anger","Offering+1","Blood for Blood","Shrug It Off"],"relics":["Burning Blood","NeowsBlessing","Golden Idol","Sundial","Toy Ornithopter","Matryoshka","Juzu Bracelet","Orichalcum"],"acts_visited":["Exordium"],"potions_floor_usage":[],"damage_taken":[{"damage":0.0,"enemies":"Small Slimes","floor":1.0,"turns":1.0},{"damage":0.0,"enemies":"Jaw Worm","floor":5.0,"turns":1.0},{"damage":0.0,"enemies":"3 Sentries","floor":6.0,"turns":1.0},{"damage":38.0,"enemies":"Gremlin Nob","floor":8.0,"turns":4.0},{"damage":6.0,"enemies":"Lagavulin","floor":10.0,"turns":5.0},{"damage":31.0,"enemies":"3 Sentries","floor":12.0,"turns":10.0},{"damage":0.0,"enemies":"2 Louse","floor":14.0,"turns":2.0},{"damage":6,"enemies":"Hexaghost","floor":16,"turns":7}],"seed_played":"5072757627845992268","potions_obtained":[{"floor":1.0,"key":"Ancient Potion"},{"floor":8.0,"key":"PowerPotion"}],"is_trial":false,"path_per_floor":["M","?","?","?","M","E","R","E","T","E","R","E","?","M","R","B"],"character_chosen":"IRONCLAD","items_purchased":[],"campfire_rested":1,"item_purchase_floors":[],"current_hp_per_floor":[74,48,48,25,31,37,59,27,27,32,32,7,7,13,13,7,7],"gold":346,"neow_bonus":"THREE_ENEMY_KILL","is_daily":false,"chose_seed":false,"campfire_upgraded":2,"win_rate":0.0,"timestamp":1609526542,"path_taken":["M","?","?","?","M","E","R","E","T","E","R","E","?","M","R","BOSS"],"items_purchased_type":[],"build_version":"2020-12-22","purchased_purges":0,"victory":false,"max_hp_per_floor":[75,75,75,75,75,75,75,75,75,75,75,75,75,75,75,75,75],"card_choices":[{"not_picked":["Armaments","Shrug It Off"],"picked":"Flame Barrier","floor":1.0},{"not_picked":["Twin Strike","Sentinel"],"picked":"Anger","floor":5.0},{"not_picked":["Cleave","Metallicize"],"picked":"Offering","floor":6.0},{"not_picked":["Pummel","Thunderclap"],"picked":"Blood for Blood","floor":8.0},{"not_picked":["Thunderclap","Body Slam"],"picked":"Shrug It Off","floor":10.0},{"not_picked":["Sever Soul","Pummel","Anger"],"picked":"SKIP","floor":12.0},{"not_picked":["True Grit","Twin Strike","Warcry"],"picked":"SKIP","floor":14.0}],"player_experience":985040,"relics_obtained":[{"floor":6.0,"key":"Sundial"},{"floor":8.0,"key":"Toy Ornithopter"},{"floor":9.0,"key":"Matryoshka"},{"floor":10.0,"key":"Juzu Bracelet"},{"floor":12.0,"key":"Orichalcum"}],"event_choices":[{"damage_healed":0.0,"max_hp_gain":0.0,"max_hp_loss":0.0,"gold_gain":0.0,"event_name":"Golden Idol","player_choice":"Take Damage","floor":2.0,"gold_loss":0.0,"damage_taken":26.0,"relics_obtained":["Golden Idol"]},{"cards_removed":["Strike_R"],"damage_healed":0.0,"max_hp_gain":0.0,"max_hp_loss":0.0,"gold_gain":0.0,"event_name":"Living Wall","player_choice":"Forget","floor":3.0,"gold_loss":0.0,"damage_taken":0.0},{"damage_healed":0.0,"max_hp_gain":0.0,"max_hp_loss":0.0,"gold_gain":0.0,"event_name":"Shining Light","player_choice":"Entered Light","floor":4.0,"gold_loss":0.0,"damage_taken":23.0,"cards_upgraded":["Strike_R","Strike_R"]},{"damage_healed":0.0,"max_hp_gain":0.0,"max_hp_loss":0.0,"gold_gain":50.0,"event_name":"Golden Wing","player_choice":"Gained Gold","floor":13.0,"gold_loss":0.0,"damage_taken":0.0}],"is_beta":false,"boss_relics":[],"items_purged_floors":[],"is_endless":false,"potions_floor_spawned":[1,8],"killed_by":"Hexaghost","ascension_level":20}}