{"host":"qy1e0kd24tpj3i2m","time":1609537102,"event":{"mods":["Act Like it!","Alarm Clock","BaseMod","Better Skull","Better Vampires","Colored Map","Colored Powertips","Custom Start","Faster Ascension Climbing","Friendly Minions","GifTheSpireLib","Gremlin Skip","Highlight Path","Minty Spire (QoL Compilation)","Permanent Neow","Quick Restart","Red Circlet Mod","Relic Sorter","Reorder Act Four","SacredBarkPlus","Shop Mod","StSLib","SuperFastMode","Transform Curses","没有小屋子和绿帽子啦"],"gold_per_floor":[111,124,49,49,49,49,65,65,88,116,116,130,143,160,160,160,160],"floor_reached":16,"playtime":698,"items_purged":["Bash"],"score":208,"play_id":"e04fde31-4121-49b7-914e-47b77f655d95","local_time":"20210102063822","is_ascension_mode":true,"campfire_choices":[{"data":"Juggernaut","floor":6.0,"key":"SMITH"},{"data":"Uppercut","floor":8.0,"key":"SMITH"},{"data":"True Grit","floor":15.0,"key":"SMITH"}],"circlet_count":0,"master_deck":["AscendersBane","Strike_R","Strike_R","Strike_R","Strike_R","Strike_R","Defend_R","Defend_R","Defend_R","Defend_R","Seeing Red","Uppercut+1","Juggernaut+1","True Grit+1","Feel No Pain"],"relics":["Burning Blood","Oddly Smooth Stone","Singing Bowl"],"acts_visited":["Exordium"],"potions_floor_usage":[16],"damage_taken":[{"damage":2.0,"enemies":"Cultist","floor":1.0,"turns":4.0},{"damage":4.0,"enemies":"Small Slimes","floor":2.0,"turns":5.0},{"damage":11.0,"enemies":"2 Louse","floor":7.0,"turns":3.0},{"damage":58.0,"enemies":"3 Sentries","floor":10.0,"turns":11.0},{"damage":0.0,"enemies":"Exordium Thugs","floor":11.0,"turns":1.0},{"damage":4.0,"enemies":"3 Louse","floor":12.0,"turns":4.0},{"damage":12.0,"enemies":"Red Slaver","floor":13.0,"turns":4.0},{"damage":7.0,"enemies":"Gremlin Gang","floor":14.0,"turns":5.0},{"damage":11,"enemies":"Slime Boss","floor":16,"turns":6}],"seed_played":"-2725899101756673303","potions_obtained":[{"floor":1.0,"key":"SmokeBomb"},{"floor":12.0,"key":"AttackPotion"},{"floor":13.0,"key":"Fire Potion"},{"floor":14.0,"key":"SmokeBomb"}],"is_trial":false,"path_per_floor":["M","M","$","?","?","R","M","R","T","E","M","M","M","M","R","B"],"character_chosen":"IRONCLAD","items_purchased":[],"campfire_rested":0,"item_purchase_floors":[],"current_hp_per_floor":[72,74,74,74,74,74,69,69,69,17,23,25,21,22,22,11,11],"gold":160,"neow_bonus":"THREE_CARDS","is_daily":false,"chose_seed":false,"campfire_upgraded":3,"win_rate":0.0,"timestamp":1609537102,"path_taken":["M","M","?","?","?","R","?","R","T","E","M","M","M","M","R","BOSS"],"items_purchased_type":[],"build_version":"2020-12-22","purchased_purges":1,"victory":false,"max_hp_per_floor":[75,75,75,75,75,75,75,75,75,75,75,75,77,79,79,79,79],"card_choices":[{"not_picked":["Cleave","Twin Strike"],"picked":"Seeing Red","floor":0.0},{"not_picked":["Inflame","Twin Strike"],"picked":"Uppercut","floor":1.0},{"not_picked":["Twin Strike","Pommel Strike","Clothesline"],"picked":"SKIP","floor":2.0},{"not_picked":["Spot Weakness","Pummel","Warcry"],"picked":"SKIP","floor":7.0},{"not_picked":["Blood for Blood","Pummel"],"picked":"True Grit","floor":10.0},{"not_picked":["Warcry","Body Slam"],"picked":"Feel No Pain","floor":12.0},{"not_picked":["Iron Wave","Clash","Thunderclap"],"picked":"Singing Bowl","floor":13.0},{"not_picked":["Havoc","Hemokinesis","Body Slam"],"picked":"Singing Bowl","floor":14.0}],"player_experience":920431,"relics_obtained":[{"floor":9.0,"key":"Oddly Smooth Stone"},{"floor":10.0,"key":"Singing Bowl"}],"event_choices":[{"damage_healed":0.0,"max_hp_gain":0.0,"max_hp_loss":0.0,"gold_gain":0.0,"event_name":"The Cleric","player_choice":"Leave","floor":4.0,"gold_loss":0.0,"damage_taken":0.0},{"damage_healed":0.0,"max_hp_gain":0.0,"max_hp_loss":0.0,"gold_gain":0.0,"event_name":"Match and Keep!","player_choice":"1 cards matched","floor":5.0,"gold_loss":0.0,"damage_taken":0.0,"cards_obtained":["Juggernaut"]}],"is_beta":false,"boss_relics":[],"items_purged_floors":[3],"is_endless":false,"potions_floor_spawned":[1,12,13,14],"killed_by":"Slime Boss","ascension_level":20}}