{"host":"ormi09wwzv7sq47a","time":1609466605,"event":{"mods":["2.2 Compatiblity","AchievementEnabler","Act Like it!","BaseMod","Bestiary","Better Altar","Better Note","Better Sensory Stone","Better Skull","Better Third Choice","Better Vampires","BetterRewards","Block Reminder","Card Forge","Colored Map","Colored Powertips","Curses Come First","DeckTracker","Downfall","Highlight Path","Minty Spire (QoL Compilation)","Permanent Neow","Quick Restart","Rare Cards Sparkle","Relic Stats","Shop Mod","StSLib","The Jungle","The Servant 0.9.4"],"gold_per_floor":[118,132,57,57,74,74,92,92,92,92,11,32,32,50,50,140,140,163,186,186,207,220,254,254,293,318,332,33,33,3,19,19,118,118,134,47,47,71,21,52,52,75,75,111,111,132,147,13,13,13,13,13,13,13,56,56],"floor_reached":57,"playtime":4207,"items_purged":["Slimebound:Tackle","Slimebound:Strike_Slimebound","Slimebound:CorrosiveSpit"],"score":3363,"play_id":"203e3811-284b-44c4-9fab-a29da4e18635","local_time":"20201231230325","is_ascension_mode":true,"campfire_choices":[{"data":"Slimebound:Split","floor":6.0,"key":"SMITH"},{"data":"Slimebound:Split","floor":8.0,"key":"SMITH"},{"data":"Slimebound:SpikyOuterGoop","floor":13.0,"key":"SMITH"},{"data":"Slimebound:GoopSpray","floor":15.0,"key":"SMITH"},{"data":"Slimebound:MassFeed","floor":24.0,"key":"SMITH"},{"data":"Slimebound:ProtectTheBoss","floor":29.0,"key":"SMITH"},{"data":"Slimebound:LivingWall","floor":32.0,"key":"SMITH"},{"data":"Slimebound:OneTwoCombo","floor":41.0,"key":"SMITH"},{"floor":45.0,"key":"RECALL"},{"data":"Sadistic Nature","floor":49,"key":"SMITH"},{"data":"Slimebound:SlimeSpikes","floor":53,"key":"SMITH"}],"circlet_count":0,"master_deck":["AscendersBane","Slimebound:Defend_Slimebound+1","Slimebound:Split+1","Slimebound:GoopSpray+1","Slimebound:ProtectTheBoss+1","Slimebound:LeechingTouch","Slimebound:Split+1","Slimebound:Prepare","Slimebound:Recollect","Slimebound:SpikyOuterGoop+1","Slimebound:MassFeed+1","Slimebound:DisruptingSlam+1","Slimebound:OozeBath","Slimebound:LivingWall+1","Slimebound:OozeBath+1","Slimebound:SlimeSpikes+1","Slimebound:OneTwoCombo+1","Slimebound:Repurpose+1","Slimebound:GoopTackle+1","Slimebound:GoopSpray+1","Slimebound:OozeBath","Slimebound:LeechEnergy+1","Slimebound:OozeBath","Slimebound:SlimeSpikes+1","Sadistic Nature+1","Slimebound:FormOfPuddle+1"],"relics":["Slimebound:AbsorbEndCombat","Hammer of Thor","Seething Fire","Anvil of the Gods","Guardian:PocketSentry","Singing Bowl","Slimebound:PotencyRelic","FossilizedHelix","Eternal Feather","Shuriken","Golden Idol","SlaversCollar","TungstenRod","Dream Catcher","Smiling Mask","Membership Card","War Paint","Astrolabe","Lantern","Bird Faced Urn","Pantograph","Boot"],"acts_visited":["Exordium","TheCity","TheBeyond","TheEnding"],"potions_floor_usage":[50,55],"damage_taken":[{"damage":4.0,"enemies":"Small Slimes","floor":1.0,"turns":2.0},{"damage":0.0,"enemies":"Cultist","floor":2.0,"turns":3.0},{"damage":4.0,"enemies":"2 Louse","floor":5.0,"turns":2.0},{"damage":30.0,"enemies":"Exordium Wildlife","floor":7.0,"turns":4.0},{"damage":18.0,"enemies":"Gremlin Gang","floor":12.0,"turns":3.0},{"damage":16.0,"enemies":"Exordium Thugs","floor":14.0,"turns":4.0},{"damage":24.0,"enemies":"Slime Boss","floor":16.0,"turns":7.0},{"damage":27.0,"enemies":"Shell Parasite","floor":18.0,"turns":5.0},{"damage":16.0,"enemies":"Chosen","floor":19.0,"turns":4.0},{"damage":29.0,"enemies":"Snecko","floor":21.0,"turns":5.0},{"damage":37.0,"enemies":"Centurion and Healer","floor":22.0,"turns":7.0},{"damage":51.0,"enemies":"Slavers","floor":23.0,"turns":6.0},{"damage":28.0,"enemies":"Book of Stabbing","floor":25.0,"turns":5.0},{"damage":9.0,"enemies":"3 Cultists","floor":27.0,"turns":4.0},{"damage":32.0,"enemies":"Cultist and Chosen","floor":31.0,"turns":7.0},{"damage":91.0,"enemies":"Collector","floor":33.0,"turns":9.0},{"damage":20.0,"enemies":"3 Darklings","floor":35.0,"turns":2.0},{"damage":22.0,"enemies":"Orb Walker","floor":38.0,"turns":2.0},{"damage":25.0,"enemies":"Giant Head","floor":40.0,"turns":6.0},{"damage":10.0,"enemies":"Jaw Worm Horde","floor":42.0,"turns":2.0},{"damage":34.0,"enemies":"Reptomancer","floor":44.0,"turns":5.0},{"damage":26.0,"enemies":"Writhing Mass","floor":46.0,"turns":5.0},{"damage":12.0,"enemies":"Transient","floor":47.0,"turns":6.0},{"damage":83,"enemies":"Awakened One","floor":50,"turns":10},{"damage":82,"enemies":"Donu and Deca","floor":51,"turns":8},{"damage":96,"enemies":"Shield and Spear","floor":55,"turns":6},{"damage":83,"enemies":"The Heart","floor":56,"turns":9}],"seed_played":"2831032200068049772","potions_obtained":[{"floor":7.0,"key":"LiquidBronze"},{"floor":12.0,"key":"Guardian:BlockOnCardUsePotion"},{"floor":16.0,"key":"Weak Potion"},{"floor":19.0,"key":"Ancient Potion"},{"floor":27.0,"key":"SmokeBomb"},{"floor":31.0,"key":"BlessingOfTheForge"},{"floor":33.0,"key":"Fire Potion"},{"floor":40.0,"key":"Guardian:BlockOnCardUsePotion"},{"floor":44.0,"key":"FearPotion"},{"floor":46.0,"key":"DistilledChaos"},{"floor":47.0,"key":"Fruit Juice"}],"is_trial":false,"path_per_floor":["M","M","?","?","M","R","M","R","T","?","$","M","R","M","R","B",null,"M","M","?","M","M","E","R","E","T","M","$","R","$","M","R","B",null,"M","$","?","M","$","E","R","M","T","E","R","M","M","$","R","B","B",null,"R","$","E","B",null],"character_chosen":"SLIMEBOUND","items_purchased":["Guardian:PocketSentry","Singing Bowl","Slimebound:GoopSpray","Slimebound:ProtectTheBoss","Eternal Feather","Slimebound:Recollect","Membership Card","War Paint","Slimebound:SlimeSpikes","Lantern","Sadistic Nature","Fire Potion"],"campfire_rested":0,"item_purchase_floors":[0,0,0,0,0,11,28,28,30,36,48,48],"current_hp_per_floor":[47,56,56,56,58,58,42,48,48,27,27,35,44,56,62,62,62,57,62,62,63,64,49,61,62,62,67,67,79,79,80,88,29,73,89,89,89,90,90,93,100,112,112,114,114,116,125,125,125,89,80,117,129,129,69,69],"gold":56,"neow_bonus":"","is_daily":false,"chose_seed":false,"campfire_upgraded":10,"win_rate":0.0,"timestamp":1609466605,"path_taken":["M","M","?","?","?","R","M","R","T","?","?","?","R","M","R","BOSS","M","M","?","M","M","E","R","E","T","M","$","R","?","?","R","BOSS","M","$","?","M","$","E","R","M","T","E","R","M","M","?","R","BOSS","BOSS","R","$","E","BOSS"],"items_purchased_type":["Relic","Relic","Card","Card","Relic","Card","Relic","Relic","Card","Relic","Card","Potion"],"build_version":"2020-12-22","purchased_purges":3,"victory":true,"max_hp_per_floor":[54,56,56,56,58,58,60,60,60,60,60,60,60,62,62,62,62,62,64,64,66,66,72,72,78,78,82,82,82,82,88,88,88,88,94,94,94,94,94,100,100,112,112,114,114,118,125,125,125,129,129,129,129,129,129,129],"relic_stats":{"Singing Bowl":24,"counters":[313,1396],"Golden Idol":184,"Astrolabe":["Slimebound:ItLooksTasty","Slimebound:Recollect","Slimebound:RainOfGoop","Slimebound:Recycling","Slimebound:Equalize","Slimebound:SelfFormingGoo","Slimebound:Repurpose","Slimebound:GoopTackle","Slimebound:GoopSpray"],"Eternal Feather":72,"War Paint":["Slimebound:SlimeTap","Slimebound:SamplingLick","Slimebound:Defend_Slimebound","Slimebound:OozeBath"],"Smiling Mask":13,"Boot":[0],"Dream Catcher":0,"Shuriken":[22],"Bird Faced Urn":[26],"Pantograph":50,"obtain_stats":[{"Spirit Poop":29,"Whetstone":26,"Ginger":54,"Bottled Tornado":8,"Sling":0,"Boot":54,"Old Coin":48,"Blood Vial":30,"Sundial":0,"MealTicket":24,"HandDrill":0,"Kunai":39,"Slimebound:AggressiveSlimeRelic":12,"Pear":29,"Blue Candle":9,"Eternal Feather":45,"Pen Nib":40,"Guardian:PocketSentry":23,"Akabeko":26,"Slimebound:TarBlob":17,"SlaversCollar":34,"Bird Faced Urn":0,"StrikeDummy":26,"Slimebound:SlimedTailRelic":47,"Lantern":43,"Torii":39,"Singing Bowl":9,"StoneCalendar":11,"Bag of Preparation":20,"Smiling Mask":42,"Ancient Tea Set":20,"Slimebound:MaxSlimesRelic":53,"Matryoshka":25,"Shovel":29,"InkBottle":43,"Potion Belt":31,"Golden Idol":4,"PreservedInsect":7,"The Courier":43,"Omamori":21,"Seething Fire":0,"Frozen Egg 2":32,"Slimebound:PotencyRelic":0,"Busted Crown":34,"Turnip":30,"Slimebound:AbsorbEndCombat":0,"Art of War":29,"Bottled Lightning":47,"hexamod:BolsterEngine":0,"Slimebound:AbsorbEndCombatUpgraded":17,"Toy Ornithopter":40,"Ice Cream":41,"Calipers":0,"Gremlin Horn":9,"Nilry\u0027s Codex":20,"CeramicFish":31,"Vajra":44,"Hammer of Thor":0,"Sozu":34,"Lizard Tail":7,"Centennial Puzzle":26,"HornCleat":0,"Strawberry":26,"Philosopher\u0027s Stone":34,"Prayer Wheel":0,"Toxic Egg 2":0,"Girya":8,"Happy Flower":54,"Astrolabe":34,"Oddly Smooth Stone":43,"Letter Opener":48,"War Paint":37,"Question Card":26,"Du-Vu Doll":12,"Bottled Flame":26,"Shuriken":53,"Anvil of the Gods":0,"Bronze Scales":41,"Molten Egg 2":7,"Black Star":17,"theJungle:WildStrawberry":25,"Slimebound:SlimedSkullRelic":6,"Pocketwatch":0,"Meat on the Bone":23,"Darkstone Periapt":7,"SacredBark":34,"Enchiridion":19,"Mango":0,"Incense Burner":0,"Empty Cage":17,"Nunchaku":54,"Dream Catcher":25,"Mummified Hand":53,"Gambling Chip":21,"Pantograph":10,"Tiny Chest":0,"Red Mask":20,"White Beast Statue":11,"Mercury Hourglass":30,"Slimebound:GreedOozeRelic":10,"Strange Spoon":0,"Anchor":24,"CaptainsWheel":36,"Bag of Marbles":25,"Coffee Dripper":17,"Membership Card":37,"TungstenRod":27,"FossilizedHelix":28},{"Spirit Poop":13,"Whetstone":38,"Ginger":159,"Bottled Tornado":59,"Sling":83,"Boot":110,"Old Coin":80,"Blood Vial":100,"Sundial":83,"MealTicket":37,"HandDrill":261,"Kunai":129,"Slimebound:AggressiveSlimeRelic":89,"Pear":70,"Blue Candle":4,"Eternal Feather":24,"Pen Nib":153,"Guardian:PocketSentry":67,"Akabeko":97,"Slimebound:TarBlob":141,"SlaversCollar":73,"Bird Faced Urn":54,"StrikeDummy":68,"Slimebound:SlimedTailRelic":80,"Lantern":154,"Torii":179,"Singing Bowl":214,"StoneCalendar":89,"Bag of Preparation":9,"Smiling Mask":23,"Ancient Tea Set":65,"Slimebound:MaxSlimesRelic":52,"Matryoshka":68,"Shovel":124,"InkBottle":180,"Potion Belt":41,"Golden Idol":1,"PreservedInsect":31,"The Courier":77,"Omamori":9,"Seething Fire":0,"Frozen Egg 2":273,"Slimebound:PotencyRelic":27,"Busted Crown":201,"Turnip":14,"Slimebound:AbsorbEndCombat":0,"Art of War":40,"Bottled Lightning":107,"hexamod:BolsterEngine":27,"Slimebound:AbsorbEndCombatUpgraded":7,"Toy Ornithopter":22,"Ice Cream":130,"Calipers":83,"Gremlin Horn":31,"Nilry\u0027s Codex":121,"CeramicFish":125,"Vajra":155,"Hammer of Thor":0,"Sozu":126,"Lizard Tail":163,"Centennial Puzzle":271,"HornCleat":54,"Strawberry":221,"Philosopher\u0027s Stone":16,"Prayer Wheel":160,"Toxic Egg 2":54,"Girya":190,"Happy Flower":26,"Astrolabe":254,"Oddly Smooth Stone":47,"Letter Opener":207,"War Paint":44,"Question Card":12,"Du-Vu Doll":192,"Bottled Flame":170,"Shuriken":109,"Anvil of the Gods":0,"Bronze Scales":47,"Molten Egg 2":3,"Black Star":92,"theJungle:WildStrawberry":197,"Slimebound:SlimedSkullRelic":138,"Pocketwatch":160,"Meat on the Bone":249,"Darkstone Periapt":264,"SacredBark":175,"Enchiridion":218,"Mango":135,"Incense Burner":111,"Empty Cage":63,"Nunchaku":53,"Dream Catcher":299,"Mummified Hand":81,"Gambling Chip":65,"Pantograph":140,"Tiny Chest":111,"Red Mask":168,"White Beast Statue":164,"Mercury Hourglass":100,"Slimebound:GreedOozeRelic":4,"Strange Spoon":160,"Anchor":37,"CaptainsWheel":128,"Bag of Marbles":12,"Coffee Dripper":35,"Membership Card":44,"TungstenRod":98,"FossilizedHelix":222},{"Spirit Poop":74,"Whetstone":221,"Ginger":712,"Bottled Tornado":317,"Sling":399,"Boot":510,"Old Coin":384,"Blood Vial":456,"Sundial":399,"MealTicket":217,"HandDrill":1173,"Kunai":586,"Slimebound:AggressiveSlimeRelic":416,"Pear":352,"Blue Candle":22,"Eternal Feather":153,"Pen Nib":689,"Guardian:PocketSentry":344,"Akabeko":446,"Slimebound:TarBlob":642,"SlaversCollar":362,"Bird Faced Urn":297,"StrikeDummy":346,"Slimebound:SlimedTailRelic":384,"Lantern":694,"Torii":782,"Singing Bowl":965,"StoneCalendar":416,"Bag of Preparation":51,"Smiling Mask":145,"Ancient Tea Set":337,"Slimebound:MaxSlimesRelic":289,"Matryoshka":346,"Shovel":564,"InkBottle":787,"Potion Belt":232,"Golden Idol":5,"PreservedInsect":195,"The Courier":376,"Omamori":51,"Seething Fire":0,"Frozen Egg 2":1215,"Slimebound:PotencyRelic":184,"Busted Crown":891,"Turnip":81,"Slimebound:AbsorbEndCombat":0,"Art of War":229,"Bottled Lightning":486,"hexamod:BolsterEngine":184,"Slimebound:AbsorbEndCombatUpgraded":39,"Toy Ornithopter":137,"Ice Cream":593,"Calipers":399,"Gremlin Horn":195,"Nilry\u0027s Codex":551,"CeramicFish":569,"Vajra":697,"Hammer of Thor":0,"Sozu":578,"Lizard Tail":726,"Centennial Puzzle":1211,"HornCleat":297,"Strawberry":999,"Philosopher\u0027s Stone":99,"Prayer Wheel":718,"Toxic Egg 2":297,"Girya":827,"Happy Flower":173,"Astrolabe":1134,"Oddly Smooth Stone":261,"Letter Opener":918,"War Paint":248,"Question Card":71,"Du-Vu Doll":837,"Bottled Flame":748,"Shuriken":504,"Anvil of the Gods":0,"Bronze Scales":261,"Molten Egg 2":17,"Black Star":425,"theJungle:WildStrawberry":866,"Slimebound:SlimedSkullRelic":632,"Pocketwatch":718,"Meat on the Bone":1114,"Darkstone Periapt":1186,"SacredBark":769,"Enchiridion":984,"Mango":622,"Incense Burner":516,"Empty Cage":330,"Nunchaku":295,"Dream Catcher":1317,"Mummified Hand":389,"Gambling Chip":337,"Pantograph":639,"Tiny Chest":516,"Red Mask":741,"White Beast Statue":728,"Mercury Hourglass":456,"Slimebound:GreedOozeRelic":22,"Strange Spoon":718,"Anchor":217,"CaptainsWheel":583,"Bag of Marbles":71,"Coffee Dripper":211,"Membership Card":248,"TungstenRod":449,"FossilizedHelix":1003}],"TungstenRod":163},"card_choices":[{"not_picked":["Slimebound:GoopSpray","Slimebound:GrowthPunch"],"picked":"Slimebound:LeechingTouch","floor":1.0},{"not_picked":["Slimebound:SplitLeeching","Slimebound:SlimeBarrage","Slimebound:BestDefense"],"picked":"Singing Bowl","floor":2.0},{"not_picked":["Slimebound:SplitMire","Slimebound:SlimeTap","Slimebound:Equalize"],"picked":"Singing Bowl","floor":5.0},{"not_picked":["Slimebound:ViciousTackle","Slimebound:GoopTackle","Slimebound:SplitBruiser"],"picked":"Singing Bowl","floor":7.0},{"not_picked":["Slimebound:OneTwoCombo","Slimebound:HungryTackle"],"picked":"Slimebound:SpikyOuterGoop","floor":12.0},{"not_picked":["Slimebound:LevelUp","Slimebound:SplitMire","Slimebound:BestDefense"],"picked":"Singing Bowl","floor":14.0},{"not_picked":["Slimebound:DouseInSlime","Slimebound:SlimeSlap"],"picked":"Slimebound:MassFeed","floor":16.0},{"not_picked":["Slimebound:ViciousTackle","Slimebound:SplitBruiser"],"picked":"Slimebound:DisruptingSlam+1","floor":18.0},{"not_picked":["Slimebound:FlameTackle","Slimebound:FinishingTackle","Slimebound:RollThrough"],"picked":"Singing Bowl","floor":19.0},{"not_picked":["Slimebound:FirmFortitude","Slimebound:ForwardTackle","Slimebound:PressTheAttack"],"picked":"Singing Bowl","floor":21.0},{"not_picked":["Slimebound:FinishingTackle","Slimebound:SlimeBarrage"],"picked":"Slimebound:OozeBath","floor":22.0},{"not_picked":["Slimebound:SplitBruiser","Slimebound:LeechingTouch+1"],"picked":"Slimebound:LivingWall","floor":23.0},{"not_picked":["Slimebound:LeechingTouch","Slimebound:GoopSpray","Slimebound:GrowthPunch"],"picked":"Singing Bowl","floor":25.0},{"not_picked":["Slimebound:LeechingTouch","Slimebound:LeechEnergy"],"picked":"Slimebound:OozeBath","floor":27.0},{"not_picked":["Slimebound:LeechingTouch","Slimebound:HungryTackle+1","Slimebound:Equalize"],"picked":"Singing Bowl","floor":31.0},{"not_picked":["Slimebound:MassFeed","Slimebound:Teamwork"],"picked":"Slimebound:OneTwoCombo","floor":33.0},{"not_picked":["Slimebound:ItLooksTasty","Slimebound:FinishingTackle","Slimebound:GoopTackle"],"picked":"Singing Bowl","floor":35.0},{"not_picked":["Slimebound:SlimeSpikes+1","Slimebound:PressTheAttack+1"],"picked":"Slimebound:LeechEnergy+1","floor":38.0},{"not_picked":["Slimebound:FinishingTackle+1","Slimebound:AcidTongue+1","Slimebound:RejuvenatingLick"],"picked":"Singing Bowl","floor":40.0},{"not_picked":["Slimebound:SplitLeeching","Slimebound:RollThrough+1"],"picked":"Slimebound:OozeBath","floor":42.0},{"not_picked":["Slimebound:ItLooksTasty+1","Slimebound:HungryTackle","Slimebound:FinishingTackle"],"picked":"Singing Bowl","floor":44.0},{"not_picked":["Slimebound:ProtectTheBoss","Slimebound:FinishingTackle"],"picked":"Slimebound:SlimeSpikes+1","floor":46.0},{"not_picked":["Slimebound:SplitBruiser","Slimebound:LevelUp","Slimebound:Grow"],"picked":"Singing Bowl","floor":47.0},{"not_picked":["Slimebound:SlimeSpikes","Slimebound:MegaLick+1"],"picked":"Slimebound:FormOfPuddle+1","floor":55}],"player_experience":846045,"relics_obtained":[{"floor":9.0,"key":"Shuriken"},{"floor":23.0,"key":"TungstenRod"},{"floor":25.0,"key":"Dream Catcher"},{"floor":26.0,"key":"Smiling Mask"},{"floor":40.0,"key":"Bird Faced Urn"},{"floor":44.0,"key":"Pantograph"},{"floor":55,"key":"Boot"}],"event_choices":[{"cards_removed":["Slimebound:Defend_Slimebound"],"damage_healed":0.0,"max_hp_gain":0.0,"max_hp_loss":0.0,"gold_gain":0.0,"event_name":"The Cleric","player_choice":"Card Removal","floor":3.0,"gold_loss":75.0,"damage_taken":0.0},{"damage_healed":0.0,"max_hp_gain":0.0,"max_hp_loss":0.0,"gold_gain":0.0,"event_name":"Match and Keep!","player_choice":"2 cards matched","floor":4.0,"gold_loss":0.0,"damage_taken":0.0,"cards_obtained":["Slimebound:Split","Slimebound:Prepare"]},{"damage_healed":0.0,"max_hp_gain":0.0,"max_hp_loss":0.0,"gold_gain":0.0,"event_name":"Golden Idol","player_choice":"Take Damage","floor":10.0,"gold_loss":0.0,"damage_taken":21.0,"relics_obtained":["Golden Idol"]},{"damage_healed":0.0,"max_hp_gain":0.0,"max_hp_loss":0.0,"gold_gain":0.0,"event_name":"Match and Keep!","player_choice":"0 cards matched","floor":20.0,"gold_loss":0.0,"damage_taken":0.0,"cards_obtained":[]},{"damage_healed":0.0,"max_hp_gain":0.0,"max_hp_loss":0.0,"gold_gain":0.0,"cards_transformed":["Slimebound:Defend_Slimebound"],"event_name":"Transmorgrifier","player_choice":"Transformed","floor":37.0,"gold_loss":0.0,"damage_taken":0.0,"cards_obtained":["Slimebound:OozeBath"]}],"is_beta":false,"boss_relics":[{"not_picked":["Runic Pyramid","Ectoplasm"],"picked":"SlaversCollar"},{"not_picked":["Runic Dome","Velvet Choker"],"picked":"Astrolabe"}],"items_purged_floors":[0,28,39],"is_endless":false,"potions_floor_spawned":[7,12,16,19,21,27,31,33,40,44,46,47],"ascension_level":20}}