{"host":"q6uiiyan8fxg9uyi","time":1609535555,"event":{"mods":["AchievementEnabler","BaseMod","BetterRewards","Hero for Fun","Minty Spire (QoL Compilation)","StSLib","SuperFastMode"],"gold_per_floor":[14,14,28,28,48,48,81,81,81,81,100,110,141,153,153,252,252,252],"floor_reached":17,"playtime":228,"items_purged":[],"score":292,"play_id":"4ee89a53-5a24-4d46-a999-d7cd5e77d3b3","local_time":"20210101221235","is_ascension_mode":false,"campfire_choices":[{"data":"Consecutive_Normal_Punch","floor":6,"key":"SMITH"},{"floor":8,"key":"REST"},{"data":"Wear_Disguise","floor":10,"key":"SMITH"},{"data":"Hip_Strike","floor":15,"key":"SMITH"}],"circlet_count":0,"master_deck":["Strike_Y","Strike_Y","Strike_Y","Strike_Y","Strike_Y","Defend_Y","Defend_Y","Defend_Y","Defend_Y","Defend_Y","Normal_Punch","Madness","Consecutive_Normal_Punch","Serious_Side_Hops","Wear_Disguise+1","Consecutive_Normal_Punch+1","Side_Hop","Consecutive_Normal_Punch","Yawn","Hip_Strike+1","Serious_Punch"],"relics":["Cape","NeowsBlessing","Eternal Feather","Question Card","Boot"],"acts_visited":["Exordium","TheCity"],"potions_floor_usage":[13],"damage_taken":[{"damage":0,"enemies":"Jaw Worm","floor":1,"turns":1},{"damage":0,"enemies":"Cultist","floor":3,"turns":1},{"damage":0,"enemies":"2 Louse","floor":5,"turns":1},{"damage":0,"enemies":"3 Sentries","floor":7,"turns":2},{"damage":0,"enemies":"Looter","floor":11,"turns":1},{"damage":0,"enemies":"Exordium Thugs","floor":12,"turns":1},{"damage":0,"enemies":"Lagavulin","floor":13,"turns":1},{"damage":0,"enemies":"Exordium Wildlife","floor":14,"turns":2},{"damage":0,"enemies":"Slime Boss","floor":16,"turns":1}],"seed_played":"3033218182290082705","potions_obtained":[{"floor":7,"key":"Swift Potion"},{"floor":11,"key":"EssenceOfSteel"},{"floor":12,"key":"EntropicBrew"}],"is_trial":false,"path_per_floor":["M","?","M","$","M","R","E","R","T","R","M","M","E","M","R","B",null],"character_chosen":"OPM","items_purchased":[],"campfire_rested":1,"item_purchase_floors":[],"current_hp_per_floor":[999,999,999,999,999,999,999,999,999,999,999,999,999,999,999,999,999,999],"gold":252,"neow_bonus":"THREE_ENEMY_KILL","is_daily":false,"chose_seed":false,"campfire_upgraded":3,"win_rate":0.0,"timestamp":1609535555,"path_taken":["M","?","M","?","M","R","E","R","T","R","M","M","E","M","R","BOSS"],"items_purchased_type":[],"build_version":"2020-12-22","purchased_purges":0,"victory":false,"max_hp_per_floor":[999,999,999,999,999,999,999,999,999,999,999,999,999,999,999,999,999,999],"card_choices":[{"not_picked":["Hop","Ignore"],"picked":"Normal_Punch","floor":1},{"not_picked":["Slap","Normal_Punch"],"picked":"Wear_Disguise","floor":3},{"not_picked":["Toss_Stone","Normal_Punch"],"picked":"Consecutive_Normal_Punch","floor":5},{"not_picked":["Hop","Do_Nothing"],"picked":"Side_Hop","floor":7},{"not_picked":["Ignore","Yawn","Hop"],"picked":"Consecutive_Normal_Punch","floor":11},{"not_picked":["Side_Hop","Ignore","Normal_Punch"],"picked":"Yawn","floor":12},{"not_picked":["Do_Nothing","Yawn","Hop","Normal_Punch"],"picked":"SKIP","floor":13},{"not_picked":["Yawn","Wear_Disguise","Slap"],"picked":"Hip_Strike","floor":14},{"not_picked":["Get_Hopes_Up","Serious_Side_Hops","Hip_Strike"],"picked":"Serious_Punch","floor":16}],"player_experience":17072,"relics_obtained":[{"floor":7,"key":"Eternal Feather"},{"floor":9,"key":"Question Card"},{"floor":13,"key":"Boot"}],"event_choices":[{"damage_healed":0,"gold_gain":0,"player_choice":"3 cards matched","damage_taken":0,"max_hp_gain":0,"max_hp_loss":0,"event_name":"Match and Keep!","floor":2,"gold_loss":0,"cards_obtained":["Madness","Consecutive_Normal_Punch","Serious_Side_Hops"]}],"is_beta":false,"boss_relics":[{"not_picked":["Fusion Hammer","Runic Pyramid","Snecko Eye"]}],"items_purged_floors":[],"is_endless":false,"potions_floor_spawned":[7,11,12],"ascension_level":0}}