{"host":"fhq3k2nq5elnbks3","time":1609466955,"event":{"mods":["2.2 Compatiblity","AchievementEnabler","Act Like it!","AlwaysNeverKeys","Aspiration","Astrologer","Bard","BaseMod","Better Altar","Better Vampires","Better-Laid Plans","Block Reminder","CCEM","Card Filter","Colored Powertips","Displayed Cursed Tome","Ekko","Fireblade Mod","Friendly Minions","FutureSeer","GifTheSpireLib","Gremlin Skip","HololiveMod","Jorbs\u0027s Wanderer Trilogy","Koishi","Marisa????????","Mathemortician","Minty Spire (QoL Compilation)","Onozuka Komachi Mod","Pale of the Ancients","Permanent Neow","Prisma Mod","Quick Restart","Reimu??????","Relic Filter","Robot Space Explorer","Shop Mod","Spikes Relics","StSLib","SuperFastMode","The Blackbeard","The Cursed","The Death Knight","The Exordian Avenger","The Gatherer","The Hierophant","The Runesmith","The Servant 0.9.4","The Trickster","The Valiant","The Wild Card","TheBandit","Trackpad","Transform Curses","Uncapped","Unknown Chances","Wandering Minibosses","thorton","vexMod"],"gold_per_floor":[111,122,116,128,138,138,138,138,138,156,942,942,221,234,234,348,348,368,106,120,133,148,181,181,181],"floor_reached":24,"playtime":1791,"items_purged":[],"score":266,"play_id":"80482a87-3a2f-4b1c-9a67-8e0be86ea7fa","local_time":"20201231200915","daily_mods":["Vintage","Heirloom","Time Dilation","Flight"],"is_ascension_mode":false,"campfire_choices":[{"data":"Bash","floor":6,"key":"SMITH"},{"data":"Strike_R","floor":7,"key":"SMITH"},{"data":"Strike_R","floor":8,"key":"SMITH"},{"data":"Strike_R","floor":12,"key":"SMITH"},{"data":"Defend_R","floor":15,"key":"SMITH"}],"circlet_count":0,"master_deck":["Strike_R+1","Strike_R+1","Strike_R+1","Strike_R+1","Strike_R+1","Defend_R","Defend_R","Defend_R","Defend_R+1","Bash+1","Berserk"],"relics":["Burning Blood","aspiration:AnachronicSnailShell","CCEMRelics:SpiritsEdge","Mastiff:ReiMu","CeramicFish","MealTicket","Anchor","Meat on the Bone","CCEMRelics:DissonantTune","wanderingMiniBosses:MasterThiefsPresence","CCEMRelics:GrindingGear","MerchantsRug","aspiration:HatOfInfinitePower","ClockworkSouvenir","trackpad:StainlessSteel","aspiration:MobileForge","Lizard Tail","trackpad:CultistFigurine","Sling","Pear","PreservedInsect","GiantMaggot","Calipers"],"acts_visited":["Exordium","TheCity"],"potions_floor_usage":[3,11],"damage_taken":[{"damage":2,"enemies":"2 Louse","floor":1,"turns":4},{"damage":0,"enemies":"Small Slimes","floor":2,"turns":5},{"damage":27,"enemies":"Jaw Worm","floor":3,"turns":7},{"damage":19,"enemies":"Large Slime","floor":4,"turns":8},{"damage":2,"enemies":"2 Fungi Beasts","floor":5,"turns":3},{"damage":3,"enemies":"Looter","floor":10,"turns":4},{"damage":14,"enemies":"Gremlin Gang","floor":11,"turns":8},{"damage":0,"enemies":"3 Louse","floor":14,"turns":2},{"damage":38,"enemies":"Hexaghost","floor":16,"turns":6},{"damage":0,"enemies":"Shell Parasite","floor":18,"turns":2},{"damage":0,"enemies":"Spheric Guardian","floor":20,"turns":2},{"damage":0,"enemies":"Snecko","floor":21,"turns":2},{"damage":3,"enemies":"Snake Plant","floor":22,"turns":2},{"damage":0,"enemies":"Gremlin Leader","floor":23,"turns":2},{"damage":0,"enemies":"Cultist and Chosen","floor":24,"turns":3}],"seed_played":"-92211948112824443","potions_obtained":[{"floor":1,"key":"DuplicationPotion"},{"floor":3,"key":"AttackPotion"},{"floor":10,"key":"FearPotion"},{"floor":14,"key":"GrandPatriotsElixir:ReiMu"},{"floor":22,"key":"GamblersBrew"},{"floor":23,"key":"BloodPotion"}],"is_trial":true,"path_per_floor":["M","M","M","M","M","R","R","R","T","M","M","R","$","M","R","B",null,"M","$","M","M","M","E","M"],"character_chosen":"IRONCLAD","items_purchased":["MerchantsRug","Whetstone","aspiration:HatOfInfinitePower","ClockworkSouvenir","trackpad:CultistFigurine","Sling"],"campfire_rested":0,"item_purchase_floors":[13,13,13,13,19,19],"current_hp_per_floor":[80,80,59,46,50,50,50,50,50,53,57,57,72,78,78,58,80,80,80,90,90,90,90,90,90],"gold":181,"neow_bonus":"","is_daily":false,"chose_seed":false,"campfire_upgraded":5,"win_rate":0.0,"timestamp":1609466955,"path_taken":["M","M","M","M","M","R","R","R","T","M","M","R","$","M","R","BOSS","M","$","M","M","M","E","M"],"items_purchased_type":["Relic","Relic","Relic","Relic","Relic","Relic"],"build_version":"2020-12-22","purchased_purges":0,"victory":false,"max_hp_per_floor":[80,80,80,80,80,80,80,80,80,80,80,80,80,80,80,80,80,80,80,90,90,90,90,90,90],"card_choices":[{"not_picked":["Barricade","Double Tap"],"picked":"Berserk","floor":16},{"not_picked":["Cleave+1","Ghostly Armor+1","Battle Trance+1"],"picked":"SKIP","floor":23}],"player_experience":389296,"relics_obtained":[{"floor":1,"key":"CCEMRelics:SpiritsEdge"},{"floor":2,"key":"Mastiff:ReiMu"},{"floor":3,"key":"CeramicFish"},{"floor":4,"key":"MealTicket"},{"floor":5,"key":"Anchor"},{"floor":9,"key":"Meat on the Bone"},{"floor":10,"key":"CCEMRelics:DissonantTune"},{"floor":11,"key":"wanderingMiniBosses:MasterThiefsPresence"},{"floor":11,"key":"CCEMRelics:GrindingGear"},{"floor":14,"key":"trackpad:StainlessSteel"},{"floor":18,"key":"Lizard Tail"},{"floor":20,"key":"Pear"},{"floor":21,"key":"PreservedInsect"},{"floor":22,"key":"GiantMaggot"},{"floor":23,"key":"Calipers"}],"event_choices":[],"is_beta":false,"boss_relics":[{"not_picked":["vexMod:ImprovementManual","vexMod:DeviousBotling"],"picked":"aspiration:MobileForge"}],"items_purged_floors":[],"is_endless":false,"potions_floor_spawned":[1,3,10,14,22,23,24],"killed_by":"Cultist and Chosen","ascension_level":0}}