{"host":"j0vzbnzm6n2ctevn","time":1609478616,"event":{"mods":["AchievementEnabler","BaseMod","Minty Spire (QoL Compilation)","Quick Restart","Shop Mod","Spicy Shops","StSLib"],"gold_per_floor":[113,37,37,50,125,155,155,173,173,192,222,65,45,45,45,147,147,167,20,35,50,67,67,83,83,83,83,83,83,83,103,103,103,103],"floor_reached":33,"playtime":1245,"items_purged":["Strike_R","Defend_R"],"score":324,"play_id":"53844145-d280-42c1-8e75-28647e6e5e37","local_time":"20210101132336","is_ascension_mode":true,"campfire_choices":[{"data":"Searing Blow","floor":7.0,"key":"SMITH"},{"floor":15.0,"key":"REST"},{"data":"Searing Blow+1","floor":23.0,"key":"SMITH"},{"data":"Searing Blow+2","floor":25.0,"key":"SMITH"},{"data":"Searing Blow+3","floor":30.0,"key":"SMITH"},{"floor":32.0,"key":"REST"}],"circlet_count":0,"master_deck":["Strike_R+1","Strike_R","Strike_R","Strike_R+1","Defend_R","Defend_R","Defend_R","Bash","Clash","Searing Blow+4","Spot Weakness","Disarm","Inflame","Headbutt","Inflame","Clash","Double Tap","Shrug It Off+1","Armaments","Flex+1","Battle Trance","Headbutt+1"],"relics":["Burning Blood","NeowsBlessing","Ice Cream","Prayer Wheel","Pocketwatch","Busted Crown","Darkstone Periapt","Pen Nib"],"acts_visited":["Exordium","TheCity"],"potions_floor_usage":[33],"damage_taken":[{"damage":0.0,"enemies":"Cultist","floor":1.0,"turns":1.0},{"damage":0.0,"enemies":"2 Louse","floor":4.0,"turns":1.0},{"damage":0.0,"enemies":"Lagavulin","floor":6.0,"turns":1.0},{"damage":0.0,"enemies":"Small Slimes","floor":8.0,"turns":2.0},{"damage":16.0,"enemies":"Red Slaver","floor":10.0,"turns":4.0},{"damage":50.0,"enemies":"Gremlin Nob","floor":11.0,"turns":5.0},{"damage":16.0,"enemies":"Lots of Slimes","floor":14.0,"turns":2.0},{"damage":19.0,"enemies":"The Guardian","floor":16.0,"turns":9.0},{"damage":0.0,"enemies":"Chosen","floor":18.0,"turns":4.0},{"damage":35.0,"enemies":"3 Byrds","floor":20.0,"turns":5.0},{"damage":3.0,"enemies":"Snecko","floor":21.0,"turns":4.0},{"damage":25.0,"enemies":"Centurion and Healer","floor":22.0,"turns":5.0},{"damage":11.0,"enemies":"Sentry and Sphere","floor":24.0,"turns":3.0},{"damage":10.0,"enemies":"Snecko","floor":31.0,"turns":4.0},{"damage":84,"enemies":"Collector","floor":33,"turns":6}],"seed_played":"-8908128637706073452","potions_obtained":[{"floor":6.0,"key":"EssenceOfSteel"},{"floor":8.0,"key":"SmokeBomb"},{"floor":10.0,"key":"Dexterity Potion"},{"floor":13.0,"key":"HeartOfIron"},{"floor":20.0,"key":"Fire Potion"},{"floor":22.0,"key":"Block Potion"},{"floor":31.0,"key":"PowerPotion"}],"is_trial":false,"path_per_floor":["M","$","?","M","?","E","R","M","T","M","E","$","?","M","R","B",null,"M","$","M","M","M","R","M","R","T","$","?","?","R","M","R","B"],"character_chosen":"IRONCLAD","items_purchased":["Searing Blow","Inflame","Clash","Armaments"],"campfire_rested":2,"item_purchase_floors":[2,12,12,19],"current_hp_per_floor":[80,80,64,70,62,68,68,74,74,64,20,20,20,10,34,21,80,80,80,51,54,35,35,30,30,30,30,36,36,36,32,57,0,0],"gold":103,"neow_bonus":"THREE_ENEMY_KILL","is_daily":false,"chose_seed":false,"campfire_upgraded":4,"win_rate":0.0,"timestamp":1609478616,"path_taken":["M","$","?","M","?","E","R","?","T","M","E","$","?","M","R","BOSS","M","?","M","M","?","R","M","R","T","$","?","?","R","M","R","BOSS"],"items_purchased_type":["Card","Card","Card","Card"],"build_version":"2020-12-22","purchased_purges":2,"victory":false,"max_hp_per_floor":[80,80,80,80,80,80,80,80,80,80,80,80,80,80,80,80,80,80,80,80,80,80,80,80,80,80,80,86,86,86,86,86,86,86],"card_choices":[{"not_picked":["Pommel Strike","Body Slam"],"picked":"Clash","floor":1.0},{"not_picked":["Hemokinesis","Sword Boomerang"],"picked":"Spot Weakness","floor":4.0},{"not_picked":["Searing Blow","Corruption","Blood for Blood"],"picked":"SKIP","floor":6.0},{"not_picked":["Perfected Strike","Heavy Blade"],"picked":"Disarm","floor":8.0},{"not_picked":["Perfected Strike","Metallicize"],"picked":"Inflame","floor":10.0},{"not_picked":["Sever Soul","Sword Boomerang","Warcry"],"picked":"SKIP","floor":10.0},{"not_picked":["Body Slam","True Grit"],"picked":"Headbutt","floor":11.0},{"not_picked":["Demon Form","Feed"],"picked":"Double Tap","floor":16.0},{"not_picked":[],"picked":"Shrug It Off+1","floor":18.0},{"not_picked":["Fire Breathing"],"picked":"SKIP","floor":18.0},{"not_picked":["Burning Pact"],"picked":"SKIP","floor":20.0},{"not_picked":["Perfected Strike"],"picked":"SKIP","floor":20.0},{"not_picked":[],"picked":"Flex+1","floor":21.0},{"not_picked":["Fire Breathing"],"picked":"SKIP","floor":21.0},{"not_picked":[],"picked":"Battle Trance","floor":22.0},{"not_picked":["True Grit"],"picked":"SKIP","floor":22.0},{"not_picked":[],"picked":"Headbutt+1","floor":24.0},{"not_picked":["Cleave+1"],"picked":"SKIP","floor":24.0},{"not_picked":["Ghostly Armor+1"],"picked":"SKIP","floor":31.0},{"not_picked":["Headbutt+1"],"picked":"SKIP","floor":31.0}],"player_experience":79733,"relics_obtained":[{"floor":6.0,"key":"Ice Cream"},{"floor":9.0,"key":"Prayer Wheel"},{"floor":11.0,"key":"Pocketwatch"},{"floor":26.0,"key":"Darkstone Periapt"}],"event_choices":[{"damage_healed":0.0,"max_hp_gain":0.0,"max_hp_loss":0.0,"gold_gain":0.0,"event_name":"Shining Light","player_choice":"Entered Light","floor":3.0,"gold_loss":0.0,"damage_taken":16.0,"cards_upgraded":["Strike_R","Strike_R"]},{"damage_healed":0.0,"max_hp_gain":0.0,"max_hp_loss":0.0,"gold_gain":75.0,"event_name":"FaceTrader","player_choice":"Touch","floor":5.0,"gold_loss":0.0,"damage_taken":8.0},{"damage_healed":0.0,"max_hp_gain":0.0,"max_hp_loss":0.0,"gold_gain":0.0,"event_name":"The Woman in Blue","player_choice":"Bought 1 Potion","floor":13.0,"gold_loss":0.0,"damage_taken":0.0},{"damage_healed":0.0,"max_hp_gain":0.0,"max_hp_loss":0.0,"gold_gain":0.0,"event_name":"Addict","player_choice":"Stole Relic","floor":28.0,"gold_loss":0.0,"damage_taken":0.0,"relics_obtained":["Pen Nib"],"cards_obtained":["Shame"]},{"cards_removed":["Shame"],"damage_healed":0.0,"max_hp_gain":0.0,"max_hp_loss":0.0,"gold_gain":0.0,"event_name":"Fountain of Cleansing","player_choice":"Removed Curses","floor":29.0,"gold_loss":0.0,"damage_taken":0.0}],"is_beta":false,"boss_relics":[{"not_picked":["Philosopher\u0027s Stone","SacredBark"],"picked":"Busted Crown"}],"items_purged_floors":[12,19],"is_endless":false,"potions_floor_spawned":[6,8,10,14,20,22,31],"killed_by":"Collector","ascension_level":3}}