{"host":"ilxricga2547gmyy","time":1609534229,"event":{"mods":["AchievementEnabler","BaseMod","Minty Spire (QoL Compilation)","Quick Restart","StSLib"],"gold_per_floor":[363,363,538,559,90,90,134,134,158,173,212,212,212,233,233,359,359,372,390,390,390,408,453,480,145,145,195,218,218,263,236,236,236,236],"floor_reached":33,"playtime":1271,"items_purged":["Doubt"],"score":532,"play_id":"9e964a5f-f03c-48d5-b254-84dc69eb6140","local_time":"20210101215028","is_ascension_mode":true,"campfire_choices":[{"floor":12.0,"key":"REST"},{"floor":15,"key":"REST"},{"data":"Disarm","floor":29,"key":"SMITH"},{"data":"Bite","floor":32,"key":"SMITH"}],"circlet_count":0,"master_deck":["AscendersBane","Defend_R","Defend_R","Defend_R","Defend_R","Bash","Spot Weakness+1","Carnage","Corruption","Inflame","Disarm+1","Cleave","Offering+1","CurseOfTheBell","Bite+1","Bite+1","Bite","Bite+1","Bite","Evolve","Ghostly Armor+1","Headbutt","Dropkick","Armaments+1","Hemokinesis+1","Thunderclap+1","Feel No Pain+1"],"relics":["Burning Blood","Golden Idol","Bag of Marbles","HornCleat","Bag of Preparation","Paper Frog","Happy Flower","Anchor","Calling Bell","Dream Catcher","White Beast Statue","Ice Cream","Incense Burner","CeramicFish","War Paint","Whetstone","Art of War","Frozen Egg 2"],"acts_visited":["Exordium","TheCity"],"potions_floor_usage":[19,19,22,23,27,27,27,27,28,30,30,30,33],"damage_taken":[{"damage":12.0,"enemies":"2 Louse","floor":1.0,"turns":4.0},{"damage":8.0,"enemies":"Small Slimes","floor":4.0,"turns":4.0},{"damage":26.0,"enemies":"3 Sentries","floor":7.0,"turns":8.0},{"damage":2.0,"enemies":"Jaw Worm","floor":10.0,"turns":3.0},{"damage":0.0,"enemies":"Gremlin Nob","floor":11.0,"turns":2.0},{"damage":0,"enemies":"Blue Slaver","floor":14,"turns":1},{"damage":35,"enemies":"Hexaghost","floor":16,"turns":10},{"damage":6,"enemies":"Shell Parasite","floor":18,"turns":3},{"damage":7,"enemies":"Spheric Guardian","floor":19,"turns":4},{"damage":23,"enemies":"Chosen and Byrds","floor":22,"turns":5},{"damage":55,"enemies":"Gremlin Leader","floor":23,"turns":10},{"damage":6,"enemies":"Snake Plant","floor":24,"turns":4},{"damage":24,"enemies":"Book of Stabbing","floor":27,"turns":4},{"damage":0,"enemies":"Cultist and Chosen","floor":28,"turns":5},{"damage":34,"enemies":"Gremlin Leader","floor":30,"turns":6},{"damage":80,"enemies":"Automaton","floor":33,"turns":6}],"seed_played":"4880002529334649484","potions_obtained":[{"floor":7.0,"key":"SneckoOil"},{"floor":10.0,"key":"Fire Potion"},{"floor":11.0,"key":"SkillPotion"},{"floor":16,"key":"Block Potion"},{"floor":18,"key":"BlessingOfTheForge"},{"floor":19,"key":"Swift Potion"},{"floor":22,"key":"SpeedPotion"},{"floor":23,"key":"CultistPotion"},{"floor":24,"key":"EntropicBrew"},{"floor":27,"key":"Weak Potion"},{"floor":28,"key":"Swift Potion"},{"floor":30,"key":"EssenceOfSteel"}],"is_trial":false,"path_per_floor":["M","?","?","M","$","?","E","$","T","M","E","R","$","M","R","B",null,"M","M","?","T","M","E","M","$","T","E","M","R","E","$","R","B"],"character_chosen":"IRONCLAD","items_purchased":["Bag of Marbles","HornCleat","War Paint","Whetstone","Dropkick","Feel No Pain+1"],"campfire_rested":2,"item_purchase_floors":[5,5,25,25,25,31],"current_hp_per_floor":[45,45,45,43,43,36,16,16,16,20,26,48,48,54,74,45,67,67,66,51,51,46,26,36,36,36,27,45,45,41,41,41,0,0],"gold":236,"neow_bonus":"TWO_FIFTY_GOLD","is_daily":false,"chose_seed":false,"campfire_upgraded":2,"win_rate":0.0,"timestamp":1609534228,"path_taken":["M","?","?","M","$","?","E","?","T","M","E","R","$","M","R","BOSS","M","M","?","?","M","E","M","$","T","E","M","R","E","$","R","BOSS"],"items_purchased_type":["Relic","Relic","Relic","Relic","Card","Card"],"build_version":"2020-12-22","purchased_purges":1,"victory":false,"max_hp_per_floor":[80,74,74,74,74,74,74,74,74,74,74,74,74,74,74,74,74,74,74,51,51,51,51,51,51,51,51,51,51,51,51,51,51,51],"card_choices":[{"not_picked":["Pommel Strike","Shrug It Off"],"picked":"Spot Weakness","floor":1.0},{"not_picked":["Dark Embrace","Wild Strike"],"picked":"Carnage","floor":4.0},{"not_picked":["Flex","Rage"],"picked":"Corruption","floor":7.0},{"not_picked":["Clash","Metallicize"],"picked":"Inflame","floor":10.0},{"not_picked":["Blood for Blood","Entrench"],"picked":"Disarm","floor":11.0},{"not_picked":["Havoc","Headbutt"],"picked":"Cleave","floor":14},{"not_picked":["Fiend Fire","Barricade"],"picked":"Offering","floor":16},{"not_picked":["Cleave","Reckless Charge","Rampage"],"picked":"SKIP","floor":18},{"not_picked":["Armaments","Anger+1","Iron Wave"],"picked":"SKIP","floor":19},{"not_picked":["Rupture","Sword Boomerang"],"picked":"Evolve","floor":22},{"not_picked":["Body Slam","Berserk"],"picked":"Ghostly Armor+1","floor":23},{"not_picked":["Perfected Strike","Anger"],"picked":"Headbutt","floor":24},{"not_picked":["Flex","Second Wind"],"picked":"Armaments+1","floor":27},{"not_picked":["Havoc+1","Iron Wave"],"picked":"Hemokinesis+1","floor":28},{"not_picked":["Exhume","Perfected Strike+1"],"picked":"Thunderclap+1","floor":30}],"player_experience":271893,"relics_obtained":[{"floor":7.0,"key":"Paper Frog"},{"floor":9.0,"key":"Happy Flower"},{"floor":11.0,"key":"Anchor"},{"floor":17,"key":"Dream Catcher"},{"floor":17,"key":"White Beast Statue"},{"floor":17,"key":"Ice Cream"},{"floor":21,"key":"Incense Burner"},{"floor":23,"key":"CeramicFish"},{"floor":27,"key":"Art of War"},{"floor":30,"key":"Frozen Egg 2"}],"event_choices":[{"damage_healed":0.0,"max_hp_gain":0.0,"max_hp_loss":6.0,"gold_gain":0.0,"event_name":"Golden Idol","player_choice":"Lose Max HP","floor":2.0,"gold_loss":0.0,"damage_taken":0.0,"relics_obtained":["Golden Idol"]},{"damage_healed":0.0,"max_hp_gain":0.0,"max_hp_loss":0.0,"gold_gain":175.0,"event_name":"Liars Game","player_choice":"AGREE","floor":3.0,"gold_loss":0.0,"damage_taken":0.0,"cards_obtained":["Doubt"]},{"damage_healed":0.0,"max_hp_gain":0.0,"max_hp_loss":0.0,"gold_gain":0.0,"event_name":"Scrap Ooze","player_choice":"Success","floor":6.0,"gold_loss":0.0,"damage_taken":7.0,"relics_obtained":["Bag of Preparation"]},{"damage_healed":0,"gold_gain":0,"player_choice":"Became a vampire","damage_taken":0,"max_hp_gain":0,"max_hp_loss":23,"event_name":"Vampires","floor":20,"gold_loss":0,"cards_obtained":["Bite","Bite","Bite","Bite","Bite"]}],"is_beta":false,"boss_relics":[{"not_picked":["Astrolabe","Black Star"],"picked":"Calling Bell"}],"items_purged_floors":[5],"is_endless":false,"potions_floor_spawned":[7,10,11,16,18,19,22,23,24,27,28,30],"killed_by":"Automaton","ascension_level":10}}