{"host":"k0hp5rzz2oj0nliz","time":1609507708,"event":{"mods":["BaseMod","Downfall","Minty Spire (QoL Compilation)","MostiFishMod","StSLib","noobMod"],"gold_per_floor":[99,99,25,25,25,43,66,341,375,375,393,148,148,133,146,243,-1157,-1157,-1143,-1130,-1130,267,367,367,367,377,477,491,506,506,429,445,546,546,546,564,618,634,646,260,260,295,295,313,24,24,24,74,86,86],"floor_reached":51,"playtime":3135,"items_purged":["Regret"],"score":798,"play_id":"3b8a434a-90b5-4c62-9fdd-b32e0d00e9de","local_time":"20210101212828","is_ascension_mode":false,"campfire_choices":[{"floor":1,"key":"RECALL"},{"data":"Guardian:FloatingOrbs","floor":10,"key":"SMITH"},{"floor":13,"key":"REST"},{"data":"Guardian:GuardianWhirl","floor":18,"key":"SMITH"},{"data":"Guardian:EvasiveProtocol","floor":25,"key":"SMITH"},{"data":"Guardian:PrismaticBeam","floor":30,"key":"SMITH"},{"data":"Guardian:TimeSifter","floor":35,"key":"SMITH"},{"data":"Guardian:ArmoredProtocol","floor":47,"key":"SMITH"}],"circlet_count":0,"master_deck":["Guardian:Strike_Guardian","Guardian:Defend_Guardian","Guardian:Defend_Guardian","Guardian:Defend_Guardian+1","Guardian:Defend_Guardian","Guardian:CurlUp","Guardian:TwinSlam","Guardian:Preprogram","Guardian:ShieldCharger","Guardian:FloatingOrbs+1","Guardian:ShieldSpikes","Guardian:StasisStrike","Guardian:RollAttack","Guardian:PrismaticBeam+1","Guardian:ArmoredProtocol+1","Guardian:DecasProtection","Guardian:CrystalBeam","Guardian:GuardianWhirl+1","Guardian:Incinerate","Guardian:Incinerate","Guardian:RevengeProtocol","Guardian:TemporalShield","Guardian:SphericShield","Guardian:EvasiveProtocol+1","Guardian:TimeBomb+1","Guardian:ShieldCharger","Guardian:Reroute+1","J.A.X.","Guardian:WalkerClaw+1","Guardian:MultiBeam+1","Guardian:TimeSifter+1","Guardian:Incinerate+1","Guardian:PiercingHide+1","Guardian:PrimingBeam+1","Guardian:PrismaticBeam+1"],"relics":["Guardian:ModeShifter","DaveBox","ice","downfall:HeartsMalice","downfall:ShatteredFragment","PreservedInsect","TungstenRod","Orrery","SynthV:MejaisSoulstealer","ArrowTower","Molten Egg 2","Akabeko","MutagenicStrength","FeatherPendant","Ginger","Blue Candle","Boot","Centennial Puzzle","Blood Vial","Bag of Marbles","War Paint","Guardian:BottledStasis","Bird Faced Urn"],"acts_visited":["Exordium","TheCity","TheBeyond"],"potions_floor_usage":[12],"damage_taken":[{"damage":0,"enemies":"Jaw Worm","floor":2,"turns":1},{"damage":0,"enemies":"downfall:FleeingMerchant","floor":3,"turns":1},{"damage":0,"enemies":"Small Slimes","floor":4,"turns":1},{"damage":6,"enemies":"Cultist","floor":6,"turns":3},{"damage":8,"enemies":"Gremlin Nob","floor":9,"turns":4},{"damage":10,"enemies":"Exordium Thugs","floor":11,"turns":3},{"damage":4,"enemies":"downfall:FleeingMerchant","floor":12,"turns":4},{"damage":0,"enemies":"downfall:FleeingMerchant","floor":14,"turns":4},{"damage":0,"enemies":"2 Fungi Beasts","floor":15,"turns":3},{"damage":34,"enemies":"downfall:Watcher","floor":16,"turns":11},{"damage":0,"enemies":"3 Byrds","floor":19,"turns":1},{"damage":0,"enemies":"Chosen","floor":20,"turns":3},{"damage":3,"enemies":"downfall:FleeingMerchant","floor":22,"turns":4},{"damage":0,"enemies":"downfall:Defect","floor":23,"turns":4},{"damage":5,"enemies":"Snecko","floor":26,"turns":3},{"damage":0,"enemies":"downfall:Augmenter","floor":27,"turns":2},{"damage":0,"enemies":"Sentry and Sphere","floor":28,"turns":3},{"damage":6,"enemies":"Snake Plant","floor":29,"turns":2},{"damage":0,"enemies":"Cultist and Chosen","floor":32,"turns":4},{"damage":12,"enemies":"downfall:Silent","floor":33,"turns":5},{"damage":0,"enemies":"3 Darklings","floor":36,"turns":2},{"damage":0,"enemies":"2 Orb Walkers","floor":37,"turns":1},{"damage":8,"enemies":"3 Shapes","floor":38,"turns":1},{"damage":12,"enemies":"Sphere and 2 Shapes","floor":39,"turns":3},{"damage":0,"enemies":"Giant Head","floor":42,"turns":3},{"damage":0,"enemies":"Maw","floor":44,"turns":2},{"damage":14,"enemies":"Mind Bloom Boss Battle","floor":48,"turns":3},{"damage":0,"enemies":"Transient","floor":49,"turns":5},{"damage":0,"enemies":"downfall:Ironclad","floor":50,"turns":2}],"seed_played":"-4579743755488861810","potions_obtained":[{"floor":6,"key":"Block Potion"},{"floor":9,"key":"Explosive Potion"},{"floor":11,"key":"EssenceOfSteel"},{"floor":15,"key":"FearPotion"},{"floor":29,"key":"Guardian:BlockOnCardUsePotion"}],"is_trial":false,"path_per_floor":["R","M","$","M","?","M","T","?","E","R","M","$","R","$","M","B",null,"R","M","M","?","$","?","T","R","M","?","M","M","R","$","M","B",null,"R","M","?","M","M","$","T","E","?","M","$","?","R","?","M","B",null],"character_chosen":"GUARDIAN","items_purchased":["Guardian:FloatingOrbs","Orrery","Guardian:EvasiveProtocol","Guardian:Gem_Blue","Blue Candle","Boot","War Paint","Guardian:BottledStasis"],"campfire_rested":1,"item_purchase_floors":[3,12,22,31,40,40,45,45],"current_hp_per_floor":[80,80,80,80,56,50,50,50,42,42,32,28,52,52,52,18,80,80,80,80,80,77,77,77,77,72,72,72,66,66,66,66,54,80,80,80,80,72,60,60,60,60,60,62,62,62,62,50,76,80],"gold":86,"neow_bonus":"THREE_ENEMY_KILL","is_daily":false,"chose_seed":false,"campfire_upgraded":6,"win_rate":0.0,"timestamp":1609507708,"path_taken":["R","M","$","M","?","M","T","?","E","R","?","?","R","$","M","BOSS","R","M","M","?","$","?","T","R","M","?","M","M","R","$","M","BOSS","R","M","?","M","M","$","T","E","?","M","$","?","R","?","M","BOSS"],"items_purchased_type":["Card","Relic","Card","Card","Relic","Relic","Relic","Relic"],"build_version":"2020-12-22","purchased_purges":1,"victory":true,"max_hp_per_floor":[80,80,80,80,80,80,80,80,80,80,80,80,80,80,80,80,80,80,80,80,80,80,80,80,80,80,80,80,80,80,80,80,80,80,80,80,80,80,80,80,80,80,80,80,80,80,80,80,80,80],"card_choices":[{"not_picked":["Guardian:Repulse","Guardian:Gem_Crimson"],"picked":"Guardian:Preprogram","floor":2},{"not_picked":["Guardian:Planning","Guardian:Gem_Lightblue"],"picked":"Guardian:ShieldCharger","floor":3},{"not_picked":["Guardian:PolyBeam","Guardian:WalkerClaw"],"picked":"Guardian:ShieldSpikes","floor":4},{"not_picked":["Guardian:CrystalBeam","Guardian:TemporalStrike"],"picked":"Guardian:Gem_Fragmented","floor":6},{"not_picked":["Guardian:RollAttack","Guardian:Planning"],"picked":"Guardian:StasisStrike","floor":9},{"not_picked":["Guardian:TimeCapacitor","Guardian:Reroute"],"picked":"Guardian:RollAttack","floor":11},{"not_picked":["Guardian:Suspension","Guardian:TemporalStrike"],"picked":"Guardian:PrismaticBeam","floor":12},{"not_picked":["Guardian:Recover","Guardian:Gem_Green"],"picked":"Guardian:ArmoredProtocol","floor":12},{"not_picked":["Guardian:Gem_Green","Guardian:CrystalBeam"],"picked":"Guardian:Gem_Crimson","floor":12},{"not_picked":["Guardian:TimeCapacitor","Guardian:PrismaticBeam"],"picked":"Guardian:DecasProtection","floor":12},{"not_picked":["Guardian:RollAttack","Guardian:Reroute"],"picked":"Guardian:CrystalBeam","floor":12},{"not_picked":["Guardian:VentSteam","Guardian:TimeCapacitor"],"picked":"Guardian:GuardianWhirl","floor":12},{"not_picked":["Guardian:FastForward","Guardian:PiercingHide"],"picked":"Guardian:Incinerate","floor":14},{"not_picked":["Guardian:VentSteam","Guardian:Suspension"],"picked":"Guardian:Incinerate","floor":15},{"not_picked":["Guardian:FastForward","Guardian:ExploitGems"],"picked":"Guardian:RevengeProtocol","floor":16},{"not_picked":["Guardian:Recover","Guardian:ShieldCharger+1"],"picked":"Guardian:TemporalShield","floor":19},{"not_picked":["Guardian:Gem_Cyan","Guardian:FloatingOrbs"],"picked":"Guardian:Gem_Crimson","floor":20},{"not_picked":["Guardian:Gem_Green","Guardian:Emergency"],"picked":"Guardian:SphericShield","floor":22},{"not_picked":["Guardian:CrystalBeam+1","Guardian:Gem_Cyan"],"picked":"Guardian:TimeBomb","floor":26},{"not_picked":["Guardian:ChargeCore+1","Guardian:Gem_Red"],"picked":"Guardian:ShieldCharger","floor":27},{"not_picked":[],"picked":"J.A.X.","floor":27},{"not_picked":["Guardian:TemporalStrike+1","Guardian:AncientConstruct"],"picked":"Guardian:WalkerClaw+1","floor":28},{"not_picked":["Guardian:Gem_Cyan","Guardian:Recover"],"picked":"Guardian:MultiBeam+1","floor":29},{"not_picked":["Guardian:ChargeUp","Guardian:RollAttack+1"],"picked":"Guardian:TimeSifter","floor":32},{"not_picked":["Guardian:Planning+1","Guardian:Gem_Cyan"],"picked":"Guardian:Incinerate+1","floor":36},{"not_picked":["Guardian:Suspension","Guardian:Clone"],"picked":"Guardian:PiercingHide+1","floor":37},{"not_picked":["Guardian:Gem_Cyan","Guardian:Incinerate+1"],"picked":"Guardian:PrimingBeam+1","floor":38},{"not_picked":["Guardian:Planning","Guardian:Gem_Cyan","Guardian:TemporalStrike+1"],"picked":"SKIP","floor":39},{"not_picked":["Guardian:BronzeArmor","Guardian:Preprogram+1"],"picked":"Guardian:Gem_Blue","floor":42},{"not_picked":["Guardian:ChargeCore+1","Guardian:VentSteam"],"picked":"Guardian:Gem_Lightblue","floor":44},{"not_picked":["Guardian:VentSteam+1","Guardian:Planning"],"picked":"Guardian:PrismaticBeam+1","floor":48},{"not_picked":["Guardian:Planning+1","Guardian:Gem_Lightblue","Guardian:Reroute+1"],"picked":"SKIP","floor":49}],"player_experience":181707,"relics_obtained":[{"floor":7,"key":"PreservedInsect"},{"floor":9,"key":"TungstenRod"},{"floor":23,"key":"ArrowTower"},{"floor":23,"key":"Molten Egg 2"},{"floor":24,"key":"Akabeko"},{"floor":27,"key":"MutagenicStrength"},{"floor":37,"key":"Ginger"},{"floor":41,"key":"Centennial Puzzle"},{"floor":42,"key":"Blood Vial"},{"floor":43,"key":"Bag of Marbles"},{"floor":48,"key":"Bird Faced Urn"}],"event_choices":[{"damage_healed":0,"gold_gain":0,"player_choice":"Ignored","damage_taken":0,"max_hp_gain":0,"max_hp_loss":0,"event_name":"Ghosts","floor":21,"gold_loss":0},{"damage_healed":0,"gold_gain":0,"player_choice":"Fight","damage_taken":0,"max_hp_gain":0,"max_hp_loss":0,"event_name":"Mysterious Sphere","floor":37,"gold_loss":0},{"cards_removed":["Guardian:Strike_Guardian"],"damage_healed":0,"gold_gain":0,"player_choice":"Card Removal","damage_taken":0,"max_hp_gain":0,"max_hp_loss":0,"event_name":"Wheel of Change","floor":46,"gold_loss":0}],"is_beta":false,"boss_relics":[{"not_picked":["Philosopher\u0027s Stone","Sozu"],"picked":"SynthV:MejaisSoulstealer"},{"not_picked":["xbg","Runic Pyramid"],"picked":"FeatherPendant"}],"items_purged_floors":[12],"is_endless":false,"potions_floor_spawned":[6,9,11,15,19,29,32,33,36,44],"ascension_level":0}}