{"host":"56ghxnzsglgdq727","time":1609460995,"event":{"mods":["AchievementEnabler","BaseMod","Minty Spire (QoL Compilation)"],"gold_per_floor":[113,113,113,131,145,175,175,175,202,202,223,32,32,32],"floor_reached":13,"playtime":267,"items_purged":["Defend_R"],"score":87,"play_id":"dfd98c90-150b-47e0-a097-5243d1f55d65","local_time":"20201231192955","is_ascension_mode":true,"campfire_choices":[{"data":"Rampage","floor":7.0,"key":"SMITH"}],"circlet_count":0,"master_deck":["Strike_R","Strike_R","Strike_R","Strike_R","Defend_R","Defend_R","Defend_R","Bash","Reaper","Rampage+1","Metallicize"],"relics":["Burning Blood","Ornamental Fan","Tiny Chest","Juzu Bracelet","Blood Vial","Golden Idol","Membership Card"],"acts_visited":["Exordium"],"potions_floor_usage":[],"damage_taken":[{"damage":6.0,"enemies":"Cultist","floor":1.0,"turns":3.0},{"damage":11.0,"enemies":"Jaw Worm","floor":4.0,"turns":4.0},{"damage":5.0,"enemies":"Small Slimes","floor":5.0,"turns":4.0},{"damage":16.0,"enemies":"Gremlin Nob","floor":6.0,"turns":4.0},{"damage":12.0,"enemies":"3 Louse","floor":11.0,"turns":3.0},{"damage":31,"enemies":"Lagavulin","floor":13,"turns":8}],"seed_played":"-1506723423044339013","potions_obtained":[{"floor":1.0,"key":"ColorlessPotion"},{"floor":5.0,"key":"Explosive Potion"}],"is_trial":false,"path_per_floor":["M","?","?","M","M","E","R","T","T","?","M","$","E"],"character_chosen":"IRONCLAD","items_purchased":["Membership Card"],"campfire_rested":0,"item_purchase_floors":[12],"current_hp_per_floor":[80,73,70,65,66,56,56,56,56,36,32,32,3,3],"gold":32,"neow_bonus":"ONE_RANDOM_RARE_CARD","is_daily":false,"chose_seed":false,"campfire_upgraded":1,"win_rate":0.0,"timestamp":1609460995,"path_taken":["M","?","?","?","M","E","R","?","T","?","M","$","E"],"items_purchased_type":["Relic"],"build_version":"2020-12-22","purchased_purges":1,"victory":false,"max_hp_per_floor":[80,80,80,80,80,80,80,80,80,80,80,80,80,80],"card_choices":[{"not_picked":["Iron Wave","Seeing Red"],"picked":"Rampage","floor":1.0},{"not_picked":["Warcry","Armaments","True Grit"],"picked":"SKIP","floor":4.0},{"not_picked":["Twin Strike","Reckless Charge","Sword Boomerang"],"picked":"SKIP","floor":5.0},{"not_picked":["Rage","Clothesline"],"picked":"Metallicize","floor":6.0},{"not_picked":["Shockwave","Combust","Seeing Red"],"picked":"SKIP","floor":11.0}],"player_experience":72417,"relics_obtained":[{"floor":6.0,"key":"Tiny Chest"},{"floor":8.0,"key":"Juzu Bracelet"},{"floor":9.0,"key":"Blood Vial"}],"event_choices":[{"cards_removed":["Strike_R"],"damage_healed":0.0,"max_hp_gain":0.0,"max_hp_loss":0.0,"gold_gain":0.0,"event_name":"Golden Wing","player_choice":"Card Removal","floor":2.0,"gold_loss":0.0,"damage_taken":7.0},{"damage_healed":0.0,"max_hp_gain":0.0,"max_hp_loss":0.0,"gold_gain":0.0,"event_name":"Scrap Ooze","player_choice":"Success","floor":3.0,"gold_loss":0.0,"damage_taken":3.0,"relics_obtained":["Ornamental Fan"]},{"damage_healed":0.0,"max_hp_gain":0.0,"max_hp_loss":0.0,"gold_gain":0.0,"event_name":"Golden Idol","player_choice":"Take Damage","floor":10.0,"gold_loss":0.0,"damage_taken":20.0,"relics_obtained":["Golden Idol"]}],"is_beta":false,"boss_relics":[],"items_purged_floors":[12],"is_endless":false,"potions_floor_spawned":[1,5],"killed_by":"Lagavulin","ascension_level":1}}