{"host":"ooer26pcuunqa1a1","time":1609484972,"event":{"mods":["AchievementEnabler","Act Like it!","BaseMod","Best Route Mod","BetterRewards","Colored Powertips","Dio Mod","Downfall","Duelist Mod","Minty Spire (QoL Compilation)","Quick Restart","StSLib","The IronCluck","The Necromancer"],"gold_per_floor":[99,119,139,139,139,159,159,159,175,207,227,237,237,247,260,260,260],"floor_reached":16,"playtime":867,"items_purged":[],"score":106,"play_id":"1bc51ad5-dfbb-439c-89e7-b5180e92e981","local_time":"20201231230932","is_ascension_mode":false,"campfire_choices":[{"data":"Guardian:TwinSlam","floor":1,"key":"SMITH"},{"data":"Guardian:CrystalBeam","floor":8,"key":"SMITH"},{"data":"Guardian:CurlUp","floor":13,"key":"SMITH"}],"circlet_count":0,"master_deck":["Guardian:Strike_Guardian","Guardian:Strike_Guardian","Guardian:Strike_Guardian","Guardian:Strike_Guardian","Guardian:Defend_Guardian","Guardian:Defend_Guardian","Guardian:Defend_Guardian","Guardian:Defend_Guardian","Guardian:CurlUp+1","Guardian:TwinSlam+1","Guardian:PolyBeam","Guardian:CrystalBeam+1","Guardian:BronzeOrb","Guardian:Clone","Guardian:ShieldCharger","Guardian:Gem_White","Guardian:PrimingBeam","Guardian:Gem_Green"],"relics":["Guardian:ModeShifter","Omamori","Mercury Hourglass","Meat on the Bone","Ice Cream"],"acts_visited":["Exordium"],"potions_floor_usage":[16],"damage_taken":[{"damage":1,"enemies":"Jaw Worm","floor":2,"turns":4},{"damage":0,"enemies":"Small Slimes","floor":3,"turns":2},{"damage":1,"enemies":"Cultist","floor":6,"turns":3},{"damage":1,"enemies":"Large Slime","floor":9,"turns":5},{"damage":13,"enemies":"Lagavulin","floor":10,"turns":6},{"damage":0,"enemies":"3 Louse","floor":11,"turns":2},{"damage":1,"enemies":"2 Fungi Beasts","floor":12,"turns":3},{"damage":14,"enemies":"Gremlin Gang","floor":14,"turns":3},{"damage":6,"enemies":"Lots of Slimes","floor":15,"turns":3},{"damage":50,"enemies":"downfall:Defect","floor":16,"turns":9}],"seed_played":"-430634179226095052","potions_obtained":[{"floor":2,"key":"CultistPotion"},{"floor":9,"key":"hexamod:EctoCoolerPotion"},{"floor":10,"key":"Guardian:DefensiveModePotion"}],"is_trial":false,"path_per_floor":["R","M","M","?","T","M","T","R","M","E","M","M","R","M","M","B"],"character_chosen":"GUARDIAN","items_purchased":[],"campfire_rested":0,"item_purchase_floors":[],"current_hp_per_floor":[80,79,79,72,72,71,71,71,70,57,57,56,56,42,48,0,0],"gold":260,"neow_bonus":"THREE_CARDS","is_daily":false,"chose_seed":false,"campfire_upgraded":3,"win_rate":0.0,"timestamp":1609484972,"path_taken":["R","M","M","?","?","M","T","R","M","E","M","M","R","M","M","BOSS"],"items_purchased_type":[],"build_version":"2020-12-22","purchased_purges":0,"victory":false,"max_hp_per_floor":[80,80,80,80,80,80,80,80,80,80,80,80,80,80,80,80,80],"card_choices":[{"not_picked":["Guardian:Reroute","Guardian:ShieldSpikes"],"picked":"Guardian:Gem_Green","floor":0},{"not_picked":["Guardian:ChargeCore","Guardian:TemporalStrike"],"picked":"Guardian:PolyBeam","floor":2},{"not_picked":["Guardian:VentSteam","Guardian:TemporalStrike"],"picked":"Guardian:CrystalBeam","floor":3},{"not_picked":["Guardian:Reroute","Guardian:Gem_Purple"],"picked":"Guardian:Gem_Cyan","floor":6},{"not_picked":["Guardian:Gem_Lightblue","Guardian:TimeCapacitor"],"picked":"Guardian:BronzeOrb","floor":9},{"not_picked":["Guardian:Planning","Guardian:BaubleBeam"],"picked":"Guardian:Clone","floor":10},{"not_picked":["Guardian:TemporalShield","Guardian:PrimingBeam"],"picked":"Guardian:ShieldCharger","floor":11},{"not_picked":["Guardian:Recover","Guardian:RefractedBeam"],"picked":"Guardian:Gem_White","floor":12},{"not_picked":["Guardian:StasisField","Guardian:Harden"],"picked":"Guardian:PrimingBeam","floor":14},{"not_picked":["Guardian:GuardianWhirl","Guardian:PrimingBeam"],"picked":"Guardian:Gem_Green","floor":15}],"player_experience":194357,"relics_obtained":[{"floor":5,"key":"Mercury Hourglass"},{"floor":7,"key":"Meat on the Bone"},{"floor":10,"key":"Ice Cream"}],"event_choices":[{"damage_healed":0,"gold_gain":0,"player_choice":"Success","damage_taken":7,"relics_obtained":["Omamori"],"max_hp_gain":0,"max_hp_loss":0,"event_name":"Scrap Ooze","floor":4,"gold_loss":0}],"is_beta":false,"boss_relics":[],"items_purged_floors":[],"is_endless":false,"potions_floor_spawned":[2,9,10,12],"killed_by":"downfall:Defect","ascension_level":0}}