{"host":"3c27c697js19kaoo","time":1609486128,"event":{"mods":["ATMod(°¢èªMod)","Aspiration","BaseMod","CapriCore","Dota2Spire","Hermit","Lobotomy","Minty Spire (QoL Compilation)","Quick Restart","Replay The Spire","Robot Space Explorer","RumiaBox-Â¶Ã×æ«µÄÉñÃØºÐ×Ó","Spicy Shops","StSLib","The Alterego","The Cursed","The Runesmith","The Servant 0.9.4","vexMod","¡¾¹¦ÄÜMod¡¿»ìãçÖ®»·ÐÞ¸´²¹¶¡","¡¾ÒÅÎï¿¨ÅÆ¡¿REMEMod"],"gold_per_floor":[116,116,214,389,60,71,97,110,110,110,143,143,143,170,170,296,296,307,57,57,68,18,18,18,18],"floor_reached":24,"playtime":793,"items_purged":["Doubt","Replay:Hysterical Blindness"],"score":314,"play_id":"d73c2a60-c84a-4c0a-aeae-85cd3c40a536","local_time":"20210101152848","is_ascension_mode":true,"campfire_choices":[{"floor":10.0,"key":"REST"},{"floor":12.0,"key":"REST"},{"floor":15.0,"key":"DIG"},{"floor":23,"key":"REST"}],"circlet_count":0,"master_deck":["Strike_G","Strike_G+1","Defend_G+1","Defend_G+1","Defend_G","Survivor","Neutralize","AT_DarkMatter","REME_GreenPollution","OldLady","Blade Dance","Deflect","Accuracy","Dagger Spray","Scorched","Blade Dance","SpiderBud","Escape Plan","Wellcheers","GalaxyChild","AT_FocusSwordFire","DreamingCurrent","ReplayTheSpireMod:Doomed","NakedNest","ReplayTheSpireMod:Scrap Shanks","Outmaneuver"],"relics":["Ring of the Snake","REME_ComplimentaryCards","AT_ATBox","CogitoBucket","aspiration:DSix","Dota2Spire:DivineRapier","Bag of Preparation","vexMod:InvisibilityCloak","GodSword6","Simple Rune","Kintsugi","HellTrain","Regal Pillow"],"acts_visited":["Exordium","TheCity"],"potions_floor_usage":[16,16],"damage_taken":[{"damage":0.0,"enemies":"2 Louse","floor":1.0,"turns":3.0},{"damage":3.0,"enemies":"Jaw Worm","floor":6.0,"turns":3.0},{"damage":0.0,"enemies":"3 Sentries","floor":7.0,"turns":2.0},{"damage":4.0,"enemies":"Small Slimes","floor":8.0,"turns":2.0},{"damage":0.0,"enemies":"Gremlin Nob","floor":11.0,"turns":2.0},{"damage":0.0,"enemies":"3 Sentries","floor":14.0,"turns":2.0},{"damage":33,"enemies":"The Guardian","floor":16,"turns":3},{"damage":20,"enemies":"3 Byrds","floor":18,"turns":2},{"damage":0,"enemies":"Spheric Guardian","floor":21,"turns":1}],"seed_played":"2258242976243624241","potions_obtained":[{"floor":6.0,"key":"Explosive Potion"},{"floor":11.0,"key":"REME_GoldPotion"},{"floor":14.0,"key":"FearPotion"},{"floor":16,"key":"Dota2Spire:Clarity"}],"is_trial":false,"path_per_floor":["M","?","?","?","$","M","E","M","T","R","E","R","?","E","R","B",null,"M","$","?","M","?","R","E"],"character_chosen":"THE_SILENT","items_purchased":["aspiration:DSix","Accuracy","Dagger Spray","Regal Pillow"],"campfire_rested":3,"item_purchase_floors":[5,5,5,19],"current_hp_per_floor":[70,56,28,28,28,25,25,21,21,42,42,63,56,56,56,26,70,50,50,37,37,37,74,0,0],"gold":18,"neow_bonus":"","is_daily":false,"chose_seed":false,"campfire_upgraded":0,"win_rate":0.0,"timestamp":1609486128,"path_taken":["M","?","?","?","$","M","E","M","T","R","E","R","?","E","R","BOSS","M","$","?","M","?","R","E"],"items_purchased_type":["Relic","Card","Card","Relic"],"build_version":"2020-12-22","purchased_purges":2,"victory":false,"max_hp_per_floor":[70,70,70,70,70,70,70,70,70,70,70,70,70,70,70,70,70,70,70,75,75,75,75,75,75],"card_choices":[{"not_picked":["VoidDream","MeatLantern"],"picked":"OldLady","floor":1.0},{"not_picked":["Hidden Blade","Terror","AT_WindFlip"],"picked":"SKIP","floor":1.0},{"not_picked":["Hidden Blade","Terror","AT_WindFlip"],"picked":"SKIP","floor":1.0},{"not_picked":["Draining Mist","Bouncing Flask"],"picked":"Blade Dance","floor":3.0},{"not_picked":["Quick Slash","PiercingWail"],"picked":"Deflect","floor":3.0},{"not_picked":["CrumblingArmor","QueenOfHatred"],"picked":"Scorched","floor":6.0},{"not_picked":["Bane","Poisoned Stab"],"picked":"Blade Dance","floor":6.0},{"not_picked":["BeautyBeast","WallGazer"],"picked":"SpiderBud","floor":7.0},{"not_picked":["Skewer","Dagger Spray"],"picked":"Escape Plan","floor":7.0},{"not_picked":["SingingMachine","ShyLook"],"picked":"LittleHelper","floor":8.0},{"not_picked":["Deadly Poison","Cloak And Dagger","Dodge and Roll"],"picked":"SKIP","floor":8.0},{"not_picked":["LongBird","ShyLook"],"picked":"Wellcheers","floor":11.0},{"not_picked":["Dagger Spray","Deadly Poison","AT_WindFlip"],"picked":"SKIP","floor":11.0},{"not_picked":["QueenBee","VoidDream"],"picked":"GalaxyChild","floor":14.0},{"not_picked":["Blur","Backflip"],"picked":"AT_FocusSwordFire","floor":14.0},{"not_picked":["FairyFestival","BeautyBeast"],"picked":"DreamingCurrent","floor":16},{"not_picked":["QueenOfHatred","Murderer"],"picked":"NakedNest","floor":18},{"not_picked":["Crippling Poison+1","Prepared"],"picked":"ReplayTheSpireMod:Scrap Shanks","floor":18},{"not_picked":["Deflect","Slice"],"picked":"Outmaneuver","floor":21}],"player_experience":200545,"relics_obtained":[{"floor":7.0,"key":"Dota2Spire:DivineRapier"},{"floor":9.0,"key":"Bag of Preparation"},{"floor":11.0,"key":"vexMod:InvisibilityCloak"},{"floor":14.0,"key":"GodSword6"},{"floor":15.0,"key":"Simple Rune"}],"event_choices":[{"damage_healed":0.0,"max_hp_gain":0.0,"max_hp_loss":0.0,"gold_gain":0.0,"event_name":"Shining Light","player_choice":"Entered Light","floor":2.0,"gold_loss":0.0,"damage_taken":14.0,"cards_upgraded":["Strike_G","Defend_G"]},{"damage_healed":0.0,"max_hp_gain":0.0,"max_hp_loss":0.0,"gold_gain":175.0,"event_name":"Liars Game","player_choice":"AGREE","floor":4.0,"gold_loss":0.0,"damage_taken":0.0,"cards_obtained":["Doubt"]},{"cards_removed":["LittleHelper"],"damage_healed":0.0,"max_hp_gain":0.0,"max_hp_loss":0.0,"gold_gain":0.0,"event_name":"Golden Wing","player_choice":"Card Removal","floor":13.0,"gold_loss":0.0,"damage_taken":7.0},{"damage_healed":0,"gold_gain":0,"player_choice":"Shed Blood","damage_taken":18,"max_hp_gain":5,"max_hp_loss":0,"event_name":"Forgotten Altar","floor":20,"gold_loss":0},{"damage_healed":0,"gold_gain":0,"player_choice":"Bet on Owner","damage_taken":0,"max_hp_gain":0,"max_hp_loss":0,"event_name":"The Joust","floor":22,"gold_loss":50}],"is_beta":false,"boss_relics":[{"not_picked":["Velvet Choker","Cursed Key"],"picked":"Kintsugi"}],"items_purged_floors":[5,19],"is_endless":false,"potions_floor_spawned":[6,11,14,16],"killed_by":"Book of Stabbing","ascension_level":2}}