{"host":"uvlo3m3u6kfdf580","time":1609502626,"event":{"mods":["BaseMod","Block Reminder","Colored Powertips","DeckTracker","Minty Spire (QoL Compilation)","Rare Cards Sparkle","StSLib"],"gold_per_floor":[114,414,374,385,396,396,424,441,512,524,257,269,288,305,305,401,401,414,162,162,182,202,202,235,248,248,264,292,292,217,237,237,332,332,343,369,381,381,400,400,428,428,428,428,455,455,69,80,80,80,80],"floor_reached":50,"playtime":4601,"items_purged":["Strike_G","Strike_G","Defend_G"],"score":708,"play_id":"d6520af6-5fcf-4ed7-801e-09be7ab4473d","local_time":"20210101220346","is_ascension_mode":true,"campfire_choices":[{"data":"Predator","floor":6,"key":"SMITH"},{"data":"Skewer","floor":15,"key":"SMITH"},{"data":"Dodge and Roll","floor":23,"key":"SMITH"},{"data":"Glass Knife","floor":29,"key":"SMITH"},{"floor":32,"key":"REST"},{"floor":40,"key":"REST"},{"floor":42,"key":"REST"},{"floor":49,"key":"REST"}],"circlet_count":0,"master_deck":["Defend_G","Defend_G","Defend_G","Survivor","Neutralize","Dagger Spray","Eviscerate","Predator+1","Dagger Throw","Die Die Die","Bouncing Flask","Dodge and Roll+1","Skewer+1","Acrobatics+1","Outmaneuver","Malaise","Footwork+1","Crippling Poison","Glass Knife+1","Envenom","Footwork","Terror+1","Tactician"],"relics":["Velvet Choker","Old Coin","Tiny Chest","White Beast Statue","Oddly Smooth Stone","Pen Nib","Nloth\u0027s Gift","Juzu Bracelet","Strawberry","Lantern","Busted Crown","Centennial Puzzle","Thread and Needle","Letter Opener","Pantograph","CeramicFish","Vajra"],"acts_visited":["TheCity","TheBeyond"],"potions_floor_usage":[5,8,12,16,18,21,21,22,24,25,28,28,28,39,41,41,45,50,50],"damage_taken":[{"damage":3.0,"enemies":"2 Louse","floor":1.0,"turns":3.0},{"damage":0,"enemies":"Cultist","floor":4,"turns":3},{"damage":0,"enemies":"Small Slimes","floor":5,"turns":2},{"damage":4,"enemies":"3 Sentries","floor":7,"turns":5},{"damage":0,"enemies":"Gremlin Gang","floor":8,"turns":3},{"damage":0,"enemies":"2 Fungi Beasts","floor":10,"turns":2},{"damage":0,"enemies":"Lots of Slimes","floor":12,"turns":1},{"damage":0,"enemies":"Exordium Thugs","floor":13,"turns":3},{"damage":0,"enemies":"2 Fungi Beasts","floor":14,"turns":3},{"damage":33,"enemies":"The Guardian","floor":16,"turns":9},{"damage":0,"enemies":"3 Byrds","floor":18,"turns":4},{"damage":0,"enemies":"Shell Parasite","floor":21,"turns":4},{"damage":2,"enemies":"Cultist and Chosen","floor":22,"turns":5},{"damage":6,"enemies":"Gremlin Leader","floor":24,"turns":5},{"damage":0,"enemies":"3 Cultists","floor":25,"turns":5},{"damage":3,"enemies":"Chosen and Byrds","floor":27,"turns":5},{"damage":35,"enemies":"Slavers","floor":28,"turns":8},{"damage":2,"enemies":"Centurion and Healer","floor":31,"turns":7},{"damage":85,"enemies":"Automaton","floor":33,"turns":14},{"damage":8,"enemies":"3 Darklings","floor":35,"turns":4},{"damage":2,"enemies":"3 Shapes","floor":37,"turns":5},{"damage":31,"enemies":"Spire Growth","floor":39,"turns":5},{"damage":12,"enemies":"Reptomancer","floor":41,"turns":7},{"damage":36,"enemies":"Giant Head","floor":45,"turns":7},{"damage":0,"enemies":"3 Darklings","floor":48,"turns":5},{"damage":69,"enemies":"Time Eater","floor":50,"turns":10}],"seed_played":"-8561245287984635551","potions_obtained":[{"floor":3,"key":"CunningPotion"},{"floor":3,"key":"CunningPotion"},{"floor":3,"key":"PowerPotion"},{"floor":7,"key":"Strength Potion"},{"floor":8,"key":"ColorlessPotion"},{"floor":12,"key":"LiquidBronze"},{"floor":13,"key":"SpeedPotion"},{"floor":16,"key":"SkillPotion"},{"floor":18,"key":"LiquidMemories"},{"floor":21,"key":"DistilledChaos"},{"floor":22,"key":"Regen Potion"},{"floor":24,"key":"FearPotion"},{"floor":25,"key":"Poison Potion"},{"floor":27,"key":"Strength Potion"},{"floor":28,"key":"FairyPotion"},{"floor":31,"key":"SpeedPotion"},{"floor":33,"key":"CunningPotion"},{"floor":35,"key":"Poison Potion"},{"floor":37,"key":"Weak Potion"},{"floor":39,"key":"Fire Potion"},{"floor":41,"key":"BlessingOfTheForge"},{"floor":45,"key":"SpeedPotion"},{"floor":48,"key":"Strength Potion"}],"is_trial":false,"path_per_floor":["M","?","?","M","M","R","E","M","T","M","$","M","M","M","R","B",null,"M","$","?","M","M","R","E","M","T","M","E","R","?","M","R","B",null,"M","T","M","?","M","R","E","R","T","?","E","?","$","M","R","B"],"character_chosen":"THE_SILENT","items_purchased":["Oddly Smooth Stone","Bouncing Flask","Pen Nib","Vajra","Tactician","Strength Potion"],"campfire_rested":4,"item_purchase_floors":[11,11,19,47,47,47],"current_hp_per_floor":[67,60,60,60,60,60,56,56,56,56,56,56,56,56,56,23,58,58,58,58,58,56,56,50,50,57,54,34,34,34,32,55,23,64,56,56,54,54,23,46,34,57,57,57,21,21,21,21,42,0,0],"gold":80,"neow_bonus":"BOSS_RELIC","is_daily":false,"chose_seed":false,"campfire_upgraded":4,"win_rate":0.0,"timestamp":1609502626,"path_taken":["M","?","?","M","M","R","E","M","T","M","$","?","M","M","R","BOSS","M","$","?","M","M","R","E","M","T","M","E","R","?","M","R","BOSS","M","?","M","?","M","R","E","R","T","?","E","?","$","M","R","BOSS"],"items_purchased_type":["Relic","Card","Relic","Relic","Card","Potion"],"build_version":"2020-12-22","purchased_purges":3,"victory":false,"max_hp_per_floor":[70,70,70,70,70,70,70,70,70,70,70,70,70,70,70,70,70,70,70,70,70,70,70,70,70,77,77,77,77,77,77,77,77,77,77,77,77,77,77,77,77,77,77,77,77,73,73,73,73,73,73],"card_choices":[{"not_picked":["Backflip","Sucker Punch"],"picked":"Dagger Spray","floor":1},{"not_picked":["Poisoned Stab","Concentrate"],"picked":"Eviscerate","floor":4},{"not_picked":["Deadly Poison","Poisoned Stab"],"picked":"Predator","floor":5},{"not_picked":["PiercingWail","Prepared"],"picked":"Dagger Throw","floor":7},{"not_picked":["Backstab","Infinite Blades","Escape Plan"],"picked":"SKIP","floor":8},{"not_picked":["Calculated Gamble","Blade Dance"],"picked":"Die Die Die","floor":10},{"not_picked":["Flechettes","Underhanded Strike"],"picked":"Dodge and Roll","floor":12},{"not_picked":["Backflip","Dash"],"picked":"Skewer","floor":13},{"not_picked":["Quick Slash","Eviscerate","Sucker Punch"],"picked":"SKIP","floor":14},{"not_picked":["Dagger Spray","Bane"],"picked":"Acrobatics+1","floor":18},{"not_picked":["Dodge and Roll","Flying Knee"],"picked":"Outmaneuver","floor":21},{"not_picked":["Riddle With Holes+1","Acrobatics","Finisher"],"picked":"SKIP","floor":22},{"not_picked":["Predator+1","Corpse Explosion"],"picked":"Malaise","floor":24},{"not_picked":["Expertise","Dagger Spray"],"picked":"Footwork+1","floor":25},{"not_picked":["Sucker Punch","Blade Dance"],"picked":"Crippling Poison","floor":27},{"not_picked":["Bullet Time","Wraith Form v2"],"picked":"Glass Knife","floor":28},{"not_picked":["Sucker Punch","Acrobatics+1","Poisoned Stab"],"picked":"SKIP","floor":31},{"not_picked":["Grand Finale","A Thousand Cuts"],"picked":"Envenom","floor":33},{"not_picked":[],"picked":"Footwork","floor":35},{"not_picked":["Poisoned Stab"],"picked":"SKIP","floor":37},{"not_picked":["Cloak And Dagger+1"],"picked":"SKIP","floor":39},{"not_picked":[],"picked":"Terror+1","floor":41},{"not_picked":["Caltrops+1"],"picked":"SKIP","floor":45},{"not_picked":["Choke+1"],"picked":"SKIP","floor":48}],"player_experience":359004,"relics_obtained":[{"floor":7,"key":"Tiny Chest"},{"floor":9,"key":"White Beast Statue"},{"floor":24,"key":"Juzu Bracelet"},{"floor":26,"key":"Strawberry"},{"floor":28,"key":"Lantern"},{"floor":36,"key":"Centennial Puzzle"},{"floor":41,"key":"Letter Opener"},{"floor":43,"key":"Pantograph"},{"floor":45,"key":"CeramicFish"}],"event_choices":[{"damage_healed":0,"gold_gain":0,"player_choice":"Success","damage_taken":7,"relics_obtained":["Old Coin"],"max_hp_gain":0,"max_hp_loss":0,"event_name":"Scrap Ooze","floor":2,"gold_loss":0},{"damage_healed":0,"gold_gain":0,"player_choice":"Bought 3 Potions","damage_taken":0,"max_hp_gain":0,"max_hp_loss":0,"event_name":"The Woman in Blue","floor":3,"gold_loss":0},{"damage_healed":0,"gold_gain":0,"player_choice":"Traded Relic","damage_taken":0,"relics_obtained":["Nloth\u0027s Gift"],"max_hp_gain":0,"max_hp_loss":0,"event_name":"N\u0027loth","floor":20,"relics_lost":["Empty Cage"],"gold_loss":0},{"cards_removed":["Defend_G"],"damage_healed":0,"gold_gain":0,"player_choice":"Gave Gold","damage_taken":0,"max_hp_gain":0,"max_hp_loss":0,"event_name":"Beggar","floor":30,"gold_loss":75},{"damage_healed":0,"gold_gain":0,"player_choice":"Gave Potion","damage_taken":0,"relics_obtained":["Thread and Needle"],"max_hp_gain":0,"max_hp_loss":0,"event_name":"WeMeetAgain","floor":38,"gold_loss":0},{"cards_removed":["Strike_G"],"damage_healed":0,"gold_gain":0,"player_choice":"Removed Attack","damage_taken":0,"max_hp_gain":0,"max_hp_loss":0,"event_name":"Falling","floor":44,"gold_loss":0},{"damage_healed":0,"gold_gain":0,"player_choice":"Max HP","damage_taken":0,"max_hp_gain":0,"max_hp_loss":4,"event_name":"Winding Halls","floor":46,"gold_loss":0}],"is_beta":false,"boss_relics":[{"not_picked":["Runic Dome","SlaversCollar"],"picked":"Empty Cage"},{"not_picked":["Fusion Hammer","Runic Pyramid"],"picked":"Busted Crown"}],"items_purged_floors":[11,19,47],"is_endless":false,"potions_floor_spawned":[7,8,10,12,13,14,16,18,21,22,24,25,27,28,31,33,35,37,39,41,45,48],"killed_by":"Time Eater","ascension_level":5}}