{"host":"j0vzbnzm6n2ctevn","time":1609488456,"event":{"mods":["AchievementEnabler","BaseMod","Minty Spire (QoL Compilation)","Quick Restart","Shop Mod","Spicy Shops","StSLib"],"gold_per_floor":[114,132,78,90,104,104,118,118,145,145,172,172,191,191,191,191,191],"floor_reached":16,"playtime":473,"items_purged":[],"score":122,"play_id":"9f32ce16-85ce-4804-8b24-1c8c34292191","local_time":"20210101160736","is_ascension_mode":true,"campfire_choices":[{"data":"Flex","floor":6.0,"key":"SMITH"},{"data":"Body Slam","floor":8.0,"key":"SMITH"},{"data":"Entrench","floor":10.0,"key":"SMITH"},{"data":"Searing Blow","floor":12.0,"key":"SMITH"},{"data":"Searing Blow+1","floor":15.0,"key":"SMITH"}],"circlet_count":0,"master_deck":["Strike_R","Strike_R","Strike_R","Strike_R+1","Defend_R","Defend_R","Defend_R","Defend_R","Bash","Flex+1","Reaper","Entrench+1","Body Slam+1","Headbutt+1","Searing Blow+2","Bloodletting"],"relics":["Burning Blood","Pen Nib","Bag of Preparation","Whetstone","Centennial Puzzle"],"acts_visited":["Exordium"],"potions_floor_usage":[16],"damage_taken":[{"damage":28.0,"enemies":"Jaw Worm","floor":1.0,"turns":4.0},{"damage":0.0,"enemies":"Cultist","floor":2.0,"turns":2.0},{"damage":2.0,"enemies":"2 Louse","floor":4.0,"turns":2.0},{"damage":24.0,"enemies":"Large Slime","floor":5.0,"turns":6.0},{"damage":16.0,"enemies":"Exordium Thugs","floor":7.0,"turns":4.0},{"damage":40.0,"enemies":"Lagavulin","floor":11.0,"turns":5.0},{"damage":14.0,"enemies":"3 Louse","floor":13.0,"turns":2.0},{"damage":74,"enemies":"The Guardian","floor":16,"turns":8}],"seed_played":"-6734415473413011544","potions_obtained":[{"floor":7.0,"key":"SteroidPotion"},{"floor":11.0,"key":"FearPotion"}],"is_trial":false,"path_per_floor":["M","M","?","M","M","R","M","R","T","R","E","R","M","?","R","B"],"character_chosen":"IRONCLAD","items_purchased":[],"campfire_rested":0,"item_purchase_floors":[],"current_hp_per_floor":[58,64,64,76,61,61,70,70,70,70,44,44,63,56,56,0,0],"gold":191,"neow_bonus":"RANDOM_COMMON_RELIC","is_daily":false,"chose_seed":false,"campfire_upgraded":5,"win_rate":0.0,"timestamp":1609488456,"path_taken":["M","M","?","M","M","R","?","R","T","R","E","R","M","?","R","BOSS"],"items_purchased_type":[],"build_version":"2020-12-22","purchased_purges":0,"victory":false,"max_hp_per_floor":[80,80,80,80,80,80,80,80,80,80,80,80,80,80,80,80,80],"card_choices":[{"not_picked":["Wild Strike","Pommel Strike"],"picked":"Flex","floor":1.0},{"not_picked":["Havoc","Body Slam"],"picked":"Reaper","floor":2.0},{"not_picked":["Heavy Blade","Blood for Blood"],"picked":"Entrench","floor":4.0},{"not_picked":["Uppercut","Wild Strike"],"picked":"Body Slam","floor":5.0},{"not_picked":["Wild Strike","Rampage"],"picked":"Headbutt","floor":7.0},{"not_picked":["Bludgeon","Clothesline"],"picked":"Searing Blow","floor":11.0},{"not_picked":["Rampage","Metallicize"],"picked":"Bloodletting","floor":13.0}],"player_experience":89563,"relics_obtained":[{"floor":9.0,"key":"Whetstone"},{"floor":11.0,"key":"Centennial Puzzle"}],"event_choices":[{"damage_healed":0.0,"max_hp_gain":0.0,"max_hp_loss":0.0,"gold_gain":0.0,"event_name":"WeMeetAgain","player_choice":"Paid Gold","floor":3.0,"gold_loss":54.0,"damage_taken":0.0,"relics_obtained":["Bag of Preparation"]},{"cards_removed":["Strike_R"],"damage_healed":0.0,"max_hp_gain":0.0,"max_hp_loss":0.0,"gold_gain":0.0,"event_name":"Golden Wing","player_choice":"Card Removal","floor":14.0,"gold_loss":0.0,"damage_taken":7.0}],"is_beta":false,"boss_relics":[],"items_purged_floors":[],"is_endless":false,"potions_floor_spawned":[7,11],"killed_by":"The Guardian","ascension_level":4}}