{"host":"pivahb1bacxk2eup","time":1609464947,"event":{"mods":["AchievementEnabler","BaseMod","Colored Map","Colored Powertips","Downfall","Hermit","Hero for Fun","Hubris","Jedi Mod","Jorbs\u0027s Wanderer Trilogy","Lobotomy","Marisa????????","Minty Spire (QoL Compilation)","Remilia??????","StSLib","The Alterego","The Animator","The Construct","The Hierophant","The Runesmith","The Servant 0.9.4","TheBandit","TheFirefly","Yuri Mod","thorton"],"gold_per_floor":[113,125,137,137,137,162,162,172,196,208,208,208,208],"floor_reached":11,"playtime":1412,"items_purged":[],"score":75,"play_id":"8d3628e7-4807-403e-a409-4fe2a7b90c64","local_time":"20201231203547","is_ascension_mode":false,"campfire_choices":[{"floor":7,"key":"REST"}],"circlet_count":0,"master_deck":["wariomod:Strike","wariomod:Strike","wariomod:Strike+1","wariomod:Strike","wariomod:Defend","wariomod:Defend","wariomod:Defend","wariomod:Defend+1","wariomod:Step","wariomod:Leap","wariomod:Immortalize","wariomod:Purify","wariomod:DonateDraw","Regret","wariomod:BoomAndDoom","wariomod:TheGrandJourney","wariomod:TrekTime"],"relics":["wariomod:TheHat","construct:BoolHorns","Vajra","Mummified Hand","MealTicket"],"acts_visited":["Exordium"],"potions_floor_usage":[6,11],"damage_taken":[{"damage":1,"enemies":"Small Slimes","floor":1,"turns":3},{"damage":7,"enemies":"2 Louse","floor":2,"turns":2},{"damage":7,"enemies":"Jaw Worm","floor":3,"turns":3},{"damage":20,"enemies":"Lagavulin","floor":6,"turns":6},{"damage":11,"enemies":"Gremlin Gang","floor":8,"turns":4},{"damage":11,"enemies":"Exordium Wildlife","floor":10,"turns":3},{"damage":10,"enemies":"Gremlin Nob","floor":11,"turns":2}],"seed_played":"3965741427964143352","potions_obtained":[{"floor":1,"key":"jedi:tentaclejuice"},{"floor":3,"key":"sneckomod:MuddlingPotion"},{"floor":10,"key":"Energy Potion"}],"is_trial":false,"path_per_floor":["M","M","M","?","?","E","R","M","T","M","E"],"character_chosen":"THE_BANDIT","items_purchased":[],"campfire_rested":1,"item_purchase_floors":[],"current_hp_per_floor":[55,48,41,41,25,5,29,18,18,7,0,0,0],"gold":208,"neow_bonus":"ONE_RARE_RELIC","is_daily":false,"chose_seed":false,"campfire_upgraded":0,"win_rate":0.0,"timestamp":1609464947,"path_taken":["M","M","M","?","?","E","R","M","T","?","E"],"items_purchased_type":[],"build_version":"2020-12-22","purchased_purges":0,"victory":false,"max_hp_per_floor":[80,80,80,80,80,80,80,80,80,80,80,80,80],"card_choices":[{"not_picked":["wariomod:ThatsNotAll","wariomod:Game"],"picked":"wariomod:Immortalize","floor":1},{"not_picked":["wariomod:BodyBlock","wariomod:DeepDig"],"picked":"wariomod:Purify","floor":2},{"not_picked":["wariomod:AwfulLook","wariomod:DanceDash"],"picked":"wariomod:DonateDraw","floor":3},{"not_picked":["wariomod:Leapslam","wariomod:SelfImprison"],"picked":"wariomod:BoomAndDoom","floor":6},{"not_picked":["wariomod:AwfulLook","wariomod:BodyBlock"],"picked":"wariomod:TheGrandJourney","floor":8},{"not_picked":["wariomod:AwfulLook","wariomod:SimpleShield"],"picked":"wariomod:TrekTime","floor":10}],"player_experience":521282,"relics_obtained":[{"floor":6,"key":"Mummified Hand"},{"floor":9,"key":"MealTicket"}],"event_choices":[{"damage_healed":0,"gold_gain":0,"player_choice":"Box","damage_taken":0,"relics_obtained":["Vajra"],"max_hp_gain":0,"max_hp_loss":0,"event_name":"Big Fish","floor":4,"gold_loss":0,"cards_obtained":["Regret"]},{"damage_healed":0,"gold_gain":0,"player_choice":"Entered Light","damage_taken":16,"max_hp_gain":0,"max_hp_loss":0,"event_name":"Shining Light","floor":5,"gold_loss":0,"cards_upgraded":["wariomod:Strike","wariomod:Defend"]}],"is_beta":false,"boss_relics":[],"items_purged_floors":[],"is_endless":false,"potions_floor_spawned":[1,3,10],"killed_by":"Gremlin Nob","ascension_level":0}}