{"host":"egecq8lksgzqg7v3","time":1609472371,"event":{"mods":["AchievementEnabler","Alarm Clock","BaseMod","Bestiary","Better Third Choice","Colored Map","Downfall","Hermit","Minty Spire (QoL Compilation)","StSLib","Synergy Search","The Hierophant"],"gold_per_floor":[118,129,129,148,158,191,209,235,235,0,14,14,14,32,32,128,128,143,155,168,178,178,178,20,20,20,20,20,20],"floor_reached":28,"playtime":2857,"items_purged":[],"score":257,"play_id":"97705e2d-b2fb-41ff-b49d-855f71855eea","local_time":"20201231223931","is_ascension_mode":false,"campfire_choices":[{"data":"hermit:BodyArmor","floor":13,"key":"SMITH"},{"floor":15,"key":"DIG"},{"floor":23,"key":"REST"},{"floor":27,"key":"DIG"}],"circlet_count":0,"master_deck":["hermit:Strike_Hermit","hermit:Strike_Hermit","hermit:Strike_Hermit","hermit:Defend_Hermit","hermit:Defend_Hermit","hermit:Defend_Hermit","hermit:Snapshot","hermit:Covet","hermit:ItchyTrigger+1","hermit:Dissolve","hermit:CursedWeapon","hermit:SprayPray","hermit:SprayPray","hermit:Feint","hermit:WideOpen","hermit:BodyArmor+1","hermit:LowProfile","hermit:Glare","The Bomb","hermit:Feint","hermit:Ricochet","hermit:Coalescence","hermit:HeroicBravado","hermit:Headshot","hermit:Headshot+1","hermit:Shortfuse+1","hermit:Snipe+1","hermit:TakeAim","Flash of Steel"],"relics":["hermit:ClaspedLocket","MealTicket","Bird Faced Urn","Shovel","Torii","Omamori","Whetstone","StoneCalendar"],"acts_visited":["Exordium","TheCity"],"potions_floor_usage":[7,16,21,28],"damage_taken":[{"damage":0,"enemies":"2 Louse","floor":1,"turns":1},{"damage":8,"enemies":"Cultist","floor":2,"turns":4},{"damage":2,"enemies":"Small Slimes","floor":4,"turns":2},{"damage":8,"enemies":"Gremlin Gang","floor":5,"turns":5},{"damage":31,"enemies":"Lagavulin","floor":6,"turns":8},{"damage":2,"enemies":"Blue Slaver","floor":7,"turns":1},{"damage":2,"enemies":"Gremlin Nob","floor":8,"turns":2},{"damage":3,"enemies":"Red Slaver","floor":11,"turns":2},{"damage":11,"enemies":"2 Fungi Beasts","floor":14,"turns":3},{"damage":15,"enemies":"Slime Boss","floor":16,"turns":6},{"damage":15,"enemies":"Shell Parasite","floor":18,"turns":5},{"damage":24,"enemies":"Spheric Guardian","floor":19,"turns":6},{"damage":30,"enemies":"Snake Plant","floor":20,"turns":5},{"damage":10,"enemies":"Centurion and Healer","floor":21,"turns":6},{"damage":32,"enemies":"Gremlin Leader","floor":28,"turns":6}],"seed_played":"6305305505963566503","potions_obtained":[{"floor":2,"key":"ColorlessPotion"},{"floor":4,"key":"PowerPotion"},{"floor":6,"key":"FairyPotion"},{"floor":7,"key":"Weak Potion"},{"floor":18,"key":"GamblersBrew"}],"is_trial":false,"path_per_floor":["M","M","?","M","M","E","M","E","T","$","M","$","R","M","R","B",null,"M","M","M","M","?","R","$","T","T","R","E"],"character_chosen":"HERMIT","items_purchased":["The Bomb","hermit:Feint","hermit:TakeAim","Flash of Steel"],"campfire_rested":1,"item_purchase_floors":[10,10,24,24],"current_hp_per_floor":[75,67,67,65,57,26,24,22,22,37,34,49,49,38,38,25,75,60,36,6,19,19,41,56,56,56,56,26,26],"gold":20,"neow_bonus":"TRANSFORM_TWO_CARDS","is_daily":false,"chose_seed":false,"campfire_upgraded":1,"win_rate":0.0,"timestamp":1609472371,"path_taken":["M","M","?","?","M","E","M","E","T","$","M","?","R","M","R","BOSS","M","M","M","M","?","R","$","?","T","R","E"],"items_purchased_type":["Card","Card","Card","Card"],"build_version":"2020-12-22","purchased_purges":0,"victory":false,"max_hp_per_floor":[75,75,75,75,75,75,75,75,75,75,75,75,75,75,75,75,75,75,75,75,75,75,75,75,75,75,75,75,75],"card_choices":[{"not_picked":["hermit:Midnight","hermit:TakeAim"],"picked":"hermit:CursedWeapon","floor":1},{"not_picked":["hermit:HoleUp","hermit:Shortfuse"],"picked":"hermit:SprayPray","floor":2},{"not_picked":["hermit:Coalescence","hermit:SprayPray"],"picked":"hermit:Feint","floor":4},{"not_picked":["hermit:Misfire","hermit:Deadeye"],"picked":"hermit:WideOpen","floor":5},{"not_picked":["hermit:Roughhouse","hermit:Roulette"],"picked":"hermit:BodyArmor","floor":6},{"not_picked":["hermit:BodyArmor","hermit:Headshot"],"picked":"hermit:LowProfile","floor":7},{"not_picked":["hermit:Roulette","hermit:Magnum"],"picked":"hermit:Glare","floor":8},{"not_picked":["hermit:DeadMansHand","hermit:SprayPray"],"picked":"hermit:Ricochet","floor":11},{"not_picked":["hermit:Midnight","hermit:Cheat"],"picked":"hermit:Coalescence","floor":14},{"not_picked":["hermit:Roughhouse","hermit:Adapt"],"picked":"hermit:HeroicBravado","floor":16},{"not_picked":["hermit:HoleUp+1","hermit:Shortfuse"],"picked":"hermit:Headshot","floor":18},{"not_picked":["hermit:TakeAim","hermit:HoleUp"],"picked":"hermit:Headshot+1","floor":19},{"not_picked":["hermit:HoleUp","hermit:Manifest"],"picked":"hermit:Shortfuse","floor":20},{"not_picked":["hermit:Dive","hermit:WideOpen+1"],"picked":"hermit:Snipe+1","floor":21}],"player_experience":239543,"relics_obtained":[{"floor":6,"key":"MealTicket"},{"floor":8,"key":"Bird Faced Urn"},{"floor":9,"key":"Shovel"},{"floor":15,"key":"Torii"},{"floor":25,"key":"Omamori"},{"floor":26,"key":"Whetstone"},{"floor":27,"key":"StoneCalendar"}],"event_choices":[{"damage_healed":0,"gold_gain":0,"player_choice":"1 cards matched","damage_taken":0,"max_hp_gain":0,"max_hp_loss":0,"event_name":"Match and Keep!","floor":3,"gold_loss":0,"cards_obtained":["hermit:SprayPray"]},{"cards_removed":["Normality"],"damage_healed":0,"gold_gain":0,"player_choice":"Purged","damage_taken":0,"max_hp_gain":0,"max_hp_loss":0,"event_name":"Purifier","floor":22,"gold_loss":0}],"is_beta":false,"boss_relics":[{"not_picked":["Calling Bell","Runic Pyramid"],"picked":"hermit:ClaspedLocket"}],"items_purged_floors":[],"is_endless":false,"potions_floor_spawned":[2,4,6,7,18],"killed_by":"Gremlin Leader","ascension_level":0}}