{"host":"izzphuowq1fjji0g","time":1609492163,"event":{"mods":["Arknights The Spire","BaseMod","Downfall","Minty Spire (QoL Compilation)","Shop Mod","StSLib"],"gold_per_floor":[112,112,127,144,159,159,190,190,190,219,233,233,49,68,68,173,173,184,184,184,184,200,219,230,230,230],"floor_reached":25,"playtime":932,"items_purged":["ats:Strike C"],"score":215,"play_id":"18a18fe2-f32b-4b6c-ba3b-ac1861fbf9b2","local_time":"20210101170923","is_ascension_mode":false,"campfire_choices":[{"data":"ats:Neurotoxin","floor":6.0,"key":"SMITH"},{"data":"ats:Ambush","floor":8.0,"key":"SMITH"},{"data":"1","floor":12.0,"key":"LIFT"},{"data":"2","floor":15.0,"key":"LIFT"}],"circlet_count":0,"master_deck":["ats:Strike G","ats:Strike S","ats:Strike V","ats:Armor Crushing Shot","ats:Defend","ats:Defend","ats:Defend","ats:Defend","ats:Emotion Absorption","ats:Explosion Area Strengthen","ats:Neurotoxin+1","ats:Ambush+1","ats:Charging Defense","ats:Shadow Raid","ats:Shadow Assault","RitualDagger"],"relics":["ats:Sanity","ats:Originium","Meat on the Bone","Girya","WingedGreaves","Membership Card","Philosopher\u0027s Stone","MutagenicStrength"],"acts_visited":["Exordium","TheCity"],"potions_floor_usage":[],"damage_taken":[{"damage":0.0,"enemies":"Small Slimes","floor":1.0,"turns":3.0},{"damage":1.0,"enemies":"Cultist","floor":3.0,"turns":3.0},{"damage":0.0,"enemies":"2 Louse","floor":4.0,"turns":2.0},{"damage":6.0,"enemies":"Blue Slaver","floor":5.0,"turns":5.0},{"damage":16.0,"enemies":"Lagavulin","floor":7.0,"turns":7.0},{"damage":26.0,"enemies":"3 Sentries","floor":10.0,"turns":6.0},{"damage":10.0,"enemies":"Looter","floor":11.0,"turns":3.0},{"damage":0.0,"enemies":"Exordium Thugs","floor":14.0,"turns":4.0},{"damage":30.0,"enemies":"The Guardian","floor":16.0,"turns":10.0},{"damage":16.0,"enemies":"3 Byrds","floor":18.0,"turns":4.0},{"damage":17.0,"enemies":"2 Thieves","floor":22.0,"turns":3.0},{"damage":27.0,"enemies":"Snake Plant","floor":23.0,"turns":5.0},{"damage":13.0,"enemies":"Cultist and Chosen","floor":24.0,"turns":6.0},{"damage":29,"enemies":"Book of Stabbing","floor":25,"turns":6}],"seed_played":"720037062503465904","potions_obtained":[{"floor":2.0,"key":"Energy Potion"},{"floor":2.0,"key":"EssenceOfSteel"},{"floor":2.0,"key":"Fruit Juice"},{"floor":3.0,"key":"ats:Top Emergency Sanity Potion"},{"floor":5.0,"key":"Regen Potion"},{"floor":10.0,"key":"PowerPotion"}],"is_trial":false,"path_per_floor":["M","?","M","M","M","R","E","R","T","E","M","R","$","M","R","B",null,"M","?","?","?","M","M","M","E"],"character_chosen":"DOCTOR_CLASS","items_purchased":["Membership Card"],"campfire_rested":0,"item_purchase_floors":[13],"current_hp_per_floor":[79,79,83,83,77,77,61,61,61,47,49,49,49,49,49,31,84,68,68,62,62,45,30,29,0,0],"gold":230,"neow_bonus":"TEN_PERCENT_HP_BONUS","is_daily":false,"chose_seed":false,"campfire_upgraded":2,"win_rate":0.0,"timestamp":1609492163,"path_taken":["M","?","M","M","M","R","E","R","T","E","?","R","$","M","R","BOSS","M","?","?","?","?","M","M","E"],"items_purchased_type":["Relic"],"build_version":"2020-12-22","purchased_purges":1,"victory":false,"max_hp_per_floor":[79,79,84,84,84,84,84,84,84,84,84,84,84,84,84,84,84,84,84,84,84,84,84,84,84,84],"card_choices":[{"not_picked":["ats:Flexible Camouflage","ats:Support Order"],"picked":"ats:Explosion Area Strengthen","floor":1.0},{"not_picked":["ats:Childhood Dance","ats:Ignite"],"picked":"ats:Neurotoxin","floor":3.0},{"not_picked":["ats:Assault Order","ats:Blood Oath","ats:Explosion Area Strengthen"],"picked":"SKIP","floor":4.0},{"not_picked":["ats:Consecutive Shot Auto","ats:Chain Hook","ats:Powerful Strike"],"picked":"SKIP","floor":5.0},{"not_picked":["ats:Poison Spread","ats:Shell Defense"],"picked":"ats:Ambush","floor":7.0},{"not_picked":["ats:Childhood Dance","ats:Guardian Obelisk","ats:Consecutive Shot Auto"],"picked":"SKIP","floor":10.0},{"not_picked":["ats:Apocalypse","ats:Curse Doll"],"picked":"ats:Charging Defense","floor":11.0},{"not_picked":["ats:Ignite","ats:Chain Hook"],"picked":"ats:Shadow Raid","floor":14.0},{"not_picked":["ats:Volcano","ats:Ambush"],"picked":"ats:Shadow Assault","floor":16.0},{"not_picked":["ats:Ignite","ats:LN2 Cannon","ats:Healing Strengthening"],"picked":"SKIP","floor":18.0},{"not_picked":["ats:Explosion Area Strengthen","ats:Apocalypse","ats:Mental Burst"],"picked":"SKIP","floor":22.0},{"not_picked":["ats:Explosion Area Strengthen","ats:Apocalypse","ats:Mental Burst"],"picked":"SKIP","floor":22.0},{"not_picked":["ats:Leaping Hammer","ats:Explosion Area Strengthen","ats:Charging Defense"],"picked":"SKIP","floor":23.0},{"not_picked":["ats:Shell Defense+1","ats:Composite Medical Shells","ats:Consecutive Shot Auto"],"picked":"SKIP","floor":24.0}],"player_experience":270530,"relics_obtained":[{"floor":7.0,"key":"ats:Originium"},{"floor":7.0,"key":"Meat on the Bone"},{"floor":9.0,"key":"Girya"},{"floor":10.0,"key":"ats:Originium"},{"floor":10.0,"key":"WingedGreaves"}],"event_choices":[{"damage_healed":0.0,"max_hp_gain":0.0,"max_hp_loss":0.0,"gold_gain":0.0,"event_name":"Lab","player_choice":"Got Potions","floor":2.0,"gold_loss":0.0,"damage_taken":0.0},{"damage_healed":0.0,"max_hp_gain":0.0,"max_hp_loss":0.0,"gold_gain":0.0,"event_name":"Drug Dealer","player_choice":"Inject Mutagens","floor":19.0,"gold_loss":0.0,"damage_taken":0.0,"relics_obtained":["MutagenicStrength"]},{"damage_healed":0.0,"max_hp_gain":0.0,"max_hp_loss":0.0,"gold_gain":0.0,"event_name":"Nest","player_choice":"Joined the Cult","floor":20.0,"gold_loss":0.0,"damage_taken":6.0,"cards_obtained":["RitualDagger"]},{"damage_healed":0.0,"max_hp_gain":0.0,"max_hp_loss":0.0,"gold_gain":0.0,"event_name":"Vampires","player_choice":"Ignored","floor":21.0,"gold_loss":0.0,"damage_taken":0.0}],"is_beta":false,"boss_relics":[{"not_picked":["Cursed Key","SacredBark"],"picked":"Philosopher\u0027s Stone"}],"items_purged_floors":[13],"is_endless":false,"potions_floor_spawned":[3,4,5,10,18,24],"killed_by":"Book of Stabbing","ascension_level":0}}