{"host":"0azimyi6n3ugndj4","time":1609537117,"event":{"mods":["2.2 Compatiblity","BaseMod","Bestiary","Conspire","Curses Come First","Defuse TimeMaze Blight","Hermit","Hyrulean Relics","Infinite Spire","Minty Spire (QoL Compilation)","Relic Stats","Replay The Spire","StSLib","SuperFastMode","The Cursed","Uncapped","¡¼?Úª?ø«¡½REMEMod"],"gold_per_floor":[144,144,144,195,195,294,133,166,166,91,91,198,25,96,96,327,327,360,422,458,510,785,785,896,709,709,709,709,627,60,60,60,277,277,328,328,374,374,397,397,516,516,516,640,640,640,727,83,83,304,304,304],"floor_reached":51,"playtime":1729,"items_purged":["Eruption"],"score":2206,"play_id":"c87163f6-adc3-4acd-8614-56040c77a25f","local_time":"20210102063837","daily_mods":["SealedDeck","Hoarder","Insanity","Chimera","Specialized","Vintage","ControlledChaos","Allstar","Diverse","Colorless Cards","Heirloom","Time Dilation","Flight","Elite Swarm","Lethality","Midas","Binary"],"is_ascension_mode":true,"campfire_choices":[{"floor":15.0,"key":"REST"},{"floor":23.0,"key":"REST"},{"floor":27,"key":"REST"},{"floor":32,"key":"REST"},{"floor":40,"key":"REST"},{"floor":42,"key":"REST"},{"floor":49,"key":"REST"}],"circlet_count":0,"master_deck":["Demon Form","Wraith Form v2","Echo Form","DevaForm","AscendersBane","Bash","Survivor","Zap","Strike_R","Strike_G","Strike_B+1","Defend_R","Defend_G","Defend_P","Second Wind","hermit:Headshot","PanicButton","SashWhip","CutThroughFate","Replay:AtTheReady","Coolheaded","ReplayTheSpireMod:Limb From Limb","Pommel Strike","BasicCrystalCard","Toxin Wave","Disarm","Rebound","hermit:Feint","Flame Barrier","TheCursedMod:CursedShiv","Replay:Undeath\u0027s Touch","hermit:CursedWeapon","Conserve Battery","Replay:BasicMightCard","hermit:LuckOfTheDraw","ReplayTheSpireMod:GoodbyeWorld","Replay:Bootleg Shield Generator","FlyingSleeves","hermit:HighCaliber","Acrobatics","Sucker Punch","REME_TwoStrings","TheCursedMod:RapidMovement","FlyingSleeves","Body Slam","Slice","Prostrate","Pommel Strike","Consecrate","Wild Strike","True Grit","hermit:LowProfile","Heavy Blade","Acrobatics","Consecrate","Quick Slash","Go for the Eyes","TheCursedMod:Stretching","Flex","TheCursedMod:CursedBlade","TheCursedMod:CursedBlade","Calculated Gamble","hermit:Dive","Enlightenment","Enlightenment","Enlightenment","Enlightenment","Enlightenment","Enlightenment","Enlightenment","Enlightenment","Enlightenment","Enlightenment","Enlightenment","Enlightenment","Enlightenment","Enlightenment","Enlightenment","ReplayTheSpireMod:Corrosion Curse","ReplayTheSpireMod:Corrosion Curse","ReplayTheSpireMod:Corrosion Curse","BasicCrystalCard","BasicCrystalCard","BasicCrystalCard+1","hermit:ItchyTrigger","hermit:ItchyTrigger","hermit:ItchyTrigger","Rebound","Rebound","Rebound","Wireheading","Wireheading","Wireheading","CutThroughFate","CutThroughFate","CutThroughFate","hermit:Brawl","hermit:Brawl","hermit:Brawl","Heavy Blade","Heavy Blade","Heavy Blade","Evaluate","Evaluate","Evaluate","hermit:Malice","hermit:Malice","hermit:Malice","REME_ACTH","REME_ACTH","REME_ACTH","TheCursedMod:Obscuration","TheCursedMod:Obscuration+1","TheCursedMod:Obscuration","infinitespire:Collect","infinitespire:Collect","infinitespire:Collect","Looming Evil","Looming Evil","Looming Evil"],"relics":["Cracked Core","Juzu Bracelet","Lizard Tail","Oddly Smooth Stone","ClockworkSouvenir","Paper Frog","infinitespire:ShieldingShard","Odd Mushroom","hermit:CharredGlove","Iron Core","Replay:Antivirus Software","Bottled Lightning","Busted Crown","Replay:Ringing Soul","Replay:Rubber Ducky","REME_HourglassOfDeath","infinitespire:Cubic Diamond","Pondfish Scales","FossilizedHelix","ReplayFunnel","infinitespire:Beetle Shell","infinitespire:Chaos","Letter Opener","SacredBark","War Paint","infinitespire:EvilPickle","conspire:RunicOctahedron","Replay:WaspNest","zeldaRelics:CourageTriforce","zeldaRelics:WisdomPiece","ReplayTheSpireMod:Ring of Collecting","ReplayTheSpireMod:Ring of Exchange","Vajra","Regal Pillow","conspire:TreasureMap","Girya"],"acts_visited":["Exordium","TheCity","TheBeyond"],"potions_floor_usage":[25,25,25,25,25,25,25,25,25,25,25,29,29,29,29,29,29,29,29,29,29,49,49,50,50,50,51],"damage_taken":[{"damage":23.0,"enemies":"Cultist","floor":1.0,"turns":4.0},{"damage":6.0,"enemies":"2 Louse","floor":4.0,"turns":3.0},{"damage":14.0,"enemies":"Gremlin Nob","floor":6.0,"turns":4.0},{"damage":13.0,"enemies":"Jaw Worm","floor":8.0,"turns":2.0},{"damage":16.0,"enemies":"3 Sentries","floor":12.0,"turns":6.0},{"damage":2.0,"enemies":"Gremlin Nob","floor":14.0,"turns":3.0},{"damage":11.0,"enemies":"Slime Boss","floor":16.0,"turns":5.0},{"damage":12.0,"enemies":"Shell Parasite","floor":18.0,"turns":2.0},{"damage":0.0,"enemies":"2 Thieves","floor":19.0,"turns":1.0},{"damage":56.0,"enemies":"Snake Plant","floor":20.0,"turns":3.0},{"damage":24.0,"enemies":"Sentry and Sphere","floor":21.0,"turns":5.0},{"damage":40,"enemies":"Slavers","floor":24,"turns":5},{"damage":0,"enemies":"Centurion and Healer","floor":25,"turns":5},{"damage":21,"enemies":"Nightmare","floor":29,"turns":4},{"damage":19,"enemies":"Pondfish","floor":33,"turns":8},{"damage":0,"enemies":"3 Shapes","floor":35,"turns":3},{"damage":0,"enemies":"Reptomancer","floor":41,"turns":4},{"damage":63,"enemies":"Nemesis","floor":44,"turns":7},{"damage":11,"enemies":"conspire:MimicChest","floor":47,"turns":4},{"damage":142,"enemies":"Donu and Deca","floor":50,"turns":12},{"damage":27,"enemies":"Replay:Hell Engine","floor":51,"turns":15}],"seed_played":"8119348035183592341","potions_obtained":[{"floor":1.0,"key":"LifebloodPotion"},{"floor":6.0,"key":"Venom Potion"},{"floor":36,"key":"Fruit Juice"},{"floor":36,"key":"BlessingOfTheForge"},{"floor":44,"key":"SkillPotion"},{"floor":50,"key":"infinitespire:BlackPotion"}],"is_trial":true,"path_per_floor":["M","$","?","M","?","E","$","M","T","?","?","E","$","E","R","B",null,"M","M","M","M","?","R","E","M","T","R","?","NM","$","AVR","R","B",null,"M","?","T","?","T","R","E","R","T","E","?","?","?","$","R","B","B"],"character_chosen":"IRONCLAD","items_purchased":["REME_OnlineShoppingPlatform","Potion Belt","infinitespire:Chaos","Letter Opener","Fruit Juice","Regal Pillow","conspire:TreasureMap","Girya"],"campfire_rested":7,"item_purchase_floors":[7,13,30,30,30,48,48,48],"current_hp_per_floor":[51,51,56,56,56,48,48,51,51,51,20,10,10,14,41,61,83,77,83,33,15,15,42,8,14,14,41,41,26,26,29,56,37,79,79,79,79,79,79,93,93,93,93,30,33,33,22,22,91,27,0,0],"gold":304,"neow_bonus":"","is_daily":false,"chose_seed":false,"campfire_upgraded":0,"win_rate":0.0,"timestamp":1609537117,"path_taken":["M","?","?","?","?","E","$","?","T","?","?","E","?","E","R","BOSS","M","?","?","M","?","R","E","?","T","R","?","NM","?","AVR","R","BOSS","M","?","?","?","?","R","E","R","T","E","?","?","?","?","R","BOSS","BOSS"],"items_purchased_type":["Relic","Relic","Relic","Relic","Potion","Relic","Relic","Relic"],"build_version":"2020-12-22","purchased_purges":1,"victory":false,"max_hp_per_floor":[75,75,80,80,80,80,80,90,90,90,90,90,90,90,90,90,90,90,90,90,90,90,90,90,90,90,90,90,90,90,93,93,93,93,93,93,93,93,93,93,93,93,93,93,96,96,96,96,116,116,116,116],"relic_stats":{"Lizard Tail":58,"Regal Pillow":15,"Busted Crown":54,"counters":[21,104],"Juzu Bracelet":3,"Letter Opener":[296],"War Paint":["TheCursedMod:Obscuration","BasicCrystalCard"],"obtain_stats":[{"Ice Cream":0,"hermit:ClaspedLocket":30,"Vajra":47,"infinitespire:Cubic Diamond":30,"Replay:Ringing Soul":30,"Lizard Tail":30,"infinitespire:ShieldingShard":30,"REME_OnlineShoppingPlatform":7,"zeldaRelics:PowerPiece":29,"Girya":48,"zeldaRelics:WisdomPiece":14,"conspire:TreasureMap":48,"Pear":8,"Oddly Smooth Stone":30,"infinitespire:Beetle Shell":30,"Letter Opener":30,"REME_LimitBreaker":20,"War Paint":31,"zeldaRelics:CourageTriforce":12,"WarpedTongs":5,"infinitespire:EvilPickle":33,"REME_HourglassOfDeath":30,"ReplayTheSpireMod:Ring of Collecting":45,"Simple Rune":19,"ReplayFunnel":30,"ReplayTheSpireMod:Ring of Exchange":45,"Lantern":4,"Iron Core":30,"Regal Pillow":48,"SacredBark":31,"Juzu Bracelet":30,"Empty Cage":17,"Burning Blood":0,"zeldaRelics:WisdomTriforce":26,"ClockworkSouvenir":30,"Replay:Rubber Ducky":30,"Frozen Eye":0,"Pantograph":1,"zeldaRelics:Navi":21,"zeldaRelics:CouragePiece":6,"Replay:Antivirus Software":30,"infinitespire:Chaos":30,"Cracked Core":30,"Paper Frog":30,"Potion Belt":13,"Golden Idol":11,"Quantum Egg":25,"infinitespire:EmptyRelic":30,"conspire:RunicOctahedron":34,"Replay:WaspNest":35,"Omamori":18,"Odd Mushroom":30,"Pondfish Scales":30,"Busted Crown":0,"hermit:CharredGlove":30,"Bottled Lightning":30,"FossilizedHelix":30,"REME_ComplimentaryCards":0},{"Ice Cream":0,"hermit:ClaspedLocket":14,"Vajra":19,"infinitespire:Cubic Diamond":14,"Replay:Ringing Soul":14,"Lizard Tail":14,"infinitespire:ShieldingShard":14,"REME_OnlineShoppingPlatform":3,"zeldaRelics:PowerPiece":14,"Girya":19,"zeldaRelics:WisdomPiece":6,"conspire:TreasureMap":19,"Pear":4,"Oddly Smooth Stone":14,"infinitespire:Beetle Shell":14,"Letter Opener":14,"REME_LimitBreaker":10,"War Paint":14,"zeldaRelics:CourageTriforce":5,"WarpedTongs":2,"infinitespire:EvilPickle":15,"REME_HourglassOfDeath":14,"ReplayTheSpireMod:Ring of Collecting":18,"Simple Rune":9,"ReplayFunnel":14,"ReplayTheSpireMod:Ring of Exchange":18,"Lantern":2,"Iron Core":14,"Regal Pillow":19,"SacredBark":14,"Juzu Bracelet":14,"Empty Cage":7,"Burning Blood":0,"zeldaRelics:WisdomTriforce":13,"ClockworkSouvenir":14,"Replay:Rubber Ducky":14,"Frozen Eye":0,"Pantograph":1,"zeldaRelics:Navi":11,"zeldaRelics:CouragePiece":3,"Replay:Antivirus Software":14,"infinitespire:Chaos":14,"Cracked Core":14,"Paper Frog":14,"Potion Belt":5,"Golden Idol":4,"Quantum Egg":13,"infinitespire:EmptyRelic":14,"conspire:RunicOctahedron":15,"Replay:WaspNest":16,"Omamori":8,"Odd Mushroom":14,"Pondfish Scales":14,"Busted Crown":0,"hermit:CharredGlove":14,"Bottled Lightning":14,"FossilizedHelix":14,"REME_ComplimentaryCards":0},{"Ice Cream":0,"hermit:ClaspedLocket":52,"Vajra":77,"infinitespire:Cubic Diamond":52,"Replay:Ringing Soul":52,"Lizard Tail":52,"infinitespire:ShieldingShard":52,"REME_OnlineShoppingPlatform":11,"zeldaRelics:PowerPiece":52,"Girya":77,"zeldaRelics:WisdomPiece":22,"conspire:TreasureMap":77,"Pear":13,"Oddly Smooth Stone":52,"infinitespire:Beetle Shell":52,"Letter Opener":52,"REME_LimitBreaker":33,"War Paint":52,"zeldaRelics:CourageTriforce":19,"WarpedTongs":7,"infinitespire:EvilPickle":60,"REME_HourglassOfDeath":52,"ReplayTheSpireMod:Ring of Collecting":74,"Simple Rune":30,"ReplayFunnel":52,"ReplayTheSpireMod:Ring of Exchange":74,"Lantern":7,"Iron Core":52,"Regal Pillow":77,"SacredBark":52,"Juzu Bracelet":52,"Empty Cage":27,"Burning Blood":0,"zeldaRelics:WisdomTriforce":48,"ClockworkSouvenir":52,"Replay:Rubber Ducky":52,"Frozen Eye":0,"Pantograph":4,"zeldaRelics:Navi":38,"zeldaRelics:CouragePiece":11,"Replay:Antivirus Software":52,"infinitespire:Chaos":52,"Cracked Core":52,"Paper Frog":52,"Potion Belt":19,"Golden Idol":13,"Quantum Egg":48,"infinitespire:EmptyRelic":52,"conspire:RunicOctahedron":60,"Replay:WaspNest":63,"Omamori":29,"Odd Mushroom":52,"Pondfish Scales":52,"Busted Crown":0,"hermit:CharredGlove":52,"Bottled Lightning":52,"FossilizedHelix":52,"REME_ComplimentaryCards":0}]},"card_choices":[],"player_experience":1483938,"relics_obtained":[{"floor":1.0,"key":"Pantograph"},{"floor":4.0,"key":"Lantern"},{"floor":6.0,"key":"zeldaRelics:CouragePiece"},{"floor":8.0,"key":"Pear"},{"floor":9.0,"key":"zeldaRelics:CouragePiece"},{"floor":12.0,"key":"zeldaRelics:CouragePiece"},{"floor":14.0,"key":"zeldaRelics:WisdomPiece"},{"floor":18.0,"key":"Omamori"},{"floor":19.0,"key":"Simple Rune"},{"floor":20.0,"key":"REME_LimitBreaker"},{"floor":21.0,"key":"zeldaRelics:Navi"},{"floor":24,"key":"zeldaRelics:WisdomPiece"},{"floor":25,"key":"Quantum Egg"},{"floor":26,"key":"zeldaRelics:WisdomPiece"},{"floor":29,"key":"zeldaRelics:PowerPiece"},{"floor":35,"key":"Replay:WaspNest"},{"floor":37,"key":"zeldaRelics:CouragePiece"},{"floor":39,"key":"zeldaRelics:CouragePiece"},{"floor":41,"key":"zeldaRelics:CouragePiece"},{"floor":43,"key":"zeldaRelics:WisdomPiece"},{"floor":44,"key":"zeldaRelics:WisdomPiece"},{"floor":45,"key":"ReplayTheSpireMod:Ring of Collecting"},{"floor":45,"key":"ReplayTheSpireMod:Ring of Exchange"},{"floor":47,"key":"Vajra"}],"event_choices":[{"damage_healed":0.0,"max_hp_gain":5.0,"max_hp_loss":0.0,"gold_gain":0.0,"event_name":"Big Fish","player_choice":"Donut","floor":3.0,"gold_loss":0.0,"damage_taken":0.0},{"damage_healed":0.0,"max_hp_gain":0.0,"max_hp_loss":0.0,"gold_gain":0.0,"event_name":"Accursed Blacksmith","player_choice":"Rummage","floor":5.0,"gold_loss":0.0,"damage_taken":0.0,"relics_obtained":["WarpedTongs"],"cards_obtained":["Pain"]},{"cards_removed":["Pain"],"damage_healed":0.0,"max_hp_gain":0.0,"max_hp_loss":0.0,"gold_gain":0.0,"event_name":"The Cleric","player_choice":"Card Removal","floor":10.0,"gold_loss":75.0,"damage_taken":0.0},{"damage_healed":0.0,"max_hp_gain":0.0,"max_hp_loss":0.0,"gold_gain":0.0,"event_name":"Golden Idol","player_choice":"Take Damage","floor":11.0,"gold_loss":0.0,"damage_taken":31.0,"relics_obtained":["Golden Idol"]},{"damage_healed":0.0,"max_hp_gain":0.0,"max_hp_loss":0.0,"gold_gain":275.0,"event_name":"Golden Shrine","player_choice":"Desecrate","floor":22.0,"gold_loss":0.0,"damage_taken":0.0,"cards_obtained":["Regret"]},{"damage_healed":0,"gold_gain":0,"player_choice":"Read","damage_taken":0,"max_hp_gain":0,"max_hp_loss":0,"event_name":"The Library","floor":28,"gold_loss":0,"cards_obtained":["TheCursedMod:Obscuration"]},{"damage_healed":0,"gold_gain":0,"player_choice":"Got Potions","damage_taken":0,"max_hp_gain":0,"max_hp_loss":0,"event_name":"Lab","floor":36,"gold_loss":0},{"cards_removed":["Replay:DivineShield"],"damage_healed":0,"gold_gain":0,"player_choice":"Removed Skill","damage_taken":0,"max_hp_gain":0,"max_hp_loss":0,"event_name":"Falling","floor":38,"gold_loss":0},{"damage_healed":0,"gold_gain":0,"player_choice":"Ignored","damage_taken":0,"max_hp_gain":0,"max_hp_loss":0,"event_name":"SecretPortal","floor":46,"gold_loss":0}],"is_beta":false,"boss_relics":[{"not_picked":["Astrolabe","Snecko Heart"],"picked":"Empty Cage"},{"not_picked":["Ooze Armor","conspire:RoyalGoblet"],"picked":"conspire:RunicOctahedron"}],"items_purged_floors":[31],"is_endless":true,"potions_floor_spawned":[1,6,14,16,19,20,21,29,33,44,50],"killed_by":"Replay:Hell Engine","ascension_level":20}}