{"host":"novohdx135h0xyrr","time":1609539108,"event":{"mods":["BaseMod","Colored Map","Colored Powertips","Highlight Path","Minty Spire (QoL Compilation)"],"gold_per_floor":[117,117,117,117,117,152,152,162,162,182,214,214,231,245,245,245,245],"floor_reached":16,"playtime":538,"items_purged":[],"score":151,"play_id":"17e170b6-3954-4ded-9f66-3421bcd092ce","local_time":"20210101141148","is_ascension_mode":true,"campfire_choices":[{"data":"CutThroughFate","floor":7,"key":"SMITH"},{"data":"Vault","floor":15,"key":"SMITH"}],"circlet_count":0,"master_deck":["Strike_P","Strike_P","Strike_P","Strike_P","Defend_P","Defend_P+1","Defend_P","Defend_P","Eruption+1","Vigilance+1","CutThroughFate+1","FearNoEvil","Vault+1"],"relics":["PureWater","NeowsBlessing","Tiny Chest","Girya"],"acts_visited":["Exordium"],"potions_floor_usage":[10,11,11,16,16],"damage_taken":[{"damage":0,"enemies":"2 Louse","floor":1,"turns":1},{"damage":0,"enemies":"Small Slimes","floor":4,"turns":1},{"damage":0,"enemies":"Gremlin Nob","floor":6,"turns":1},{"damage":0,"enemies":"Cultist","floor":8,"turns":1},{"damage":0,"enemies":"3 Louse","floor":10,"turns":2},{"damage":21,"enemies":"3 Sentries","floor":11,"turns":3},{"damage":0,"enemies":"Gremlin Gang","floor":13,"turns":3},{"damage":12,"enemies":"Large Slime","floor":14,"turns":3},{"damage":35,"enemies":"Slime Boss","floor":16,"turns":5}],"seed_played":"-2272281668472304328","potions_obtained":[{"floor":1,"key":"LiquidMemories"},{"floor":3,"key":"SpeedPotion"},{"floor":3,"key":"LiquidBronze"},{"floor":10,"key":"StancePotion"},{"floor":11,"key":"Block Potion"},{"floor":13,"key":"SmokeBomb"}],"is_trial":false,"path_per_floor":["M","?","?","M","?","E","R","M","T","M","E","?","M","M","R","B"],"character_chosen":"WATCHER","items_purchased":[],"campfire_rested":0,"item_purchase_floors":[],"current_hp_per_floor":[72,72,72,72,72,72,72,72,72,72,51,37,37,25,25,0,0],"gold":245,"neow_bonus":"THREE_ENEMY_KILL","is_daily":false,"chose_seed":false,"campfire_upgraded":2,"win_rate":0.0,"timestamp":1609539108,"path_taken":["M","?","?","?","?","E","R","M","T","?","E","?","M","M","R","BOSS"],"items_purchased_type":[],"build_version":"2020-12-22","purchased_purges":0,"victory":false,"max_hp_per_floor":[72,72,72,72,72,72,72,72,72,72,72,72,72,72,72,72,72],"card_choices":[{"not_picked":["Conclude","ThirdEye","FollowUp"],"picked":"SKIP","floor":1},{"not_picked":["EmptyFist","Indignation","JustLucky"],"picked":"SKIP","floor":4},{"not_picked":["FlurryOfBlows","SashWhip"],"picked":"CutThroughFate","floor":6},{"not_picked":["Evaluate","ConjureBlade","CarveReality"],"picked":"SKIP","floor":8},{"not_picked":["EmptyBody","FollowUp"],"picked":"FearNoEvil","floor":10},{"not_picked":["Consecrate","EmptyFist","FollowUp"],"picked":"SKIP","floor":11},{"not_picked":["JustLucky","CrushJoints","FlyingSleeves"],"picked":"SKIP","floor":13},{"not_picked":["Fasting2","Halt"],"picked":"Vault","floor":14}],"player_experience":177752,"relics_obtained":[{"floor":6,"key":"Tiny Chest"},{"floor":11,"key":"Girya"}],"event_choices":[{"damage_healed":0,"gold_gain":0,"player_choice":"Ignored","damage_taken":0,"max_hp_gain":0,"max_hp_loss":0,"event_name":"Liars Game","floor":2,"gold_loss":0},{"damage_healed":0,"gold_gain":0,"player_choice":"Got Potions","damage_taken":0,"max_hp_gain":0,"max_hp_loss":0,"event_name":"Lab","floor":3,"gold_loss":0},{"damage_healed":0,"gold_gain":0,"player_choice":"Forge","damage_taken":0,"max_hp_gain":0,"max_hp_loss":0,"event_name":"Accursed Blacksmith","floor":5,"gold_loss":0,"cards_upgraded":["Eruption"]},{"damage_healed":0,"gold_gain":0,"player_choice":"Entered Light","damage_taken":14,"max_hp_gain":0,"max_hp_loss":0,"event_name":"Shining Light","floor":12,"gold_loss":0,"cards_upgraded":["Defend_P","Vigilance"]}],"is_beta":false,"boss_relics":[],"items_purged_floors":[],"is_endless":false,"potions_floor_spawned":[1,10,11,13],"killed_by":"Slime Boss","ascension_level":2}}