{"host":"1c52r9kaxdyo25eq","time":1609500076,"event":{"mods":["AchievementEnabler","BaseMod","Minty Spire (QoL Compilation)","Rare Cards Sparkle","SuperFastMode","everything is the same but u backflip on backflip"],"gold_per_floor":[114,124,54,71,41,41,41,54,106,118,118,118,131,156,156,269,350,370,285,180,180,191,201,210,250,250,250,274,274,274,274,274],"floor_reached":31,"playtime":1711,"items_purged":["Fire Breathing"],"score":357,"play_id":"189cc4df-be25-4f3c-b7e3-aea9dcc946e4","local_time":"20210101202116","is_ascension_mode":true,"campfire_choices":[{"data":"Fiend Fire","floor":6.0,"key":"SMITH"},{"data":"Armaments","floor":11.0,"key":"SMITH"},{"data":"Bash","floor":15.0,"key":"SMITH"},{"data":"Body Slam","floor":30,"key":"SMITH"}],"circlet_count":0,"master_deck":["Bash+1","Fiend Fire+1","Shrug It Off+1","Feel No Pain","Armaments+1","Exhume","Body Slam+1","Carnage","Infernal Blade","Power Through","Limit Break","Pummel","Carnage","Power Through","Entrench+1","Burning Pact","Battle Trance","Sever Soul"],"relics":["Burning Blood","Blood Vial","CeramicFish","Pandora\u0027s Box","Tiny Chest","Enchiridion","Lantern","Sundial","Potion Belt"],"acts_visited":["Exordium","TheCity"],"potions_floor_usage":[29],"damage_taken":[{"damage":4.0,"enemies":"Jaw Worm","floor":1.0,"turns":3.0},{"damage":3.0,"enemies":"Cultist","floor":2.0,"turns":4.0},{"damage":12.0,"enemies":"Small Slimes","floor":4.0,"turns":3.0},{"damage":4.0,"enemies":"Exordium Thugs","floor":8.0,"turns":5.0},{"damage":18.0,"enemies":"3 Louse","floor":10.0,"turns":5.0},{"damage":1.0,"enemies":"Large Slime","floor":13.0,"turns":6.0},{"damage":10.0,"enemies":"3 Sentries","floor":14.0,"turns":11.0},{"damage":42.0,"enemies":"The Guardian","floor":16.0,"turns":13.0},{"damage":13.0,"enemies":"3 Byrds","floor":18.0,"turns":4.0},{"damage":0.0,"enemies":"Shell Parasite","floor":22.0,"turns":6.0},{"damage":5.0,"enemies":"Sentry and Sphere","floor":23.0,"turns":5.0},{"damage":13.0,"enemies":"Book of Stabbing","floor":25.0,"turns":6.0},{"damage":0,"enemies":"Shelled Parasite and Fungi","floor":29,"turns":1},{"damage":22,"enemies":"Centurion and Healer","floor":31,"turns":9}],"seed_played":"-1575813662699488635","potions_obtained":[{"floor":4.0,"key":"Block Potion"},{"floor":5.0,"key":"SmokeBomb"},{"floor":5.0,"key":"CultistPotion"},{"floor":16.0,"key":"Explosive Potion"},{"floor":23.0,"key":"PowerPotion"}],"is_trial":false,"path_per_floor":["M","M","$","M","?","R","$","M","T","M","R","?","M","E","R","B",null,"M","?","$","?","M","M","?","E","T","?","T","M","R","M"],"character_chosen":"IRONCLAD","items_purchased":["Feel No Pain","Burning Pact"],"campfire_rested":0,"item_purchase_floors":[3,20],"current_hp_per_floor":[53,56,56,50,50,50,50,52,52,42,42,42,49,47,47,13,63,58,58,58,42,50,53,53,48,48,33,33,41,41,21,21],"gold":274,"neow_bonus":"THREE_RARE_CARDS","is_daily":false,"chose_seed":false,"campfire_upgraded":4,"win_rate":0.0,"timestamp":1609500076,"path_taken":["M","M","$","M","?","R","?","M","T","M","R","?","?","E","R","BOSS","M","?","$","?","M","M","?","E","T","?","?","M","R","M"],"items_purchased_type":["Card","Card"],"build_version":"2020-12-22","purchased_purges":1,"victory":false,"max_hp_per_floor":[80,80,80,80,80,80,80,80,80,80,80,80,80,80,80,80,80,80,80,80,80,80,80,80,80,80,85,85,85,85,85,85],"card_choices":[{"not_picked":["Brutality","Double Tap"],"picked":"Fiend Fire","floor":0.0},{"not_picked":["Dual Wield","Anger"],"picked":"Shrug It Off","floor":1.0},{"not_picked":["Disarm","Ghostly Armor","Rupture"],"picked":"SKIP","floor":2.0},{"not_picked":["Sentinel","Clash","Sword Boomerang"],"picked":"SKIP","floor":4.0},{"not_picked":["Anger","Metallicize","Wild Strike"],"picked":"SKIP","floor":8.0},{"not_picked":["Carnage","Body Slam"],"picked":"Armaments","floor":10.0},{"not_picked":["Shrug It Off","Twin Strike","Anger"],"picked":"SKIP","floor":13.0},{"not_picked":["Power Through","Rage","Bludgeon"],"picked":"SKIP","floor":14.0},{"not_picked":["Bludgeon","Reaper"],"picked":"Exhume","floor":16.0},{"not_picked":["Pommel Strike","Sword Boomerang"],"picked":"Entrench+1","floor":18.0},{"not_picked":["Armaments","Iron Wave","Clothesline+1"],"picked":"SKIP","floor":22.0},{"not_picked":["Reckless Charge","Headbutt","Body Slam+1"],"picked":"SKIP","floor":23.0},{"not_picked":["Entrench","Armaments+1","Sever Soul"],"picked":"SKIP","floor":25.0},{"not_picked":["Entrench","Armaments+1"],"picked":"Sever Soul","floor":25.0}],"player_experience":536601,"relics_obtained":[{"floor":9.0,"key":"Blood Vial"},{"floor":14.0,"key":"CeramicFish"},{"floor":21.0,"key":"Enchiridion"},{"floor":25.0,"key":"Lantern"},{"floor":26.0,"key":"Sundial"},{"floor":28.0,"key":"Potion Belt"}],"event_choices":[{"damage_healed":0.0,"max_hp_gain":0.0,"max_hp_loss":0.0,"gold_gain":0.0,"event_name":"The Woman in Blue","player_choice":"Bought 2 Potions","floor":5.0,"gold_loss":0.0,"damage_taken":0.0},{"damage_healed":0.0,"max_hp_gain":0.0,"max_hp_loss":0.0,"gold_gain":0.0,"event_name":"Accursed Blacksmith","player_choice":"Forge","floor":12.0,"gold_loss":0.0,"damage_taken":0.0,"cards_upgraded":["Shrug It Off"]},{"damage_healed":0.0,"max_hp_gain":0.0,"max_hp_loss":0.0,"gold_gain":0.0,"event_name":"Addict","player_choice":"Obtained Relic","floor":19.0,"gold_loss":85.0,"damage_taken":0.0,"relics_obtained":["Tiny Chest"]},{"damage_healed":0.0,"max_hp_gain":0.0,"max_hp_loss":0.0,"gold_gain":0.0,"event_name":"Cursed Tome","player_choice":"Obtained Book","floor":21.0,"gold_loss":0.0,"damage_taken":16.0},{"damage_healed":0.0,"max_hp_gain":0.0,"max_hp_loss":0.0,"gold_gain":0.0,"event_name":"The Library","player_choice":"Read","floor":24.0,"gold_loss":0.0,"damage_taken":0.0,"cards_obtained":["Battle Trance"]},{"damage_healed":0.0,"max_hp_gain":5.0,"max_hp_loss":0.0,"gold_gain":0.0,"event_name":"Forgotten Altar","player_choice":"Shed Blood","floor":27.0,"gold_loss":0.0,"damage_taken":20.0}],"is_beta":false,"boss_relics":[{"not_picked":["Snecko Eye","Philosopher\u0027s Stone"],"picked":"Pandora\u0027s Box"}],"items_purged_floors":[20],"is_endless":false,"potions_floor_spawned":[4,8,16,23,29],"killed_by":"Centurion and Healer","ascension_level":8}}