{"host":"k0hp5rzz2oj0nliz","time":1609503923,"event":{"mods":["BaseMod","Downfall","Minty Spire (QoL Compilation)","MostiFishMod","StSLib","noobMod"],"gold_per_floor":[99,99,99,99,99,119,119,134,134,152,3,14,30,54,71,174,174,174,190,200,212,197,197,221,215,236,264,264,277,292,302,322,419,419,419,433,452,479,479,824,824,824,824,843,843,768,768,787,803,803],"floor_reached":51,"playtime":4316,"items_purged":["Slimebound:Strike_Slimebound"],"score":745,"play_id":"219a242d-5730-4683-b623-b9d767705501","local_time":"20210101202523","is_ascension_mode":false,"campfire_choices":[{"floor":1.0,"key":"RECALL"},{"data":"Slimebound:FirmFortitude","floor":9.0,"key":"SMITH"},{"data":"Slimebound:ProtectTheBoss","floor":18.0,"key":"SMITH"},{"data":"Slimebound:DouseInSlime","floor":35.0,"key":"SMITH"},{"data":"Slimebound:TongueLash","floor":42,"key":"SMITH"},{"data":"Slimebound:SlimeSlap","floor":45,"key":"SMITH"},{"data":"Slimebound:Schlurp","floor":47,"key":"SMITH"}],"circlet_count":0,"master_deck":["Slimebound:Strike_Slimebound","Slimebound:Tackle","Slimebound:Defend_Slimebound","Slimebound:Defend_Slimebound","Slimebound:Defend_Slimebound","Slimebound:Defend_Slimebound","Slimebound:Split+1","Slimebound:CorrosiveSpit","Slimebound:LevelUp","Slimebound:SamplingLick","Slimebound:RainOfGoop","Slimebound:FirmFortitude","Slimebound:FirmFortitude+1","Slimebound:PressTheAttack","Slimebound:ProtectTheBoss+1","Slimebound:DouseInSlime+1","Slimebound:SplitAcid","Slimebound:Equalize","Slimebound:LeechingTouch","Slimebound:GrowthPunch","Slimebound:ViciousTackle","Slimebound:LeechLife","Slimebound:LeechingTouch","Slimebound:FinishingTackle+1","Slimebound:Schlurp+1","Slimebound:HauntingLick+1","Slimebound:Schlurp+1","Slimebound:Schlurp+1","Slimebound:SplitLeeching+1","Slimebound:MassRepurpose","Slimebound:Schlurp","Slimebound:SlimeSlap+1","Slimebound:LevelUp+1","Slimebound:Schlurp+1","expansioncontent:SuperHexaguard","Slimebound:ViciousTackle+1","Slimebound:SplitMire","Slimebound:SplitAcid","Slimebound:SplitBruiser"],"relics":["Slimebound:AbsorbEndCombat","DaveBox","ice","downfall:HeartsMalice","OriginationStaff","Odd Mushroom","Runic Pyramid","FeatherPendant","Pen Nib","Potion Belt","Red Mask","downfall:RedIOUUpgrade"],"acts_visited":["Exordium","TheCity","TheBeyond"],"potions_floor_usage":[],"damage_taken":[{"damage":0.0,"enemies":"Jaw Worm","floor":2.0,"turns":1.0},{"damage":0.0,"enemies":"Cultist","floor":3.0,"turns":1.0},{"damage":0.0,"enemies":"2 Louse","floor":5.0,"turns":1.0},{"damage":10.0,"enemies":"3 Louse","floor":6.0,"turns":3.0},{"damage":16.0,"enemies":"Exordium Wildlife","floor":8.0,"turns":3.0},{"damage":10.0,"enemies":"Large Slime","floor":10.0,"turns":5.0},{"damage":10.0,"enemies":"downfall:FleeingMerchant","floor":11.0,"turns":4.0},{"damage":15.0,"enemies":"Red Slaver","floor":12.0,"turns":3.0},{"damage":14.0,"enemies":"Exordium Wildlife","floor":13.0,"turns":4.0},{"damage":46.0,"enemies":"The Mushroom Lair","floor":14.0,"turns":4.0},{"damage":7.0,"enemies":"Blue Slaver","floor":15.0,"turns":3.0},{"damage":68.0,"enemies":"downfall:Silent","floor":16.0,"turns":9.0},{"damage":14.0,"enemies":"Shell Parasite","floor":19.0,"turns":5.0},{"damage":38.0,"enemies":"3 Byrds","floor":20.0,"turns":5.0},{"damage":27.0,"enemies":"Sentry and Sphere","floor":21.0,"turns":5.0},{"damage":9.0,"enemies":"downfall:FleeingMerchant","floor":22.0,"turns":4.0},{"damage":20.0,"enemies":"downfall:FleeingMerchant","floor":25.0,"turns":4.0},{"damage":79.0,"enemies":"3 Cultists","floor":26.0,"turns":7.0},{"damage":21.0,"enemies":"Centurion and Healer","floor":27.0,"turns":5.0},{"damage":29.0,"enemies":"Shelled Parasite and Fungi","floor":29.0,"turns":5.0},{"damage":43.0,"enemies":"Sentry and Sphere","floor":30.0,"turns":5.0},{"damage":40.0,"enemies":"Snake Plant","floor":31.0,"turns":4.0},{"damage":32.0,"enemies":"Centurion and Healer","floor":32.0,"turns":5.0},{"damage":148.0,"enemies":"downfall:Watcher","floor":33.0,"turns":13.0},{"damage":15.0,"enemies":"Orb Walker","floor":36.0,"turns":4.0},{"damage":40.0,"enemies":"3 Darklings","floor":37.0,"turns":5.0},{"damage":25.0,"enemies":"downfall:FleeingMerchant","floor":40.0,"turns":3.0},{"damage":27,"enemies":"Writhing Mass","floor":44,"turns":6},{"damage":64,"enemies":"Jaw Worm Horde","floor":48,"turns":6},{"damage":35,"enemies":"Maw","floor":49,"turns":5},{"damage":58,"enemies":"downfall:Defect","floor":50,"turns":5}],"seed_played":"2163864259346564176","potions_obtained":[{"floor":12.0,"key":"Fire Potion"},{"floor":13.0,"key":"AttackPotion"},{"floor":14.0,"key":"AttackPotion"},{"floor":20.0,"key":"SneckoOil"},{"floor":21.0,"key":"Energy Potion"},{"floor":26.0,"key":"SkillPotion"},{"floor":30.0,"key":"SkillPotion"},{"floor":31.0,"key":"Weak Potion"},{"floor":36.0,"key":"ColorlessPotion"},{"floor":48,"key":"Fire Potion"},{"floor":49,"key":"Fire Potion"}],"is_trial":false,"path_per_floor":["R","M","M","?","M","M","T","M","R","M","$","M","M","?","M","B",null,"R","M","M","M","$","?","T","$","M","M","?","M","M","M","M","B",null,"R","M","M","?","?","$","T","R","?","M","R","$","R","M","M","B",null],"character_chosen":"SLIMEBOUND","items_purchased":["Slimebound:DouseInSlime","Slimebound:SplitAcid"],"campfire_rested":0,"item_purchase_floors":[11,11],"current_hp_per_floor":[60,60,60,60,60,60,60,54,54,56,58,55,57,24,29,31,69,69,67,54,57,66,66,66,60,15,124,124,111,106,96,100,34,178,178,181,189,189,189,172,172,172,172,165,165,165,165,194,194,194],"gold":803,"neow_bonus":"THREE_ENEMY_KILL","is_daily":false,"chose_seed":false,"campfire_upgraded":6,"win_rate":0.0,"timestamp":1609503923,"path_taken":["R","M","M","?","M","?","T","M","R","M","$","M","M","?","M","BOSS","R","M","M","M","$","?","T","$","M","M","?","M","M","M","M","BOSS","R","M","M","?","?","?","T","R","?","M","R","?","R","?","M","BOSS"],"items_purchased_type":["Card","Card"],"build_version":"2020-12-22","purchased_purges":1,"victory":true,"max_hp_per_floor":[60,60,60,60,60,60,60,60,60,60,60,60,60,60,60,69,69,69,73,114,119,124,124,124,124,124,126,126,132,137,143,146,178,178,178,181,189,189,189,194,194,194,194,194,194,194,194,194,194,194],"card_choices":[{"not_picked":["Slimebound:Grow","Slimebound:SplitMire"],"picked":"Slimebound:LevelUp","floor":2.0},{"not_picked":["Slimebound:FormOfPuddle","Slimebound:SplitMire"],"picked":"Slimebound:SamplingLick","floor":3.0},{"not_picked":["Slimebound:SamplingLick","Slimebound:Grow"],"picked":"Slimebound:RainOfGoop","floor":5.0},{"not_picked":["Slimebound:Gluttony","Slimebound:SplitLeeching"],"picked":"Slimebound:FirmFortitude","floor":6.0},{"not_picked":["Slimebound:OozeBath","Slimebound:HauntingLick"],"picked":"Slimebound:FirmFortitude","floor":8.0},{"not_picked":["Slimebound:SamplingLick","Slimebound:SlimeSpikes"],"picked":"Slimebound:PressTheAttack","floor":10.0},{"not_picked":["Slimebound:ComboTackle","Slimebound:LeadByExample"],"picked":"Slimebound:ProtectTheBoss","floor":11.0},{"not_picked":["Slimebound:Chomp","Slimebound:SlimeBrawl"],"picked":"Slimebound:Equalize","floor":12.0},{"not_picked":["Slimebound:RollThrough","Slimebound:SplitBruiser"],"picked":"Slimebound:LeechingTouch","floor":13.0},{"not_picked":["Slimebound:GoopSpray","Slimebound:SlimeBrawl"],"picked":"Slimebound:GrowthPunch","floor":14.0},{"not_picked":["Slimebound:DouseInSlime","Slimebound:SamplingLick"],"picked":"Slimebound:ViciousTackle","floor":15.0},{"not_picked":["Slimebound:SlimeSlap","Slimebound:OozeBath"],"picked":"Slimebound:LeechLife","floor":16.0},{"not_picked":["Slimebound:LeechEnergy","Slimebound:RollThrough"],"picked":"Slimebound:LeechingTouch","floor":19.0},{"not_picked":["Slimebound:MegaLick","Slimebound:GrowthPunch"],"picked":"Slimebound:FinishingTackle+1","floor":20.0},{"not_picked":["Slimebound:SlimeTap","Slimebound:RollThrough","Slimebound:LeechEnergy"],"picked":"SKIP","floor":21.0},{"not_picked":["Slimebound:LeechingTouch+1","Slimebound:SplitAcid"],"picked":"Slimebound:Schlurp+1","floor":22.0},{"not_picked":["Slimebound:ViciousTackle","Slimebound:Replication"],"picked":"Slimebound:HauntingLick+1","floor":25.0},{"not_picked":["Slimebound:RollThrough","Slimebound:GrowthPunch+1"],"picked":"Slimebound:Schlurp+1","floor":26.0},{"not_picked":["Slimebound:MassRepurpose","Slimebound:ComboTackle+1"],"picked":"Slimebound:Schlurp","floor":27.0},{"not_picked":["Slimebound:SplitBruiser","Slimebound:Gluttony"],"picked":"Slimebound:SplitLeeching+1","floor":29.0},{"not_picked":["Slimebound:SlimeSpikes","Slimebound:FirmFortitude"],"picked":"Slimebound:MassRepurpose","floor":30.0},{"not_picked":["Slimebound:PressTheAttack+1","Slimebound:SplitMire"],"picked":"Slimebound:TongueLash","floor":31.0},{"not_picked":["Slimebound:LeechingTouch","Slimebound:Replication"],"picked":"Slimebound:Schlurp","floor":32.0},{"not_picked":["Slimebound:DouseInSlime","Slimebound:RallyTheTroops"],"picked":"Slimebound:SlimeSlap","floor":33.0},{"not_picked":["Slimebound:ComboTackle","Slimebound:SlimeTap+1"],"picked":"Slimebound:LevelUp+1","floor":36.0},{"not_picked":["Slimebound:RollThrough","Slimebound:ViciousTackle"],"picked":"Slimebound:Schlurp+1","floor":37.0},{"not_picked":["expansioncontent:CaCaw","expansioncontent:Flail"],"picked":"expansioncontent:SuperHexaguard","floor":39.0},{"not_picked":["Slimebound:LeechEnergy+1","Slimebound:FlameTackle"],"picked":"Slimebound:ViciousTackle+1","floor":40},{"not_picked":["Slimebound:FinishingTackle","Slimebound:RollThrough"],"picked":"Slimebound:SplitMire","floor":44},{"not_picked":["Slimebound:ViciousTackle+1","Slimebound:LeechEnergy"],"picked":"Slimebound:SplitAcid","floor":48},{"not_picked":["Slimebound:SplitAcid","Slimebound:LeechingTouch+1"],"picked":"Slimebound:SplitBruiser","floor":49}],"player_experience":177391,"relics_obtained":[{"floor":14.0,"key":"Odd Mushroom"},{"floor":24.0,"key":"CeramicFish"},{"floor":38.0,"key":"Pen Nib"},{"floor":41,"key":"Potion Belt"}],"event_choices":[{"damage_healed":0.0,"max_hp_gain":0.0,"max_hp_loss":0.0,"gold_gain":0.0,"event_name":"Accursed Blacksmith","player_choice":"Forge","floor":4.0,"gold_loss":0.0,"damage_taken":0.0,"cards_upgraded":["Slimebound:Split"]},{"damage_healed":0.0,"max_hp_gain":0.0,"max_hp_loss":0.0,"gold_gain":0.0,"event_name":"Mushrooms","player_choice":"Fought Mushrooms","floor":14.0,"gold_loss":0.0,"damage_taken":0.0}],"is_beta":false,"boss_relics":[{"not_picked":["Transparent","Calling Bell"],"picked":"Runic Pyramid"},{"not_picked":["Fusion Hammer","HaiYi:Twilight"],"picked":"FeatherPendant"}],"items_purged_floors":[46],"is_endless":false,"potions_floor_spawned":[6,12,13,14,20,21,26,30,31,32,36,48,49],"ascension_level":0}}