{"host":"coame8l8goqx0svj","time":1609503191,"event":{"mods":["BaseMod","Downfall","Minty Spire (QoL Compilation)","StSLib"],"gold_per_floor":[99,99,99,99,99,24,24,124,124,150,65,92,10,43,56,161,161,161,172,190,175,175,192,192,499,527,452,479,579,579,593,613,613,613,613],"floor_reached":33,"playtime":1759,"items_purged":[],"score":508,"play_id":"7f2f93a9-3afd-471b-9206-d375155210b5","local_time":"20210101131311","is_ascension_mode":true,"campfire_choices":[{"floor":1.0,"key":"RECALL"},{"floor":6.0,"key":"REST"},{"data":"Slimebound:RainOfGoop","floor":9.0,"key":"SMITH"},{"data":"Slimebound:AcidTongue","floor":18.0,"key":"SMITH"},{"data":"Slimebound:MassFeed","floor":27,"key":"SMITH"},{"floor":30,"key":"REST"}],"circlet_count":0,"master_deck":["AscendersBane","Slimebound:Strike_Slimebound","Slimebound:Strike_Slimebound","Slimebound:Strike_Slimebound","Slimebound:Tackle","Slimebound:Defend_Slimebound","Slimebound:Defend_Slimebound","Slimebound:Defend_Slimebound","Slimebound:Defend_Slimebound","Slimebound:Split","Slimebound:CorrosiveSpit","Slimebound:RainOfGoop","Slimebound:RainOfGoop+1","Slimebound:SlimeSlap","Slimebound:SpikyOuterGoop","Slimebound:AcidTongue+1","Slimebound:LivingWall","Slimebound:SplitMire","Slimebound:SplitSpecialist","Slimebound:MassFeed+1","Slimebound:Schlurp","Slimebound:Teamwork","Slimebound:RainOfGoop+1","Slimebound:SlimeSpikes","Slimebound:LevelUp+1","Slimebound:TongueLash","Slimebound:SlimeSlap","Slimebound:SlimeBrawl","Slimebound:Equalize+1","Slimebound:SplitSpecialist"],"relics":["Slimebound:AbsorbEndCombat","downfall:HeartsMalice","downfall:ShatteredFragment","Orichalcum","downfall:HeartBlessingRed","Letter Opener","Bronze Scales","Eternal Feather","Bottled Tornado","SacredBark","Art of War","downfall:HeartBlessingBlue","Slimebound:PotencyRelic","champ:DeflectingBracers","Meat on the Bone"],"acts_visited":["Exordium","TheCity"],"potions_floor_usage":[26,28,32],"damage_taken":[{"damage":0.0,"enemies":"Small Slimes","floor":2.0,"turns":1.0},{"damage":0.0,"enemies":"2 Louse","floor":5.0,"turns":1.0},{"damage":0.0,"enemies":"Lagavulin","floor":10.0,"turns":1.0},{"damage":4.0,"enemies":"downfall:FleeingMerchant","floor":11.0,"turns":4.0},{"damage":25.0,"enemies":"3 Sentries","floor":12.0,"turns":4.0},{"damage":14.0,"enemies":"downfall:FleeingMerchant","floor":13.0,"turns":4.0},{"damage":13.0,"enemies":"Lagavulin","floor":14.0,"turns":5.0},{"damage":4.0,"enemies":"Jaw Worm","floor":15.0,"turns":2.0},{"damage":44.0,"enemies":"downfall:Ironclad","floor":16.0,"turns":6.0},{"damage":27.0,"enemies":"Spheric Guardian","floor":19.0,"turns":4.0},{"damage":25.0,"enemies":"3 Byrds","floor":20.0,"turns":3.0},{"damage":16.0,"enemies":"downfall:FleeingMerchant","floor":21.0,"turns":4.0},{"damage":19.0,"enemies":"Centurion and Healer","floor":23.0,"turns":5.0},{"damage":8.0,"enemies":"downfall:FleeingMerchant","floor":25.0,"turns":3.0},{"damage":35,"enemies":"Gremlin Leader","floor":26,"turns":5},{"damage":21,"enemies":"Book of Stabbing","floor":28,"turns":5},{"damage":50,"enemies":"downfall:Defect","floor":29,"turns":6},{"damage":48,"enemies":"Snake Plant","floor":31,"turns":3},{"damage":30,"enemies":"Shelled Parasite and Fungi","floor":32,"turns":2},{"damage":44,"enemies":"downfall:Silent","floor":33,"turns":2}],"seed_played":"5697082324775938814","potions_obtained":[{"floor":10.0,"key":"DuplicationPotion"},{"floor":14.0,"key":"Fire Potion"},{"floor":15.0,"key":"SpeedPotion"},{"floor":16.0,"key":"Ancient Potion"},{"floor":19.0,"key":"Block Potion"},{"floor":23.0,"key":"Block Potion"},{"floor":26,"key":"Dexterity Potion"},{"floor":31,"key":"DistilledChaos"}],"is_trial":false,"path_per_floor":["R","M","?","?","M","R","T","?","R","E","$","E","$","E","M","B",null,"R","M","M","$","?","M","T","$","E","R","E","?","R","M","M","B"],"character_chosen":"SLIMEBOUND","items_purchased":["Slimebound:AcidTongue","Slimebound:SplitSpecialist","Slimebound:TongueLash"],"campfire_rested":2,"item_purchase_floors":[11,13,25],"current_hp_per_floor":[54,54,36,29,29,47,47,47,47,47,59,45,43,46,49,23,53,63,46,31,25,25,38,38,40,27,52,47,21,59,35,31,0,0,0],"gold":613,"neow_bonus":"THREE_ENEMY_KILL","is_daily":false,"chose_seed":false,"campfire_upgraded":3,"win_rate":0.0,"timestamp":1609503191,"path_taken":["R","M","?","?","M","R","T","?","R","E","$","E","?","E","M","BOSS","R","M","M","$","?","M","T","$","E","R","E","?","R","M","M","BOSS"],"items_purchased_type":["Card","Card","Card"],"build_version":"2020-12-22","purchased_purges":0,"victory":false,"max_hp_per_floor":[60,60,60,60,60,60,60,60,60,60,60,60,60,60,63,63,63,63,63,63,63,63,69,69,69,69,79,79,79,79,79,79,79,79,79],"card_choices":[{"not_picked":["Slimebound:FinishingTackle","Slimebound:DisruptingSlam"],"picked":"Slimebound:RainOfGoop","floor":2.0},{"not_picked":["Slimebound:GrowthPunch","Slimebound:Schlurp"],"picked":"Slimebound:RainOfGoop","floor":5.0},{"not_picked":["Slimebound:Recollect","Slimebound:PressTheAttack"],"picked":"Slimebound:SlimeSlap","floor":10.0},{"not_picked":["Slimebound:GrowthPunch","Slimebound:LeechEnergy"],"picked":"Slimebound:SpikyOuterGoop","floor":11.0},{"not_picked":["Slimebound:OneTwoCombo","Slimebound:SplitAcid"],"picked":"Slimebound:LivingWall","floor":12.0},{"not_picked":["Slimebound:ServeAndProtect","Slimebound:ViciousTackle"],"picked":"Slimebound:SplitMire","floor":13.0},{"not_picked":["Slimebound:TongueLash","Slimebound:ComboTackle"],"picked":"Slimebound:MassFeed","floor":14.0},{"not_picked":["Slimebound:ViciousTackle","Slimebound:RollThrough"],"picked":"Slimebound:Schlurp","floor":15.0},{"not_picked":["Slimebound:RallyTheTroops","Slimebound:SelfFormingGoo"],"picked":"Slimebound:Teamwork","floor":16.0},{"not_picked":["Slimebound:Chomp","Slimebound:PressTheAttack"],"picked":"Slimebound:RainOfGoop+1","floor":19.0},{"not_picked":["Slimebound:SamplingLick","Slimebound:Replication","Slimebound:Dissolve"],"picked":"SKIP","floor":20.0},{"not_picked":["Slimebound:SlimeBarrage","Slimebound:SelfFormingGoo","Slimebound:PressTheAttack"],"picked":"SKIP","floor":21.0},{"not_picked":["Slimebound:FlameTackle","Slimebound:SplitAcid"],"picked":"Slimebound:SlimeSpikes","floor":23.0},{"not_picked":["Slimebound:FinishingTackle","Slimebound:FirmFortitude"],"picked":"Slimebound:LevelUp+1","floor":25.0},{"not_picked":["Slimebound:Prepare","Slimebound:LeadByExample"],"picked":"Slimebound:SlimeSlap","floor":26},{"not_picked":["Slimebound:PressTheAttack","Slimebound:Grow"],"picked":"Slimebound:SlimeBrawl","floor":28},{"not_picked":["Slimebound:ViciousTackle","Slimebound:SlimeSpikes"],"picked":"Slimebound:Equalize+1","floor":29},{"not_picked":["Slimebound:GoopSpray","Slimebound:ComboTackle","Slimebound:Chomp"],"picked":"SKIP","floor":31},{"not_picked":["Slimebound:FirmFortitude","Slimebound:RainOfGoop"],"picked":"Slimebound:SplitSpecialist","floor":32}],"player_experience":1732139,"relics_obtained":[{"floor":7.0,"key":"Letter Opener"},{"floor":10.0,"key":"Bronze Scales"},{"floor":12.0,"key":"Eternal Feather"},{"floor":14.0,"key":"Bottled Tornado"},{"floor":26,"key":"Art of War"},{"floor":28,"key":"Slimebound:PotencyRelic"},{"floor":29,"key":"champ:DeflectingBracers"},{"floor":29,"key":"Meat on the Bone"}],"event_choices":[{"damage_healed":0.0,"max_hp_gain":0.0,"max_hp_loss":0.0,"gold_gain":0.0,"event_name":"Scrap Ooze","player_choice":"Success","floor":4.0,"gold_loss":0.0,"damage_taken":7.0,"relics_obtained":["Orichalcum"]},{"damage_healed":0.0,"max_hp_gain":0.0,"max_hp_loss":0.0,"gold_gain":0.0,"event_name":"Ghosts","player_choice":"Ignored","floor":22.0,"gold_loss":0.0,"damage_taken":0.0}],"is_beta":false,"boss_relics":[{"not_picked":["Runic Dome","Velvet Choker"],"picked":"SacredBark"}],"items_purged_floors":[],"is_endless":false,"potions_floor_spawned":[10,14,15,16,19,23,26,31],"killed_by":"downfall:Silent","ascension_level":10}}