{"host":"bbrtpn53yniy7wad","time":1609485876,"event":{"mods":["AchievementEnabler","BaseMod","Colored Map","Highlight Path","Minty Spire (QoL Compilation)","StSLib","SuperFastMode","everything is the same but u backflip on backflip"],"gold_per_floor":[117,135,151,161,181,181,181,181,181,199,217,243,85,115,115,193,193,204,215,227,49,63,63,43,43,43,74,24,24,24,41,41,115,115,127,127,127,142,152,152,165,198,198,228,178,192,192,142,142,142,142,142,142,92,123,123],"floor_reached":57,"playtime":1406,"items_purged":["Strike_G","Strike_G","Strike_G","Strike_G","Defend_G","Defend_G"],"score":2868,"play_id":"2b899330-4fdc-46ad-8149-a567abcad84d","local_time":"20210101162436","is_ascension_mode":true,"campfire_choices":[{"data":"Crippling Poison","floor":6.0,"key":"SMITH"},{"data":"Catalyst","floor":8.0,"key":"SMITH"},{"data":"Catalyst","floor":15.0,"key":"SMITH"},{"data":"Adrenaline","floor":23,"key":"SMITH"},{"data":"Noxious Fumes","floor":25,"key":"SMITH"},{"floor":30,"key":"REST"},{"data":"Burst","floor":32,"key":"SMITH"},{"data":"Wraith Form v2","floor":40,"key":"SMITH"},{"floor":49,"key":"RECALL"},{"data":"Acrobatics","floor":53,"key":"SMITH"}],"circlet_count":0,"master_deck":["AscendersBane","Defend_G","Defend_G","Defend_G","Survivor","Neutralize","Adrenaline+1","Crippling Poison+1","Catalyst+1","Acrobatics+1","Catalyst+1","Noxious Fumes+1","Backflip","Burst+1","Calculated Gamble","Catalyst","Wraith Form v2+1","Prepared","Tactician","Tactician","Purity","Secret Technique"],"relics":["Ring of the Snake","HornCleat","The Specimen","Pear","Runic Pyramid","Smiling Mask","Nunchaku","Philosopher\u0027s Stone","Singing Bowl","Oddly Smooth Stone","Thread and Needle"],"acts_visited":["Exordium","TheCity","TheBeyond","TheEnding"],"potions_floor_usage":[27,41,56],"damage_taken":[{"damage":0.0,"enemies":"2 Louse","floor":1.0,"turns":3.0},{"damage":0.0,"enemies":"Jaw Worm","floor":2.0,"turns":5.0},{"damage":3.0,"enemies":"Cultist","floor":3.0,"turns":5.0},{"damage":3.0,"enemies":"Looter","floor":4.0,"turns":4.0},{"damage":0.0,"enemies":"3 Louse","floor":5.0,"turns":2.0},{"damage":0.0,"enemies":"2 Fungi Beasts","floor":10.0,"turns":2.0},{"damage":16.0,"enemies":"Red Slaver","floor":11.0,"turns":4.0},{"damage":17.0,"enemies":"Lagavulin","floor":12.0,"turns":5.0},{"damage":28,"enemies":"Slime Boss","floor":16,"turns":4},{"damage":8,"enemies":"2 Thieves","floor":18,"turns":3},{"damage":0,"enemies":"3 Byrds","floor":19,"turns":4},{"damage":17,"enemies":"Sentry and Sphere","floor":20,"turns":5},{"damage":2,"enemies":"Snecko","floor":22,"turns":4},{"damage":26,"enemies":"Gremlin Leader","floor":27,"turns":4},{"damage":6,"enemies":"Shelled Parasite and Fungi","floor":31,"turns":4},{"damage":0,"enemies":"Automaton","floor":33,"turns":3},{"damage":0,"enemies":"3 Darklings","floor":35,"turns":4},{"damage":0,"enemies":"Orb Walker","floor":38,"turns":2},{"damage":0,"enemies":"Jaw Worm Horde","floor":39,"turns":3},{"damage":5,"enemies":"3 Darklings","floor":41,"turns":4},{"damage":0,"enemies":"Nemesis","floor":42,"turns":3},{"damage":0,"enemies":"Giant Head","floor":44,"turns":3},{"damage":0,"enemies":"Spire Growth","floor":46,"turns":2},{"damage":11,"enemies":"Donu and Deca","floor":50,"turns":5},{"damage":13,"enemies":"Time Eater","floor":51,"turns":3},{"damage":10,"enemies":"Shield and Spear","floor":55,"turns":4},{"damage":60,"enemies":"The Heart","floor":56,"turns":7}],"seed_played":"7331100804389949242","potions_obtained":[{"floor":2.0,"key":"Poison Potion"},{"floor":3.0,"key":"FairyPotion"},{"floor":5.0,"key":"LiquidMemories"},{"floor":10.0,"key":"Explosive Potion"},{"floor":18,"key":"Weak Potion"},{"floor":27,"key":"Block Potion"},{"floor":41,"key":"SmokeBomb"},{"floor":46,"key":"GhostInAJar"}],"is_trial":false,"path_per_floor":["M","M","M","M","M","R","?","R","T","M","M","E","$","?","R","B",null,"M","M","M","$","M","R","?","R","T","E","$","?","R","M","R","B",null,"M","?","?","M","M","R","M","E","T","E","$","M","?","$","R","B","B",null,"R","$","E","B",null],"character_chosen":"THE_SILENT","items_purchased":["Noxious Fumes","Regen Potion"],"campfire_rested":1,"item_purchase_floors":[13,21],"current_hp_per_floor":[59,59,56,53,53,53,53,53,53,53,37,20,20,30,30,2,58,50,50,33,33,31,31,31,31,31,19,19,19,41,35,35,35,66,66,66,66,66,66,66,61,63,63,63,63,65,57,57,57,46,33,70,70,70,62,2],"gold":123,"neow_bonus":"ONE_RANDOM_RARE_CARD","is_daily":false,"chose_seed":false,"campfire_upgraded":8,"win_rate":0.0,"timestamp":1609485876,"path_taken":["M","M","M","M","M","R","?","R","T","M","M","E","$","?","R","BOSS","M","M","M","$","M","R","?","R","T","E","?","?","R","M","R","BOSS","M","?","?","M","M","R","M","E","T","E","$","?","?","?","R","BOSS","BOSS","R","$","E","BOSS"],"items_purchased_type":["Card","Potion"],"build_version":"2020-12-22","purchased_purges":6,"victory":true,"max_hp_per_floor":[66,66,66,66,66,66,66,66,66,66,66,66,66,76,76,76,76,76,76,76,76,76,76,76,76,76,76,76,76,76,76,76,76,76,76,76,76,76,76,76,76,78,78,78,78,80,82,82,82,82,82,82,82,82,84,84],"card_choices":[{"not_picked":["Prepared","Footwork"],"picked":"Crippling Poison","floor":1.0},{"not_picked":["Dodge and Roll","Dagger Throw"],"picked":"Catalyst","floor":2.0},{"not_picked":["Slice","Setup","Flying Knee"],"picked":"SKIP","floor":3.0},{"not_picked":["Concentrate","Finisher"],"picked":"Acrobatics","floor":4.0},{"not_picked":["Slice","Acrobatics","Cloak And Dagger"],"picked":"SKIP","floor":5.0},{"not_picked":["Dodge and Roll","Dagger Throw"],"picked":"Catalyst","floor":10.0},{"not_picked":["Acrobatics","Flechettes"],"picked":"Noxious Fumes","floor":11.0},{"not_picked":["Concentrate","Storm of Steel"],"picked":"Backflip","floor":12.0},{"not_picked":["A Thousand Cuts","Night Terror"],"picked":"Burst","floor":16},{"not_picked":["Expertise","Cloak And Dagger","Dagger Throw"],"picked":"SKIP","floor":18},{"not_picked":["Sucker Punch","Slice","Flying Knee+1"],"picked":"SKIP","floor":19},{"not_picked":["Noxious Fumes","Quick Slash","Underhanded Strike"],"picked":"SKIP","floor":20},{"not_picked":["Setup","Backflip","Dash"],"picked":"SKIP","floor":22},{"not_picked":["Slice","Cloak And Dagger"],"picked":"Calculated Gamble","floor":27},{"not_picked":["Escape Plan","Finisher"],"picked":"Catalyst","floor":31},{"not_picked":["Storm of Steel","Unload"],"picked":"Wraith Form v2","floor":33},{"not_picked":["Poisoned Stab","Masterful Stab"],"picked":"Prepared","floor":35},{"not_picked":["Dagger Spray","Bane"],"picked":"Tactician","floor":38},{"not_picked":["Distraction","Deflect","Quick Slash"],"picked":"SKIP","floor":39},{"not_picked":["Heel Hook+1","Slice","Blade Dance+1"],"picked":"SKIP","floor":41},{"not_picked":["Bane","Bouncing Flask","Reflex+1"],"picked":"Singing Bowl","floor":42},{"not_picked":["Poisoned Stab+1","Backflip"],"picked":"Tactician","floor":44},{"not_picked":["Blade Dance","Corpse Explosion","Bane"],"picked":"Singing Bowl","floor":46},{"not_picked":["HandOfGreed","Dramatic Entrance","Madness"],"picked":"Singing Bowl","floor":47},{"not_picked":["Thinking Ahead","Deep Breath"],"picked":"Purity","floor":47},{"not_picked":["Magnetism","Mind Blast"],"picked":"Secret Technique","floor":47},{"not_picked":["Finisher","Tactician+1","Underhanded Strike+1"],"picked":"Singing Bowl","floor":55}],"player_experience":1030145,"relics_obtained":[{"floor":9.0,"key":"HornCleat"},{"floor":12.0,"key":"The Specimen"},{"floor":26,"key":"Smiling Mask"},{"floor":27,"key":"Nunchaku"},{"floor":42,"key":"Singing Bowl"},{"floor":44,"key":"Oddly Smooth Stone"},{"floor":55,"key":"Thread and Needle"}],"event_choices":[{"damage_healed":0.0,"max_hp_gain":0.0,"max_hp_loss":0.0,"gold_gain":0.0,"event_name":"Liars Game","player_choice":"Ignored","floor":7.0,"gold_loss":0.0,"damage_taken":0.0},{"damage_healed":0.0,"max_hp_gain":0.0,"max_hp_loss":0.0,"gold_gain":30.0,"event_name":"Dead Adventurer","player_choice":"Searched \u00273\u0027 times","floor":14.0,"gold_loss":0.0,"damage_taken":0.0,"relics_obtained":["Pear"]},{"damage_healed":0,"gold_gain":0,"player_choice":"Bought 1 Potion","damage_taken":0,"max_hp_gain":0,"max_hp_loss":0,"event_name":"The Woman in Blue","floor":24,"gold_loss":0},{"damage_healed":0,"gold_gain":0,"player_choice":"Ignored","damage_taken":0,"max_hp_gain":0,"max_hp_loss":0,"event_name":"The Mausoleum","floor":29,"gold_loss":0},{"cards_removed":["Noxious Fumes"],"damage_healed":0,"gold_gain":0,"player_choice":"Removed Power","damage_taken":0,"max_hp_gain":0,"max_hp_loss":0,"event_name":"Falling","floor":36,"gold_loss":0},{"cards_removed":["Strike_G"],"damage_healed":0,"gold_gain":0,"player_choice":"Card Removal","damage_taken":0,"max_hp_gain":0,"max_hp_loss":0,"event_name":"Wheel of Change","floor":37,"gold_loss":0},{"damage_healed":0,"gold_gain":0,"player_choice":"Memory 3","damage_taken":10,"max_hp_gain":0,"max_hp_loss":0,"event_name":"SensoryStone","floor":47,"gold_loss":0}],"is_beta":false,"boss_relics":[{"not_picked":["Busted Crown","Empty Cage"],"picked":"Runic Pyramid"},{"not_picked":["Cursed Key","SlaversCollar"],"picked":"Philosopher\u0027s Stone"}],"items_purged_floors":[13,21,28,45,48,54],"is_endless":false,"potions_floor_spawned":[2,3,5,10,18,22,27,31,39,41,44,46,55],"ascension_level":20}}