{"host":"3xls0xm49ftugio7","time":1609507229,"event":{"mods":["2.2 Compatiblity","AchievementEnabler","Act Like it!","BaseMod","Colored Powertips","Downfall","GifTheSpireLib","Minty Spire (QoL Compilation)","Quick Restart","Relic Stats","StSLib"],"gold_per_floor":[0,20,33,33,51,151,151,76,106,121,121,150,160,187,198,296,296,221,234,244,255,165,165,189,189,216,216,216,216,216],"floor_reached":28,"playtime":1618,"items_purged":["hexamod:Strike"],"score":323,"play_id":"3cc36aca-f5dc-4ce6-a141-c7600b75bb07","local_time":"20210101152029","is_ascension_mode":true,"campfire_choices":[{"data":"Mayhem","floor":1,"key":"SMITH"},{"data":"hexamod:Float","floor":8,"key":"SMITH"},{"data":"hexamod:HexaLevel","floor":18,"key":"SMITH"},{"data":"hexamod:EmpoweringStance","floor":23,"key":"SMITH"}],"circlet_count":0,"master_deck":["hexamod:Strike+1","hexamod:Strike+1","hexamod:Defend","hexamod:Defend+1","hexamod:Defend","hexamod:Defend+1","hexamod:Sear+1","hexamod:Float+1","Mayhem+1","hexamod:ShieldOfDarkness","hexamod:BurningTouch","hexamod:Hexaguard","hexamod:FastForward","hexamod:HexaLevel+1","hexamod:HeatCrush","hexamod:ShieldOfDarkness","hexamod:GhostOfSpireFuture","hexamod:SixthSeal","hexamod:FifthSeal","hexamod:ThirdSeal","hexamod:PhantomCloak+1","hexamod:ThirdSeal","hexamod:PowerFromBeyond","hexamod:FourthSeal","hexamod:InspiringFlames+1","hexamod:Hexaguard","hexamod:EmpoweringStance+1","hexamod:SixthSeal","hexamod:FirstSeal","hexamod:FlamesFromBeyond+1","hexamod:Hexaguard","hexamod:ExtraCrispy+1","hexamod:SecondSeal","hexamod:ParanormalForm"],"relics":["hexamod:SpiritBrand","downfall:HeartBlessingBlue","Strawberry","Pear","Vajra","Odd Mushroom","sneckomod:SneckoTalon","downfall:HeartBlessingGreen","hexamod:MatchstickCase","Omamori"],"acts_visited":["Exordium","TheCity"],"potions_floor_usage":[14,28],"damage_taken":[{"damage":1,"enemies":"Small Slimes","floor":2,"turns":4},{"damage":0,"enemies":"Cultist","floor":3,"turns":3},{"damage":1,"enemies":"Jaw Worm","floor":5,"turns":4},{"damage":50,"enemies":"Gremlin Nob","floor":9,"turns":6},{"damage":0,"enemies":"Exordium Wildlife","floor":10,"turns":4},{"damage":18,"enemies":"3 Sentries","floor":12,"turns":8},{"damage":0,"enemies":"Gremlin Gang","floor":13,"turns":5},{"damage":3,"enemies":"The Mushroom Lair","floor":14,"turns":4},{"damage":0,"enemies":"2 Fungi Beasts","floor":15,"turns":6},{"damage":7,"enemies":"downfall:Watcher","floor":16,"turns":9},{"damage":19,"enemies":"Chosen","floor":19,"turns":8},{"damage":15,"enemies":"Snake Plant","floor":20,"turns":7},{"damage":18,"enemies":"Centurion and Healer","floor":21,"turns":7},{"damage":0,"enemies":"downfall:FleeingMerchant","floor":22,"turns":4},{"damage":69,"enemies":"Book of Stabbing","floor":26,"turns":8},{"damage":33,"enemies":"Cultist and Chosen","floor":28,"turns":4}],"seed_played":"4369609981187665443","potions_obtained":[{"floor":12,"key":"Dexterity Potion"},{"floor":13,"key":"SneckoOil"},{"floor":14,"key":"Strength Potion"},{"floor":15,"key":"BlessingOfTheForge"}],"is_trial":false,"path_per_floor":["R","M","M","?","M","?","T","R","E","M","T","E","M","?","M","B",null,"R","M","M","M","$","R","T","?","E","?","M"],"character_chosen":"THE_SPIRIT","items_purchased":[],"campfire_rested":0,"item_purchase_floors":[],"current_hp_per_floor":[70,69,69,69,68,68,68,78,35,35,45,27,27,24,24,17,97,97,78,63,45,45,45,45,77,15,15,0,0,0],"gold":216,"neow_bonus":"RANDOM_COLORLESS_2","is_daily":false,"chose_seed":false,"campfire_upgraded":4,"win_rate":0.0,"timestamp":1609507229,"path_taken":["R","M","M","?","?","?","T","R","E","M","?","E","?","?","M","BOSS","R","M","M","M","$","R","T","?","E","?","M"],"items_purchased_type":[],"build_version":"2020-12-22","purchased_purges":1,"victory":false,"max_hp_per_floor":[70,70,70,70,70,70,70,80,87,87,97,97,97,97,97,97,97,97,97,97,97,97,97,97,97,97,97,97,97,97],"relic_stats":{"counters":[16,91],"obtain_stats":[{"Pear":11,"downfall:HeartBlessingBlue":8,"Strawberry":9,"Vajra":12,"downfall:HeartBlessingGreen":18,"Omamori":26,"Odd Mushroom":14,"sneckomod:SneckoTalon":17,"hexamod:SpiritBrand":0,"hexamod:MatchstickCase":24},{"Pear":5,"downfall:HeartBlessingBlue":3,"Strawberry":4,"Vajra":6,"downfall:HeartBlessingGreen":10,"Omamori":15,"Odd Mushroom":8,"sneckomod:SneckoTalon":10,"hexamod:SpiritBrand":0,"hexamod:MatchstickCase":14},{"Pear":21,"downfall:HeartBlessingBlue":11,"Strawberry":17,"Vajra":29,"downfall:HeartBlessingGreen":53,"Omamori":87,"Odd Mushroom":38,"sneckomod:SneckoTalon":53,"hexamod:SpiritBrand":0,"hexamod:MatchstickCase":79}]},"card_choices":[{"not_picked":["Secret Technique","Secret Weapon"],"picked":"Mayhem","floor":0},{"not_picked":["hexamod:GhostShield","hexamod:BacktrackSmack"],"picked":"hexamod:ShieldOfDarkness","floor":2},{"not_picked":["hexamod:ThermalTransfer","hexamod:Haunt"],"picked":"hexamod:BurningTouch","floor":3},{"not_picked":["hexamod:GhostLash","hexamod:GhostShield"],"picked":"hexamod:Hexaguard","floor":5},{"not_picked":["hexamod:ChargedBarrage","hexamod:HauntingEcho"],"picked":"hexamod:FastForward","floor":9},{"not_picked":["hexamod:HauntingEcho","hexamod:GhostflameBarrier"],"picked":"hexamod:HexaLevel","floor":10},{"not_picked":["hexamod:GhostOfSpireFuture","hexamod:SwordOfDarkness"],"picked":"hexamod:HeatCrush","floor":12},{"not_picked":["hexamod:Firestarter","hexamod:ThermalTransfer"],"picked":"hexamod:ShieldOfDarkness","floor":13},{"not_picked":["hexamod:SpectersWail","hexamod:AdvancingGuard"],"picked":"hexamod:GhostOfSpireFuture","floor":14},{"not_picked":["hexamod:Incineration","hexamod:FastForward"],"picked":"hexamod:SixthSeal","floor":15},{"not_picked":["hexamod:Toasty","hexamod:UnleashSpirits"],"picked":"hexamod:FifthSeal","floor":16},{"not_picked":["hexamod:FourthSeal","hexamod:SixthSeal"],"picked":"hexamod:ThirdSeal","floor":19},{"not_picked":["hexamod:SwordOfDarkness","hexamod:FastForward"],"picked":"hexamod:PhantomCloak","floor":19},{"not_picked":["hexamod:GhostLash","hexamod:Firestarter"],"picked":"hexamod:ThirdSeal","floor":20},{"not_picked":["hexamod:GhostShield","hexamod:SuperheatedStrike"],"picked":"hexamod:PowerFromBeyond","floor":20},{"not_picked":["hexamod:SixthSeal","hexamod:ThirdSeal"],"picked":"hexamod:FourthSeal","floor":21},{"not_picked":["hexamod:HeatCrush","hexamod:ApocalypseNow"],"picked":"hexamod:InspiringFlames","floor":21},{"not_picked":["hexamod:HauntingEcho","hexamod:NightmareStrike"],"picked":"hexamod:Hexaguard","floor":21},{"not_picked":["hexamod:FastForward","hexamod:RainOfEmbers"],"picked":"hexamod:EmpoweringStance","floor":21},{"not_picked":["hexamod:ThirdSeal","hexamod:FourthSeal"],"picked":"hexamod:SixthSeal","floor":22},{"not_picked":["hexamod:FourthSeal","hexamod:ApocalypticArmor"],"picked":"hexamod:FirstSeal","floor":22},{"not_picked":["hexamod:BurningTouch","hexamod:Haunt+1"],"picked":"hexamod:FlamesFromBeyond+1","floor":22},{"not_picked":["hexamod:SwordOfDarkness","hexamod:NightmareStrike","hexamod:GhostLash"],"picked":"SKIP","floor":22},{"not_picked":["hexamod:GhostLash+1","hexamod:Firestarter+1"],"picked":"hexamod:Hexaguard","floor":26},{"not_picked":["hexamod:GhostShield","hexamod:FourthSeal"],"picked":"hexamod:ExtraCrispy+1","floor":26},{"not_picked":["hexamod:FirstSeal","hexamod:FourthSeal"],"picked":"hexamod:SecondSeal","floor":26},{"not_picked":["hexamod:SkipABeat","hexamod:Again"],"picked":"hexamod:ParanormalForm","floor":26}],"player_experience":849970,"relics_obtained":[{"floor":9,"key":"Strawberry"},{"floor":11,"key":"Pear"},{"floor":12,"key":"Vajra"},{"floor":14,"key":"Odd Mushroom"},{"floor":24,"key":"hexamod:MatchstickCase"},{"floor":26,"key":"Omamori"}],"event_choices":[{"cards_removed":["hexamod:Strike"],"damage_healed":0,"gold_gain":0,"player_choice":"Purged","damage_taken":0,"max_hp_gain":0,"max_hp_loss":0,"event_name":"Purifier","floor":4,"gold_loss":0},{"damage_healed":0,"gold_gain":0,"player_choice":"Fought Mushrooms","damage_taken":0,"max_hp_gain":0,"max_hp_loss":0,"event_name":"Mushrooms","floor":14,"gold_loss":0},{"damage_healed":32,"gold_gain":0,"player_choice":"Heal","damage_taken":0,"max_hp_gain":0,"max_hp_loss":0,"event_name":"The Library","floor":25,"gold_loss":0}],"is_beta":false,"boss_relics":[{"not_picked":["Pandora\u0027s Box","Empty Cage"],"picked":"sneckomod:SneckoTalon"}],"items_purged_floors":[22],"is_endless":false,"potions_floor_spawned":[12,13,14,15],"killed_by":"Cultist and Chosen","ascension_level":4}}