{"host":"k85tjwrh7mjrrc9a","time":1609467906,"event":{"mods":["AchievementEnabler","BaseMod","Colored Powertips","Highlight Path","Minty Spire (QoL Compilation)","Rare Cards Sparkle","StSLib"],"gold_per_floor":[110,110,123,142,67,67,100,125,174,174,184,184,210,175,175,272,272,288,288,239,139,152,179,179,94,169,194,194,212,226,241,241,241,241],"floor_reached":33,"playtime":1634,"items_purged":["Decay","Strike_B"],"score":287,"play_id":"d06a8c06-13ec-4768-8bc6-668a9978740e","local_time":"20201231212506","is_ascension_mode":true,"campfire_choices":[{"data":"Coolheaded","floor":6,"key":"SMITH"},{"floor":12,"key":"REST"},{"data":"Sunder","floor":15,"key":"SMITH"},{"floor":24,"key":"REST"},{"floor":32,"key":"REST"}],"circlet_count":0,"master_deck":["Strike_B","Strike_B","Strike_B","Defend_B","Defend_B","Defend_B","Defend_B","Zap","Dualcast","Gash","Coolheaded+1","Sweeping Beam","Skim+1","Ball Lightning","Compile Driver","Sunder+1","Buffer","CurseOfTheBell","White Noise","Turbo","Steam","Redo+1","White Noise+1","Static Discharge"],"relics":["Cracked Core","Lizard Tail","Lantern","Mercury Hourglass","MealTicket","Dream Catcher","Darkstone Periapt","Calling Bell","Tiny Chest","White Beast Statue","CaptainsWheel","Ancient Tea Set","Eternal Feather","Sundial","Oddly Smooth Stone"],"acts_visited":["Exordium","TheCity"],"potions_floor_usage":[23,33,33,33],"damage_taken":[{"damage":3,"enemies":"Jaw Worm","floor":1,"turns":3},{"damage":1,"enemies":"Cultist","floor":3,"turns":3},{"damage":0,"enemies":"Small Slimes","floor":4,"turns":2},{"damage":37,"enemies":"Lagavulin","floor":7,"turns":7},{"damage":0,"enemies":"Looter","floor":11,"turns":3},{"damage":13,"enemies":"Gremlin Nob","floor":13,"turns":3},{"damage":53,"enemies":"Hexaghost","floor":16,"turns":9},{"damage":3,"enemies":"Spheric Guardian","floor":18,"turns":4},{"damage":23,"enemies":"2 Thieves","floor":22,"turns":4},{"damage":31,"enemies":"Slavers","floor":23,"turns":6},{"damage":16,"enemies":"Centurion and Healer","floor":29,"turns":4},{"damage":6,"enemies":"Cultist and Chosen","floor":30,"turns":6},{"damage":6,"enemies":"3 Cultists","floor":31,"turns":5},{"damage":106,"enemies":"Champ","floor":33,"turns":14}],"seed_played":"8176855436063030928","potions_obtained":[{"floor":1,"key":"Fire Potion"},{"floor":7,"key":"Energy Potion"},{"floor":18,"key":"LiquidBronze"},{"floor":22,"key":"Weak Potion"},{"floor":23,"key":"Explosive Potion"},{"floor":30,"key":"DuplicationPotion"}],"is_trial":false,"path_per_floor":["M","?","M","M","$","R","E","T","T","?","M","R","E","?","R","B",null,"M","?","$","$","M","E","R","?","T","T","?","M","M","M","R","B"],"character_chosen":"DEFECT","items_purchased":["Turbo"],"campfire_rested":3,"item_purchase_floors":[20],"current_hp_per_floor":[72,72,71,71,71,71,34,34,34,34,34,56,43,61,61,8,81,78,78,81,81,58,27,51,51,51,51,51,35,29,23,59,0,0],"gold":241,"neow_bonus":"ONE_RARE_RELIC","is_daily":false,"chose_seed":false,"campfire_upgraded":2,"win_rate":0.0,"timestamp":1609467906,"path_taken":["M","?","M","?","?","R","E","?","T","?","M","R","E","?","R","BOSS","M","?","?","$","M","E","R","?","T","?","?","M","?","M","R","BOSS"],"items_purchased_type":["Card"],"build_version":"2020-12-22","purchased_purges":2,"victory":false,"max_hp_per_floor":[75,75,75,75,75,75,75,75,75,75,75,75,75,75,75,75,81,81,81,81,81,81,81,81,81,81,81,81,81,81,81,81,81,81],"card_choices":[{"not_picked":["Steam Power","Storm"],"picked":"Gash","floor":1},{"not_picked":["Ball Lightning","Streamline"],"picked":"Coolheaded","floor":3},{"not_picked":["BootSequence","Cold Snap"],"picked":"Sweeping Beam","floor":4},{"not_picked":["Sweeping Beam","Hologram"],"picked":"Skim","floor":7},{"not_picked":["Chaos","Tempest"],"picked":"Ball Lightning","floor":11},{"not_picked":["Stack","Beam Cell"],"picked":"Compile Driver","floor":12},{"not_picked":["Streamline","Steam Power"],"picked":"Sunder","floor":13},{"not_picked":["Creative AI","All For One"],"picked":"Buffer","floor":16},{"not_picked":["Streamline","Rebound+1"],"picked":"White Noise","floor":18},{"not_picked":["Streamline","Rebound"],"picked":"Steam","floor":22},{"not_picked":["Coolheaded","Leap","BootSequence+1"],"picked":"SKIP","floor":23},{"not_picked":["Leap+1","Cold Snap"],"picked":"Redo+1","floor":24},{"not_picked":["Redo","Compile Driver"],"picked":"White Noise+1","floor":29},{"not_picked":["Defragment","Thunder Strike","Cold Snap"],"picked":"SKIP","floor":30},{"not_picked":["Ball Lightning","Storm","Fusion"],"picked":"SKIP","floor":31},{"not_picked":["Compile Driver+1","Coolheaded"],"picked":"Static Discharge","floor":32}],"player_experience":108007,"relics_obtained":[{"floor":7,"key":"Mercury Hourglass"},{"floor":8,"key":"MealTicket"},{"floor":9,"key":"Dream Catcher"},{"floor":13,"key":"Darkstone Periapt"},{"floor":17,"key":"Tiny Chest"},{"floor":17,"key":"White Beast Statue"},{"floor":17,"key":"CaptainsWheel"},{"floor":23,"key":"Ancient Tea Set"},{"floor":26,"key":"Sundial"},{"floor":27,"key":"Oddly Smooth Stone"}],"event_choices":[{"damage_healed":0,"gold_gain":0,"player_choice":"Gave Potion","damage_taken":0,"relics_obtained":["Lantern"],"max_hp_gain":0,"max_hp_loss":0,"event_name":"WeMeetAgain","floor":2,"gold_loss":0},{"damage_healed":0,"gold_gain":0,"player_choice":"Grow","damage_taken":0,"max_hp_gain":0,"max_hp_loss":0,"event_name":"Living Wall","floor":10,"gold_loss":0,"cards_upgraded":["Skim"]},{"damage_healed":18,"gold_gain":0,"player_choice":"Healed","damage_taken":0,"max_hp_gain":0,"max_hp_loss":0,"event_name":"The Cleric","floor":14,"gold_loss":35},{"damage_healed":0,"gold_gain":0,"player_choice":"Ignored","damage_taken":0,"max_hp_gain":0,"max_hp_loss":0,"event_name":"Vampires","floor":19,"gold_loss":0},{"damage_healed":0,"gold_gain":0,"player_choice":"Obtained Relic","damage_taken":0,"relics_obtained":["Eternal Feather"],"max_hp_gain":0,"max_hp_loss":0,"event_name":"Addict","floor":25,"gold_loss":85},{"damage_healed":0,"gold_gain":0,"player_choice":"Ignored","damage_taken":0,"max_hp_gain":0,"max_hp_loss":0,"event_name":"Ghosts","floor":28,"gold_loss":0}],"is_beta":false,"boss_relics":[{"not_picked":["Tiny House","Coffee Dripper"],"picked":"Calling Bell"}],"items_purged_floors":[5,21],"is_endless":false,"potions_floor_spawned":[1,7,18,22,23,29,30,31],"killed_by":"Champ","ascension_level":1}}