{"host":"s9mizfpm0ux1oq2e","time":1609490785,"event":{"mods":["Aspiration","BaseMod","Downfall","Minty Spire (QoL Compilation)","Permanent Neow","Replay The Spire","StSLib","SuperFastMode"],"gold_per_floor":[0,11,30,46,46,61,61,79,92,111,111,111,111,125,125,153,170,271,271,146,158,258,328,348,298,298,348,366,416,366,133,196,30,48,152,152,102,118,129,179,90,40,40,90,108,58,76,90,40,53,63,63],"floor_reached":53,"playtime":2646,"items_purged":["Slimebound:Tackle","Slimebound:Strike_Slimebound","Slimebound:Defend_Slimebound"],"score":744,"play_id":"f82af201-34fc-44b5-80a3-41e3f15a87f1","local_time":"25640101154625","is_ascension_mode":false,"campfire_choices":[{"data":"Slimebound:CorrosiveSpit","floor":11,"key":"SMITH"},{"floor":20,"key":"DIG"},{"data":"Slimebound:LevelUp","floor":25,"key":"SMITH"},{"data":"Slimebound:RallyTheTroops","floor":30,"key":"SMITH"},{"data":"Pain","floor":37,"key":"PURGE"},{"floor":42,"key":"RECALL"},{"data":"Slimebound:Split","floor":46,"key":"SMITH"},{"data":"Replay:SS_forest_6","floor":49,"key":"SMITH"}],"circlet_count":0,"master_deck":["Slimebound:Strike_Slimebound","Slimebound:Strike_Slimebound","Slimebound:Defend_Slimebound","Slimebound:Defend_Slimebound","Slimebound:Defend_Slimebound","Slimebound:Split+1","Slimebound:CorrosiveSpit+1","Slimebound:MassFeed","Slimebound:LivingWall","Slimebound:SamplingLick","Slimebound:LevelUp+1","Slimebound:SplitAcid","Slimebound:PressTheAttack","Slimebound:Overexert","Slimebound:MinionMaster","Slimebound:RejuvenatingLick+1","Slimebound:RallyTheTroops+1","Slimebound:OneTwoCombo","Slimebound:Gluttony","Slimebound:TongueLash+1","Master of Strategy","Slimebound:Teamwork+1","Slimebound:Gluttony","Slimebound:Gluttony","Slimebound:RallyTheTroops","Replay:SS_forest_6+1","Slimebound:SlimeBarrage+1","Slimebound:SamplingLick+1","Slimebound:Teamwork"],"relics":["Slimebound:AbsorbEndCombat","aspiration:BabyByrd","Gremlin Horn","Slimebound:GreedOozeRelic","Coffee Dripper","downfall:HeartBlessingGreen","Tiny Chest","downfall:CloakOfManyFaces","CultistMask","FaceOfCleric","NlothsMask","GremlinMask","SsserpentHead","Happy Flower","Bottled Lightning","Membership Card","BargainBundle","Runic Pyramid","Pet Ghost","Replay:Bottled Steam"],"acts_visited":["Exordium","TheCity","TheBeyond"],"potions_floor_usage":[18,33],"damage_taken":[{"damage":4,"enemies":"Small Slimes","floor":2,"turns":4},{"damage":0,"enemies":"2 Louse","floor":3,"turns":3},{"damage":4,"enemies":"Cultist","floor":4,"turns":3},{"damage":5,"enemies":"2 Fungi Beasts","floor":6,"turns":3},{"damage":3,"enemies":"Lots of Slimes","floor":8,"turns":3},{"damage":7,"enemies":"Red Slaver","floor":9,"turns":4},{"damage":17,"enemies":"2 Fungi Beasts","floor":10,"turns":5},{"damage":20,"enemies":"Exordium Thugs","floor":14,"turns":5},{"damage":22,"enemies":"3 Sentries","floor":16,"turns":4},{"damage":27,"enemies":"Exordium Wildlife","floor":17,"turns":4},{"damage":56,"enemies":"downfall:Silent","floor":18,"turns":6},{"damage":14,"enemies":"3 Byrds","floor":21,"turns":3},{"damage":12,"enemies":"downfall:FaceTrader","floor":22,"turns":6},{"damage":38,"enemies":"Shell Parasite","floor":23,"turns":5},{"damage":21,"enemies":"Shelled Parasite and Fungi","floor":24,"turns":4},{"damage":22,"enemies":"Snake Plant","floor":28,"turns":4},{"damage":17,"enemies":"downfall:FleeingMerchant","floor":31,"turns":4},{"damage":8,"enemies":"Centurion and Healer","floor":32,"turns":4},{"damage":16,"enemies":"downfall:FleeingMerchant","floor":33,"turns":4},{"damage":8,"enemies":"Chosen and Byrds","floor":34,"turns":3},{"damage":26,"enemies":"downfall:Defect","floor":35,"turns":6},{"damage":0,"enemies":"Orb Walker","floor":38,"turns":4},{"damage":12,"enemies":"3 Shapes","floor":39,"turns":3},{"damage":15,"enemies":"downfall:FleeingMerchant","floor":41,"turns":4},{"damage":13,"enemies":"3 Darklings","floor":45,"turns":4},{"damage":15,"enemies":"Maw","floor":47,"turns":5},{"damage":26,"enemies":"Writhing Mass","floor":48,"turns":5},{"damage":0,"enemies":"Sphere and 2 Shapes","floor":50,"turns":2},{"damage":14,"enemies":"Transient","floor":51,"turns":5},{"damage":35,"enemies":"downfall:Ironclad","floor":52,"turns":6}],"seed_played":"-2820932764047409423","potions_obtained":[{"floor":2,"key":"hexamod:EctoCoolerPotion"},{"floor":6,"key":"Adrenaline Potion"},{"floor":10,"key":"FairyPotion"},{"floor":16,"key":"CultistPotion"},{"floor":18,"key":"CultistPotion"},{"floor":28,"key":"Elixir"},{"floor":32,"key":"Slimebound:ThreeZeroPotion"},{"floor":35,"key":"Dexterity Potion"}],"is_trial":false,"path_per_floor":["R","M","M","M","?","M","T","M","M","M","R","PTL","PTL","M","?","E","M","B",null,"R","M","?","M","M","R","T","?","M","T","R","$","M","$","M","B",null,"R","M","M","?","$","R","T","$","M","R","M","M","R","M","M","B",null],"character_chosen":"SLIMEBOUND","items_purchased":["Membership Card","BargainBundle","Slimebound:Gluttony","Slimebound:TongueLash+1","PowerPotion","Master of Strategy","Slimebound:Gluttony","Slimebound:RallyTheTroops","Pet Ghost","Replay:SS_forest_6","Replay:Bottled Steam"],"campfire_rested":0,"item_purchase_floors":[31,33,33,33,33,33,41,41,41,41,41],"current_hp_per_floor":[65,68,71,71,71,71,71,74,74,68,68,68,68,68,68,61,54,34,77,77,73,80,63,65,65,65,65,62,62,62,60,67,68,79,79,91,91,95,96,96,97,97,97,97,89,89,99,94,94,101,102,84],"gold":63,"neow_bonus":"THREE_RARE_CARDS","is_daily":false,"chose_seed":false,"campfire_upgraded":5,"win_rate":0.0,"timestamp":1609490785,"path_taken":["R","M","M","M","?","M","T","M","M","M","R","PTL","PTL","M","?","E","M","BOSS","R","M","?","?","M","R","T","?","M","?","R","$","?","$","M","BOSS","R","M","M","?","$","R","T","?","M","R","M","M","R","M","M","BOSS"],"items_purchased_type":["Relic","Relic","Card","Card","Potion","Card","Card","Card","Relic","Card","Relic"],"build_version":"2020-12-22","purchased_purges":3,"victory":true,"max_hp_per_floor":[65,68,71,71,71,71,71,74,74,74,74,74,74,74,74,77,77,77,77,77,80,80,81,82,82,82,82,83,83,83,84,85,86,87,91,91,91,95,96,96,97,97,97,97,98,98,99,100,100,101,102,103],"card_choices":[{"not_picked":["Slimebound:WasteNot","Slimebound:CheckThePlaybook"],"picked":"Slimebound:MassFeed","floor":0},{"not_picked":["Slimebound:DisruptingSlam","Slimebound:SlimeSpikes"],"picked":"Slimebound:LivingWall","floor":2},{"not_picked":["Slimebound:ItLooksTasty","Slimebound:SplitLeeching","Slimebound:LeechingTouch"],"picked":"SKIP","floor":3},{"not_picked":["Slimebound:ComboTackle","Slimebound:GoopSpray"],"picked":"Slimebound:SamplingLick","floor":4},{"not_picked":["Slimebound:SlimeSpikes","Slimebound:TongueLash","Slimebound:GrowthPunch"],"picked":"SKIP","floor":6},{"not_picked":["Slimebound:MegaLick","Slimebound:LeechingTouch"],"picked":"Slimebound:LevelUp","floor":8},{"not_picked":["Slimebound:SplitBruiser","Slimebound:AcidTongue"],"picked":"Slimebound:SplitAcid","floor":9},{"not_picked":["Slimebound:RollThrough","Slimebound:ComboTackle"],"picked":"Slimebound:PressTheAttack","floor":10},{"not_picked":["Slimebound:GoopSpray","Slimebound:AcidTongue","Slimebound:LeechEnergy"],"picked":"SKIP","floor":14},{"not_picked":["Slimebound:SlimeSpikes","Slimebound:MegaLick"],"picked":"Slimebound:Overexert","floor":16},{"not_picked":["Slimebound:RollThrough","Slimebound:ViciousTackle","Slimebound:Grow"],"picked":"SKIP","floor":17},{"not_picked":["Slimebound:WasteNot","Slimebound:DuplicatedForm"],"picked":"Slimebound:MinionMaster","floor":18},{"not_picked":["Slimebound:Schlurp","Slimebound:SlimeSpikes","Slimebound:FormOfPuddle"],"picked":"SKIP","floor":21},{"not_picked":["Slimebound:ComboTackle","Slimebound:RollThrough+1"],"picked":"Slimebound:RejuvenatingLick+1","floor":23},{"not_picked":["Slimebound:Schlurp","Slimebound:GoopSpray","Slimebound:ComboTackle+1"],"picked":"SKIP","floor":24},{"not_picked":["Slimebound:LeechingTouch","Slimebound:PressTheAttack"],"picked":"Slimebound:RallyTheTroops","floor":28},{"not_picked":["Slimebound:GrowthPunch","Slimebound:LeechingTouch","Slimebound:Replication"],"picked":"SKIP","floor":31},{"not_picked":["Slimebound:FinishingTackle+1","Slimebound:SlimeSpikes","Slimebound:RollThrough"],"picked":"SKIP","floor":32},{"not_picked":["Slimebound:ViciousTackle","Slimebound:ItLooksTasty"],"picked":"Slimebound:OneTwoCombo","floor":33},{"not_picked":["Slimebound:Schlurp","Slimebound:GrowthPunch","Slimebound:SlimeBrawl"],"picked":"SKIP","floor":34},{"not_picked":["Slimebound:MassFeed","Slimebound:OozeBath"],"picked":"Slimebound:Teamwork","floor":35},{"not_picked":["Slimebound:Equalize+1","Slimebound:FlameTackle","Slimebound:SplitBruiser+1"],"picked":"SKIP","floor":38},{"not_picked":["Slimebound:ViciousTackle+1","Slimebound:SplitLeeching","Slimebound:DisruptingSlam+1"],"picked":"SKIP","floor":39},{"not_picked":["Slimebound:SplitAcid","Slimebound:Grow+1","Slimebound:ProtectTheBoss"],"picked":"SKIP","floor":41},{"not_picked":["Slimebound:SplitBruiser","Slimebound:SamplingLick+1","Slimebound:SplitMire"],"picked":"SKIP","floor":45},{"not_picked":["Slimebound:SplitAcid+1","Slimebound:MegaLick","Slimebound:SplitMire+1"],"picked":"SKIP","floor":47},{"not_picked":["Slimebound:TongueLash+1","Slimebound:Schlurp+1"],"picked":"Slimebound:SlimeBarrage+1","floor":48},{"not_picked":["Slimebound:GoopSpray+1","Slimebound:SplitLeeching"],"picked":"Slimebound:SamplingLick+1","floor":50},{"not_picked":["Slimebound:PressTheAttack+1","Slimebound:SplitBruiser+1"],"picked":"Slimebound:Teamwork","floor":51}],"player_experience":155415,"relics_obtained":[{"floor":7,"key":"Gremlin Horn"},{"floor":20,"key":"Tiny Chest"},{"floor":22,"key":"downfall:CloakOfManyFaces"},{"floor":29,"key":"Bottled Lightning"}],"event_choices":[{"damage_healed":0,"gold_gain":0,"player_choice":"Donut","damage_taken":0,"max_hp_gain":5,"max_hp_loss":0,"event_name":"Big Fish","floor":1,"gold_loss":0},{"damage_healed":0,"gold_gain":0,"player_choice":"Upgraded","damage_taken":0,"max_hp_gain":0,"max_hp_loss":0,"event_name":"Upgrade Shrine","floor":40,"gold_loss":0,"cards_upgraded":["Slimebound:Teamwork"]}],"is_beta":false,"boss_relics":[{"not_picked":["aspiration:PoetsPen_weak","Replay:Ancient Bell"],"picked":"Coffee Dripper"},{"not_picked":["Calling Bell","Honey Jar"],"picked":"Runic Pyramid"}],"items_purged_floors":[31,33,41],"is_endless":false,"potions_floor_spawned":[2,6,10,16,18,28,32,35,38,48,51],"ascension_level":0}}