{"host":"hig8qfi5vzbgudte","time":1609476481,"event":{"mods":["BaseMod","Colored Map","Downfall","Hermit","Hubris","Jorbs\u0027s Wanderer Trilogy","Minty Spire (QoL Compilation)","Quick Restart","StSLib","The Cursed","The Hierophant","The Marked"],"gold_per_floor":[15,15,15,15,15,15,41,41,41,67,86,106,123,137,137,240,240,250,250,350,360,360,360,392,392,392,417,417,431,23,35,35,140,140,159,159,34,34,51,51,69,98,98,116,0,0,16,16,16],"floor_reached":48,"playtime":4129,"items_purged":[],"score":563,"play_id":"7eeb5e63-fceb-4bd5-b439-2bef122a5d7e","local_time":"20201231224801","is_ascension_mode":false,"campfire_choices":[{"data":"theMarked:SoldierOfQuellstein","floor":6,"key":"SMITH"},{"floor":8,"key":"REST"},{"floor":15,"key":"REST"},{"data":"theMarked:MysticalArsenal","floor":23,"key":"SMITH"},{"floor":28,"key":"REST"},{"floor":32,"key":"REST"},{"data":"theMarked:ThrowWeapon","floor":40,"key":"SMITH"},{"floor":46,"key":"REST"}],"circlet_count":0,"master_deck":["theMarked:Defend","theMarked:Defend","theMarked:Defend","theMarked:Defend","theMarked:SoldierOfQuellstein+1","theMarked:BanishingWave+1","theMarked:BanishingStrike","theMarked:MysticalArsenal","theMarked:SelfDefenseTraining","theMarked:SelfDefenseTraining","theMarked:Electrocute","theMarked:HeightenedSenses","theMarked:ThrowWeapon+1","theMarked:MysticalArsenal+1","theMarked:BanishingWave+1","Slimebound:Tackle+1","Slimebound:Tackle+1","theMarked:Aftermath","Necronomicurse","theMarked:Improvise","theMarked:MysticalArsenal+1","theMarked:Electrocute","theMarked:Aftermath","theMarked:KeepCalmAndFightOn+1","theMarked:MagicAdept+1","theMarked:DeterminationOfTheMarked+1","theMarked:Aftermath","theMarked:SwordAndMagic","theMarked:RepellingDischarge","Strike_B","theMarked:EnhancedHearing+1","theMarked:EmpowerWeapon+1","theMarked:RogueSparks+1","theMarked:ResourceFulStrike+1","theMarked:Generate+1"],"relics":["theMarked:ArtifactOfAir","hubris:Zylophone","PreservedInsect","Bag of Marbles","hubris:RunicObelisk","MutagenicStrength","Blood Vial","Necronomicon","Frozen Egg 2","hubris:TenFootPole","Matryoshka","hubris:GrandSneckoEye","hubris:Towel","MealTicket","Happy Flower","Ice Cream","Red Mask"],"acts_visited":["Exordium","TheCity","TheBeyond"],"potions_floor_usage":[16,16,41],"damage_taken":[{"damage":8,"enemies":"Small Slimes","floor":1,"turns":3},{"damage":31,"enemies":"Lagavulin","floor":7,"turns":4},{"damage":22,"enemies":"3 Sentries","floor":10,"turns":4},{"damage":6,"enemies":"Jaw Worm","floor":11,"turns":2},{"damage":6,"enemies":"Cultist","floor":12,"turns":3},{"damage":5,"enemies":"Gremlin Gang","floor":13,"turns":2},{"damage":16,"enemies":"Large Slime","floor":14,"turns":4},{"damage":38,"enemies":"Hexaghost","floor":16,"turns":8},{"damage":20,"enemies":"2 Thieves","floor":18,"turns":3},{"damage":20,"enemies":"Spheric Guardian","floor":21,"turns":4},{"damage":3,"enemies":"Gremlin Leader","floor":24,"turns":2},{"damage":0,"enemies":"Centurion and Healer","floor":29,"turns":1},{"damage":0,"enemies":"Cultist and Chosen","floor":31,"turns":1},{"damage":20,"enemies":"Automaton","floor":33,"turns":5},{"damage":13,"enemies":"Orb Walker","floor":35,"turns":2},{"damage":33,"enemies":"3 Darklings","floor":39,"turns":5},{"damage":4,"enemies":"Sphere and 2 Shapes","floor":41,"turns":2},{"damage":0,"enemies":"Nemesis","floor":42,"turns":1},{"damage":16,"enemies":"Spire Growth","floor":44,"turns":2},{"damage":29,"enemies":"Writhing Mass","floor":47,"turns":3},{"damage":28,"enemies":"Maw","floor":48,"turns":4}],"seed_played":"2641921765635413235","potions_obtained":[{"floor":7,"key":"Energy Potion"},{"floor":12,"key":"BlessingOfTheForge"},{"floor":16,"key":"DistilledChaos"},{"floor":31,"key":"ColorlessPotion"},{"floor":33,"key":"BlessingOfTheForge"},{"floor":39,"key":"Energy Potion"},{"floor":42,"key":"AttackPotion"},{"floor":47,"key":"Guardian:BlockOnCardUsePotion"}],"is_trial":false,"path_per_floor":["M","?","$","?","$","R","E","R","T","E","M","M","M","M","R","B",null,"M","?","?","M","?","R","E","?","T","T","R","M","$","M","R","B",null,"M","?","$","?","M","R","M","E","T","M","?","R","M","M"],"character_chosen":"THE_DEFAULT","items_purchased":["Matryoshka","theMarked:MysticalArsenal+1","theMarked:Electrocute","theMarked:Aftermath","theMarked:Aftermath","theMarked:SwordAndMagic","theMarked:RepellingDischarge"],"campfire_rested":5,"item_purchase_floors":[30,30,30,30,37,37,37],"current_hp_per_floor":[76,76,76,76,76,76,45,70,70,48,42,36,31,15,40,2,84,64,64,64,44,44,44,41,25,25,25,50,52,52,54,79,61,84,71,71,71,71,40,40,38,40,40,26,26,51,24,0,0],"gold":16,"neow_bonus":"TWENTY_PERCENT_HP_BONUS","is_daily":false,"chose_seed":false,"campfire_upgraded":3,"win_rate":0.0,"timestamp":1609476481,"path_taken":["M","?","$","?","$","R","E","R","T","E","M","M","?","?","R","BOSS","M","?","?","?","?","R","E","?","T","?","R","?","$","M","R","BOSS","M","?","$","?","M","R","M","E","T","?","?","R","M","M"],"items_purchased_type":["Relic","Card","Card","Card","Card","Card","Card"],"build_version":"2020-12-22","purchased_purges":0,"victory":false,"max_hp_per_floor":[84,84,84,84,84,84,84,84,84,84,84,84,84,84,84,84,84,84,84,84,84,84,84,84,84,84,84,84,84,84,84,84,84,84,84,84,84,84,84,84,84,84,84,84,84,84,84,84,84],"card_choices":[{"not_picked":["theMarked:Parry","theMarked:KeepCalmAndFightOn"],"picked":"theMarked:BanishingWave","floor":1},{"not_picked":["theMarked:MaelstromOfLightning","theMarked:BanishingWave"],"picked":"theMarked:BanishingStrike","floor":7},{"not_picked":["theMarked:EmpowerWeapon","theMarked:StartUp"],"picked":"theMarked:MysticalArsenal","floor":10},{"not_picked":["theMarked:SwordAndMagic","theMarked:TwofoldDefense"],"picked":"theMarked:SelfDefenseTraining","floor":11},{"not_picked":["theMarked:WastefulDefense","theMarked:Static"],"picked":"theMarked:SelfDefenseTraining","floor":12},{"not_picked":["theMarked:RepellingDischarge","theMarked:ChainLightning"],"picked":"theMarked:Electrocute","floor":13},{"not_picked":["theMarked:WardOff","theMarked:WastefulAttack"],"picked":"theMarked:HeightenedSenses","floor":14},{"not_picked":["theMarked:Vacuum","theMarked:SummonStrength"],"picked":"theMarked:ThrowWeapon","floor":16},{"not_picked":["theMarked:Parry","theMarked:ElectricStrings"],"picked":"theMarked:MysticalArsenal","floor":18},{"not_picked":["theMarked:Opportunist+1","theMarked:LightningStrikesTwice"],"picked":"theMarked:BanishingWave+1","floor":21},{"not_picked":["theMarked:WastefulDefense+1","theMarked:Panic"],"picked":"theMarked:Aftermath","floor":24},{"not_picked":["theMarked:Overthink+1","theMarked:WardOff"],"picked":"theMarked:Improvise","floor":29},{"not_picked":["theMarked:Indomitable","theMarked:ResourceFulStrike"],"picked":"theMarked:KeepCalmAndFightOn+1","floor":31},{"not_picked":["theMarked:SummonStrength+1","theMarked:Defy"],"picked":"theMarked:MagicAdept+1","floor":33},{"not_picked":["theMarked:ContemptForTheProud","theMarked:ResourceFulStrike"],"picked":"theMarked:DeterminationOfTheMarked+1","floor":35},{"not_picked":["theMarked:LightningStrikesTwice","theMarked:ChainLightning"],"picked":"theMarked:EnhancedHearing+1","floor":39},{"not_picked":["theMarked:ResourceFulStrike+1","theMarked:WastefulDefense"],"picked":"theMarked:EmpowerWeapon+1","floor":41},{"not_picked":["theMarked:Parry","theMarked:WardOff"],"picked":"theMarked:RogueSparks+1","floor":42},{"not_picked":["theMarked:RepellingDischarge+1","theMarked:ElectricStrings+1"],"picked":"theMarked:ResourceFulStrike+1","floor":44},{"not_picked":["theMarked:Overthink+1","theMarked:RogueSparks+1"],"picked":"theMarked:Generate+1","floor":47}],"player_experience":61451,"relics_obtained":[{"floor":7,"key":"hubris:Zylophone"},{"floor":9,"key":"PreservedInsect"},{"floor":10,"key":"Bag of Marbles"},{"floor":24,"key":"Blood Vial"},{"floor":25,"key":"Necronomicon"},{"floor":26,"key":"Frozen Egg 2"},{"floor":27,"key":"hubris:TenFootPole"},{"floor":42,"key":"MealTicket"},{"floor":43,"key":"Happy Flower"},{"floor":43,"key":"Ice Cream"}],"event_choices":[{"damage_healed":0,"gold_gain":0,"player_choice":"Ignored","damage_taken":0,"max_hp_gain":0,"max_hp_loss":0,"event_name":"WeMeetAgain","floor":4,"gold_loss":0},{"damage_healed":0,"gold_gain":0,"player_choice":"Inject Mutagens","damage_taken":0,"relics_obtained":["MutagenicStrength"],"max_hp_gain":0,"max_hp_loss":0,"event_name":"Drug Dealer","floor":19,"gold_loss":0},{"damage_healed":0,"gold_gain":100,"player_choice":"Pray","damage_taken":0,"max_hp_gain":0,"max_hp_loss":0,"event_name":"Golden Shrine","floor":20,"gold_loss":0},{"damage_healed":0,"gold_gain":0,"player_choice":"Obtained Book","damage_taken":16,"max_hp_gain":0,"max_hp_loss":0,"event_name":"Cursed Tome","floor":25,"gold_loss":0},{"cards_removed":["Slimebound:Tackle"],"damage_healed":0,"gold_gain":0,"player_choice":"Took Card","damage_taken":0,"max_hp_gain":0,"max_hp_loss":0,"event_name":"NoteForYourself","floor":38,"gold_loss":0,"cards_obtained":["Strike_B"]},{"damage_healed":0,"gold_gain":0,"player_choice":"Paid","damage_taken":0,"relics_obtained":["Red Mask"],"max_hp_gain":0,"max_hp_loss":0,"event_name":"Tomb of Lord Red Mask","floor":45,"gold_loss":116}],"is_beta":false,"boss_relics":[{"not_picked":["Astrolabe","theMarked:SpiritSword"],"picked":"hubris:RunicObelisk"},{"not_picked":["hubris:ScarierMask","Runic Dome"],"picked":"hubris:GrandSneckoEye"}],"items_purged_floors":[],"is_endless":false,"potions_floor_spawned":[7,12,16,31,33,39,42,47],"killed_by":"Maw","ascension_level":0}}