{"host":"os9owiyb0rak6c8n","time":1609529340,"event":{"mods":["AchievementEnabler","BaseMod","Beaked The Cultist","Better Third Choice","Block Reminder","Colored Map","Colored Powertips","Dio Mod","Minty Spire (QoL Compilation)","Robot Space Explorer","Spicy Shops","StSLib","The Death Knight","The Dragon Tamer"],"gold_per_floor":[111,127,127,139,214,214,233,233,260,63,79,93,114,134,134,229,229,242,242,242,261,311,343,343,374,374,374,393,468,34,59,59,155,155,172,52,52,52,65,65,65,65,65],"floor_reached":41,"playtime":1813,"items_purged":[],"score":539,"play_id":"768987ba-1e92-46fe-8396-a48b5d353eb4","local_time":"20210101202900","is_ascension_mode":false,"metric_token":915,"campfire_choices":[{"data":"DTMod:HeatWave","floor":6,"key":"SMITH"},{"floor":15,"key":"REST"},{"floor":24,"key":"REST"},{"data":"DTMod:LightShield","floor":27,"key":"SMITH"},{"floor":32,"key":"REST"},{"data":"DTMod:Harmonize","floor":40,"key":"SMITH"}],"dtmod_dragon_data":[0,50,2,2,12,4],"circlet_count":0,"master_deck":["DTMod:Strike","DTMod:Strike","DTMod:Strike","DTMod:Strike","DTMod:DoubleHit","DTMod:TargetDefense","DTMod:TargetDefense","DTMod:TargetDefense","DTMod:TargetDefense","DTMod:SwitchingTactic","DTMod:CalculatedDefense","DTMod:HeatWave+1","Apotheosis+1","DTMod:BlazingStrike","DTMod:GearUp+1","The Bomb","DTMod:DragonDance","DTMod:ComboAttack","DTMod:LightShield+1","DTMod:FlameSlash","DTMod:BurningForce","DTMod:DeepFocus","DTMod:Harmonize+1","DTMod:Training+1"],"relics":["DTMod:MagicStone","Tiny Chest","Odd Mushroom","beaked:SacredNecklace","Potion Belt","Eternal Feather","Peace Pipe","InkBottle","DTMod:AncientBone","Incense Burner","DeathKnight:PutricidesVial","Smiling Mask","Ornamental Fan"],"acts_visited":["Exordium","TheCity","TheBeyond"],"potions_floor_usage":[13,14,28,31,31,33,33],"damage_taken":[{"damage":0,"enemies":"Cultist","floor":1,"turns":4},{"damage":0,"enemies":"Small Slimes","floor":2,"turns":4},{"damage":0,"enemies":"2 Louse","floor":4,"turns":2},{"damage":0,"enemies":"2 Fungi Beasts","floor":7,"turns":4},{"damage":0,"enemies":"Lots of Slimes","floor":11,"turns":6},{"damage":0,"enemies":"Exordium Thugs","floor":12,"turns":3},{"damage":0,"enemies":"The Mushroom Lair","floor":13,"turns":3},{"damage":1,"enemies":"Gremlin Gang","floor":14,"turns":4},{"damage":1,"enemies":"Hexaghost","floor":16,"turns":9},{"damage":0,"enemies":"Chosen","floor":18,"turns":6},{"damage":0,"enemies":"Spheric Guardian","floor":21,"turns":5},{"damage":32,"enemies":"Gremlin Leader","floor":23,"turns":5},{"damage":0,"enemies":"Book of Stabbing","floor":25,"turns":8},{"damage":0,"enemies":"Shelled Parasite and Fungi","floor":28,"turns":7},{"damage":0,"enemies":"Gremlin Leader","floor":31,"turns":5},{"damage":0,"enemies":"Collector","floor":33,"turns":11},{"damage":0,"enemies":"Orb Walker","floor":35,"turns":4},{"damage":0,"enemies":"3 Shapes","floor":39,"turns":3},{"damage":31,"enemies":"Giant Head","floor":41,"turns":12}],"seed_played":"-2177824024037151028","potions_obtained":[{"floor":1,"key":"SteroidPotion"},{"floor":2,"key":"Energy Potion"},{"floor":12,"key":"Regen Potion"},{"floor":16,"key":"Strength Potion"},{"floor":18,"key":"Explosive Potion"},{"floor":25,"key":"Block Potion"},{"floor":31,"key":"Strength Potion"}],"is_trial":false,"path_per_floor":["M","M","?","M","?","R","M","?","T","$","M","M","?","M","R","B",null,"M","?","$","M","T","E","R","E","T","R","M","?","$","E","R","B",null,"M","?","T","$","M","R","E"],"character_chosen":"THE_DT","items_purchased":["The Bomb","DTMod:AncientBone","Incense Burner"],"campfire_rested":3,"item_purchase_floors":[10,30,30],"current_hp_per_floor":[49,49,49,49,49,49,49,49,49,49,49,49,49,48,49,48,49,49,49,49,49,49,17,43,43,43,49,49,45,45,45,49,49,49,49,49,49,49,49,49,18,18,18],"gold":65,"neow_bonus":"TEN_PERCENT_HP_BONUS","is_daily":false,"chose_seed":false,"campfire_upgraded":3,"win_rate":0.0,"timestamp":1609529340,"path_taken":["M","M","?","M","?","R","M","?","T","$","?","M","?","M","R","BOSS","M","?","$","M","?","E","R","E","T","R","?","?","$","E","R","BOSS","M","?","?","?","?","R","E"],"items_purchased_type":["Card","Relic","Relic"],"build_version":"2020-12-22","purchased_purges":0,"victory":false,"max_hp_per_floor":[49,49,49,49,49,49,49,49,49,49,49,49,49,49,49,49,49,49,49,49,49,49,49,49,49,49,49,49,49,49,49,49,49,49,49,49,49,49,49,49,49,49,49],"card_choices":[{"not_picked":["DTMod:GhostSkin","DTMod:MagicField"],"picked":"DTMod:CalculatedDefense","floor":1},{"not_picked":["DTMod:BizarreTactic","DTMod:MaximumCharge"],"picked":"DTMod:HeatWave","floor":2},{"not_picked":["DTMod:RunningTactic","DTMod:MagicField"],"picked":"DTMod:BlazingStrike","floor":4},{"not_picked":["DTMod:MagicField","DTMod:Training"],"picked":"DTMod:GearUp","floor":7},{"not_picked":["DTMod:WarmUp","DTMod:Threaten"],"picked":"DTMod:DragonDance","floor":11},{"not_picked":["DTMod:TauntingStrike","DTMod:BurningEnergy","DTMod:Punisher"],"picked":"SKIP","floor":12},{"not_picked":["DTMod:BlazingStrike","DTMod:Feint"],"picked":"DTMod:ComboAttack","floor":14},{"not_picked":["DTMod:Safeguard","DTMod:Outburst"],"picked":"DTMod:LightShield","floor":16},{"not_picked":["DTMod:CleansingStrike+1","DTMod:BlazingStrike","DTMod:BreakAttack"],"picked":"SKIP","floor":18},{"not_picked":["DTMod:Punisher","DTMod:DragonDance","DTMod:QuickFly"],"picked":"SKIP","floor":21},{"not_picked":["DTMod:Threaten+1","DTMod:CleansingStrike","DTMod:Hide"],"picked":"SKIP","floor":23},{"not_picked":["DTMod:Threaten+1","DTMod:CleansingStrike","DTMod:Hide"],"picked":"SKIP","floor":23},{"not_picked":["DTMod:StunTrap","DTMod:FlameSlash+1","DTMod:BurningEnergy"],"picked":"SKIP","floor":25},{"not_picked":["DTMod:MagicField","DTMod:MasterPlan"],"picked":"DTMod:BurningForce","floor":28},{"not_picked":["DTMod:Threaten","DTMod:Hide"],"picked":"DTMod:DeepFocus","floor":31},{"not_picked":["DTMod:ExcessFootwork","DTMod:ShadowImage"],"picked":"DTMod:Harmonize","floor":33},{"not_picked":["DTMod:BreakAttack","DTMod:Threaten+1"],"picked":"DTMod:Training+1","floor":35},{"not_picked":["DTMod:Punisher","DTMod:LowKick","DTMod:DarkBreath+1"],"picked":"SKIP","floor":39}],"player_experience":523438,"relics_obtained":[{"floor":9,"key":"Tiny Chest"},{"floor":13,"key":"Odd Mushroom"},{"floor":22,"key":"Potion Belt"},{"floor":23,"key":"Eternal Feather"},{"floor":25,"key":"Peace Pipe"},{"floor":26,"key":"InkBottle"},{"floor":31,"key":"DeathKnight:PutricidesVial"},{"floor":37,"key":"Ornamental Fan"}],"event_choices":[{"damage_healed":49,"gold_gain":0,"player_choice":"Embrace","damage_taken":0,"max_hp_gain":0,"max_hp_loss":49,"event_name":"betterThird:BetterShining","floor":3,"gold_loss":0},{"damage_healed":0,"gold_gain":75,"player_choice":"Gained Gold","damage_taken":0,"max_hp_gain":0,"max_hp_loss":0,"event_name":"Golden Wing","floor":5,"gold_loss":0},{"damage_healed":0,"gold_gain":0,"player_choice":"Upgraded","damage_taken":0,"max_hp_gain":0,"max_hp_loss":0,"event_name":"Upgrade Shrine","floor":8,"gold_loss":0,"cards_upgraded":["DTMod:GearUp"]},{"damage_healed":0,"gold_gain":0,"player_choice":"Fought Mushrooms","damage_taken":0,"max_hp_gain":0,"max_hp_loss":0,"event_name":"Mushrooms","floor":13,"gold_loss":0},{"damage_healed":0,"gold_gain":0,"player_choice":"Read","damage_taken":0,"max_hp_gain":0,"max_hp_loss":0,"event_name":"The Library","floor":19,"gold_loss":0,"cards_obtained":["DTMod:FlameSlash"]},{"damage_healed":0,"gold_gain":75,"player_choice":"Touch","damage_taken":4,"max_hp_gain":0,"max_hp_loss":0,"event_name":"FaceTrader","floor":29,"gold_loss":0},{"damage_healed":0,"gold_gain":0,"player_choice":"Paid Gold","damage_taken":0,"relics_obtained":["Smiling Mask"],"max_hp_gain":0,"max_hp_loss":0,"event_name":"WeMeetAgain","floor":36,"gold_loss":120}],"is_beta":false,"boss_relics":[{"not_picked":["Sozu","Runic Pyramid"],"picked":"beaked:SacredNecklace"},{"not_picked":["SlaversCollar","Tiny House"],"picked":"DTMod:MagicStone"}],"items_purged_floors":[],"is_endless":false,"potions_floor_spawned":[1,2,12,16,18,21,25,31],"killed_by":"Giant Head","ascension_level":0}}