{"host":"7sni158j623xchr2","time":1609459982,"event":{"mods":["BaseMod","Colored Map","Highlight Path","Minty Spire (QoL Compilation)","Permanent Neow","Potion Indicator Mod","Rare Cards Sparkle","Relic Sorter","Relic Stats","StSLib","everything is the same but u backflip on backflip"],"gold_per_floor":[115,12,23,42,42,42,61,96,96,96,11,29,54,65,65,160,160,178,178,192,192,207,234,234,277,354,373,29,29,57,76,76,187,187,209,209,238,247,268,268,312,325,325,325,345,345,392,425,425,425,425,425,80,115,115,115],"floor_reached":55,"playtime":2316,"items_purged":["Strike_P","Defend_P"],"score":875,"play_id":"5aaba850-0a11-4ca3-afb8-c4d37a28f1dc","local_time":"20201231181302","is_ascension_mode":true,"campfire_choices":[{"data":"Adaptation","floor":6.0,"key":"SMITH"},{"data":"Eruption","floor":10.0,"key":"SMITH"},{"data":"Tantrum","floor":15.0,"key":"SMITH"},{"floor":24,"key":"REST"},{"data":"Vault","floor":29,"key":"SMITH"},{"floor":32,"key":"REST"},{"data":"Strike_P","floor":40,"key":"PURGE"},{"data":"Strike_P","floor":46,"key":"PURGE"},{"floor":49,"key":"RECALL"},{"data":"Defend_P","floor":52,"key":"PURGE"}],"circlet_count":0,"master_deck":["Defend_P","Eruption+1","Vigilance","Vault+1","FearNoEvil","Adaptation+1","Consecrate","ThirdEye","FlurryOfBlows","CutThroughFate","ThirdEye","Meditate+1","EmptyFist","Tantrum+1","ForeignInfluence+1","Necronomicurse","Omniscience+1","SashWhip+1","SpiritShield+1","DeceiveReality+1","FollowUp","Scrawl+1","Protect+1","ThirdEye+1","JustLucky","MentalFortress+1","Wallop+1","Swivel+1","Halt+1"],"relics":["PureWater","Toy Ornithopter","Toxic Egg 2","Akabeko","SlaversCollar","CultistMask","Necronomicon","Peace Pipe","CeramicFish","Toolbox","Black Star","Meat on the Bone","Bottled Tornado","Darkstone Periapt","Calipers","Lantern","Anchor","Vajra","Oddly Smooth Stone","TungstenRod"],"acts_visited":["Exordium","TheCity","TheBeyond","TheEnding"],"potions_floor_usage":[25,41,44,55,55],"damage_taken":[{"damage":0.0,"enemies":"Cultist","floor":1.0,"turns":5.0},{"damage":3.0,"enemies":"Small Slimes","floor":3.0,"turns":2.0},{"damage":0.0,"enemies":"Jaw Worm","floor":4.0,"turns":3.0},{"damage":0.0,"enemies":"Red Slaver","floor":5.0,"turns":1.0},{"damage":0.0,"enemies":"3 Louse","floor":7.0,"turns":1.0},{"damage":8.0,"enemies":"3 Sentries","floor":8.0,"turns":5.0},{"damage":0.0,"enemies":"Looter","floor":12.0,"turns":2.0},{"damage":0.0,"enemies":"Gremlin Nob","floor":13.0,"turns":2.0},{"damage":0.0,"enemies":"Large Slime","floor":14.0,"turns":3.0},{"damage":0.0,"enemies":"Slime Boss","floor":16.0,"turns":4.0},{"damage":0.0,"enemies":"Spheric Guardian","floor":18.0,"turns":3.0},{"damage":0.0,"enemies":"3 Byrds","floor":20.0,"turns":4.0},{"damage":6.0,"enemies":"Snake Plant","floor":22.0,"turns":3.0},{"damage":44,"enemies":"Book of Stabbing","floor":23,"turns":5},{"damage":9,"enemies":"Slavers","floor":25,"turns":3},{"damage":10,"enemies":"Sentry and Sphere","floor":27,"turns":4},{"damage":7,"enemies":"Centurion and Healer","floor":30,"turns":5},{"damage":0,"enemies":"Snecko","floor":31,"turns":2},{"damage":27,"enemies":"Automaton","floor":33,"turns":8},{"damage":0,"enemies":"3 Darklings","floor":35,"turns":2},{"damage":3,"enemies":"Orb Walker","floor":37,"turns":2},{"damage":0,"enemies":"Maw","floor":39,"turns":7},{"damage":0,"enemies":"Giant Head","floor":41,"turns":6},{"damage":0,"enemies":"4 Shapes","floor":42,"turns":6},{"damage":0,"enemies":"Writhing Mass","floor":44,"turns":1},{"damage":0,"enemies":"Jaw Worm Horde","floor":45,"turns":2},{"damage":21,"enemies":"2 Orb Walkers","floor":47,"turns":4},{"damage":8,"enemies":"Nemesis","floor":48,"turns":5},{"damage":14,"enemies":"Donu and Deca","floor":50,"turns":8},{"damage":44,"enemies":"Shield and Spear","floor":54,"turns":9},{"damage":111,"enemies":"The Heart","floor":55,"turns":6}],"seed_played":"2872378190287263005","potions_obtained":[{"floor":1.0,"key":"SmokeBomb"},{"floor":7.0,"key":"Swift Potion"},{"floor":13.0,"key":"StancePotion"},{"floor":14.0,"key":"SneckoOil"},{"floor":16.0,"key":"SneckoOil"},{"floor":18.0,"key":"Regen Potion"},{"floor":20.0,"key":"Ancient Potion"},{"floor":31,"key":"SmokeBomb"},{"floor":33,"key":"Explosive Potion"},{"floor":37,"key":"FairyPotion"},{"floor":39,"key":"StancePotion"},{"floor":41,"key":"BlessingOfTheForge"},{"floor":47,"key":"AttackPotion"}],"is_trial":false,"path_per_floor":["M","$","M","M","M","R","M","E","T","R","$","M","E","M","R","B",null,"M","?","M","?","M","E","R","E","T","M","$","R","M","M","R","B",null,"M","?","M","?","M","R","E","M","T","M","M","R","?","E","R","B",null,"R","$","E","B"],"character_chosen":"WATCHER","items_purchased":["Adaptation","Consecrate","Meditate+1","AttackPotion","SpiritShield+1","Toolbox","Halt+1","Vajra","PowerPotion"],"campfire_rested":2,"item_purchase_floors":[2,2,11,11,28,28,53,53,53],"current_hp_per_floor":[51,51,48,48,48,48,48,40,40,40,40,40,50,50,50,50,72,72,72,72,56,55,11,32,28,28,18,18,18,11,11,32,5,72,72,72,69,69,69,69,72,72,72,72,72,72,51,43,43,41,72,72,72,40,0,0],"gold":115,"neow_bonus":"THREE_RARE_CARDS","is_daily":false,"chose_seed":false,"campfire_upgraded":4,"win_rate":0.0,"timestamp":1609459982,"path_taken":["M","$","M","?","M","R","M","E","T","R","$","?","E","M","R","BOSS","M","?","?","?","M","E","R","E","T","M","$","R","M","M","R","BOSS","M","?","M","?","M","R","E","M","T","M","?","R","?","E","R","BOSS","R","$","E","BOSS"],"items_purchased_type":["Card","Card","Card","Potion","Card","Relic","Card","Relic","Potion"],"build_version":"2020-12-22","purchased_purges":2,"victory":false,"max_hp_per_floor":[72,72,72,72,72,72,72,72,72,72,72,72,72,72,72,72,72,72,72,72,72,72,72,72,72,72,72,72,72,72,72,72,72,72,72,72,72,72,72,72,72,72,72,72,72,72,72,72,72,72,72,72,72,72,72,72],"relic_stats":{"Peace Pipe":3,"Darkstone Periapt":0,"counters":[31,123],"CeramicFish":108,"Necronomicon":[19],"Black Star":3,"obtain_stats":[{"Darkstone Periapt":43,"Lantern":48,"Calipers":47,"CeramicFish":25,"Vajra":53,"Oddly Smooth Stone":54,"Bottled Tornado":41,"Akabeko":13,"Peace Pipe":23,"SlaversCollar":17,"Anchor":48,"Toolbox":28,"CultistMask":19,"Necronomicon":21,"Black Star":34,"PureWater":0,"Toxic Egg 2":9,"Toy Ornithopter":8,"TungstenRod":54,"Meat on the Bone":41},{"Darkstone Periapt":24,"Lantern":28,"Calipers":27,"CeramicFish":15,"Vajra":29,"Oddly Smooth Stone":30,"Bottled Tornado":23,"Akabeko":8,"Peace Pipe":14,"SlaversCollar":10,"Anchor":28,"Toolbox":16,"CultistMask":11,"Necronomicon":12,"Black Star":19,"PureWater":0,"Toxic Egg 2":6,"Toy Ornithopter":6,"TungstenRod":30,"Meat on the Bone":23},{"Darkstone Periapt":88,"Lantern":100,"Calipers":95,"CeramicFish":46,"Vajra":108,"Oddly Smooth Stone":117,"Bottled Tornado":82,"Akabeko":21,"Peace Pipe":43,"SlaversCollar":28,"Anchor":100,"Toolbox":50,"CultistMask":31,"Necronomicon":35,"Black Star":65,"PureWater":0,"Toxic Egg 2":17,"Toy Ornithopter":17,"TungstenRod":117,"Meat on the Bone":82}],"Toy Ornithopter":33,"TungstenRod":15,"Meat on the Bone":24},"card_choices":[{"not_picked":["Devotion","Ragnarok"],"picked":"Vault","floor":0.0},{"not_picked":["EmptyFist","EmptyBody"],"picked":"FearNoEvil","floor":1.0},{"not_picked":["Prostrate","EmptyBody"],"picked":"ThirdEye","floor":3.0},{"not_picked":["Evaluate","ConjureBlade"],"picked":"FlurryOfBlows","floor":4.0},{"not_picked":["ForeignInfluence","BowlingBash"],"picked":"CutThroughFate","floor":7.0},{"not_picked":["FlyingSleeves","FlurryOfBlows"],"picked":"ThirdEye","floor":8.0},{"not_picked":["SandsOfTime","Prostrate+1"],"picked":"EmptyFist","floor":12.0},{"not_picked":["EmptyBody+1","Prostrate+1","Vengeance+1"],"picked":"SKIP","floor":13.0},{"not_picked":["SandsOfTime","Wish+1"],"picked":"Tantrum","floor":14.0},{"not_picked":["JustLucky","Protect+1"],"picked":"ForeignInfluence+1","floor":18.0},{"not_picked":["FlurryOfBlows","Prostrate+1","CrushJoints"],"picked":"SKIP","floor":20.0},{"not_picked":["Adaptation+1","Consecrate+1","Conclude"],"picked":"SKIP","floor":22.0},{"not_picked":["ForeignInfluence+1","Sanctity+1"],"picked":"Omniscience+1","floor":23},{"not_picked":["WheelKick","Wireheading"],"picked":"SashWhip+1","floor":25},{"not_picked":["SashWhip","Collect+1","CutThroughFate"],"picked":"SKIP","floor":27},{"not_picked":["JustLucky","SashWhip+1"],"picked":"DeceiveReality+1","floor":30},{"not_picked":["LikeWater","Crescendo+1"],"picked":"FollowUp","floor":31},{"not_picked":["SpiritShield+1","Blasphemy+1"],"picked":"Scrawl+1","floor":33},{"not_picked":["SignatureMove","Perseverance+1"],"picked":"Protect+1","floor":35},{"not_picked":["Swivel+1","ForeignInfluence+1"],"picked":"ThirdEye+1","floor":37},{"not_picked":["BowlingBash","WaveOfTheHand+1"],"picked":"MentalFortress+1","floor":39},{"not_picked":["DeceiveReality+1","Judgement+1"],"picked":"Wallop+1","floor":41},{"not_picked":["Consecrate+1","JustLucky+1","Crescendo+1"],"picked":"SKIP","floor":42},{"not_picked":["PathToVictory+1","Pray+1"],"picked":"Swivel+1","floor":45},{"not_picked":["LessonLearned","CarveReality","BowlingBash+1"],"picked":"SKIP","floor":48},{"not_picked":["JustLucky","Collect+1","Indignation+1"],"picked":"SKIP","floor":54}],"player_experience":1562746,"relics_obtained":[{"floor":8.0,"key":"Toy Ornithopter"},{"floor":9.0,"key":"Toxic Egg 2"},{"floor":13.0,"key":"Akabeko"},{"floor":21.0,"key":"Necronomicon"},{"floor":23,"key":"Peace Pipe"},{"floor":25,"key":"CeramicFish"},{"floor":41,"key":"Meat on the Bone"},{"floor":41,"key":"Bottled Tornado"},{"floor":43,"key":"Darkstone Periapt"},{"floor":47,"key":"Calipers"},{"floor":48,"key":"Lantern"},{"floor":48,"key":"Anchor"},{"floor":54,"key":"Oddly Smooth Stone"},{"floor":54,"key":"TungstenRod"}],"event_choices":[{"damage_healed":0.0,"max_hp_gain":0.0,"max_hp_loss":0.0,"gold_gain":0.0,"event_name":"FaceTrader","player_choice":"Trade","floor":19.0,"gold_loss":0.0,"damage_taken":0.0,"relics_obtained":["CultistMask"]},{"damage_healed":0.0,"max_hp_gain":0.0,"max_hp_loss":0.0,"gold_gain":0.0,"event_name":"Cursed Tome","player_choice":"Obtained Book","floor":21.0,"gold_loss":0.0,"damage_taken":16.0},{"cards_removed":["Strike_P"],"damage_healed":0,"gold_gain":0,"player_choice":"Removed Attack","damage_taken":0,"max_hp_gain":0,"max_hp_loss":0,"event_name":"Falling","floor":36,"gold_loss":0},{"damage_healed":0,"gold_gain":0,"cards_transformed":["Defend_P"],"player_choice":"Transformed","damage_taken":0,"max_hp_gain":0,"max_hp_loss":0,"event_name":"Transmorgrifier","floor":38,"gold_loss":0,"cards_obtained":["JustLucky"]},{"damage_healed":0,"gold_gain":0,"player_choice":"Fight","damage_taken":0,"max_hp_gain":0,"max_hp_loss":0,"event_name":"Mysterious Sphere","floor":47,"gold_loss":0}],"is_beta":false,"boss_relics":[{"not_picked":["Sozu","Philosopher\u0027s Stone"],"picked":"SlaversCollar"},{"not_picked":["Cursed Key","Tiny House"],"picked":"Black Star"}],"items_purged_floors":[28,53],"is_endless":false,"potions_floor_spawned":[1,7,13,14,16,18,20,31,33,37,39,41,42,47],"killed_by":"The Heart","ascension_level":1}}