{"host":"dpbezu80jg8zk7un","time":1609531066,"event":{"mods":["BaseMod","Colored Map","Colored Powertips","Custom Start","DeckTracker","Minty Spire (QoL Compilation)","Quick Restart","StSLib","SuperFastMode"],"gold_per_floor":[160,171,181,194,205,205,238,248,275,291,3,3,21,34,34,108,108,119,169,169,186,186,215,215,248,248,267,182,199,68,81,81,81,81],"floor_reached":33,"playtime":907,"items_purged":["Strike_P"],"score":686,"play_id":"b1943f92-9b85-40bf-9d03-aa08961cb610","local_time":"20210102045746","is_ascension_mode":true,"campfire_choices":[{"data":"Eruption","floor":6.0,"key":"SMITH"},{"floor":12.0,"key":"REST"},{"data":"CrushJoints","floor":15.0,"key":"SMITH"},{"floor":24.0,"key":"REST"},{"data":"Vault","floor":32,"key":"SMITH"}],"circlet_count":0,"master_deck":["AscendersBane","Strike_P","Strike_P","Defend_P","Defend_P+1","Eruption+1","Vigilance","Consecrate","FlyingSleeves","CrushJoints+1","WheelKick","FlurryOfBlows","InnerPeace","Vault+1","FollowUp+1","FearNoEvil","Tantrum"],"relics":["Tiny House","TeardropLocket","Blood Vial","Toy Ornithopter","Empty Cage","InkBottle","Orichalcum","Nunchaku","The Courier","Tiny Chest","Lee\u0027s Waffle"],"acts_visited":["Exordium","TheCity"],"potions_floor_usage":[29,33],"damage_taken":[{"damage":0.0,"enemies":"Cultist","floor":1.0,"turns":4.0},{"damage":0.0,"enemies":"Small Slimes","floor":2.0,"turns":2.0},{"damage":2.0,"enemies":"Jaw Worm","floor":3.0,"turns":4.0},{"damage":3.0,"enemies":"Blue Slaver","floor":4.0,"turns":4.0},{"damage":10.0,"enemies":"Large Slime","floor":5.0,"turns":4.0},{"damage":42.0,"enemies":"Lagavulin","floor":7.0,"turns":8.0},{"damage":2.0,"enemies":"3 Louse","floor":8.0,"turns":3.0},{"damage":3.0,"enemies":"Looter","floor":10.0,"turns":3.0},{"damage":4.0,"enemies":"2 Fungi Beasts","floor":13.0,"turns":3.0},{"damage":0.0,"enemies":"3 Louse","floor":14.0,"turns":2.0},{"damage":0.0,"enemies":"Slime Boss","floor":16.0,"turns":5.0},{"damage":9.0,"enemies":"2 Thieves","floor":18.0,"turns":3.0},{"damage":0.0,"enemies":"Chosen","floor":21.0,"turns":2.0},{"damage":38.0,"enemies":"Gremlin Leader","floor":23.0,"turns":6.0},{"damage":21.0,"enemies":"Book of Stabbing","floor":25.0,"turns":4.0},{"damage":8.0,"enemies":"Shelled Parasite and Fungi","floor":27.0,"turns":3.0},{"damage":0,"enemies":"Snecko","floor":29,"turns":3},{"damage":0,"enemies":"Sentry and Sphere","floor":31,"turns":3},{"damage":88,"enemies":"Champ","floor":33,"turns":7}],"seed_played":"-6125497055535294776","potions_obtained":[{"floor":0.0,"key":"FearPotion"},{"floor":1.0,"key":"EssenceOfSteel"},{"floor":3.0,"key":"Weak Potion"},{"floor":16.0,"key":"Ancient Potion"},{"floor":18.0,"key":"Regen Potion"},{"floor":25.0,"key":"GamblersBrew"},{"floor":29,"key":"Dexterity Potion"}],"is_trial":false,"path_per_floor":["M","M","M","M","M","R","E","M","T","M","$","R","M","M","R","B",null,"M","?","?","M","T","E","R","E","T","M","?","M","$","M","R","B"],"character_chosen":"WATCHER","items_purchased":["Toy Ornithopter","PowerPotion","Lee\u0027s Waffle"],"campfire_rested":2,"item_purchase_floors":[11,11,30],"current_hp_per_floor":[66,66,64,61,51,51,9,7,7,6,6,27,25,27,27,34,63,56,56,56,58,58,36,57,38,38,32,32,39,80,80,80,0,0],"gold":81,"neow_bonus":"BOSS_RELIC","is_daily":false,"chose_seed":false,"campfire_upgraded":3,"win_rate":0.0,"timestamp":1609531066,"path_taken":["M","?","M","M","M","R","E","M","T","M","$","R","M","M","R","BOSS","M","?","?","M","?","E","R","E","T","M","?","M","$","M","R","BOSS"],"items_purchased_type":["Relic","Potion","Relic"],"build_version":"2020-12-22","purchased_purges":1,"victory":false,"max_hp_per_floor":[73,73,73,73,73,73,73,73,73,73,73,73,73,73,73,73,73,73,73,73,73,73,73,73,73,73,73,73,73,80,80,80,80,80],"card_choices":[{"not_picked":["FlyingSleeves","EmptyBody"],"picked":"Consecrate","floor":0.0},{"not_picked":["ThirdEye","JustLucky","ClearTheMind"],"picked":"SKIP","floor":1.0},{"not_picked":["PathToVictory","Perseverance"],"picked":"FlyingSleeves","floor":2.0},{"not_picked":["DeceiveReality","Consecrate"],"picked":"CrushJoints","floor":3.0},{"not_picked":["EmptyFist","CrushJoints"],"picked":"WheelKick","floor":4.0},{"not_picked":["ThirdEye","CutThroughFate"],"picked":"FlurryOfBlows","floor":5.0},{"not_picked":["Consecrate","Devotion","SashWhip"],"picked":"SKIP","floor":7.0},{"not_picked":["JustLucky","ReachHeaven","CutThroughFate"],"picked":"SKIP","floor":8.0},{"not_picked":["Study","FlyingSleeves"],"picked":"InnerPeace","floor":10.0},{"not_picked":["EmptyBody","DeceiveReality","CutThroughFate"],"picked":"SKIP","floor":13.0},{"not_picked":["FlurryOfBlows","Prostrate","Consecrate"],"picked":"SKIP","floor":14.0},{"not_picked":["Wish","DevaForm"],"picked":"Vault","floor":16.0},{"not_picked":["Consecrate","SashWhip"],"picked":"FollowUp+1","floor":18.0},{"not_picked":["Crescendo","BattleHymn"],"picked":"FearNoEvil","floor":21.0},{"not_picked":["CutThroughFate","FlyingSleeves","Weave"],"picked":"SKIP","floor":23.0},{"not_picked":["Judgement","InnerPeace"],"picked":"Tantrum","floor":25.0},{"not_picked":["Consecrate","CrushJoints","WindmillStrike"],"picked":"SKIP","floor":27.0},{"not_picked":["ClearTheMind","SashWhip","WaveOfTheHand"],"picked":"SKIP","floor":29},{"not_picked":["Consecrate","FearNoEvil+1","ClearTheMind"],"picked":"SKIP","floor":31}],"player_experience":2816464,"relics_obtained":[{"floor":7.0,"key":"TeardropLocket"},{"floor":9.0,"key":"Blood Vial"},{"floor":22.0,"key":"InkBottle"},{"floor":23.0,"key":"Orichalcum"},{"floor":25.0,"key":"Nunchaku"},{"floor":26.0,"key":"The Courier"}],"event_choices":[{"damage_healed":0.0,"max_hp_gain":0.0,"max_hp_loss":0.0,"gold_gain":50.0,"event_name":"Nest","player_choice":"Stole From Cult","floor":19.0,"gold_loss":0.0,"damage_taken":0.0},{"cards_removed":["Defend_P"],"damage_healed":0.0,"max_hp_gain":0.0,"max_hp_loss":0.0,"gold_gain":0.0,"event_name":"Back to Basics","player_choice":"Elegance","floor":20.0,"gold_loss":0.0,"damage_taken":0.0},{"damage_healed":0.0,"max_hp_gain":0.0,"max_hp_loss":0.0,"gold_gain":0.0,"event_name":"Addict","player_choice":"Obtained Relic","floor":28.0,"gold_loss":85.0,"damage_taken":0.0,"relics_obtained":["Tiny Chest"]}],"is_beta":false,"boss_relics":[{"not_picked":["Calling Bell","Runic Dome"],"picked":"Empty Cage"}],"items_purged_floors":[11],"is_endless":false,"potions_floor_spawned":[1,3,4,16,18,25,29],"killed_by":"Champ","ascension_level":20}}