{"host":"2qv44oxt58ptq59r","time":1609512629,"event":{"mods":["AchievementEnabler","BaseMod","Colored Powertips","Highlight Path","Minty Spire (QoL Compilation)","Permanent Neow","StSLib"],"gold_per_floor":[113,113,113,32,43,78,90,90,167,167,132,155,1,68,68,168,168,178,178,194,15,0,30,30,50,50,50,50,50],"floor_reached":28,"playtime":5569,"items_purged":["Strike_R"],"score":257,"play_id":"e2b8847e-2191-402b-b4e5-b8938f92d0a8","local_time":"20210101145029","is_ascension_mode":false,"campfire_choices":[{"floor":8,"key":"RECALL"},{"data":"Bash","floor":10,"key":"SMITH"},{"data":"Clothesline","floor":15,"key":"SMITH"},{"floor":24,"key":"REST"},{"floor":27,"key":"REST"}],"circlet_count":0,"master_deck":["Strike_R","Defend_R","Defend_R","Defend_R","Defend_R","Bash+1","Heavy Blade","Disarm","Inflame","Clothesline+1","Feed","Demon Form","Bludgeon+1","Twin Strike+1","Dual Wield+1","Feel No Pain","Armaments","Shockwave"],"relics":["Burning Blood","Pen Nib","Odd Mushroom","Membership Card","Astrolabe","Eternal Feather","Girya","Kunai"],"acts_visited":["Exordium","TheCity"],"potions_floor_usage":[23,23],"damage_taken":[{"damage":6,"enemies":"Cultist","floor":1,"turns":3},{"damage":6,"enemies":"Jaw Worm","floor":5,"turns":4},{"damage":38,"enemies":"Gremlin Nob","floor":6,"turns":5},{"damage":0,"enemies":"2 Louse","floor":7,"turns":2},{"damage":28,"enemies":"The Mushroom Lair","floor":12,"turns":6},{"damage":60,"enemies":"The Guardian","floor":16,"turns":15},{"damage":40,"enemies":"3 Byrds","floor":18,"turns":6},{"damage":32,"enemies":"2 Thieves","floor":20,"turns":4},{"damage":50,"enemies":"Book of Stabbing","floor":23,"turns":8},{"damage":21,"enemies":"Snake Plant","floor":25,"turns":4},{"damage":74,"enemies":"Slavers","floor":28,"turns":5}],"seed_played":"4192457410908594058","potions_obtained":[{"floor":16,"key":"ElixirPotion"},{"floor":18,"key":"BloodPotion"},{"floor":20,"key":"LiquidMemories"}],"is_trial":false,"path_per_floor":["M","$","?","$","M","E","M","R","T","R","?","?","$","?","R","B",null,"M","?","M","$","?","E","R","M","T","R","E"],"character_chosen":"IRONCLAD","items_purchased":["Inflame","Membership Card","Eternal Feather","Armaments"],"campfire_rested":2,"item_purchase_floors":[4,13,21,21],"current_hp_per_floor":[80,80,85,85,85,53,59,59,59,59,80,61,61,61,61,10,91,60,60,34,34,34,8,45,30,30,67,0,0],"gold":50,"neow_bonus":"THREE_CARDS","is_daily":false,"chose_seed":false,"campfire_upgraded":2,"win_rate":0.0,"timestamp":1609512629,"path_taken":["M","$","?","$","M","E","M","R","T","R","?","?","?","?","R","BOSS","M","?","M","$","?","E","R","M","T","R","E"],"items_purchased_type":["Card","Relic","Relic","Card"],"build_version":"2020-12-22","purchased_purges":1,"victory":false,"max_hp_per_floor":[80,80,85,85,85,85,85,85,85,85,85,88,88,88,88,91,91,94,94,94,94,94,94,94,94,94,94,94,94],"card_choices":[{"not_picked":["True Grit","Body Slam"],"picked":"Heavy Blade","floor":0},{"not_picked":["Clash","Iron Wave"],"picked":"Disarm","floor":1},{"not_picked":["Second Wind","Flex"],"picked":"Clothesline","floor":5},{"not_picked":["Sentinel","Reckless Charge","Dual Wield"],"picked":"SKIP","floor":6},{"not_picked":["Clash","Havoc"],"picked":"Feed","floor":7},{"not_picked":["Corruption","Juggernaut"],"picked":"Demon Form","floor":16},{"not_picked":["Flex","Body Slam"],"picked":"Feel No Pain","floor":18},{"not_picked":["Iron Wave","Flex","Sentinel"],"picked":"SKIP","floor":20},{"not_picked":["Sentinel","Twin Strike","Perfected Strike"],"picked":"SKIP","floor":23},{"not_picked":["Shrug It Off","Iron Wave"],"picked":"Shockwave","floor":25}],"player_experience":5130817,"relics_obtained":[{"floor":6,"key":"Pen Nib"},{"floor":12,"key":"Odd Mushroom"},{"floor":23,"key":"Girya"},{"floor":26,"key":"Kunai"}],"event_choices":[{"damage_healed":0,"gold_gain":0,"player_choice":"Donut","damage_taken":0,"max_hp_gain":5,"max_hp_loss":0,"event_name":"Big Fish","floor":3,"gold_loss":0},{"damage_healed":21,"gold_gain":0,"player_choice":"Healed","damage_taken":0,"max_hp_gain":0,"max_hp_loss":0,"event_name":"The Cleric","floor":11,"gold_loss":35},{"damage_healed":0,"gold_gain":0,"player_choice":"Fought Mushrooms","damage_taken":0,"max_hp_gain":0,"max_hp_loss":0,"event_name":"Mushrooms","floor":12,"gold_loss":0},{"damage_healed":0,"gold_gain":67,"player_choice":"Gained Gold","damage_taken":0,"max_hp_gain":0,"max_hp_loss":0,"event_name":"Golden Wing","floor":14,"gold_loss":0},{"damage_healed":0,"gold_gain":0,"player_choice":"Ignored","damage_taken":0,"max_hp_gain":0,"max_hp_loss":0,"event_name":"Beggar","floor":19,"gold_loss":0},{"damage_healed":0,"gold_gain":0,"player_choice":"Paid Fearfully","damage_taken":0,"max_hp_gain":0,"max_hp_loss":0,"event_name":"Masked Bandits","floor":22,"gold_loss":15}],"is_beta":false,"boss_relics":[{"not_picked":["Philosopher\u0027s Stone","Velvet Choker"],"picked":"Astrolabe"}],"items_purged_floors":[21],"is_endless":false,"potions_floor_spawned":[16,18,20],"killed_by":"Slavers","ascension_level":0}}