{"host":"p7j7o00jacnw7qzt","time":1609482347,"event":{"mods":["BaseMod","Colored Map","Colored Powertips","DeckTracker","Highlight Path","Minty Spire (QoL Compilation)","Relic Stats"],"gold_per_floor":[113,38,88,104,119,119,119,119,174,201,218,244,4,29,29,103,103,123,137,137,150,200,231,231,263,332,348,348,206,106,21,21,93,93,109,121,121,121,121],"floor_reached":38,"playtime":1437,"items_purged":["Strike_G","Strike_G","Strike_G"],"score":1210,"play_id":"051483bd-5b27-48ac-8cd9-d6b6308117a5","local_time":"20210101012547","is_ascension_mode":true,"campfire_choices":[{"data":"Blade Dance","floor":6.0,"key":"SMITH"},{"data":"Accuracy","floor":8.0,"key":"SMITH"},{"data":"Acrobatics","floor":15.0,"key":"SMITH"},{"data":"Blade Dance","floor":24.0,"key":"SMITH"},{"floor":28.0,"key":"RECALL"},{"data":"Reflex","floor":32.0,"key":"SMITH"}],"circlet_count":0,"master_deck":["AscendersBane","Defend_G","Defend_G","Defend_G","Defend_G","Survivor","Neutralize+1","Accuracy+1","Acrobatics+1","Blade Dance+1","Concentrate+1","Backflip+1","Reflex+1","Malaise","Infinite Blades+1","Noxious Fumes+1","Heel Hook+1"],"relics":["Ring of the Snake","NeowsBlessing","Toy Ornithopter","Nunchaku","Whetstone","Bag of Preparation","FossilizedHelix","Runic Dome","Nilry\u0027s Codex","Orichalcum","Meat on the Bone","The Courier","Blood Vial","Astrolabe"],"acts_visited":["Exordium","TheCity","TheBeyond"],"potions_floor_usage":[],"damage_taken":[{"damage":0.0,"enemies":"Cultist","floor":1.0,"turns":1.0},{"damage":0.0,"enemies":"Jaw Worm","floor":4.0,"turns":1.0},{"damage":0.0,"enemies":"Small Slimes","floor":5.0,"turns":1.0},{"damage":10.0,"enemies":"3 Sentries","floor":10.0,"turns":8.0},{"damage":2.0,"enemies":"Exordium Wildlife","floor":11.0,"turns":3.0},{"damage":2.0,"enemies":"Lagavulin","floor":12.0,"turns":5.0},{"damage":0.0,"enemies":"3 Sentries","floor":14.0,"turns":7.0},{"damage":0.0,"enemies":"Hexaghost","floor":16.0,"turns":8.0},{"damage":1.0,"enemies":"2 Thieves","floor":18.0,"turns":4.0},{"damage":0.0,"enemies":"Chosen","floor":19.0,"turns":3.0},{"damage":0.0,"enemies":"Centurion and Healer","floor":21.0,"turns":5.0},{"damage":4.0,"enemies":"Book of Stabbing","floor":23.0,"turns":6.0},{"damage":0.0,"enemies":"Gremlin Leader","floor":25.0,"turns":4.0},{"damage":1.0,"enemies":"Shelled Parasite and Fungi","floor":27.0,"turns":3.0},{"damage":0.0,"enemies":"Collector","floor":33.0,"turns":4.0},{"damage":0.0,"enemies":"Orb Walker","floor":35.0,"turns":3.0},{"damage":0.0,"enemies":"3 Darklings","floor":36.0,"turns":3.0},{"damage":0,"enemies":"Writhing Mass","floor":38,"turns":1}],"seed_played":"2207892413017427892","potions_obtained":[{"floor":1.0,"key":"SteroidPotion"},{"floor":5.0,"key":"BlessingOfTheForge"},{"floor":25.0,"key":"Fruit Juice"},{"floor":27.0,"key":"SpeedPotion"},{"floor":33.0,"key":"Weak Potion"},{"floor":35.0,"key":"CultistPotion"}],"is_trial":false,"path_per_floor":["M","?","?","M","M","R","?","R","T","E","M","E","$","E","R","B",null,"M","M","?","M","?","E","R","E","T","M","R","$","$","?","R","B",null,"M","M","?","M"],"character_chosen":"THE_SILENT","items_purchased":["Bag of Preparation","Reflex"],"campfire_rested":0,"item_purchase_floors":[13,29],"current_hp_per_floor":[59,59,59,59,59,59,59,59,59,49,47,50,50,50,50,55,63,62,62,41,41,41,37,37,37,37,36,36,36,36,36,36,38,59,71,71,71,71,71],"gold":121,"neow_bonus":"THREE_ENEMY_KILL","is_daily":false,"chose_seed":false,"campfire_upgraded":5,"win_rate":0.0,"timestamp":1609482347,"path_taken":["M","?","?","M","?","R","?","R","T","E","M","E","$","E","R","BOSS","M","M","?","M","?","E","R","E","T","M","R","?","$","?","R","BOSS","M","M","?","M"],"items_purchased_type":["Relic","Card"],"build_version":"2020-12-22","purchased_purges":3,"victory":false,"max_hp_per_floor":[66,66,66,66,66,66,66,66,66,66,66,66,66,66,66,66,66,66,66,66,66,66,66,66,66,66,66,66,66,66,66,66,66,66,71,71,71,71,71],"relic_stats":{"Blood Vial":4,"Nunchaku":[24],"counters":[18,70],"Astrolabe":["Infinite Blades","Noxious Fumes","Heel Hook"],"Bag of Preparation":[24],"Whetstone":["Neutralize","Strike_G"],"Orichalcum":[6],"obtain_stats":[{"NeowsBlessing":0,"Nilry\u0027s Codex":20,"Astrolabe":34,"The Courier":26,"Bag of Preparation":13,"Whetstone":12,"Orichalcum":23,"Blood Vial":31,"Runic Dome":17,"Nunchaku":10,"Toy Ornithopter":9,"FossilizedHelix":14,"Ring of the Snake":0,"Meat on the Bone":25},{"NeowsBlessing":0,"Nilry\u0027s Codex":10,"Astrolabe":15,"The Courier":13,"Bag of Preparation":6,"Whetstone":6,"Orichalcum":12,"Blood Vial":14,"Runic Dome":8,"Nunchaku":4,"Toy Ornithopter":3,"FossilizedHelix":7,"Ring of the Snake":0,"Meat on the Bone":13},{"NeowsBlessing":0,"Nilry\u0027s Codex":41,"Astrolabe":63,"The Courier":56,"Bag of Preparation":19,"Whetstone":19,"Orichalcum":52,"Blood Vial":59,"Runic Dome":34,"Nunchaku":11,"Toy Ornithopter":3,"FossilizedHelix":26,"Ring of the Snake":0,"Meat on the Bone":56}],"Toy Ornithopter":15,"Ring of the Snake":[36],"Meat on the Bone":0},"card_choices":[{"not_picked":["Leg Sweep","Tactician"],"picked":"Accuracy","floor":1.0},{"not_picked":["Deadly Poison","Bane"],"picked":"Blade Dance","floor":4.0},{"not_picked":["Accuracy","Dagger Throw"],"picked":"Acrobatics","floor":5.0},{"not_picked":["Backflip","Setup","Distraction"],"picked":"SKIP","floor":10.0},{"not_picked":["Bane","Infinite Blades","Dodge and Roll"],"picked":"SKIP","floor":11.0},{"not_picked":["Deflect","Outmaneuver","PiercingWail"],"picked":"SKIP","floor":12.0},{"not_picked":["Setup","Flying Knee"],"picked":"Blade Dance","floor":14.0},{"not_picked":["Bane","Dagger Throw"],"picked":"Concentrate+1","floor":18.0},{"not_picked":["Dagger Throw+1","Sucker Punch","Heel Hook"],"picked":"SKIP","floor":19.0},{"not_picked":["Dagger Throw+1","Sucker Punch","Heel Hook"],"picked":"SKIP","floor":19.0},{"not_picked":["Dagger Throw","Prepared"],"picked":"Backflip+1","floor":21.0},{"not_picked":["Noxious Fumes","Setup+1","All Out Attack"],"picked":"SKIP","floor":23.0},{"not_picked":["Die Die Die","PiercingWail","Dagger Spray"],"picked":"SKIP","floor":25.0},{"not_picked":["Deflect","Underhanded Strike","Corpse Explosion"],"picked":"SKIP","floor":27.0},{"not_picked":["Phantasmal Killer","Storm of Steel"],"picked":"Malaise","floor":33.0},{"not_picked":["Slice","Dagger Spray","Quick Slash"],"picked":"SKIP","floor":35.0},{"not_picked":["Masterful Stab","Dash+1","Skewer"],"picked":"SKIP","floor":36.0}],"player_experience":900127,"relics_obtained":[{"floor":9.0,"key":"Toy Ornithopter"},{"floor":10.0,"key":"Nunchaku"},{"floor":12.0,"key":"Whetstone"},{"floor":14.0,"key":"FossilizedHelix"},{"floor":20.0,"key":"Nilry\u0027s Codex"},{"floor":23.0,"key":"Orichalcum"},{"floor":25.0,"key":"Meat on the Bone"},{"floor":26.0,"key":"The Courier"}],"event_choices":[{"cards_removed":["Strike_G"],"damage_healed":0.0,"max_hp_gain":0.0,"max_hp_loss":0.0,"gold_gain":0.0,"event_name":"The Cleric","player_choice":"Card Removal","floor":2.0,"gold_loss":75.0,"damage_taken":0.0},{"damage_healed":0.0,"max_hp_gain":0.0,"max_hp_loss":0.0,"gold_gain":50.0,"event_name":"Golden Shrine","player_choice":"Pray","floor":3.0,"gold_loss":0.0,"damage_taken":0.0},{"damage_healed":0.0,"max_hp_gain":0.0,"max_hp_loss":0.0,"gold_gain":0.0,"event_name":"Shining Light","player_choice":"Ignored","floor":7.0,"gold_loss":0.0,"damage_taken":0.0},{"damage_healed":0.0,"max_hp_gain":0.0,"max_hp_loss":0.0,"gold_gain":0.0,"event_name":"Cursed Tome","player_choice":"Obtained Book","floor":20.0,"gold_loss":0.0,"damage_taken":21.0},{"damage_healed":0.0,"max_hp_gain":0.0,"max_hp_loss":0.0,"gold_gain":50.0,"event_name":"Nest","player_choice":"Stole From Cult","floor":22.0,"gold_loss":0.0,"damage_taken":0.0},{"damage_healed":0.0,"max_hp_gain":0.0,"max_hp_loss":0.0,"gold_gain":0.0,"event_name":"Addict","player_choice":"Obtained Relic","floor":31.0,"gold_loss":85.0,"damage_taken":0.0,"relics_obtained":["Blood Vial"]},{"damage_healed":0.0,"max_hp_gain":0.0,"max_hp_loss":0.0,"gold_gain":0.0,"event_name":"Tomb of Lord Red Mask","player_choice":"Ignored","floor":37.0,"gold_loss":0.0,"damage_taken":0.0}],"is_beta":false,"boss_relics":[{"not_picked":["HoveringKite","SlaversCollar"],"picked":"Runic Dome"},{"not_picked":["Snecko Eye","Busted Crown"],"picked":"Astrolabe"}],"items_purged_floors":[13,29,30],"is_endless":false,"potions_floor_spawned":[1,5,10,11,25,27,33,35],"killed_by":"Writhing Mass","ascension_level":20}}