{"host":"2se5dq1do2gp0x9k","time":1609471642,"event":{"mods":["AchievementEnabler","BaseMod","Block Reminder","Colored Map","Colored Powertips","Minty Spire (QoL Compilation)","Relic Stats","StSLib","SuperFastMode"],"gold_per_floor":[111,2,2,13,13,23,23,78,101,136,147,182,182,202,202,277,277,177,177],"floor_reached":18,"playtime":544,"items_purged":[],"score":340,"play_id":"a320325d-b526-4953-beb3-06f6819b6efb","local_time":"20201231192722","is_ascension_mode":true,"campfire_choices":[{"data":"Sunder","floor":7.0,"key":"SMITH"},{"floor":13.0,"key":"REST"},{"data":"Hologram","floor":15.0,"key":"SMITH"}],"circlet_count":0,"master_deck":["AscendersBane","Strike_B+1","Strike_B+1","Strike_B","Defend_B","Defend_B","Defend_B","Defend_B","Zap","Dualcast","Chaos","Hologram","Barrage","Rebound","Sunder+1","Hologram+1","Undo","Self Repair","Coolheaded","Biased Cognition"],"relics":["Cracked Core","NeowsBlessing","Whetstone","Juzu Bracelet","Lizard Tail","MealTicket","SlaversCollar"],"acts_visited":["Exordium","TheCity"],"potions_floor_usage":[16],"damage_taken":[{"damage":0.0,"enemies":"Cultist","floor":1.0,"turns":1.0},{"damage":0.0,"enemies":"2 Louse","floor":4.0,"turns":1.0},{"damage":0.0,"enemies":"Jaw Worm","floor":6.0,"turns":1.0},{"damage":20.0,"enemies":"Lagavulin","floor":10.0,"turns":5.0},{"damage":24.0,"enemies":"Exordium Thugs","floor":11.0,"turns":4.0},{"damage":10.0,"enemies":"3 Sentries","floor":12.0,"turns":7.0},{"damage":0.0,"enemies":"Large Slime","floor":14.0,"turns":2.0},{"damage":30,"enemies":"The Guardian","floor":16,"turns":16},{"damage":29,"enemies":"2 Thieves","floor":18,"turns":4}],"seed_played":"-5701634132378481669","potions_obtained":[{"floor":10.0,"key":"DuplicationPotion"},{"floor":11.0,"key":"Swift Potion"},{"floor":12.0,"key":"DistilledChaos"}],"is_trial":false,"path_per_floor":["M","$","?","M","$","M","R","T","T","E","M","E","R","M","R","B",null,"M"],"character_chosen":"DEFECT","items_purchased":["Hologram","Barrage"],"campfire_rested":1,"item_purchase_floors":[2,2],"current_hp_per_floor":[64,64,57,57,57,57,57,57,57,37,13,3,24,24,24,38,63,34,34],"gold":177,"neow_bonus":"THREE_ENEMY_KILL","is_daily":false,"chose_seed":false,"campfire_upgraded":2,"win_rate":0.0,"timestamp":1609471642,"path_taken":["M","?","?","?","$","M","R","?","T","E","M","E","R","M","R","BOSS","M"],"items_purchased_type":["Card","Card"],"build_version":"2020-12-22","purchased_purges":0,"victory":false,"max_hp_per_floor":[71,71,71,71,71,71,71,71,71,71,71,71,71,71,71,71,71,71,71],"relic_stats":{"Lizard Tail":35,"counters":[9,41],"MealTicket":0,"Juzu Bracelet":0,"Whetstone":["Strike_B","Strike_B"],"obtain_stats":[{"SlaversCollar":17,"Lizard Tail":10,"NeowsBlessing":0,"MealTicket":12,"Juzu Bracelet":9,"Whetstone":8,"Cracked Core":0},{"SlaversCollar":8,"Lizard Tail":4,"NeowsBlessing":0,"MealTicket":6,"Juzu Bracelet":3,"Whetstone":3,"Cracked Core":0},{"SlaversCollar":37,"Lizard Tail":8,"NeowsBlessing":0,"MealTicket":19,"Juzu Bracelet":3,"Whetstone":3,"Cracked Core":0}]},"card_choices":[{"not_picked":["Turbo","Beam Cell"],"picked":"Chaos","floor":1.0},{"not_picked":["Barrage","Skim"],"picked":"Rebound","floor":4.0},{"not_picked":["Blizzard","Conserve Battery"],"picked":"Sunder","floor":6.0},{"not_picked":["Stack","Streamline"],"picked":"Hologram","floor":10.0},{"not_picked":["Steam","Tempest"],"picked":"Undo","floor":11.0},{"not_picked":["Thunder Strike","Leap"],"picked":"Self Repair","floor":12.0},{"not_picked":["Barrage","Conserve Battery"],"picked":"Coolheaded","floor":14.0},{"not_picked":["Meteor Strike","Buffer"],"picked":"Biased Cognition","floor":16}],"player_experience":3680128,"relics_obtained":[{"floor":8.0,"key":"Whetstone"},{"floor":9.0,"key":"Juzu Bracelet"},{"floor":10.0,"key":"Lizard Tail"},{"floor":12.0,"key":"MealTicket"}],"event_choices":[{"cards_removed":["Strike_B"],"damage_healed":0.0,"max_hp_gain":0.0,"max_hp_loss":0.0,"gold_gain":0.0,"event_name":"Golden Wing","player_choice":"Card Removal","floor":3.0,"gold_loss":0.0,"damage_taken":7.0}],"is_beta":false,"boss_relics":[{"not_picked":["Astrolabe","Coffee Dripper"],"picked":"SlaversCollar"}],"items_purged_floors":[],"is_endless":false,"potions_floor_spawned":[10,11,12],"killed_by":"2 Thieves","ascension_level":20}}