{"host":"zit9o0ax6c2l3y2b","time":1609471671,"event":{"mods":["Aspiration","BaseMod","Colored Map","Conspire","Downfall","Glutton Mod","Hermit","Hubris","Infinite Spire","Minty Spire (QoL Compilation)","Random Character Button","Relic Filter","Replay The Spire","Shade Mod","Shop Mod","StSLib","The Construct","The Cursed","The Disciple","The Runesmith","TheArtist"],"gold_per_floor":[112,112,131,142,88,122,122,142,195,208,239,239,265,289,289,390,390,403,443,476,504,504,538,538,538,561,576,576,576],"floor_reached":28,"playtime":10082,"items_purged":[],"score":277,"play_id":"cf26f307-50f5-4802-ad03-485e83f104c8","local_time":"20201231222751","is_ascension_mode":true,"campfire_choices":[{"floor":7,"key":"REST"},{"data":"champ:BringItOn","floor":12,"key":"SMITH"},{"floor":15,"key":"REST"},{"floor":25,"key":"REST"}],"circlet_count":0,"master_deck":["hermit:Strike_Hermit","hermit:Strike_Hermit+1","hermit:Strike_Hermit+1","hermit:Strike_Hermit","hermit:Defend_Hermit","hermit:Defend_Hermit","hermit:Defend_Hermit","hermit:Defend_Hermit","hermit:Snapshot","hermit:Covet","hermit:WideOpen","hermit:HoleUp","hermit:Grudge","hermit:Misfire","hermit:Misfire","hermit:Scavenge","champ:BringItOn+1","hermit:DeadOrAlive","hermit:Vantage","hermit:FinalCanter","hermit:ItchyTrigger","hermit:Combo","champ:BerserkerStyle","hermit:BodyArmor+1","hermit:Feint+1","hermit:WideOpen+1","champ:CrookedStrike","hermit:Ricochet","hermit:GhostlyPresence+1","Pain","hermit:Enervate"],"relics":["hermit:Momento","hubris:AstralHammer","hubris:DisguiseKit","aspiration:HiddenCompartment","Whetstone","Art of War","Painkiller Herb","Orrery","hubris:MysteriousPyramids","WarpedTongs","Replay:Baseball"],"acts_visited":["Exordium","TheCity"],"potions_floor_usage":[6,8,10,16,16,20,20],"damage_taken":[{"damage":7,"enemies":"Jaw Worm","floor":1,"turns":3},{"damage":1,"enemies":"Cultist","floor":3,"turns":3},{"damage":0,"enemies":"2 Louse","floor":4,"turns":2},{"damage":17,"enemies":"Gremlin Nob","floor":6,"turns":4},{"damage":0,"enemies":"Lots of Slimes","floor":8,"turns":3},{"damage":11,"enemies":"Exordium Thugs","floor":10,"turns":4},{"damage":13,"enemies":"3 Sentries","floor":11,"turns":6},{"damage":1,"enemies":"3 Louse","floor":13,"turns":2},{"damage":61,"enemies":"Fading Forest","floor":16,"turns":11},{"damage":0,"enemies":"Chosen","floor":18,"turns":4},{"damage":3,"enemies":"Shell Parasite","floor":19,"turns":4},{"damage":12,"enemies":"Snake Plant","floor":20,"turns":4},{"damage":21,"enemies":"Centurion and Healer","floor":21,"turns":6},{"damage":34,"enemies":"Nightmare","floor":23,"turns":6},{"damage":18,"enemies":"Cultist and Chosen","floor":27,"turns":6},{"damage":20,"enemies":"Shelled Parasite and Fungi","floor":28,"turns":1}],"seed_played":"-4785755798777042193","potions_obtained":[{"floor":2,"key":"conspire:TimeTravelPotion"},{"floor":2,"key":"SkillPotion"},{"floor":2,"key":"Adrenaline Potion"},{"floor":6,"key":"ColorlessPotion"},{"floor":13,"key":"LiquidMemories"},{"floor":18,"key":"Adrenaline Potion"},{"floor":19,"key":"Dexterity Potion"}],"is_trial":false,"path_per_floor":["M","?","M","M","$","E","R","M","T","M","E","R","M","T","R","B",null,"?","?","?","?","AVR","NM","?","T","T","?","?"],"character_chosen":"HERMIT","items_purchased":["hermit:Misfire"],"campfire_rested":3,"item_purchase_floors":[5],"current_hp_per_floor":[47,47,46,46,46,29,51,51,51,40,27,27,26,26,48,44,75,75,72,60,41,41,7,7,29,29,11,0,0],"gold":576,"neow_bonus":"ONE_RARE_RELIC","is_daily":false,"chose_seed":false,"campfire_upgraded":1,"win_rate":0.0,"timestamp":1609471671,"path_taken":["M","?","M","?","$","E","R","M","T","M","E","R","M","?","R","BOSS","?","?","?","?","AVR","NM","?","T","T","?","?"],"items_purchased_type":["Card"],"build_version":"2020-12-22","purchased_purges":0,"victory":false,"max_hp_per_floor":[75,75,75,75,75,75,75,75,75,75,75,75,75,75,75,75,75,75,75,75,75,75,75,75,75,75,75,75,75],"card_choices":[{"not_picked":["hermit:Vantage","hermit:Coalescence"],"picked":"hermit:WideOpen","floor":1},{"not_picked":["hermit:TrackingShot","hermit:SprayPray"],"picked":"hermit:HoleUp","floor":3},{"not_picked":["hermit:WideOpen","hermit:Glare"],"picked":"hermit:Grudge","floor":4},{"not_picked":["hermit:Desperado","hermit:HighNoon"],"picked":"hermit:Misfire","floor":6},{"not_picked":["hermit:Headshot","hermit:Ricochet","champ:FanOfKnives"],"picked":"hermit:Scavenge","floor":8},{"not_picked":["hermit:Manifest","hermit:ShadowCloak","hermit:LowProfile"],"picked":"champ:BringItOn","floor":10},{"not_picked":["hermit:CalledShot","hermit:Showdown","champ:FocusedBerserking"],"picked":"hermit:DeadOrAlive","floor":11},{"not_picked":["hermit:Headshot","hermit:WideOpen","champ:FlashCut"],"picked":"hermit:Vantage","floor":13},{"not_picked":["hermit:DeadOrAlive","hermit:Dissolve","champ:IgnorePain"],"picked":"hermit:FinalCanter","floor":16},{"not_picked":["hermit:Glare","hermit:Dive","champ:GladiatorsShout"],"picked":"hermit:ItchyTrigger","floor":18},{"not_picked":["hermit:LoneWolf","hermit:Showdown","champ:Backstep"],"picked":"hermit:Combo","floor":19},{"not_picked":["hermit:TakeCover","hermit:Ricochet","hermit:TakeAim"],"picked":"champ:BerserkerStyle","floor":20},{"not_picked":["hermit:GoldenBullet","hermit:Ricochet","champ:GutPunch"],"picked":"hermit:BodyArmor+1","floor":21},{"not_picked":["hermit:Horror","hermit:Coalescence","champ:StanceDance"],"picked":"hermit:Feint+1","floor":22},{"not_picked":["hermit:TakeAim","hermit:LowProfile+1","champ:PreciseThrust"],"picked":"hermit:WideOpen+1","floor":22},{"not_picked":["hermit:CalledShot","hermit:TakeCover","hermit:Midnight"],"picked":"champ:CrookedStrike","floor":22},{"not_picked":["hermit:HighCaliber","hermit:Misfire+1","champ:FlashCut"],"picked":"hermit:Ricochet","floor":22},{"not_picked":["hermit:SprayPray","hermit:Cheat","champ:FaceSlap"],"picked":"hermit:GhostlyPresence+1","floor":23},{"not_picked":["hermit:Headshot","hermit:Horror","champ:RisingSlash"],"picked":"hermit:Enervate","floor":27}],"player_experience":419942,"relics_obtained":[{"floor":6,"key":"hubris:DisguiseKit"},{"floor":9,"key":"aspiration:HiddenCompartment"},{"floor":11,"key":"Whetstone"},{"floor":14,"key":"Art of War"},{"floor":23,"key":"hubris:MysteriousPyramids"},{"floor":26,"key":"Replay:Baseball"}],"event_choices":[{"damage_healed":0,"gold_gain":0,"player_choice":"Got Potions","damage_taken":0,"max_hp_gain":0,"max_hp_loss":0,"event_name":"Lab","floor":2,"gold_loss":0},{"damage_healed":0,"gold_gain":0,"player_choice":"Rummage","damage_taken":0,"relics_obtained":["WarpedTongs"],"max_hp_gain":0,"max_hp_loss":0,"event_name":"Accursed Blacksmith","floor":24,"gold_loss":0,"cards_obtained":["Pain"]}],"is_beta":false,"boss_relics":[{"not_picked":["conspire:RunicOctahedron","ReplayTheSpireMod:DimensionalGlitch"],"picked":"Painkiller Herb"}],"items_purged_floors":[],"is_endless":false,"potions_floor_spawned":[3,6,13,18,19],"killed_by":"Shelled Parasite and Fungi","ascension_level":2}}