{"host":"sc0o2qwpf9j16a4i","time":1609505314,"event":{"mods":["AchievementEnabler","BaseMod","BetterRewards","Block Reminder","Colored Map","Colored Powertips","Custom Start","Highlight Path","Minty Spire (QoL Compilation)","Relic Stats"],"gold_per_floor":[112,112,127,146,146,180,180,212,236,249,249,263,273,291,291,368,368,380,380,380,390,306,306,340,70,70,70,93,18,61,85,85,173,173,184,16,38,38,38,38,57,57,83,126,126,142,160,0,0,0,0,0,0,0,26,26,26],"floor_reached":56,"playtime":2332,"items_purged":["Strike_P"],"score":2554,"play_id":"665bd8f0-e0cf-4020-b4b0-6f1d4351ea6c","local_time":"20210101144834","is_ascension_mode":true,"campfire_choices":[{"floor":7.0,"key":"REST"},{"floor":11.0,"key":"REST"},{"data":"Apotheosis","floor":15,"key":"SMITH"},{"floor":23,"key":"REST"},{"data":"Meditate","floor":27,"key":"SMITH"},{"floor":32,"key":"REST"},{"floor":40,"key":"REST"},{"floor":42,"key":"RECALL"},{"floor":45,"key":"REST"},{"floor":49,"key":"REST"},{"floor":53,"key":"REST"}],"circlet_count":0,"master_deck":["AscendersBane","Strike_P","Defend_P","Defend_P","Defend_P","Defend_P","Eruption","Vigilance","Apotheosis+1","FlyingSleeves","CrushJoints","EmptyBody","BowlingBash","Wireheading","CarveReality","Swivel","Indignation","ReachHeaven","ClearTheMind","Ragnarok","SashWhip","Meditate+1","RitualDagger","LikeWater+1","SpiritShield","WaveOfTheHand","Omniscience","ClearTheMind","MasterReality"],"relics":["PureWater","Bronze Scales","Incense Burner","Centennial Puzzle","Oddly Smooth Stone","Anchor","Art of War","Busted Crown","PreservedInsect","CeramicFish","Pantograph","Eternal Feather","GoldenEye","Fusion Hammer","Toy Ornithopter","Du-Vu Doll","Red Mask","Shuriken"],"acts_visited":["Exordium","TheCity","TheBeyond","TheEnding"],"potions_floor_usage":[14,16,28,30,31,41,44,47,55],"damage_taken":[{"damage":0.0,"enemies":"2 Louse","floor":1.0,"turns":2.0},{"damage":2.0,"enemies":"Jaw Worm","floor":3.0,"turns":2.0},{"damage":0.0,"enemies":"Cultist","floor":4.0,"turns":3.0},{"damage":0.0,"enemies":"Lagavulin","floor":6.0,"turns":8.0},{"damage":11.0,"enemies":"Gremlin Nob","floor":8.0,"turns":4.0},{"damage":0.0,"enemies":"Exordium Wildlife","floor":10.0,"turns":2.0},{"damage":0.0,"enemies":"2 Fungi Beasts","floor":12.0,"turns":2.0},{"damage":2.0,"enemies":"Looter","floor":13.0,"turns":3.0},{"damage":0,"enemies":"Lots of Slimes","floor":14,"turns":2},{"damage":0,"enemies":"Slime Boss","floor":16,"turns":3},{"damage":15,"enemies":"Chosen","floor":18,"turns":5},{"damage":13,"enemies":"2 Thieves","floor":21,"turns":3},{"damage":9,"enemies":"Slavers","floor":24,"turns":5},{"damage":4,"enemies":"Centurion and Healer","floor":28,"turns":5},{"damage":15,"enemies":"Book of Stabbing","floor":30,"turns":3},{"damage":6,"enemies":"Cultist and Chosen","floor":31,"turns":5},{"damage":39,"enemies":"Collector","floor":33,"turns":9},{"damage":38,"enemies":"3 Darklings","floor":35,"turns":5},{"damage":9,"enemies":"3 Shapes","floor":37,"turns":3},{"damage":15,"enemies":"Sphere and 2 Shapes","floor":41,"turns":8},{"damage":0,"enemies":"Nemesis","floor":44,"turns":7},{"damage":25,"enemies":"Jaw Worm Horde","floor":46,"turns":3},{"damage":5,"enemies":"Transient","floor":47,"turns":6},{"damage":48,"enemies":"Donu and Deca","floor":50,"turns":11},{"damage":45,"enemies":"Awakened One","floor":51,"turns":12},{"damage":56,"enemies":"Shield and Spear","floor":55,"turns":4},{"damage":43,"enemies":"The Heart","floor":56,"turns":3}],"seed_played":"-274655785065706473","potions_obtained":[{"floor":4.0,"key":"AttackPotion"},{"floor":10.0,"key":"SpeedPotion"},{"floor":12.0,"key":"Strength Potion"},{"floor":13,"key":"Explosive Potion"},{"floor":16,"key":"Fruit Juice"},{"floor":18,"key":"SkillPotion"},{"floor":28,"key":"SkillPotion"},{"floor":30,"key":"Weak Potion"},{"floor":35,"key":"ColorlessPotion"},{"floor":41,"key":"FearPotion"},{"floor":46,"key":"Explosive Potion"}],"is_trial":false,"path_per_floor":["M","?","M","M","?","E","R","E","T","M","R","M","M","M","R","B",null,"M","?","?","M","?","R","E","$","T","R","M","$","E","M","R","B",null,"M","$","M","?","$","R","M","R","T","E","R","M","M","?","R","B","B",null,"R","$","E","B"],"character_chosen":"WATCHER","items_purchased":["Bronze Scales","Incense Burner","Apotheosis","FlyingSleeves","Pantograph","Toy Ornithopter"],"campfire_rested":8,"item_purchase_floors":[0,0,0,0,25,36],"current_hp_per_floor":[34,29,27,27,27,27,47,36,36,36,56,56,54,54,54,54,65,50,50,44,31,31,51,42,42,42,57,58,58,43,37,73,34,63,25,25,16,16,16,52,42,57,57,62,73,48,48,48,73,25,5,56,73,73,17,0,0],"gold":26,"neow_bonus":"","is_daily":false,"chose_seed":false,"campfire_upgraded":2,"win_rate":0.0,"timestamp":1609505314,"path_taken":["M","?","M","M","?","E","R","E","T","?","R","M","M","M","R","BOSS","M","?","?","M","?","R","E","$","T","R","M","$","E","M","R","BOSS","M","?","M","?","$","R","M","R","T","E","R","?","M","?","R","BOSS","BOSS","R","$","E","BOSS"],"items_purchased_type":["Relic","Relic","Card","Card","Relic","Relic"],"build_version":"2020-12-22","purchased_purges":1,"victory":false,"max_hp_per_floor":[68,68,68,68,68,68,68,68,68,68,68,68,68,68,68,68,68,68,68,68,68,68,68,68,68,68,68,73,73,73,73,73,73,73,73,73,73,73,73,73,73,73,73,73,73,73,73,73,73,73,73,73,73,73,73,73,73],"relic_stats":{"counters":[42,181],"CeramicFish":54,"Eternal Feather":101,"PreservedInsect":342,"GoldenEye":[52],"Centennial Puzzle":[54],"Busted Crown":28,"Shuriken":[0],"Bronze Scales":[349],"Pantograph":50,"Art of War":[18],"obtain_stats":[{"Singing Bowl":24,"CeramicFish":24,"Bag of Preparation":30,"Incense Burner":0,"Whetstone":10,"Centennial Puzzle":2,"DollysMirror":28,"Pantograph":25,"Fusion Hammer":34,"Red Mask":48,"NeowsBlessing":0,"Oddly Smooth Stone":6,"Eternal Feather":26,"PreservedInsect":6,"Frozen Egg 2":9,"GoldenEye":30,"Du-Vu Doll":44,"Anchor":8,"Busted Crown":17,"Ornamental Fan":2,"Shuriken":55,"Bronze Scales":0,"Snecko Eye":17,"Turnip":26,"Art of War":9,"PureWater":0,"Toy Ornithopter":36},{"Singing Bowl":12,"CeramicFish":28,"Bag of Preparation":14,"Incense Burner":15,"Whetstone":5,"Centennial Puzzle":16,"DollysMirror":12,"Pantograph":28,"Fusion Hammer":32,"Red Mask":38,"NeowsBlessing":0,"Oddly Smooth Stone":19,"Eternal Feather":28,"PreservedInsect":4,"Frozen Egg 2":4,"GoldenEye":30,"Du-Vu Doll":36,"Anchor":20,"Busted Crown":25,"Ornamental Fan":1,"Shuriken":41,"Bronze Scales":15,"Snecko Eye":8,"Turnip":12,"Art of War":20,"PureWater":0,"Toy Ornithopter":33},{"Singing Bowl":40,"CeramicFish":97,"Bag of Preparation":47,"Incense Burner":53,"Whetstone":13,"Centennial Puzzle":55,"DollysMirror":40,"Pantograph":97,"Fusion Hammer":119,"Red Mask":151,"NeowsBlessing":0,"Oddly Smooth Stone":68,"Eternal Feather":97,"PreservedInsect":9,"Frozen Egg 2":9,"GoldenEye":105,"Du-Vu Doll":142,"Anchor":72,"Busted Crown":84,"Ornamental Fan":2,"Shuriken":178,"Bronze Scales":53,"Snecko Eye":27,"Turnip":40,"Art of War":72,"PureWater":0,"Toy Ornithopter":124}],"Toy Ornithopter":15},"card_choices":[{"not_picked":["FollowUp","JustLucky"],"picked":"CrushJoints","floor":1.0},{"not_picked":["Pray","SignatureMove"],"picked":"EmptyBody","floor":3.0},{"not_picked":["BattleHymn","Collect"],"picked":"BowlingBash","floor":4.0},{"not_picked":["Fasting2","PathToVictory"],"picked":"Wireheading","floor":6.0},{"not_picked":["Evaluate","EmptyBody"],"picked":"CarveReality","floor":8.0},{"not_picked":["BowlingBash","PathToVictory"],"picked":"Swivel","floor":10.0},{"not_picked":["Crescendo","Protect"],"picked":"Indignation","floor":12.0},{"not_picked":["LikeWater","LessonLearned"],"picked":"ReachHeaven","floor":13},{"not_picked":["Halt","EmptyFist"],"picked":"ClearTheMind","floor":14},{"not_picked":["Judgement","DevaForm"],"picked":"Ragnarok","floor":16},{"not_picked":[],"picked":"SashWhip","floor":18},{"not_picked":["BattleHymn"],"picked":"SKIP","floor":21},{"not_picked":["FollowUp"],"picked":"SKIP","floor":24},{"not_picked":[],"picked":"LikeWater+1","floor":28},{"not_picked":[],"picked":"SpiritShield","floor":30},{"not_picked":[],"picked":"WaveOfTheHand","floor":31},{"not_picked":[],"picked":"Omniscience","floor":33},{"not_picked":["ReachHeaven"],"picked":"SKIP","floor":35},{"not_picked":[],"picked":"ClearTheMind","floor":37},{"not_picked":["JustLucky"],"picked":"SKIP","floor":41},{"not_picked":[],"picked":"MasterReality","floor":44},{"not_picked":["EmptyMind"],"picked":"SKIP","floor":46},{"not_picked":["FlyingSleeves"],"picked":"SKIP","floor":47},{"not_picked":["FlyingSleeves+1"],"picked":"SKIP","floor":55}],"player_experience":466549,"relics_obtained":[{"floor":6.0,"key":"Oddly Smooth Stone"},{"floor":8.0,"key":"Anchor"},{"floor":9.0,"key":"Art of War"},{"floor":24,"key":"CeramicFish"},{"floor":26,"key":"Eternal Feather"},{"floor":30,"key":"GoldenEye"},{"floor":44,"key":"Du-Vu Doll"},{"floor":55,"key":"Shuriken"}],"event_choices":[{"damage_healed":0.0,"max_hp_gain":0.0,"max_hp_loss":0.0,"gold_gain":0.0,"event_name":"Scrap Ooze","player_choice":"Success","floor":2.0,"gold_loss":0.0,"damage_taken":5.0,"relics_obtained":["Centennial Puzzle"]},{"cards_removed":["Strike_P"],"damage_healed":0.0,"max_hp_gain":0.0,"max_hp_loss":0.0,"gold_gain":0.0,"event_name":"Purifier","player_choice":"Purged","floor":5.0,"gold_loss":0.0,"damage_taken":0.0},{"damage_healed":0,"gold_gain":0,"player_choice":"Read","damage_taken":0,"max_hp_gain":0,"max_hp_loss":0,"event_name":"The Library","floor":19,"gold_loss":0,"cards_obtained":["Meditate"]},{"damage_healed":0,"gold_gain":0,"player_choice":"Joined the Cult","damage_taken":6,"max_hp_gain":0,"max_hp_loss":0,"event_name":"Nest","floor":20,"gold_loss":0,"cards_obtained":["RitualDagger"]},{"damage_healed":0,"gold_gain":0,"player_choice":"Paid Gold","damage_taken":0,"relics_obtained":["PreservedInsect"],"max_hp_gain":0,"max_hp_loss":0,"event_name":"WeMeetAgain","floor":22,"gold_loss":84},{"cards_removed":["Strike_P"],"damage_healed":0,"gold_gain":0,"player_choice":"Purged","damage_taken":0,"max_hp_gain":0,"max_hp_loss":0,"event_name":"Purifier","floor":38,"gold_loss":0},{"damage_healed":0,"gold_gain":0,"player_choice":"Paid","damage_taken":0,"relics_obtained":["Red Mask"],"max_hp_gain":0,"max_hp_loss":0,"event_name":"Tomb of Lord Red Mask","floor":48,"gold_loss":160}],"is_beta":false,"boss_relics":[{"not_picked":["Tiny House","Runic Dome"],"picked":"Busted Crown"},{"not_picked":["Astrolabe","Calling Bell"],"picked":"Fusion Hammer"}],"items_purged_floors":[29],"is_endless":false,"potions_floor_spawned":[4,10,12,13,16,18,28,30,35,41,46],"killed_by":"The Heart","ascension_level":20}}