{"host":"2461dio7vetlq1z3","time":1609519122,"event":{"mods":["2.2 Compatiblity","AchievementEnabler","BaseMod","Better Third Choice","Friendly Minions","Hubris","Minty Spire (QoL Compilation)","Relic Stats","Spicy Shops","StSLib","Waifu the Spire"],"gold_per_floor":[213,226,501,101,111,111,139,139,139,139,170,201,201,221,221,300,300,312,324,324,324,341,341,44,44,44,73,73,73,88,88],"floor_reached":30,"playtime":1087,"items_purged":["Regret","Defend_G"],"score":532,"play_id":"0c5f27e6-8eca-4af2-afff-5f6275603dda","local_time":"20210101173842","is_ascension_mode":true,"campfire_choices":[{"data":"Skewer","floor":6,"key":"SMITH"},{"data":"hubris:Counter","floor":8,"key":"SMITH"},{"floor":10,"key":"REST"},{"floor":13,"key":"REST"},{"data":"Caltrops","floor":15,"key":"SMITH"},{"data":"Corpse Explosion","floor":23,"key":"SMITH"},{"floor":25,"key":"REST"},{"floor":29,"key":"REST"}],"circlet_count":0,"master_deck":["AscendersBane","Strike_G","Defend_G","Defend_G","Defend_G","Defend_G","Survivor","Neutralize","Dagger Throw","Skewer+1","Well Laid Plans","hubris:Counter+1","Dodge and Roll","Caltrops+1","Poisoned Stab","Accuracy","Corpse Explosion+1","Bouncing Flask+1","Accuracy+1","Leg Sweep+1","Deflect+1","Dodge and Roll","Deadly Poison"],"relics":["Ring of the Snake","hubris:PeanutButter","Letter Opener","WingedGreaves","Torii","Sundial","Astrolabe","Omamori","PreservedInsect","hubris:64BitClover","Ancient Tea Set"],"acts_visited":["Exordium","TheCity"],"potions_floor_usage":[7,16,27],"damage_taken":[{"damage":3,"enemies":"Cultist","floor":1,"turns":4},{"damage":8,"enemies":"Small Slimes","floor":2,"turns":4},{"damage":0,"enemies":"Jaw Worm","floor":5,"turns":4},{"damage":19,"enemies":"Lagavulin","floor":7,"turns":7},{"damage":16,"enemies":"Gremlin Nob","floor":11,"turns":4},{"damage":15,"enemies":"3 Sentries","floor":12,"turns":7},{"damage":1,"enemies":"Looter","floor":14,"turns":4},{"damage":32,"enemies":"Hexaghost","floor":16,"turns":11},{"damage":0,"enemies":"Chosen","floor":18,"turns":3},{"damage":19,"enemies":"Spheric Guardian","floor":19,"turns":5},{"damage":2,"enemies":"Snecko","floor":22,"turns":6},{"damage":5,"enemies":"Book of Stabbing","floor":27,"turns":5},{"damage":19,"enemies":"Sentry and Sphere","floor":30,"turns":4}],"seed_played":"1625962717774487098","potions_obtained":[{"floor":5,"key":"FearPotion"},{"floor":12,"key":"SpeedPotion"},{"floor":18,"key":"Explosive Potion"},{"floor":22,"key":"DistilledChaos"}],"is_trial":false,"path_per_floor":["M","M","?","$","M","R","E","R","T","R","E","E","R","M","R","B",null,"M","M","T","?","M","R","$","R","T","E","?","R","M"],"character_chosen":"THE_SILENT","items_purchased":["Well Laid Plans","hubris:PeanutButter","Dodge and Roll","PreservedInsect"],"campfire_rested":4,"item_purchase_floors":[4,4,24,24],"current_hp_per_floor":[56,48,48,48,48,48,29,29,29,48,32,17,36,35,35,3,50,50,31,31,31,29,29,29,48,48,43,25,46,27,27],"gold":88,"neow_bonus":"HUNDRED_GOLD","is_daily":false,"chose_seed":false,"campfire_upgraded":4,"win_rate":0.0,"timestamp":1609519122,"path_taken":["M","M","?","$","?","R","E","R","T","R","E","E","R","M","R","BOSS","M","M","?","?","?","R","$","R","T","E","?","R","M"],"items_purchased_type":["Card","Relic","Card","Relic"],"build_version":"2020-12-22","purchased_purges":2,"victory":false,"max_hp_per_floor":[66,66,66,66,66,66,66,66,66,66,66,66,66,66,66,66,66,66,66,66,66,66,66,66,66,66,66,71,71,71,71],"relic_stats":{"Torii":40,"counters":[13,68],"Sundial":[4],"Astrolabe":["Bouncing Flask","Accuracy","Leg Sweep"],"PreservedInsect":43,"Letter Opener":[15],"obtain_stats":[{"Torii":11,"Sundial":12,"hubris:64BitClover":26,"Astrolabe":17,"hubris:PeanutButter":4,"WingedGreaves":9,"PreservedInsect":24,"Omamori":20,"Letter Opener":7,"Ancient Tea Set":27,"Ring of the Snake":0},{"Torii":5,"Sundial":6,"hubris:64BitClover":11,"Astrolabe":8,"hubris:PeanutButter":2,"WingedGreaves":4,"PreservedInsect":11,"Omamori":10,"Letter Opener":4,"Ancient Tea Set":12,"Ring of the Snake":0},{"Torii":23,"Sundial":30,"hubris:64BitClover":59,"Astrolabe":45,"hubris:PeanutButter":8,"WingedGreaves":19,"PreservedInsect":59,"Omamori":53,"Letter Opener":19,"Ancient Tea Set":64,"Ring of the Snake":0}],"Ring of the Snake":[26]},"card_choices":[{"not_picked":["Deadly Poison","Outmaneuver"],"picked":"Dagger Throw","floor":1},{"not_picked":["Crippling Poison","PiercingWail"],"picked":"Skewer","floor":2},{"not_picked":["Dagger Throw","Grand Finale"],"picked":"hubris:Counter","floor":5},{"not_picked":["Backstab","Backflip"],"picked":"Dodge and Roll","floor":7},{"not_picked":["All Out Attack","hubris:Counter"],"picked":"Caltrops","floor":11},{"not_picked":["Dagger Spray","Endless Agony"],"picked":"Poisoned Stab","floor":12},{"not_picked":["hubris:SlightOfHand","Blade Dance"],"picked":"Accuracy","floor":14},{"not_picked":["Burst","A Thousand Cuts"],"picked":"Corpse Explosion","floor":16},{"not_picked":["Dagger Throw","All Out Attack+1","Outmaneuver"],"picked":"SKIP","floor":18},{"not_picked":["Dash","Bouncing Flask"],"picked":"Deflect+1","floor":19},{"not_picked":["Sucker Punch","Choke","hubris:SlightOfHand"],"picked":"SKIP","floor":22},{"not_picked":["Dash","Sucker Punch"],"picked":"Deadly Poison","floor":27}],"player_experience":985360,"relics_obtained":[{"floor":7,"key":"Letter Opener"},{"floor":9,"key":"WingedGreaves"},{"floor":11,"key":"Torii"},{"floor":12,"key":"Sundial"},{"floor":20,"key":"Omamori"},{"floor":26,"key":"hubris:64BitClover"},{"floor":27,"key":"Ancient Tea Set"}],"event_choices":[{"damage_healed":0,"gold_gain":275,"player_choice":"Desecrate","damage_taken":0,"max_hp_gain":0,"max_hp_loss":0,"event_name":"Golden Shrine","floor":3,"gold_loss":0,"cards_obtained":["Regret"]},{"cards_removed":["Strike_G"],"damage_healed":0,"gold_gain":0,"player_choice":"Purged","damage_taken":0,"max_hp_gain":0,"max_hp_loss":0,"event_name":"Purifier","floor":21,"gold_loss":0},{"damage_healed":0,"gold_gain":0,"player_choice":"Shed Blood","damage_taken":23,"max_hp_gain":5,"max_hp_loss":0,"event_name":"Forgotten Altar","floor":28,"gold_loss":0}],"is_beta":false,"boss_relics":[{"not_picked":["Black Star","hubris:HollowSoul"],"picked":"Astrolabe"}],"items_purged_floors":[4,24],"is_endless":false,"potions_floor_spawned":[5,12,18,22],"killed_by":"Sentry and Sphere","ascension_level":20}}