{"host":"qwp6882a7gaon7u5","time":1609514279,"event":{"mods":["ATMod(°¢èªMod)","BaseMod","BetterRewards","Minty Spire (QoL Compilation)","Red Circlet Mod","Replay The Spire","RumiaBox-Â¶Ã×æ«µÄÉñÃØºÐ×Ó","Spicy Shops","StSLib","¡¾¹¦ÄÜMod¡¿»ìãçÖ®»·ÐÞ¸´²¹¶¡","¡¾ÒÅÎï¿¨ÅÆ¡¿REMEMod"],"gold_per_floor":[114,74,90,108,128,157,157,177,229,247,258,290,290,302,302,405,405,422,422,433,453,170,170,195,195,221,351,351,351],"floor_reached":28,"playtime":1199,"items_purged":["Strike_B","Strike_B"],"score":289,"play_id":"1b68a99e-3434-4409-bfbc-cf3a100e9c7e","local_time":"20210101231759","is_ascension_mode":true,"campfire_choices":[{"data":"AT_MachinaRedman","floor":7,"key":"SMITH"},{"data":"Loop","floor":15,"key":"SMITH"},{"data":"Echo Form","floor":23,"key":"SMITH"},{"data":"AT_ThunderBolt","floor":25,"key":"SMITH"}],"circlet_count":0,"master_deck":["Strike_B","Strike_B","Defend_B","Defend_B","Defend_B","Defend_B","Zap","Dualcast","AT_MachinaRedman+1","Multi-Cast+1","ReplaySort","Loop+1","Panic Button","Auto Shields","Genetic Algorithm+1","AT_ThunderBolt+1","Darkness+1","Reboot+1","Redo+1","Echo Form+1","Redo+1","Redo+1","Double Energy+1","Double Energy+1"],"relics":["Cracked Core","REME_ComplimentaryCards","AT_ATBox","Toxic Egg 2","Happy Flower","TungstenRod","AT_BellowingDragoncrestRing","ChewingGum","Lantern","Akabeko","Ancient Tea Set","Replay:Towering Pillar of Hats","MagicDraw1"],"acts_visited":["Exordium","TheCity"],"potions_floor_usage":[12,12,14,20,27,27],"damage_taken":[{"damage":0,"enemies":"Small Slimes","floor":1,"turns":2},{"damage":0,"enemies":"Cultist","floor":3,"turns":1},{"damage":5,"enemies":"2 Louse","floor":4,"turns":2},{"damage":1,"enemies":"Exordium Wildlife","floor":5,"turns":2},{"damage":0,"enemies":"Lagavulin","floor":6,"turns":4},{"damage":10,"enemies":"Red Slaver","floor":8,"turns":3},{"damage":0,"enemies":"Looter","floor":11,"turns":3},{"damage":6,"enemies":"3 Sentries","floor":12,"turns":3},{"damage":15,"enemies":"Large Slime","floor":14,"turns":2},{"damage":21,"enemies":"Slime Boss","floor":16,"turns":9},{"damage":9,"enemies":"Shell Parasite","floor":18,"turns":3},{"damage":8,"enemies":"Chosen","floor":20,"turns":2},{"damage":17,"enemies":"Snake Plant","floor":21,"turns":4},{"damage":13,"enemies":"Replay:Snechameleon","floor":24,"turns":3},{"damage":11,"enemies":"Colosseum Slavers","floor":27,"turns":4},{"damage":9,"enemies":"Colosseum Nobs","floor":27,"turns":3},{"damage":10,"enemies":"Book of Stabbing","floor":28,"turns":1}],"seed_played":"6108931387822941998","potions_obtained":[{"floor":2,"key":"DuplicationPotion"},{"floor":2,"key":"Elixir"},{"floor":2,"key":"Cursed Concoction"},{"floor":12,"key":"Fire Potion"},{"floor":14,"key":"AttackPotion"},{"floor":20,"key":"Dexterity Potion"},{"floor":21,"key":"REME_GoldPotion"}],"is_trial":false,"path_per_floor":["M","?","M","M","M","E","R","M","T","?","M","E","?","M","R","B",null,"M","?","M","M","$","R","E","R","T","?","E"],"character_chosen":"DEFECT","items_purchased":["Lantern","Double Energy+1"],"campfire_rested":0,"item_purchase_floors":[22,22],"current_hp_per_floor":[75,75,75,70,69,69,69,59,59,59,59,53,53,38,38,17,75,66,66,58,41,41,41,28,28,28,8,0,0],"gold":351,"neow_bonus":"","is_daily":false,"chose_seed":false,"campfire_upgraded":4,"win_rate":0.0,"timestamp":1609514279,"path_taken":["M","?","M","?","M","E","R","M","T","?","?","E","?","M","R","BOSS","M","?","M","M","$","R","E","R","T","?","E"],"items_purchased_type":["Relic","Card"],"build_version":"2020-12-22","purchased_purges":2,"victory":false,"max_hp_per_floor":[75,75,75,75,75,75,75,75,75,75,75,75,75,75,75,75,75,75,75,75,75,75,75,75,75,75,75,75,75],"card_choices":[{"not_picked":["Gash","Storm"],"picked":"ReplaySort","floor":1},{"not_picked":["Barrage","ReplayTheSpireMod:Reroute Power"],"picked":"Loop","floor":3},{"not_picked":["Compile Driver","Beam Cell"],"picked":"Panic Button","floor":4},{"not_picked":["Beam Cell","Sweeping Beam"],"picked":"Auto Shields","floor":5},{"not_picked":["Biased Cognition","Gash"],"picked":"Genetic Algorithm+1","floor":6},{"not_picked":["Go for the Eyes","Sweeping Beam"],"picked":"AT_ThunderBolt","floor":8},{"not_picked":["Chill+1","Streamline"],"picked":"Darkness+1","floor":10},{"not_picked":["Streamline","Genetic Algorithm+1","Compile Driver"],"picked":"SKIP","floor":11},{"not_picked":["REME_Shoggoth","ReplayTheSpireMod:Repulse+1"],"picked":"Reboot+1","floor":12},{"not_picked":["AT_HeatAcrobatics+1","Barrage"],"picked":"Redo+1","floor":14},{"not_picked":["Rainbow+1","Buffer"],"picked":"Echo Form","floor":16},{"not_picked":["Conserve Battery+1","Beam Cell"],"picked":"Redo+1","floor":18},{"not_picked":["Turbo+1","Hologram+1","Steam+1"],"picked":"SKIP","floor":20},{"not_picked":["Stack+1","Hologram+1"],"picked":"Redo+1","floor":21},{"not_picked":["Streamline","Redo+1"],"picked":"Double Energy+1","floor":24}],"player_experience":163346,"relics_obtained":[{"floor":6,"key":"Toxic Egg 2"},{"floor":9,"key":"Happy Flower"},{"floor":10,"key":"TungstenRod"},{"floor":12,"key":"AT_BellowingDragoncrestRing"},{"floor":24,"key":"Akabeko"},{"floor":26,"key":"Ancient Tea Set"},{"floor":27,"key":"Replay:Towering Pillar of Hats"},{"floor":27,"key":"MagicDraw1"}],"event_choices":[{"damage_healed":0,"gold_gain":0,"player_choice":"Bought 3 Potions","damage_taken":0,"max_hp_gain":0,"max_hp_loss":0,"event_name":"The Woman in Blue","floor":2,"gold_loss":0},{"damage_healed":0,"gold_gain":0,"player_choice":"Grow","damage_taken":0,"max_hp_gain":0,"max_hp_loss":0,"event_name":"Living Wall","floor":13,"gold_loss":0,"cards_upgraded":["Multi-Cast"]},{"damage_healed":0,"gold_gain":0,"player_choice":"Fight","damage_taken":0,"max_hp_gain":0,"max_hp_loss":0,"event_name":"Colosseum","floor":27,"gold_loss":0},{"damage_healed":0,"gold_gain":0,"player_choice":"Fought Nobs","damage_taken":0,"max_hp_gain":0,"max_hp_loss":0,"event_name":"Colosseum","floor":27,"gold_loss":0}],"is_beta":false,"boss_relics":[{"not_picked":["ReplayTheSpireMod:DimensionalGlitch","Velvet Choker"],"picked":"ChewingGum"}],"items_purged_floors":[0,22],"is_endless":false,"potions_floor_spawned":[3,11,12,14,20,21,24],"killed_by":"Book of Stabbing","ascension_level":1}}