{"host":"9c5kazgg71l3jb6l","time":1609503245,"event":{"mods":["Arknights The Spire","BaseMod","Minty Spire (QoL Compilation)","StSLib","Waifu the Spire"],"gold_per_floor":[116,116,116,116,133,168,168,194,194,212,212,227,240,273,273,273,273],"floor_reached":16,"playtime":521,"items_purged":[],"score":152,"play_id":"32e463a2-b041-41f1-b744-0705d5f02bf6","local_time":"20210101201405","is_ascension_mode":true,"campfire_choices":[{"data":"ats:Soul Absorption","floor":15,"key":"SMITH"}],"circlet_count":0,"master_deck":["ats:Strike C","ats:Strike G","ats:Strike S","ats:Strike V","ats:Armor Crushing Shot","ats:Defend","ats:Defend","ats:Defend","ats:Defend","ats:Emotion Absorption","ats:Ignite","ats:Guardian Obelisk","ats:Ignite","Parasite","ats:Shell Defense","ats:Hammer On","ats:Soul Absorption+1","ats:Burning Ground","ats:Hammer On"],"relics":["ats:Sanity","NeowsBlessing","InkBottle","ats:Ability Aura","ats:Originium","Du-Vu Doll","Blue Candle","The Courier","Unceasing Top"],"acts_visited":["Exordium"],"potions_floor_usage":[14],"damage_taken":[{"damage":0.0,"enemies":"2 Louse","floor":1.0,"turns":1.0},{"damage":0.0,"enemies":"Jaw Worm","floor":5.0,"turns":1.0},{"damage":0.0,"enemies":"3 Sentries","floor":6.0,"turns":2.0},{"damage":31.0,"enemies":"Gremlin Nob","floor":8.0,"turns":5.0},{"damage":0.0,"enemies":"Small Slimes","floor":10.0,"turns":4.0},{"damage":5,"enemies":"Exordium Thugs","floor":12,"turns":4},{"damage":0,"enemies":"Gremlin Gang","floor":13,"turns":5},{"damage":28,"enemies":"3 Sentries","floor":14,"turns":7},{"damage":34,"enemies":"Slime Boss","floor":16,"turns":5}],"seed_played":"1762942934987133898","potions_obtained":[{"floor":5.0,"key":"SpeedPotion"},{"floor":8.0,"key":"SmokeBomb"},{"floor":12,"key":"SkillPotion"}],"is_trial":false,"path_per_floor":["M","?","?","?","M","E","?","E","T","M","?","M","M","E","R","B"],"character_chosen":"DOCTOR_CLASS","items_purchased":[],"campfire_rested":0,"item_purchase_floors":[],"current_hp_per_floor":[72,72,72,60,60,60,72,41,41,43,43,41,44,22,22,0,0],"gold":273,"neow_bonus":"THREE_ENEMY_KILL","is_daily":false,"chose_seed":false,"campfire_upgraded":1,"win_rate":0.0,"timestamp":1609503245,"path_taken":["M","?","?","?","M","E","?","E","T","?","?","M","M","E","R","BOSS"],"items_purchased_type":[],"build_version":"2020-12-22","purchased_purges":0,"victory":false,"max_hp_per_floor":[72,72,72,72,72,72,72,72,72,72,72,72,72,72,72,72,72],"card_choices":[{"not_picked":["ats:Childhood Dance","ats:Powerful Strike"],"picked":"ats:Ignite","floor":1.0},{"not_picked":["ats:Flexible Camouflage","ats:LN2 Cannon"],"picked":"ats:Guardian Obelisk","floor":5.0},{"not_picked":["ats:Shell Defense","ats:Apocalypse"],"picked":"ats:Ignite","floor":6.0},{"not_picked":["ats:True Silver Slash","ats:Encircling Forest"],"picked":"ats:Shell Defense","floor":8.0},{"not_picked":["ats:Consecutive Shot Auto","ats:Apocalypse"],"picked":"ats:Hammer On","floor":10.0},{"not_picked":["ats:Leaping Hammer","ats:Curse Doll"],"picked":"ats:Soul Absorption","floor":12},{"not_picked":["ats:Ignite","ats:Apocalypse"],"picked":"ats:Burning Ground","floor":13},{"not_picked":["ats:Flexible Camouflage","ats:Shell Defense"],"picked":"ats:Hammer On","floor":14}],"player_experience":1298050,"relics_obtained":[{"floor":6.0,"key":"ats:Originium"},{"floor":6.0,"key":"Du-Vu Doll"},{"floor":8.0,"key":"ats:Originium"},{"floor":8.0,"key":"Blue Candle"},{"floor":9.0,"key":"The Courier"},{"floor":14,"key":"ats:Originium"},{"floor":14,"key":"Unceasing Top"}],"event_choices":[{"damage_healed":0.0,"max_hp_gain":0.0,"max_hp_loss":0.0,"gold_gain":0.0,"event_name":"Big Fish","player_choice":"Box","floor":2.0,"gold_loss":0.0,"damage_taken":0.0,"relics_obtained":["InkBottle"],"cards_obtained":["Regret"]},{"cards_removed":["Regret"],"damage_healed":0.0,"max_hp_gain":0.0,"max_hp_loss":0.0,"gold_gain":0.0,"event_name":"Living Wall","player_choice":"Forget","floor":3.0,"gold_loss":0.0,"damage_taken":0.0},{"damage_healed":0.0,"max_hp_gain":0.0,"max_hp_loss":0.0,"gold_gain":0.0,"event_name":"Scrap Ooze","player_choice":"Success","floor":4.0,"gold_loss":0.0,"damage_taken":12.0,"relics_obtained":["ats:Ability Aura"]},{"damage_healed":18.0,"max_hp_gain":0.0,"max_hp_loss":0.0,"gold_gain":0.0,"event_name":"Mushrooms","player_choice":"Healed and dodged fight","floor":7.0,"gold_loss":0.0,"damage_taken":0.0,"cards_obtained":["Parasite"]},{"damage_healed":0,"gold_gain":0,"player_choice":"Ignored","damage_taken":0,"max_hp_gain":0,"max_hp_loss":0,"event_name":"Shining Light","floor":11,"gold_loss":0}],"is_beta":false,"boss_relics":[],"items_purged_floors":[],"is_endless":false,"potions_floor_spawned":[5,8,12],"killed_by":"Slime Boss","ascension_level":1}}