{"host":"novohdx135h0xyrr","time":1609464007,"event":{"mods":["BaseMod","Colored Map","Colored Powertips","Highlight Path","Minty Spire (QoL Compilation)"],"gold_per_floor":[218,218,94,94,44,78,78,78,129,0,18,18,33,73,73,199,262,281,281,33,56,56,87,87,100,100,100,100,115,115,129,129,129,129],"floor_reached":33,"playtime":2422,"items_purged":["Defend_P","Strike_P+1"],"score":321,"play_id":"b8f026ca-a1fa-4b27-997f-f255b4c77b6b","local_time":"20201231172007","is_ascension_mode":false,"campfire_choices":[{"floor":8,"key":"REST"},{"data":"Vigilance","floor":12,"key":"SMITH"},{"floor":15,"key":"DIG"},{"floor":24,"key":"DIG"},{"floor":27,"key":"DIG"},{"floor":30,"key":"DIG"},{"floor":32,"key":"DIG"}],"circlet_count":0,"master_deck":["Strike_P","Strike_P","Defend_P","Defend_P","Eruption+1","Vigilance+1","EmptyBody+1","BattleHymn","ReachHeaven","Prostrate","EmptyBody","Crescendo","CutThroughFate+1","Prostrate","CutThroughFate+1","CarveReality+1","EmptyMind"],"relics":["PureWater","Golden Idol","Pear","Potion Belt","Bag of Preparation","Shovel","Lantern","Tiny House","Strange Spoon","Strawberry","Bottled Lightning","Torii","Eternal Feather","Regal Pillow","Mummified Hand"],"acts_visited":["Exordium","TheCity"],"potions_floor_usage":[6,13,14,14,16,16,25,31,33,33],"damage_taken":[{"damage":0,"enemies":"Small Slimes","floor":1,"turns":7},{"damage":22,"enemies":"3 Sentries","floor":6,"turns":11},{"damage":0,"enemies":"2 Louse","floor":11,"turns":2},{"damage":1,"enemies":"Jaw Worm","floor":13,"turns":2},{"damage":0,"enemies":"Gremlin Nob","floor":14,"turns":2},{"damage":34,"enemies":"The Guardian","floor":16,"turns":6},{"damage":0,"enemies":"Chosen","floor":18,"turns":3},{"damage":3,"enemies":"Shell Parasite","floor":21,"turns":4},{"damage":24,"enemies":"Gremlin Leader","floor":23,"turns":5},{"damage":27,"enemies":"Snake Plant","floor":25,"turns":4},{"damage":0,"enemies":"Shelled Parasite and Fungi","floor":29,"turns":3},{"damage":0,"enemies":"Centurion and Healer","floor":31,"turns":4},{"damage":83,"enemies":"Champ","floor":33,"turns":8}],"seed_played":"5008689575398253687","potions_obtained":[{"floor":6,"key":"StancePotion"},{"floor":11,"key":"Fruit Juice"},{"floor":13,"key":"Swift Potion"},{"floor":14,"key":"BottledMiracle"},{"floor":17,"key":"Weak Potion"},{"floor":18,"key":"Ancient Potion"},{"floor":25,"key":"LiquidMemories"},{"floor":29,"key":"BottledMiracle"},{"floor":31,"key":"Fire Potion"}],"is_trial":false,"path_per_floor":["M","?","$","?","?","E","?","R","T","$","M","R","M","E","R","B",null,"M","?","$","M","?","E","R","M","T","R","T","M","R","M","R","B"],"character_chosen":"WATCHER","items_purchased":["BottledMiracle","ReachHeaven","Strength Potion","Strange Spoon"],"campfire_rested":1,"item_purchase_floors":[3,10,10,20],"current_hp_per_floor":[72,54,54,61,61,39,23,47,47,47,47,47,51,51,51,17,92,92,92,92,89,89,72,72,45,45,45,45,45,54,54,63,0,0],"gold":129,"neow_bonus":"HUNDRED_GOLD","is_daily":false,"chose_seed":false,"campfire_upgraded":1,"win_rate":0.0,"timestamp":1609464007,"path_taken":["M","?","$","?","?","E","?","R","T","$","M","R","M","E","R","BOSS","M","?","$","M","?","E","R","M","T","R","?","M","R","M","R","BOSS"],"items_purchased_type":["Potion","Card","Potion","Relic"],"build_version":"2020-12-22","purchased_purges":2,"victory":false,"max_hp_per_floor":[72,72,72,82,82,82,82,82,82,82,82,82,87,87,87,87,92,92,92,92,92,92,99,99,99,99,99,99,99,99,99,99,99,99],"card_choices":[{"not_picked":["EmptyFist","JustLucky"],"picked":"EmptyBody","floor":1},{"not_picked":["Evaluate","EmptyBody"],"picked":"BattleHymn","floor":6},{"not_picked":["JustLucky","ClearTheMind","WheelKick"],"picked":"SKIP","floor":11},{"not_picked":["CutThroughFate","BowlingBash"],"picked":"Prostrate","floor":13},{"not_picked":["Judgement","InnerPeace"],"picked":"EmptyBody","floor":14},{"not_picked":["SashWhip","BattleHymn"],"picked":"Crescendo","floor":17},{"not_picked":["Consecrate","JustLucky"],"picked":"CutThroughFate+1","floor":18},{"not_picked":["PathToVictory+1","SignatureMove"],"picked":"Prostrate","floor":21},{"not_picked":["FlyingSleeves","Protect+1","Vengeance+1"],"picked":"SKIP","floor":23},{"not_picked":["Fasting2","FlurryOfBlows+1"],"picked":"CutThroughFate+1","floor":25},{"not_picked":["FollowUp","Wallop"],"picked":"CarveReality+1","floor":29},{"not_picked":["LessonLearned","Consecrate"],"picked":"EmptyMind","floor":31}],"player_experience":162152,"relics_obtained":[{"floor":6,"key":"Potion Belt"},{"floor":9,"key":"Bag of Preparation"},{"floor":14,"key":"Shovel"},{"floor":15,"key":"Lantern"},{"floor":23,"key":"Strawberry"},{"floor":24,"key":"Bottled Lightning"},{"floor":27,"key":"Torii"},{"floor":28,"key":"Eternal Feather"},{"floor":30,"key":"Regal Pillow"},{"floor":32,"key":"Mummified Hand"}],"event_choices":[{"damage_healed":0,"gold_gain":0,"player_choice":"Take Damage","damage_taken":18,"relics_obtained":["Golden Idol"],"max_hp_gain":0,"max_hp_loss":0,"event_name":"Golden Idol","floor":2,"gold_loss":0},{"damage_healed":0,"gold_gain":0,"player_choice":"Success","damage_taken":3,"relics_obtained":["Pear"],"max_hp_gain":0,"max_hp_loss":0,"event_name":"Scrap Ooze","floor":4,"gold_loss":0},{"cards_removed":["Defend_P"],"damage_healed":0,"gold_gain":0,"player_choice":"Card Removal","damage_taken":0,"max_hp_gain":0,"max_hp_loss":0,"event_name":"The Cleric","floor":5,"gold_loss":50},{"damage_healed":0,"gold_gain":0,"player_choice":"Entered Light","damage_taken":16,"max_hp_gain":0,"max_hp_loss":0,"event_name":"Shining Light","floor":7,"gold_loss":0,"cards_upgraded":["Eruption","EmptyBody"]},{"damage_healed":0,"gold_gain":0,"player_choice":"Ignored","damage_taken":0,"max_hp_gain":0,"max_hp_loss":0,"event_name":"Ghosts","floor":19,"gold_loss":0},{"cards_removed":["Strike_P"],"damage_healed":0,"gold_gain":0,"player_choice":"Elegance","damage_taken":0,"max_hp_gain":0,"max_hp_loss":0,"event_name":"Back to Basics","floor":22,"gold_loss":0}],"is_beta":false,"boss_relics":[{"not_picked":["SacredBark","Velvet Choker"],"picked":"Tiny House"}],"items_purged_floors":[3,20],"is_endless":false,"potions_floor_spawned":[6,11,13,14,18,25,29,31],"killed_by":"Champ","ascension_level":0}}