{"host":"54vghy6hfkyy1r39","time":1609499539,"event":{"mods":["AchievementEnabler","BaseMod","Minty Spire (QoL Compilation)","StSLib","SuperFastMode","everything is the same but u backflip on backflip"],"gold_per_floor":[362,374,374,148,148,148,165,179,205,223,255,275,286,302,302,302,302],"floor_reached":16,"playtime":462,"items_purged":["Strike_P"],"score":106,"play_id":"beff41c8-0a93-40f8-9311-07f091318c0e","local_time":"20210101201219","is_ascension_mode":false,"campfire_choices":[{"data":"Vigilance","floor":6,"key":"SMITH"},{"floor":15,"key":"REST"}],"circlet_count":0,"master_deck":["Strike_P","Strike_P","Strike_P","Defend_P","Defend_P","Defend_P","Defend_P","Eruption+1","Vigilance+1","TalkToTheHand","FearNoEvil"],"relics":["PureWater","TheAbacus","Oddly Smooth Stone","Omamori"],"acts_visited":["Exordium"],"potions_floor_usage":[2],"damage_taken":[{"damage":1,"enemies":"Cultist","floor":1,"turns":4},{"damage":12,"enemies":"Small Slimes","floor":2,"turns":3},{"damage":0,"enemies":"Jaw Worm","floor":7,"turns":4},{"damage":3,"enemies":"Blue Slaver","floor":8,"turns":4},{"damage":8,"enemies":"Large Slime","floor":10,"turns":9},{"damage":20,"enemies":"Lagavulin","floor":11,"turns":4},{"damage":24,"enemies":"Lots of Slimes","floor":12,"turns":3},{"damage":0,"enemies":"Red Slaver","floor":13,"turns":3},{"damage":0,"enemies":"2 Fungi Beasts","floor":14,"turns":2},{"damage":28,"enemies":"Hexaghost","floor":16,"turns":11}],"seed_played":"-7564903165658752725","potions_obtained":[{"floor":1,"key":"ColorlessPotion"},{"floor":7,"key":"Ambrosia"},{"floor":12,"key":"StancePotion"}],"is_trial":false,"path_per_floor":["M","M","?","$","?","R","M","M","T","M","E","M","M","M","R","B"],"character_chosen":"WATCHER","items_purchased":["TheAbacus"],"campfire_rested":1,"item_purchase_floors":[4],"current_hp_per_floor":[71,59,59,59,59,59,59,56,56,48,28,4,4,4,24,0,0],"gold":302,"neow_bonus":"TWO_FIFTY_GOLD","is_daily":false,"chose_seed":false,"campfire_upgraded":1,"win_rate":0.0,"timestamp":1609499539,"path_taken":["M","?","?","$","?","R","M","?","T","M","E","M","M","M","R","BOSS"],"items_purchased_type":["Relic"],"build_version":"2020-12-22","purchased_purges":1,"victory":false,"max_hp_per_floor":[72,72,69,69,69,69,69,69,69,69,69,69,69,69,69,69,69],"card_choices":[{"not_picked":["Pray","CrushJoints","ForeignInfluence"],"picked":"SKIP","floor":1},{"not_picked":["WaveOfTheHand","FollowUp","DeceiveReality"],"picked":"SKIP","floor":2},{"not_picked":["Vengeance","Prostrate"],"picked":"TalkToTheHand","floor":7},{"not_picked":["Devotion","FollowUp"],"picked":"FearNoEvil","floor":8},{"not_picked":["EmptyFist","JustLucky","CarveReality"],"picked":"SKIP","floor":10},{"not_picked":["Crescendo","SashWhip","Pray"],"picked":"SKIP","floor":11},{"not_picked":["PathToVictory","FollowUp","BowlingBash"],"picked":"SKIP","floor":12},{"not_picked":["Vengeance","Brilliance","ThirdEye"],"picked":"SKIP","floor":13},{"not_picked":["SignatureMove","EmptyBody","ClearTheMind"],"picked":"SKIP","floor":14}],"player_experience":171118,"relics_obtained":[{"floor":9,"key":"Oddly Smooth Stone"},{"floor":11,"key":"Omamori"}],"event_choices":[{"cards_removed":["Parasite"],"damage_healed":0,"gold_gain":0,"player_choice":"Forget","damage_taken":0,"max_hp_gain":0,"max_hp_loss":0,"event_name":"Living Wall","floor":3,"gold_loss":0},{"damage_healed":0,"gold_gain":0,"player_choice":"Upgraded","damage_taken":0,"max_hp_gain":0,"max_hp_loss":0,"event_name":"Upgrade Shrine","floor":5,"gold_loss":0,"cards_upgraded":["Eruption"]}],"is_beta":false,"boss_relics":[],"items_purged_floors":[4],"is_endless":false,"potions_floor_spawned":[1,7,12],"killed_by":"Hexaghost","ascension_level":0}}