{"host":"yuqw1qbhv58x22od","time":1609527162,"event":{"mods":["BaseMod","Infinite Spire","Minty Spire (QoL Compilation)","Replay The Spire","StSLib","The Servant 0.9.4"],"gold_per_floor":[99,117,128,138,158,258,271,271,271,286,305,323,339,364,364,364,364],"floor_reached":16,"playtime":957,"items_purged":[],"score":110,"play_id":"ce74f8b2-b083-42db-ad39-356231f2f107","local_time":"20210101165242","is_ascension_mode":false,"campfire_choices":[{"data":"Choke","floor":8,"key":"SMITH"}],"circlet_count":0,"master_deck":["Strike_G","Strike_G","Strike_G","Strike_G","Strike_G","Defend_G","Defend_G","Defend_G","Defend_G","Defend_G","Survivor","Neutralize+1","Quick Slash","Quick Slash","Choke+1","Heel Hook","Crippling Poison","Bouncing Flask","Malaise","ReplayTheSpireMod:Necrosis"],"relics":["Ring of the Snake","Bottled Flame","Replay:Arrowhead"],"acts_visited":["Exordium"],"potions_floor_usage":[10,14,16],"damage_taken":[{"damage":1,"enemies":"2 Louse","floor":1,"turns":4},{"damage":0,"enemies":"Cultist","floor":2,"turns":3},{"damage":5,"enemies":"Jaw Worm","floor":3,"turns":5},{"damage":8,"enemies":"Exordium Wildlife","floor":4,"turns":4},{"damage":0,"enemies":"Large Slime","floor":5,"turns":5},{"damage":1,"enemies":"Red Slaver","floor":7,"turns":4},{"damage":0,"enemies":"Gremlin Gang","floor":10,"turns":5},{"damage":3,"enemies":"Lots of Slimes","floor":11,"turns":4},{"damage":2,"enemies":"Red Slaver","floor":12,"turns":3},{"damage":4,"enemies":"Large Slime","floor":13,"turns":4},{"damage":10,"enemies":"Gremlin Nob","floor":14,"turns":3},{"damage":38,"enemies":"Slime Boss","floor":16,"turns":8}],"seed_played":"3934654875780904388","potions_obtained":[{"floor":2,"key":"GamblersBrew"},{"floor":3,"key":"infinitespire:BlackPotion"},{"floor":5,"key":"Adrenaline Potion"},{"floor":10,"key":"Swift Potion"},{"floor":11,"key":"Weak Potion"}],"is_trial":false,"path_per_floor":["M","M","M","M","M","?","M","R","T","M","M","M","M","E","R","B"],"character_chosen":"THE_SILENT","items_purchased":[],"campfire_rested":0,"item_purchase_floors":[],"current_hp_per_floor":[69,69,64,56,56,56,55,55,55,55,52,50,46,36,36,0,0],"gold":364,"neow_bonus":"UPGRADE_CARD","is_daily":false,"chose_seed":false,"campfire_upgraded":1,"win_rate":0.0,"timestamp":1609527162,"path_taken":["M","M","M","M","M","?","M","R","T","M","M","?","M","E","R","BOSS"],"items_purchased_type":[],"build_version":"2020-12-22","purchased_purges":0,"victory":false,"max_hp_per_floor":[70,70,70,70,70,70,70,70,70,70,70,70,70,70,70,70,70],"card_choices":[{"not_picked":["Sucker Punch","Cloak And Dagger"],"picked":"Quick Slash","floor":1},{"not_picked":["Dodge and Roll","Endless Agony","Finisher"],"picked":"SKIP","floor":2},{"not_picked":["Slice","Flying Knee"],"picked":"Quick Slash","floor":3},{"not_picked":["Blade Dance","Dagger Spray"],"picked":"Choke","floor":4},{"not_picked":["Hidden Blade","Unload"],"picked":"Heel Hook","floor":5},{"not_picked":["PiercingWail","Flechettes","Slice"],"picked":"SKIP","floor":7},{"not_picked":["Flechettes","Flying Knee"],"picked":"Crippling Poison","floor":10},{"not_picked":["Dodge and Roll","Escape Plan"],"picked":"Sucker Punch","floor":11},{"not_picked":["Flechettes","Dagger Throw","Dagger Spray"],"picked":"SKIP","floor":12},{"not_picked":["PiercingWail","Quick Slash"],"picked":"Bouncing Flask","floor":13},{"not_picked":["PiercingWail","Dagger Throw"],"picked":"Malaise","floor":14}],"player_experience":160359,"relics_obtained":[{"floor":9,"key":"Bottled Flame"},{"floor":14,"key":"Replay:Arrowhead"}],"event_choices":[{"damage_healed":0,"gold_gain":100,"player_choice":"Gold","damage_taken":0,"max_hp_gain":0,"max_hp_loss":0,"event_name":"Wheel of Change","floor":6,"gold_loss":0}],"is_beta":false,"boss_relics":[],"items_purged_floors":[],"is_endless":false,"potions_floor_spawned":[2,3,5,10,11,12],"killed_by":"Slime Boss","ascension_level":0}}