{"host":"lkyw40t68mxhwfjf","time":1609502664,"event":{"mods":["2.2 Compatiblity","Act Like it!","Arknights The Spire","BaseMod","Hallownest","HololiveMod","Hubris","Koishi","Lobotomy","Marisa¡]Ãú«B¡@Å]²z¨F¡^","Minty Spire (QoL Compilation)","Prisma Mod","Reimu¡]³Õ???¡^","Remilia¡]Á¢¦Ì²ú?¡^","Replay The Spire","RumiaBox-ÅS¦Ì?ªº¯«¯µ²°¤l","StSLib","The Animator","The Servant 0.9.4","TheSwordswoman","WarShipGirlsR/??¤Ö¤kR mod","Youmu¡]»î¾z§¯?¡^","Yuyuko"],"gold_per_floor":[118,118,118,142,102,133,157,157,157,157,171,96,117,141,141,262,262,280,205,205,228,128,152,152,171,171,192,192,230,4,38,38,164,164,179,197,216,28,43,77,77,77,77,77,77,77,90,134,134,134],"floor_reached":51,"playtime":2842,"items_purged":["animator:Curse_Nutcracker","ats:Strike V"],"score":822,"play_id":"24b3cd1f-00ab-45be-995a-457a7e2c808c","local_time":"20210101200424","is_ascension_mode":false,"campfire_choices":[{"data":"ats:Closed Bolt Burst Fire","floor":8,"key":"SMITH"},{"floor":15,"key":"REST"},{"data":"ats:Durian","floor":24,"key":"SMITH"},{"data":"ats:Healing Strengthening","floor":28,"key":"SMITH"},{"data":"ats:Beaten Up","floor":32,"key":"SMITH"},{"floor":42,"key":"RECALL"},{"data":"ats:Wolf Pack","floor":44,"key":"SMITH"},{"data":"ats:Soul Rend","floor":46,"key":"SMITH"},{"data":"ats:Demon Strength","floor":49,"key":"SMITH"}],"circlet_count":0,"master_deck":["ats:Strike C","ats:Strike G","ats:Strike S","ats:Armor Crushing Shot","ats:Defend","ats:Defend","ats:Defend","ats:Defend","ats:Emotion Absorption+1","ats:Collapsing Strike","ats:Overload","ats:Cat Scratch","ats:Beaten Up+1","ats:Shadow Raid","ats:Demon Strength+1","ats:Shadow Assault","ats:Closed Bolt Burst Fire+1","ats:Magnetic Hammer","ats:Sword Rain","ats:Durian+1","ats:Apocalypse","ats:Healing Strengthening+1","ats:Assault Order+1","ats:Rapid Magazine+1","ats:Chain Hook","ats:Soul Rend+1","ats:Red Shift","ats:True Silver Slash","ats:Blood Oath","ats:Shell Defense+1","ats:Leaping Hammer+1","ats:Song Of Battle+1","ats:Wolf Pack+1","Hallownest:curseDreamersLament"],"relics":["ats:Sanity","Replay:Baseball","Golden Idol","ats:Originium","MagicDraw3","Quantum Egg","Ring of Peace","ReplayTheSpireMod:Ring of Addiction","SacredBark","hubris:EmptyBottle","ats:Omniscience","Gremlin Horn","Toy Ornithopter","Snack Pack","EasyGame_NEW","ats:Special","Happy Flower","MagicDraw2","Hallownest:BeastSealRelic","hubris:TenFootPole"],"acts_visited":["Exordium","TheCity","Hallownest:KingdomsEdge"],"potions_floor_usage":[29,31,31,31,37,50,50],"damage_taken":[{"damage":6,"enemies":"2 Louse","floor":1,"turns":3},{"damage":1,"enemies":"Cultist","floor":4,"turns":3},{"damage":28,"enemies":"Gremlin Nob","floor":6,"turns":4},{"damage":0,"enemies":"Small Slimes","floor":7,"turns":1},{"damage":10,"enemies":"3 Louse","floor":11,"turns":3},{"damage":0,"enemies":"Exordium Thugs","floor":13,"turns":4},{"damage":0,"enemies":"Large Slime","floor":14,"turns":5},{"damage":32,"enemies":"Hexaghost","floor":16,"turns":8},{"damage":12,"enemies":"Spheric Guardian","floor":18,"turns":4},{"damage":0,"enemies":"Chosen","floor":21,"turns":4},{"damage":0,"enemies":"Snecko","floor":23,"turns":4},{"damage":20,"enemies":"Centurion and Healer","floor":25,"turns":5},{"damage":39,"enemies":"Snake Plant","floor":27,"turns":5},{"damage":4,"enemies":"Gremlin Leader","floor":29,"turns":9},{"damage":2,"enemies":"Replay:Snechameleon","floor":31,"turns":7},{"damage":36,"enemies":"Champ","floor":33,"turns":10},{"damage":20,"enemies":"Hallownest:Shield_Heavy","floor":35,"turns":5},{"damage":15,"enemies":"Hallownest:3_Siblings","floor":36,"turns":6},{"damage":84,"enemies":"Hallownest:Xero_Hu_Marmu","floor":37,"turns":12},{"damage":29,"enemies":"Hallownest:Shield_Sturdy","floor":39,"turns":6},{"damage":32,"enemies":"Hallownest:StalkingDevout","floor":40,"turns":8},{"damage":27,"enemies":"Hallownest:monsterPrimalAspid","floor":47,"turns":4},{"damage":38,"enemies":"Hallownest:eliteCollector","floor":48,"turns":8},{"damage":94,"enemies":"Hallownest:BossHollowKnight","floor":50,"turns":9}],"seed_played":"-7092711490898925302","potions_obtained":[{"floor":1,"key":"Weak Potion"},{"floor":10,"key":"LiquidMemories"},{"floor":10,"key":"Adrenaline Potion"},{"floor":36,"key":"Elixir"},{"floor":39,"key":"LifebloodPotion"}],"is_trial":false,"path_per_floor":["M","?","?","M","?","E","M","R","T","?","M","$","M","M","R","B",null,"M","?","?","M","$","M","R","M","T","M","R","E","$","E","R","B",null,"M","M","M","$","M","E","$","R","T","R","?","R","M","E","R","B",null],"character_chosen":"DOCTOR_CLASS","items_purchased":["ats:Red Shift","Toy Ornithopter","ats:Leaping Hammer+1","ats:Special"],"campfire_rested":1,"item_purchase_floors":[30,30,38,38],"current_hp_per_floor":[66,66,66,65,65,37,37,37,37,37,27,27,27,27,48,16,68,56,56,56,60,60,60,60,45,45,11,11,19,19,54,54,60,60,49,58,44,44,58,58,56,56,56,54,54,54,47,52,52,35],"gold":134,"neow_bonus":"RANDOM_COMMON_RELIC","is_daily":false,"chose_seed":false,"campfire_upgraded":7,"win_rate":0.0,"timestamp":1609502664,"path_taken":["M","?","?","M","?","E","M","R","T","?","M","$","M","M","R","BOSS","M","?","?","M","$","?","R","M","T","M","R","E","$","E","R","BOSS","M","?","M","$","M","E","$","R","T","R","?","R","M","E","R","BOSS"],"items_purchased_type":["Card","Relic","Card","Relic"],"build_version":"2020-12-22","purchased_purges":2,"victory":true,"max_hp_per_floor":[72,72,72,72,72,72,72,72,72,72,72,72,72,70,70,70,68,68,68,66,66,66,64,64,64,62,62,62,60,60,60,60,60,60,58,58,58,58,58,58,56,56,56,54,54,54,52,52,52,50],"card_choices":[{"not_picked":["ats:Spore Proliferation","ats:Poison Spread"],"picked":"ats:Collapsing Strike","floor":1},{"not_picked":["ats:Thorns","ats:Cat Scratch"],"picked":"ats:Overload","floor":4},{"not_picked":[],"picked":"ats:Cat Scratch","floor":5},{"not_picked":[],"picked":"ats:Beaten Up","floor":5},{"not_picked":[],"picked":"ats:Shadow Raid","floor":5},{"not_picked":[],"picked":"ats:Demon Strength","floor":5},{"not_picked":[],"picked":"ats:Shadow Assault","floor":5},{"not_picked":["ats:Leaping Hammer","ats:Assault Order"],"picked":"ats:Closed Bolt Burst Fire","floor":6},{"not_picked":["ats:Consecutive Shot Auto","ats:Childhood Dance"],"picked":"ats:Magnetic Hammer","floor":7},{"not_picked":["ats:Consecutive Shot Auto","ats:Curse Doll"],"picked":"ats:Sword Rain","floor":11},{"not_picked":["ats:Part Time Job","ats:Closed Bolt Burst Fire","ats:Childhood Dance"],"picked":"SKIP","floor":13},{"not_picked":["ats:Powerful Strike","ats:Soul Absorption","ats:Demon Strength"],"picked":"SKIP","floor":14},{"not_picked":["ats:Shadow Assault","ats:Disruption Kick"],"picked":"ats:Durian","floor":16},{"not_picked":["ats:Revitalization","ats:Explosion Area Strengthen"],"picked":"ats:Apocalypse","floor":18},{"not_picked":["ats:Hammer On","ats:Curse Doll"],"picked":"ats:Healing Strengthening","floor":21},{"not_picked":["ats:Hook Shot","ats:Cat Scratch"],"picked":"ats:Assault Order+1","floor":23},{"not_picked":["ats:Overload","ats:Explosion Area Strengthen"],"picked":"ats:Rapid Magazine+1","floor":25},{"not_picked":["ats:Ignite","ats:Magnetic Hammer"],"picked":"ats:Chain Hook","floor":27},{"not_picked":["ats:Counter Healing Mode+1","ats:Revitalization"],"picked":"ats:Soul Rend","floor":29},{"not_picked":["ats:Curse Doll","ats:Powerful Strike","ats:Durian"],"picked":"SKIP","floor":31},{"not_picked":["ats:Wolf Pack","ats:Rat Pack"],"picked":"ats:True Silver Slash","floor":33},{"not_picked":["ats:Leaping Hammer","ats:Flame Of Heaven+1"],"picked":"ats:Blood Oath","floor":35},{"not_picked":["ats:Directed Diagnosis","ats:Poison Spread+1"],"picked":"ats:Shell Defense+1","floor":36},{"not_picked":["ats:Shell Defense+1","ats:Childhood Dance+1","ats:Apocalypse"],"picked":"SKIP","floor":37},{"not_picked":["ats:Beaten Up+1","ats:Powerful Strike+1"],"picked":"ats:Song Of Battle+1","floor":39},{"not_picked":["ats:Childhood Dance","ats:Healing Drone+1"],"picked":"ats:Wolf Pack","floor":40},{"not_picked":["ats:Consecutive Shot Auto","ats:Flame Of Heaven+1","ats:Poison Spread"],"picked":"SKIP","floor":47},{"not_picked":["ats:Automatic Cover","ats:Leaping Hammer+1","ats:Consecutive Shot Auto+1"],"picked":"SKIP","floor":48}],"player_experience":384459,"relics_obtained":[{"floor":6,"key":"ats:Originium"},{"floor":6,"key":"MagicDraw3"},{"floor":9,"key":"Quantum Egg"},{"floor":10,"key":"Ring of Peace"},{"floor":10,"key":"ReplayTheSpireMod:Ring of Addiction"},{"floor":10,"key":"SacredBark"},{"floor":10,"key":"hubris:EmptyBottle"},{"floor":29,"key":"ats:Originium"},{"floor":29,"key":"Gremlin Horn"},{"floor":31,"key":"ats:Originium"},{"floor":31,"key":"Snack Pack"},{"floor":40,"key":"Happy Flower"},{"floor":43,"key":"MagicDraw2"},{"floor":48,"key":"hubris:TenFootPole"}],"event_choices":[{"damage_healed":0,"gold_gain":0,"player_choice":"Grow","damage_taken":0,"max_hp_gain":0,"max_hp_loss":0,"event_name":"Living Wall","floor":2,"gold_loss":0,"cards_upgraded":["ats:Emotion Absorption"]},{"damage_healed":0,"gold_gain":0,"player_choice":"Take Wound","damage_taken":0,"relics_obtained":["Golden Idol"],"max_hp_gain":0,"max_hp_loss":0,"event_name":"Golden Idol","floor":3,"gold_loss":0,"cards_obtained":["Injury"]},{"cards_removed":["Injury"],"damage_healed":0,"gold_gain":0,"player_choice":"Gave Gold","damage_taken":0,"max_hp_gain":0,"max_hp_loss":0,"event_name":"Beggar","floor":19,"gold_loss":75},{"damage_healed":0,"gold_gain":0,"player_choice":"Ignored","damage_taken":0,"max_hp_gain":0,"max_hp_loss":0,"event_name":"NoteForYourself","floor":20,"gold_loss":0}],"is_beta":false,"boss_relics":[{"not_picked":["Honey Jar","Kintsugi"],"picked":"ats:Omniscience"},{"not_picked":["Calling Bell","Pandora\u0027s Box"],"picked":"EasyGame_NEW"}],"items_purged_floors":[12,22],"is_endless":false,"potions_floor_spawned":[1,11,13,14,23,25,27,36,39,40],"ascension_level":0}}