{"host":"f14d6hm2349s9jse","time":1609470229,"event":{"mods":["2.2 Compatiblity","BaseMod","JesterMod","Minty Spire (QoL Compilation)","StSLib"],"gold_per_floor":[109,109,122,73,73,108,121,140,140,155,80,106,106,119,119,214,214,234,214,228,238,238,267,267,267,267],"floor_reached":25,"playtime":2266,"items_purged":[],"score":283,"play_id":"f4ff3ad5-7f59-4e0b-8569-a5f75d7c8cbc","local_time":"20201231220349","is_ascension_mode":false,"campfire_choices":[{"floor":13.0,"key":"REST"},{"data":"jesterMod:Juggler","floor":15.0,"key":"SMITH"},{"floor":24,"key":"REST"}],"circlet_count":0,"master_deck":["jesterMod:Strike","jesterMod:Strike","jesterMod:Strike","jesterMod:Strike","jesterMod:Sickle+1","jesterMod:Defend","jesterMod:Defend","jesterMod:Defend","jesterMod:Defend","jesterMod:Dodge","CurseOfTheBell","jesterMod:Prankster","jesterMod:Mending","jesterMod:TrickyDodge","Flash of Steel","jesterMod:Finale","jesterMod:Encore","jesterMod:Precipitation","jesterMod:Precipitation","jesterMod:Mending","jesterMod:Juggler+1","jesterMod:Squander","jesterMod:Precipitation","jesterMod:Prankster","jesterMod:Illness","Writhe","jesterMod:HedgehogForm"],"relics":["Calling Bell","Strawberry","Pear","Turnip","Pen Nib","TungstenRod","jesterMod:HauntedLute","Dream Catcher","StoneCalendar"],"acts_visited":["Exordium","TheCity"],"potions_floor_usage":[23,23],"damage_taken":[{"damage":6.0,"enemies":"Jaw Worm","floor":1.0,"turns":4.0},{"damage":2.0,"enemies":"Cultist","floor":3.0,"turns":6.0},{"damage":25.0,"enemies":"Gremlin Nob","floor":6.0,"turns":5.0},{"damage":1.0,"enemies":"2 Louse","floor":7.0,"turns":4.0},{"damage":0.0,"enemies":"Red Slaver","floor":8.0,"turns":1.0},{"damage":16.0,"enemies":"Exordium Wildlife","floor":10.0,"turns":8.0},{"damage":0.0,"enemies":"Lagavulin","floor":12.0,"turns":7.0},{"damage":5.0,"enemies":"2 Fungi Beasts","floor":14.0,"turns":4.0},{"damage":27,"enemies":"Slime Boss","floor":16,"turns":9},{"damage":4,"enemies":"Shell Parasite","floor":18,"turns":9},{"damage":2,"enemies":"Spheric Guardian","floor":20,"turns":5},{"damage":16,"enemies":"Centurion and Healer","floor":21,"turns":6},{"damage":40,"enemies":"Slavers","floor":23,"turns":5},{"damage":61,"enemies":"Cultist and Chosen","floor":25,"turns":5}],"seed_played":"1779822054827282273","potions_obtained":[{"floor":3.0,"key":"ColorlessPotion"},{"floor":7.0,"key":"SneckoOil"},{"floor":8.0,"key":"Strength Potion"},{"floor":12.0,"key":"SpeedPotion"},{"floor":19,"key":"DistilledChaos"},{"floor":20,"key":"Explosive Potion"},{"floor":23,"key":"LiquidBronze"}],"is_trial":false,"path_per_floor":["M","?","M","$","?","E","M","M","T","M","$","E","R","M","R","B",null,"M","?","M","M","?","E","R","M"],"character_chosen":"THE_JESTER","items_purchased":["jesterMod:TrickyDodge","jesterMod:Mending"],"campfire_rested":2,"item_purchase_floors":[4,11],"current_hp_per_floor":[81,81,79,79,79,54,53,53,53,37,37,37,63,58,58,31,87,83,83,81,65,65,25,51,0,0],"gold":267,"neow_bonus":"BOSS_RELIC","is_daily":false,"chose_seed":false,"campfire_upgraded":1,"win_rate":0.0,"timestamp":1609470229,"path_taken":["M","?","M","?","?","E","M","M","T","?","$","E","R","M","R","BOSS","M","?","?","M","?","E","R","M"],"items_purchased_type":["Card","Card"],"build_version":"2020-12-22","purchased_purges":0,"victory":false,"max_hp_per_floor":[87,87,87,87,87,87,87,87,87,87,87,87,87,87,87,87,87,87,87,87,87,87,87,87,87,87],"card_choices":[{"not_picked":["jesterMod:Anticipation","jesterMod:BouncingKnife"],"picked":"jesterMod:Prankster","floor":1.0},{"not_picked":["jesterMod:QuickStrike","jesterMod:Dilapidation"],"picked":"jesterMod:Mending","floor":3.0},{"not_picked":["jesterMod:Flee","jesterMod:Feint"],"picked":"jesterMod:Encore","floor":6.0},{"not_picked":["jesterMod:Feint","jesterMod:OblivionStrike","jesterMod:Patience"],"picked":"SKIP","floor":7.0},{"not_picked":["jesterMod:SmokeScreen","jesterMod:Tinker"],"picked":"jesterMod:Precipitation","floor":8.0},{"not_picked":["jesterMod:BouncingKnife","jesterMod:Talion"],"picked":"jesterMod:Precipitation","floor":10.0},{"not_picked":["jesterMod:DancingMad","jesterMod:JackInTheBox","jesterMod:Tinker"],"picked":"SKIP","floor":12.0},{"not_picked":["jesterMod:FlameDance","jesterMod:Patience"],"picked":"jesterMod:Juggler","floor":14.0},{"not_picked":["jesterMod:Encore","jesterMod:BoilDown"],"picked":"jesterMod:Squander","floor":16},{"not_picked":["jesterMod:Procrastination","jesterMod:FlameDance+1"],"picked":"jesterMod:Precipitation","floor":18},{"not_picked":["jesterMod:Pause","jesterMod:Precipitation"],"picked":"jesterMod:Prankster","floor":20},{"not_picked":["jesterMod:DancingMad+1","jesterMod:Tinker+1"],"picked":"jesterMod:Illness","floor":21},{"not_picked":["jesterMod:Loot","jesterMod:FlameDance"],"picked":"jesterMod:HedgehogForm","floor":23}],"player_experience":2471166,"relics_obtained":[{"floor":0.0,"key":"Strawberry"},{"floor":0.0,"key":"Pear"},{"floor":0.0,"key":"Turnip"},{"floor":6.0,"key":"Pen Nib"},{"floor":12.0,"key":"TungstenRod"},{"floor":23,"key":"StoneCalendar"}],"event_choices":[{"damage_healed":0.0,"max_hp_gain":0.0,"max_hp_loss":0.0,"gold_gain":0.0,"event_name":"Accursed Blacksmith","player_choice":"Forge","floor":2.0,"gold_loss":0.0,"damage_taken":0.0,"cards_upgraded":["jesterMod:Sickle"]},{"damage_healed":0.0,"max_hp_gain":0.0,"max_hp_loss":0.0,"gold_gain":0.0,"event_name":"Match and Keep!","player_choice":"2 cards matched","floor":5.0,"gold_loss":0.0,"damage_taken":0.0,"cards_obtained":["Flash of Steel","jesterMod:Finale"]},{"damage_healed":0,"gold_gain":0,"player_choice":"Bought 1 Potion","damage_taken":0,"max_hp_gain":0,"max_hp_loss":0,"event_name":"The Woman in Blue","floor":19,"gold_loss":0},{"damage_healed":0,"gold_gain":0,"player_choice":"Opened","damage_taken":0,"relics_obtained":["Dream Catcher"],"max_hp_gain":0,"max_hp_loss":0,"event_name":"The Mausoleum","floor":22,"gold_loss":0,"cards_obtained":["Writhe"]}],"is_beta":false,"boss_relics":[{"not_picked":["Empty Cage","Tiny House"],"picked":"jesterMod:HauntedLute"}],"items_purged_floors":[],"is_endless":false,"potions_floor_spawned":[3,7,8,12,20,23],"killed_by":"Cultist and Chosen","ascension_level":0}}