{"host":"33kas9umj6uktrgm","time":1609483932,"event":{"mods":["Act Like it!","BaseMod","Colored Powertips","Gensokyo","Koishi","Marisa£®ÏF”Í°°ƒß¿Ì…≥£©","Minty Spire (QoL Compilation)","Remilia£®¿Ÿ√◊¿Ú—«£©","StSLib","The Administrix","UnlockEverythingMod","Waifu the Spire","Yakumo Yukari mod","Yuyuko","noobMod"],"gold_per_floor":[117,146,158,171,171,201,201,230,254,268,285,296,296,308,308,403,403,415,415,129,0,19,73,73,88,112,138,17,346,356,393,393,489,489,507,522,173,190,207,241,241,241,288,288,288,288,320,230,230,230,230,230,1,28,28],"floor_reached":56,"playtime":3775,"items_purged":["BlasphemousPunishment","Pride"],"score":1417,"play_id":"c91dabfe-0343-4898-a3e5-1e57733e2e51","local_time":"20210101145212","is_ascension_mode":false,"campfire_choices":[{"data":"RedMoon","floor":7,"key":"SMITH"},{"data":"LeisurelyOfLord","floor":13,"key":"SMITH"},{"data":"DiffusionOfMisfortune","floor":15,"key":"SMITH"},{"data":"BloodyMagicSquare","floor":32,"key":"SMITH"},{"data":"BlasphemousPunishment","floor":41,"key":"SMITH"},{"data":"HeartBreak","floor":44,"key":"SMITH"},{"data":"Gensokyo:PrivateSquare","floor":46,"key":"SMITH"},{"floor":49,"key":"RECALL"},{"data":"BloodyCatastrophe","floor":52,"key":"SMITH"}],"circlet_count":0,"master_deck":["RedMoon+1","ScarletShoot","MiserableFate","StarOfDavid","EndlessAdversity","DiffusionOfMisfortune+1","LeisurelyOfLord+1","FitfulNightmare+1","ScarletSymphony","Stigmanizer+1","StarOfDavid","QueenOfMidnight+1","UnstableMagic","HeartBreak+1","ChainGang","ScarletCoffin","NightDance","ScarletMeister+1","ScarletCoffin+1","StarOfDavid+1","Night Terror+1","FavorOfDestiny+1","VampirishNight+1","ScarletMeister+1","ScarletImprint","EternalNight+1","BombardNight","CeilingFear","FitfulNightmare+1","FitfulNightmare+1","CharismaGuard+1","BloodyMagicSquare+1","BlasphemousPunishment+1","DemonKingCradle+1","NightDance","DiffusionOfMisfortune","EternalNight+1","Gensokyo:MenInBlack","NightDance","ScarletNetherworld+1","BloodyCatastrophe+1","Gensokyo:PrivateSquare+1","EternalNight","Gensokyo:CustomPotion","Apotheosis","RedRainbow+1"],"relics":["ScarletHat","ice","ScarletDevilRocket","Blood Vial","Strawberry","Frozen Egg 2","Ornamental Fan","Pandora\u0027s Box","Orrery","Torii","Gensokyo:ChorusOfJoy","PreservedInsect","Smiling Mask","Old Coin","ScarletEmblem","Ginger","Unceasing Top","DollysMirror","Calipers","Pocketwatch","Boot","Potion Belt","Pantograph"],"acts_visited":["Gensokyo:Gensokyo","Gensokyo:Gensokyoer","Gensokyo:Gensokyoest","TheEnding"],"potions_floor_usage":[16,25,33,33,35,35,50,55],"damage_taken":[{"damage":4,"enemies":"Gensokyo:Python","floor":1,"turns":5},{"damage":40,"enemies":"Gensokyo:Mamizou","floor":2,"turns":15},{"damage":2,"enemies":"Gensokyo:Gryphon","floor":3,"turns":4},{"damage":0,"enemies":"Gensokyo:2_Kodama","floor":4,"turns":3},{"damage":3,"enemies":"Gensokyo:Mamizou","floor":6,"turns":10},{"damage":13,"enemies":"Gensokyo:Cirno","floor":8,"turns":7},{"damage":3,"enemies":"Gensokyo:Gryphon_and_Rabbit","floor":10,"turns":7},{"damage":0,"enemies":"Gensokyo:LivingMonolith","floor":11,"turns":3},{"damage":17,"enemies":"Gensokyo:2_Rabbits","floor":12,"turns":6},{"damage":8,"enemies":"Gensokyo:CorruptedTreant","floor":14,"turns":2},{"damage":28,"enemies":"Gensokyo:Reimu","floor":16,"turns":11},{"damage":10,"enemies":"Gensokyo:2_Gloops","floor":18,"turns":2},{"damage":4,"enemies":"Gensokyo:CosmicMonolith","floor":22,"turns":4},{"damage":71,"enemies":"Gensokyo:Tenshi","floor":23,"turns":4},{"damage":3,"enemies":"Gensokyo:Wraith","floor":25,"turns":3},{"damage":0,"enemies":"Gensokyo:Koishi","floor":29,"turns":4},{"damage":13,"enemies":"Gensokyo:Slime_Group","floor":30,"turns":4},{"damage":32,"enemies":"Gensokyo:Monolith_and_Dog","floor":31,"turns":4},{"damage":63,"enemies":"Gensokyo:Eiki","floor":33,"turns":9},{"damage":51,"enemies":"Gensokyo:3_Bats","floor":35,"turns":3},{"damage":56,"enemies":"Gensokyo:AncientGuardian","floor":36,"turns":7},{"damage":80,"enemies":"Gensokyo:Rafflesia","floor":38,"turns":7},{"damage":56,"enemies":"Gensokyo:SeedOfUnknown","floor":39,"turns":4},{"damage":57,"enemies":"Gensokyo:Marisa","floor":40,"turns":3},{"damage":64,"enemies":"Gensokyo:Kasen","floor":47,"turns":5},{"damage":41,"enemies":"Gensokyo:Yuyuko","floor":50,"turns":7},{"damage":77,"enemies":"Shield and Spear","floor":54,"turns":4},{"damage":144,"enemies":"The Heart","floor":55,"turns":9}],"seed_played":"2903484700551366956","potions_obtained":[{"floor":2,"key":"Swift Potion"},{"floor":3,"key":"Weak Potion"},{"floor":4,"key":"Dexterity Potion"},{"floor":11,"key":"BlessingOfTheForge"},{"floor":14,"key":"BlessingOfTheForge"},{"floor":22,"key":"BlessingOfTheForge"},{"floor":29,"key":"LiquidBronze"},{"floor":30,"key":"Energy Potion"},{"floor":33,"key":"Fruit Juice"},{"floor":35,"key":"Fruit Juice"},{"floor":38,"key":"DuplicationPotion"}],"is_trial":false,"path_per_floor":["M","?","M","M","?","E","R","E","T","M","M","M","R","M","R","B",null,"M","?","COS","?","M","E","?","M","T","T","$","E","M","M","R","B",null,"M","M","COS","M","M","E","R","?","T","R","?","R","E","?","R","B",null,"R","$","E","B",null],"character_chosen":"REMILIA","items_purchased":["FitfulNightmare+1","Apotheosis"],"campfire_rested":0,"item_purchase_floors":[28,53],"current_hp_per_floor":[71,39,41,44,41,44,44,38,38,44,48,37,37,33,33,17,82,82,74,74,74,80,31,31,34,34,34,34,48,50,54,54,82,82,92,92,92,92,92,92,92,56,56,56,56,56,46,46,46,87,92,92,92,73,29],"gold":28,"neow_bonus":"RANDOM_COMMON_RELIC","is_daily":false,"chose_seed":false,"campfire_upgraded":8,"win_rate":0.0,"timestamp":1609483932,"path_taken":["M","?","M","M","?","E","R","E","T","M","M","M","R","?","R","BOSS","M","?","COS","?","M","E","?","?","T","?","?","E","M","M","R","BOSS","M","M","COS","M","M","E","R","?","T","R","?","R","E","?","R","BOSS","R","$","E","BOSS"],"items_purchased_type":["Card","Card"],"build_version":"2020-12-22","purchased_purges":2,"victory":true,"max_hp_per_floor":[75,75,75,75,82,82,82,82,82,82,82,82,82,82,82,82,82,82,82,82,82,82,82,82,82,82,82,82,82,82,82,82,82,82,92,92,92,92,92,92,92,92,92,92,92,92,92,92,92,92,92,92,92,92,92],"card_choices":[{"not_picked":["ScarletImprint","BombardNight"],"picked":"MiserableFate","floor":1},{"not_picked":["ScarletImprint","ScarletDevil"],"picked":"StarOfDavid","floor":2},{"not_picked":["UltimateOffering","BadLadyScramble"],"picked":"EndlessAdversity","floor":3},{"not_picked":["UnderTheZenith","RedMagic"],"picked":"DiffusionOfMisfortune","floor":4},{"not_picked":["VampireClaw","ScarletDevil"],"picked":"LeisurelyOfLord","floor":6},{"not_picked":["MillenniumVampire","StarOfDavid"],"picked":"FitfulNightmare+1","floor":8},{"not_picked":["UnderTheZenith","CurseOfVladTepes+1"],"picked":"ScarletSymphony","floor":10},{"not_picked":["EndlessAdversity","Maim"],"picked":"Stigmanizer","floor":11},{"not_picked":["UnderTheZenith","ScarletGensokyo","BloodHunter"],"picked":"SKIP","floor":12},{"not_picked":["UnderTheZenith","BlasphemousPunishment"],"picked":"StarOfDavid","floor":14},{"not_picked":["EquivalentExchange+1","TricksterDevil+1"],"picked":"QueenOfMidnight+1","floor":16},{"not_picked":["Maim","BlasphemousPunishment"],"picked":"StarOfDavid+1","floor":18},{"not_picked":["BombardNight","ScarletDevil"],"picked":"FavorOfDestiny+1","floor":20},{"not_picked":["BloodHunter","MastersStateliness+1"],"picked":"VampirishNight+1","floor":20},{"not_picked":["BloodHunter","EndlessAdversity+1"],"picked":"ScarletMeister+1","floor":20},{"not_picked":["GlobalNightmare","ScarletDevil+1"],"picked":"ScarletImprint","floor":20},{"not_picked":["CharismaGuard+1","VampireKiss"],"picked":"EternalNight+1","floor":20},{"not_picked":["VampireFantasy","DiffusionOfMisfortune"],"picked":"BombardNight","floor":22},{"not_picked":["FavorOfDestiny","VampireSweep","SuperhumanBloodyKnife+1"],"picked":"SKIP","floor":23},{"not_picked":["ScarletDevilSign","Stigmanizer"],"picked":"CeilingFear","floor":25},{"not_picked":["ScarletDevilSign+1","BlasphemousPunishment"],"picked":"FitfulNightmare+1","floor":29},{"not_picked":["BloodHunter","EternalNight"],"picked":"CharismaGuard+1","floor":29},{"not_picked":["VampireKiss","RedRainbow"],"picked":"BloodyMagicSquare","floor":30},{"not_picked":["EndlessAdversity","MastersStateliness+1"],"picked":"BlasphemousPunishment","floor":31},{"not_picked":["EquivalentExchange+1","ScarletCoffin"],"picked":"DemonKingCradle+1","floor":33},{"not_picked":["EndlessAdversity","EmergencyRegeneration"],"picked":"NightDance","floor":35},{"not_picked":["UnstableMagic","EndlessAdversity"],"picked":"DiffusionOfMisfortune","floor":36},{"not_picked":["MastersStateliness+1","UnstableMagic"],"picked":"NightDance","floor":38},{"not_picked":["Maim","ReincarnationDial"],"picked":"ScarletNetherworld+1","floor":39},{"not_picked":["Stigmanizer","BlasphemousPunishment+1","SuperhumanBloodyKnife"],"picked":"SKIP","floor":39},{"not_picked":["EndlessAdversity","StarOfDavid+1"],"picked":"BloodyCatastrophe","floor":40},{"not_picked":["BadLadyScramble+1","FavorOfDestiny+1"],"picked":"EternalNight","floor":47},{"not_picked":["StarOfDavid+1","MastersStateliness+1"],"picked":"RedRainbow+1","floor":54}],"player_experience":82503,"relics_obtained":[{"floor":2,"key":"Blood Vial"},{"floor":6,"key":"Frozen Egg 2"},{"floor":8,"key":"Ornamental Fan"},{"floor":23,"key":"Torii"},{"floor":26,"key":"PreservedInsect"},{"floor":27,"key":"Smiling Mask"},{"floor":29,"key":"Old Coin"},{"floor":35,"key":"Ginger"},{"floor":40,"key":"Calipers"},{"floor":43,"key":"Boot"},{"floor":47,"key":"Potion Belt"},{"floor":54,"key":"Pantograph"}],"event_choices":[],"is_beta":false,"boss_relics":[{"not_picked":["Astrolabe","Runic Dome"],"picked":"Pandora\u0027s Box"},{"not_picked":["Runic Pyramid","Fusion Hammer"],"picked":"ScarletEmblem"}],"items_purged_floors":[28,53],"is_endless":false,"potions_floor_spawned":[2,3,4,11,12,14,22,29,30,31,33,38,39,40],"ascension_level":0}}