{"host":"xu0zbcebhy6w9mdv","time":1609540126,"event":{"mods":["AchievementEnabler","Act Like it!","Aspiration","BaseMod","Better Match","Better Third Choice","BetterRewards","Colored Powertips","Downfall","Duelist Mod","Friendly Minions","Gensokyo","Hallownest","Hubris","Infinite Spire","Marisa????????","Minty Spire (QoL Compilation)","Potionbrewer","Quick Restart","READ ME - Guardian Mod","READ ME - Snecko Mod","Rare Cards Sparkle","Replay The Spire","Shop Mod","StSLib","The Animator","The Blackbeard","The Bug Knight","The Cursed","The Hierophant","The Necromancer","The Runesmith","The Servant 0.9.4"],"gold_per_floor":[138,151,151,151,151,151,182,199,224,133,133,133,133,158,158,260,260,273,198,0,17,17,17,33,43,43,56,56,68,68,84,84,184,184,203,203,220,234,252,252,287,303,303,315,335,348,348,348,348,348],"floor_reached":51,"playtime":7943,"items_purged":["theDuelist:Sparks"],"score":1188,"play_id":"abf609d3-8182-4e79-9517-77fbeb803ea9","local_time":"20210101172846","is_ascension_mode":true,"campfire_choices":[{"floor":6,"key":"REST"},{"data":"Blind","floor":15,"key":"SMITH"},{"data":"theDuelist:CyberDragonSieger","floor":23,"key":"SMITH"},{"floor":30,"key":"REST"},{"data":"theDuelist:BusterDrake","floor":32,"key":"SMITH"},{"floor":40,"key":"REST"},{"floor":47,"key":"REST"},{"floor":49,"key":"REST"}],"circlet_count":0,"master_deck":["AscendersBane","theDuelist:BabyDragon+1","theDuelist:CastleWalls","theDuelist:CastleWalls","theDuelist:CaveDragon","theDuelist:CaveDragon+1","theDuelist:LesserDragon","theDuelist:LesserDragon","theDuelist:Sparks","theDuelist:YamataDragon","theDuelist:CoralDragon","theDuelist:ArmageddonDragonEmp","ReplayTheSpireMod:Book of Names","theDuelist:MiraculousDescent","theDuelist:CyberDragonSieger+1","Blind+1","Bandage Up","theDuelist:SliferSky","theDuelist:CoralDragon","theDuelist:SummonerOrbCard","hubris:InfiniteBlow","hubris:NaturalOne","theDuelist:BlueBloodedOni+1","theDuelist:GravityLash","theDuelist:BusterDrake+1","theDuelist:DragonMastery","TheCursedMod:Dregs","theDuelist:GreyGreedOni","infinitespire:Starlight","theDuelist:DragonZombie","theDuelist:CastleDragonSouls+1"],"relics":["theDuelist:MillenniumPuzzle","theDuelist:CardPoolRelic","theDuelist:CardPoolBasicRelic","theDuelist:BoosterPackPoolRelic","theDuelist:CardPoolAddRelic","theDuelist:CardPoolMinusRelic","theDuelist:CardPoolSaveRelic","theDuelist:CardPoolOptionsRelic","Solar Panel","hubris:Icosahedron","Anchor","hubris:FruitBowl","hubris:KleinBottle","hubris:EvacipatedBox","Cables","Runesmith:AutoHammer","Nunchaku","hubris:Towel","War Paint","Busted Crown","Anchor","theDuelist:OrbCardRelic","Bag of Marbles","ReplayTheSpireMod:SealedPack","theDuelist:MetronomeRelicB","Paper Crane","hubris:PeanutButter"],"acts_visited":["Exordium","Exordium","Gensokyo:Gensokyoer"],"potions_floor_usage":[8,14,14,33,33,42,44,46],"damage_taken":[{"damage":0,"enemies":"Cultist","floor":1,"turns":2},{"damage":6,"enemies":"Jaw Worm","floor":2,"turns":3},{"damage":10,"enemies":"Gremlin Nob","floor":7,"turns":4},{"damage":0,"enemies":"2 Louse","floor":8,"turns":3},{"damage":0,"enemies":"Lagavulin","floor":14,"turns":7},{"damage":26,"enemies":"The Guardian","floor":16,"turns":10},{"damage":8,"enemies":"Gensokyo:3_Dogs","floor":18,"turns":5},{"damage":37,"enemies":"Gensokyo:Chomper","floor":21,"turns":5},{"damage":33,"enemies":"Gensokyo:Mirror_and_Dog","floor":24,"turns":6},{"damage":20,"enemies":"Gensokyo:Wraith","floor":25,"turns":4},{"damage":12,"enemies":"Gensokyo:Slime_Group","floor":27,"turns":6},{"damage":19,"enemies":"Gensokyo:Mirror_and_Dog","floor":29,"turns":4},{"damage":27,"enemies":"Gensokyo:Swordslinger","floor":31,"turns":6},{"damage":27,"enemies":"Gensokyo:Eiki","floor":33,"turns":11},{"damage":51,"enemies":"Hallownest:Shield_Heavy","floor":35,"turns":7},{"damage":13,"enemies":"Hallownest:3_Siblings","floor":37,"turns":9},{"damage":18,"enemies":"Hallownest:2_Wing_and_1_Kings","floor":38,"turns":10},{"damage":0,"enemies":"Hallownest:monsterPrimalAspid","floor":39,"turns":1},{"damage":81,"enemies":"Nightmare","floor":41,"turns":11},{"damage":17,"enemies":"Hallownest:2_Great","floor":42,"turns":7},{"damage":0,"enemies":"Hallownest:2_Wandering_and_1_Horned","floor":44,"turns":9},{"damage":18,"enemies":"Hallownest:monsterPrimalAspid","floor":45,"turns":4},{"damage":38,"enemies":"Hallownest:Slobbering_and_Violent","floor":46,"turns":8},{"damage":66,"enemies":"Hallownest:BossHollowKnight","floor":50,"turns":14}],"seed_played":"7164528874031881167","potions_obtained":[{"floor":2,"key":"potionbrewer:AcidPotion"},{"floor":8,"key":"Regen Potion"},{"floor":14,"key":"Energy Potion"},{"floor":21,"key":"Reflective Coating"},{"floor":38,"key":"FocusPotion"},{"floor":41,"key":"ColorlessPotion"},{"floor":45,"key":"theDuelist:LavaBottle"}],"is_trial":false,"path_per_floor":["M","M","T","?","$","R","E","M","T","$","T","?","?","E","R","B",null,"M","?","?","M","AVR","R","M","M","T","M","$","M","R","M","R","B",null,"M","?","M","M","M","R","NM","M","T","M","M","M","R","?","R","B",null],"character_chosen":"THE_DUELIST","items_purchased":["Anchor","hubris:FruitBowl","hubris:KleinBottle","hubris:EvacipatedBox","Blind"],"campfire_rested":5,"item_purchase_floors":[5,5,5,5,10],"current_hp_per_floor":[72,152,152,152,85,134,124,124,124,124,124,124,124,139,139,117,154,150,150,150,117,117,117,133,117,117,109,109,94,143,120,120,101,150,113,107,108,104,108,157,93,80,80,94,90,56,105,105,154,104],"gold":348,"neow_bonus":"","is_daily":false,"chose_seed":false,"campfire_upgraded":3,"win_rate":0.0,"timestamp":1609540126,"path_taken":["M","M","?","?","?","R","E","?","T","$","?","?","?","E","R","BOSS","M","?","?","?","AVR","R","M","M","T","M","$","M","R","M","R","BOSS","M","?","M","M","M","R","NM","M","T","M","M","M","R","?","R","BOSS"],"items_purchased_type":["Relic","Relic","Relic","Relic","Card"],"build_version":"2020-12-22","purchased_purges":1,"victory":true,"max_hp_per_floor":[80,166,166,166,166,166,166,166,166,166,166,166,166,166,166,166,166,166,166,166,166,166,166,166,166,166,166,166,166,166,166,166,166,166,166,166,166,166,166,166,166,166,166,166,166,166,166,166,166,166],"card_choices":[{"not_picked":["theDuelist:CurseDragon","theDuelist:Beatraptor","theDuelist:MoltenDestruction","theDuelist:Kabazauls"],"picked":"theDuelist:CoralDragon","floor":1},{"not_picked":["theDuelist:LostWorld","theDuelist:GaiaDragonChamp","theDuelist:BSkullDragon","theDuelist:ArmedProtectorDragon"],"picked":"theDuelist:ArmageddonDragonEmp","floor":2},{"not_picked":["infinitespire:TheBestDefense","infinitespire:Gouge"],"picked":"ReplayTheSpireMod:Book of Names","floor":5},{"not_picked":["theDuelist:SystemDown","theDuelist:DragonTreasure","theDuelist:AutorokketDragon"],"picked":"theDuelist:MiraculousDescent","floor":7},{"not_picked":["theDuelist:SystemDown","theDuelist:DragonRavine","theDuelist:ArtifactSanctum"],"picked":"theDuelist:CyberDragonSieger","floor":8},{"not_picked":["Deep Breath","PanicButton","Sadistic Nature"],"picked":"Bandage Up","floor":14},{"not_picked":["theDuelist:FiveHeaded","theDuelist:BlasterDragonInfernos","theDuelist:BerserkScales","theDuelist:ArmageddonDragonEmp"],"picked":"theDuelist:SliferSky","floor":16},{"not_picked":["theDuelist:Beatraptor","theDuelist:MegafleetDragon","theDuelist:LesserDragon"],"picked":"SKIP","floor":18},{"not_picked":["theDuelist:CaveDragon+1","theDuelist:ArmageddonDragonEmp+1"],"picked":"theDuelist:CoralDragon","floor":21},{"not_picked":["theDuelist:WingedDragonRa","theDuelist:StardustDragon","theDuelist:BlasterDragonInfernos+1"],"picked":"SKIP","floor":24},{"not_picked":["theDuelist:PreventRat","theDuelist:Terraforming"],"picked":"theDuelist:BlueBloodedOni+1","floor":25},{"not_picked":["theDuelist:StampingDestruction","theDuelist:AtomicScrapDragon"],"picked":"theDuelist:GravityLash","floor":27},{"not_picked":["theDuelist:ExploderDragon","theDuelist:Carboneddon","theDuelist:BlasterDragonInfernos"],"picked":"SKIP","floor":29},{"not_picked":["theDuelist:BusterBlader","theDuelist:DarkstormDragon+1"],"picked":"theDuelist:BusterDrake","floor":31},{"not_picked":["theDuelist:WingedDragonRa","theDuelist:DefensiveTactics"],"picked":"theDuelist:DragonMastery","floor":33},{"not_picked":[],"picked":"theDuelist:GreyGreedOni","floor":34},{"not_picked":[],"picked":"infinitespire:Starlight","floor":34},{"not_picked":["theDuelist:Earthquake","theDuelist:DefenseZone+3","theDuelist:Dracocension+1"],"picked":"SKIP","floor":35},{"not_picked":["theDuelist:MaskedDragon+1","theDuelist:BlasterDragonInfernos"],"picked":"theDuelist:DragonZombie","floor":37},{"not_picked":["theDuelist:StardustDragon","theDuelist:BlueDuston","theDuelist:BlasterDragonInfernos"],"picked":"SKIP","floor":38},{"not_picked":["theDuelist:DoomkaiserDragon","theDuelist:CyberDragon","theDuelist:BSkullDragon"],"picked":"SKIP","floor":39},{"not_picked":["theDuelist:VeilDarkness+1","theDuelist:SafeZone+1","theDuelist:DragonCaptureJar"],"picked":"SKIP","floor":41},{"not_picked":["theDuelist:StarlightRoad","theDuelist:SafeZone+2"],"picked":"theDuelist:CastleDragonSouls+1","floor":42},{"not_picked":["theDuelist:LesserDragon","theDuelist:SliferSky+1","theDuelist:BusterDrake"],"picked":"SKIP","floor":44},{"not_picked":["theDuelist:CyberDragonSieger","theDuelist:BlueBloodedOni","theDuelist:BusterDrake+1"],"picked":"SKIP","floor":45},{"not_picked":["theDuelist:ArtifactIgnition+1","theDuelist:BlackPendant","theDuelist:PreventRat+1"],"picked":"SKIP","floor":46}],"player_experience":510373,"relics_obtained":[{"floor":3,"key":"Solar Panel"},{"floor":7,"key":"Cables"},{"floor":9,"key":"Runesmith:AutoHammer"},{"floor":11,"key":"Nunchaku"},{"floor":14,"key":"War Paint"},{"floor":26,"key":"Bag of Marbles"},{"floor":41,"key":"Paper Crane"},{"floor":43,"key":"hubris:PeanutButter"}],"event_choices":[{"damage_healed":0,"gold_gain":0,"player_choice":"3","damage_taken":0,"max_hp_gain":0,"max_hp_loss":0,"event_name":"betterMatch:BetterMatch","floor":19,"gold_loss":0,"cards_obtained":[]},{"damage_healed":0,"gold_gain":0,"player_choice":"Duplicated Relic - Anchor","duelist":true,"damage_taken":0,"max_hp_gain":0,"max_hp_loss":0,"event_name":"Relic Duplicator","floor":20,"gold_loss":0},{"damage_healed":0,"gold_gain":0,"player_choice":"Dig - random Duelist relic","duelist":true,"damage_taken":0,"max_hp_gain":0,"max_hp_loss":0,"event_name":"Aknamkanon\u0027s Tomb","floor":36,"gold_loss":0}],"is_beta":false,"boss_relics":[{"not_picked":["aspiration:RunesmithSkillbook","infinitespire:Cupcake","aspiration:ServantSkillbook"],"picked":"Busted Crown"},{"not_picked":["Snecko Scales","ReplayTheSpireMod:DimensionalGlitch","Electric Blood"],"picked":"ReplayTheSpireMod:SealedPack"}],"items_purged_floors":[22],"is_endless":false,"potions_floor_spawned":[2,8,14,21,27,38,41,42,45],"ascension_level":12}}