{"host":"0azimyi6n3ugndj4","time":1609540059,"event":{"mods":["2.2 Compatiblity","BaseMod","Bestiary","Conspire","Curses Come First","Defuse TimeMaze Blight","Hermit","Hyrulean Relics","Infinite Spire","Minty Spire (QoL Compilation)","Relic Stats","Replay The Spire","StSLib","SuperFastMode","The Cursed","Uncapped","¡¼?Úª?ø«¡½REMEMod"],"gold_per_floor":[137,191,191,67,67,32,60,10,10,0,0,0,39,129,109,243,243,88,88,123,123,261,339,90,90,90,90,5,5,67,67,67,244,244,317,22,22],"floor_reached":36,"playtime":511,"items_purged":[],"score":1677,"play_id":"f7e887f6-4287-4e9a-b35b-3b3ab7f6751d","local_time":"20210102072739","daily_mods":["SealedDeck","Hoarder","Insanity","Chimera","Specialized","Vintage","ControlledChaos","Allstar","Diverse","Colorless Cards","Heirloom","Time Dilation","Flight","Elite Swarm","Lethality","Midas","Binary"],"is_ascension_mode":true,"campfire_choices":[{"floor":12,"key":"REST"},{"floor":25,"key":"REST"},{"floor":27,"key":"REST"},{"floor":32,"key":"REST"}],"circlet_count":0,"master_deck":["Demon Form","Wraith Form v2","Echo Form","DevaForm","AscendersBane","Bash","Survivor","Zap","Eruption","Strike_R","Strike_G","Strike_B","Defend_R","Defend_G","Defend_P","Infinite Blades","Prostrate","hermit:WideOpen","Conserve Battery","Poisoned Stab","hermit:HighCaliber","Warcry","BasicCrystalCard","ReplayTheSpireMod:Limb From Limb","hermit:CursedWeapon","Evaluate","PiercingWail","hermit:Manifest","WheelKick","Armaments","TheCursedMod:FleshFromBone","REME_MagicPocketWatch","Eviscerate","ThirdEye","Wireheading","hermit:Quickdraw","Reckless Charge","Wild Strike","conspire:PoisonWeapons","Clash","Darkness","hermit:SprayPray","Slice","hermit:HoleUp","Bandage Up","Steam","Dagger Spray","CarveReality","conspire:Banana","Replay:Sssssssssshield","Enlightenment","Acrobatics","CutThroughFate","Barrage","ReachHeaven+1","Bloodletting","hermit:Snipe","Chaos","Dagger Spray","Replay:BluntJabs","Replay:Poison Smokescreen","JustLucky+1","Replay:ManipulateFuture","hermit:Scavenge","Gash","The Bomb","The Bomb","The Bomb","The Bomb","The Bomb","The Bomb","The Bomb","The Bomb","The Bomb","The Bomb","The Bomb","The Bomb","The Bomb","The Bomb","Clothesline","Clothesline","Clothesline","Impatience","Impatience","Impatience","EmptyFist","EmptyFist","EmptyFist","Beam Cell","Beam Cell","Beam Cell","TheCursedMod:WearCloak","TheCursedMod:WearCloak","TheCursedMod:WearCloak","Cleave","Cleave","Cleave","ReplayTheSpireMod:Trickstab","ReplayTheSpireMod:Trickstab","ReplayTheSpireMod:Trickstab","Crescendo","Crescendo","Crescendo","hermit:CalledShot","hermit:CalledShot","hermit:CalledShot","Whirlwind","Whirlwind","Whirlwind","hermit:RoundhouseKick","hermit:RoundhouseKick","hermit:RoundhouseKick","ReplayTheSpireMod:IOU","ReplayTheSpireMod:IOU","ReplayTheSpireMod:IOU","ReplayTheSpireMod:IOU","ReplayTheSpireMod:IOU","ReplayTheSpireMod:IOU","ReplayTheSpireMod:IOU","ReplayTheSpireMod:IOU","ReplayTheSpireMod:IOU","ReplayTheSpireMod:IOU","ReplayTheSpireMod:IOU","ReplayTheSpireMod:IOU","ReplayTheSpireMod:IOU","ReplayTheSpireMod:IOU","ReplayTheSpireMod:IOU","ReplayTheSpireMod:IOU","ReplayTheSpireMod:IOU","ReplayTheSpireMod:IOU","ReplayTheSpireMod:IOU","ReplayTheSpireMod:IOU","ReplayTheSpireMod:IOU","ReplayTheSpireMod:IOU","ReplayTheSpireMod:IOU","ReplayTheSpireMod:IOU","ReplayTheSpireMod:IOU","ReplayTheSpireMod:IOU","ReplayTheSpireMod:IOU","ReplayTheSpireMod:IOU","ReplayTheSpireMod:IOU","ReplayTheSpireMod:IOU","ReachHeaven","ReachHeaven","ReachHeaven","ReachHeaven","ReachHeaven","ReachHeaven","SandsOfTime","SandsOfTime","SandsOfTime","hermit:Virtue","hermit:Virtue","hermit:Virtue","Darkness","Darkness","Darkness","Nirvana","Nirvana","Nirvana","Swift Strike","Swift Strike","Swift Strike","conspire:SpireCoStock","conspire:SpireCoStock","conspire:SpireCoStock","ReplayTheSpireMod:IOU","ReplayTheSpireMod:IOU","ReplayTheSpireMod:IOU","ReplayTheSpireMod:IOU","ReplayTheSpireMod:IOU","ReplayTheSpireMod:IOU","ReplayTheSpireMod:IOU","ReplayTheSpireMod:IOU","ReplayTheSpireMod:IOU","ReplayTheSpireMod:IOU","ReplayTheSpireMod:IOU","ReplayTheSpireMod:IOU","ReplayTheSpireMod:IOU","ReplayTheSpireMod:IOU","ReplayTheSpireMod:IOU","ReplayTheSpireMod:IOU","ReplayTheSpireMod:IOU","ReplayTheSpireMod:IOU","ReplayTheSpireMod:IOU","ReplayTheSpireMod:IOU","ReplayTheSpireMod:IOU","ReplayTheSpireMod:IOU","ReplayTheSpireMod:IOU","Hyperbeam","Hyperbeam","Hyperbeam"],"relics":["Cracked Core","Frozen Eye","Busted Crown","REME_ComplimentaryCards","Emotion Chip","Replay:Wax Seal","Symbiotic Virus","Lee\u0027s Waffle","Matryoshka","Solar Panel","BargainBundle","Mummified Hand","infinitespire:CheckeredPen","zeldaRelics:CourageTriforce","Divine Protection","Akabeko","zeldaRelics:WisdomTriforce","PreservedInsect","Fusion Hammer","Omamori","conspire:Flyswatter","conspire:TopHat","Bag of Preparation","zeldaRelics:PowerTriforce","Question Card","Toy Ornithopter","Ancient Tea Set","infinitespire:EvilPickle","SacredBark","REME_HourglassOfDeath"],"acts_visited":["Exordium","TheCity","TheBeyond"],"potions_floor_usage":[10,15,20,24,36,36],"damage_taken":[{"damage":2,"enemies":"Cultist","floor":1,"turns":2},{"damage":0,"enemies":"Jaw Worm","floor":2,"turns":1},{"damage":0,"enemies":"2 Louse","floor":13,"turns":1},{"damage":0,"enemies":"Lagavulin","floor":14,"turns":2},{"damage":0,"enemies":"Slime Boss","floor":16,"turns":3},{"damage":0,"enemies":"Chosen","floor":18,"turns":3},{"damage":84,"enemies":"3 Byrds","floor":20,"turns":3},{"damage":0,"enemies":"Nightmare","floor":23,"turns":2},{"damage":0,"enemies":"Snake Plant","floor":24,"turns":2},{"damage":14,"enemies":"Centurion and Healer","floor":30,"turns":4},{"damage":71,"enemies":"Pondfish","floor":33,"turns":8},{"damage":0,"enemies":"Orb Walker","floor":35,"turns":1},{"damage":22,"enemies":"infinitespire:Three Voidlings","floor":36,"turns":3},{"damage":85,"enemies":"Nightmare_Alpha","floor":36,"turns":4}],"seed_played":"5299305555687309568","potions_obtained":[{"floor":1,"key":"Ancient Potion"},{"floor":13,"key":"Fruit Juice"},{"floor":15,"key":"Fruit Juice"},{"floor":23,"key":"SneckoOil"},{"floor":30,"key":"EssenceOfDarkness"},{"floor":35,"key":"Adrenaline Potion"}],"is_trial":true,"path_per_floor":["M","M","?","$","?","?","$","?","T","$","T","R","M","E","R","B",null,"M","T","M","?","$","NM","M","R","T","R","?","?","M","T","R","B",null,"M","?"],"character_chosen":"DEFECT","items_purchased":["Lee\u0027s Waffle","Matryoshka","Solar Panel","BargainBundle","Mummified Hand","infinitespire:CheckeredPen","REME_GoldPotion","ColorlessPotion","ReachHeaven","SandsOfTime","hermit:Virtue","Darkness","Nirvana","Swift Strike","Divine Protection","Akabeko","Fruit Juice","infinitespire:BlackPotion","Bag of Preparation"],"campfire_rested":4,"item_purchase_floors":[4,4,4,7,7,7,7,7,7,7,7,7,7,7,10,10,10,10,22],"current_hp_per_floor":[62,62,41,78,78,78,78,78,78,83,83,83,83,83,88,88,88,88,88,11,11,11,13,15,42,42,69,69,103,91,91,103,32,85,87,0,0],"gold":22,"neow_bonus":"","is_daily":false,"chose_seed":false,"campfire_upgraded":0,"win_rate":0.0,"timestamp":1609540059,"path_taken":["M","?","?","$","?","?","$","?","T","?","?","R","M","E","R","BOSS","M","?","?","?","?","NM","M","R","T","R","?","?","?","?","R","BOSS","M","?"],"items_purchased_type":["Relic","Relic","Relic","Relic","Relic","Relic","Potion","Potion","Card","Card","Card","Card","Card","Card","Relic","Relic","Potion","Potion","Relic"],"build_version":"2020-12-22","purchased_purges":0,"victory":false,"max_hp_per_floor":[71,71,71,78,78,78,78,78,78,83,83,83,83,83,88,88,88,88,88,93,93,93,93,93,93,93,93,93,103,103,103,103,103,103,103,103,103],"relic_stats":{"Emotion Chip":[36,9,0,27,0],"Lee\u0027s Waffle":37,"Busted Crown":26,"counters":[14,38],"Mummified Hand":[3],"PreservedInsect":191,"Bag of Preparation":[14],"Question Card":6,"obtain_stats":[{"Solar Panel":4,"Divine Protection":10,"SacredBark":34,"Bag of Preparation":22,"Ancient Tea Set":30,"zeldaRelics:WisdomTriforce":19,"conspire:TopHat":21,"Frozen Eye":0,"Emotion Chip":0,"Matryoshka":4,"Mummified Hand":7,"Fusion Hammer":17,"zeldaRelics:CouragePiece":9,"Replay:Wax Seal":1,"Cracked Core":0,"zeldaRelics:PowerPiece":23,"Lee\u0027s Waffle":4,"BargainBundle":7,"zeldaRelics:WisdomPiece":11,"PreservedInsect":13,"Omamori":18,"infinitespire:CheckeredPen":7,"zeldaRelics:PowerTriforce":31,"Question Card":24,"Akabeko":10,"zeldaRelics:CourageTriforce":11,"infinitespire:EvilPickle":33,"Busted Crown":0,"REME_HourglassOfDeath":35,"Symbiotic Virus":2,"Toy Ornithopter":28,"REME_ComplimentaryCards":0,"conspire:Flyswatter":20},{"Solar Panel":2,"Divine Protection":2,"SacredBark":11,"Bag of Preparation":7,"Ancient Tea Set":10,"zeldaRelics:WisdomTriforce":6,"conspire:TopHat":7,"Frozen Eye":0,"Emotion Chip":0,"Matryoshka":2,"Mummified Hand":2,"Fusion Hammer":5,"zeldaRelics:CouragePiece":2,"Replay:Wax Seal":1,"Cracked Core":0,"zeldaRelics:PowerPiece":8,"Lee\u0027s Waffle":2,"BargainBundle":2,"zeldaRelics:WisdomPiece":2,"PreservedInsect":3,"Omamori":6,"infinitespire:CheckeredPen":2,"zeldaRelics:PowerTriforce":10,"Question Card":9,"Akabeko":2,"zeldaRelics:CourageTriforce":2,"infinitespire:EvilPickle":11,"Busted Crown":0,"REME_HourglassOfDeath":12,"Symbiotic Virus":2,"Toy Ornithopter":9,"REME_ComplimentaryCards":0,"conspire:Flyswatter":7},{"Solar Panel":3,"Divine Protection":3,"SacredBark":31,"Bag of Preparation":15,"Ancient Tea Set":23,"zeldaRelics:WisdomTriforce":12,"conspire:TopHat":15,"Frozen Eye":0,"Emotion Chip":0,"Matryoshka":3,"Mummified Hand":3,"Fusion Hammer":9,"zeldaRelics:CouragePiece":3,"Replay:Wax Seal":2,"Cracked Core":0,"zeldaRelics:PowerPiece":17,"Lee\u0027s Waffle":3,"BargainBundle":3,"zeldaRelics:WisdomPiece":3,"PreservedInsect":4,"Omamori":12,"infinitespire:CheckeredPen":3,"zeldaRelics:PowerTriforce":23,"Question Card":19,"Akabeko":3,"zeldaRelics:CourageTriforce":3,"infinitespire:EvilPickle":31,"Busted Crown":0,"REME_HourglassOfDeath":32,"Symbiotic Virus":3,"Toy Ornithopter":19,"REME_ComplimentaryCards":0,"conspire:Flyswatter":15}],"Toy Ornithopter":10},"card_choices":[{"not_picked":[],"picked":"Hyperbeam","floor":33}],"player_experience":1487667,"relics_obtained":[{"floor":1,"key":"Replay:Wax Seal"},{"floor":2,"key":"Symbiotic Virus"},{"floor":9,"key":"zeldaRelics:CouragePiece"},{"floor":9,"key":"zeldaRelics:CouragePiece"},{"floor":11,"key":"zeldaRelics:CouragePiece"},{"floor":11,"key":"zeldaRelics:CouragePiece"},{"floor":13,"key":"PreservedInsect"},{"floor":14,"key":"zeldaRelics:WisdomPiece"},{"floor":18,"key":"Omamori"},{"floor":19,"key":"zeldaRelics:WisdomPiece"},{"floor":20,"key":"conspire:Flyswatter"},{"floor":23,"key":"zeldaRelics:PowerPiece"},{"floor":24,"key":"Question Card"},{"floor":26,"key":"zeldaRelics:PowerPiece"},{"floor":30,"key":"Ancient Tea Set"},{"floor":31,"key":"zeldaRelics:PowerPiece"},{"floor":35,"key":"REME_HourglassOfDeath"}],"event_choices":[{"damage_healed":0,"gold_gain":0,"player_choice":"Entered Light","damage_taken":21,"max_hp_gain":0,"max_hp_loss":0,"event_name":"Shining Light","floor":3,"gold_loss":0,"cards_upgraded":["JustLucky","ReachHeaven"]},{"damage_healed":19,"gold_gain":0,"player_choice":"Healed","damage_taken":0,"max_hp_gain":0,"max_hp_loss":0,"event_name":"The Cleric","floor":6,"gold_loss":35},{"damage_healed":0,"gold_gain":0,"player_choice":"Invest 1","damage_taken":0,"max_hp_gain":0,"max_hp_loss":0,"event_name":"conspire:Investor","floor":8,"gold_loss":0},{"damage_healed":0,"gold_gain":0,"player_choice":"Bought 1 Potion","damage_taken":0,"max_hp_gain":0,"max_hp_loss":0,"event_name":"The Woman in Blue","floor":15,"gold_loss":0},{"damage_healed":0,"gold_gain":0,"player_choice":"Obtained Relic","damage_taken":0,"relics_obtained":["Toy Ornithopter"],"max_hp_gain":0,"max_hp_loss":0,"event_name":"Addict","floor":28,"gold_loss":85},{"cards_removed":["The Bomb"],"damage_healed":24,"gold_gain":0,"player_choice":"Offered Rare","damage_taken":0,"max_hp_gain":10,"max_hp_loss":0,"event_name":"Bonfire Elementals","floor":29,"gold_loss":0}],"is_beta":false,"boss_relics":[{"not_picked":["REME_ChargedStone","Kintsugi"],"picked":"Fusion Hammer"},{"not_picked":["REME_LowDesire","ChewingGum"],"picked":"SacredBark"}],"items_purged_floors":[],"is_endless":true,"potions_floor_spawned":[1,13,16,18,23,30,35,36],"killed_by":"Nightmare_Alpha","ascension_level":20}}