{"host":"n7aywsqehmyjh5xy","time":1609535050,"event":{"mods":["BaseMod","Colored Map","Downfall","Minty Spire (QoL Compilation)","StSLib"],"gold_per_floor":[116,136,151,169,169,169,213,213,282,296,296,340,119,294,294,422,422,443,467,485,503,527,560,560,600,654,654,654,654],"floor_reached":28,"playtime":1946,"items_purged":["Defend_P"],"score":400,"play_id":"209a4cde-baee-44c6-9cd9-2d61590c072b","local_time":"20210101160410","is_ascension_mode":true,"campfire_choices":[{"data":"Evaluate","floor":6,"key":"SMITH"},{"data":"Eruption","floor":8,"key":"SMITH"},{"data":"Crescendo","floor":11,"key":"SMITH"},{"data":"Vigilance","floor":15,"key":"SMITH"},{"floor":24,"key":"REST"}],"circlet_count":0,"master_deck":["Strike_P","Strike_P","Strike_P","Defend_P","Defend_P","Eruption+1","Vigilance+1","FollowUp","Evaluate+1","FearNoEvil","FlyingSleeves","Crescendo+1","Protect","Doubt","DeusExMachina","CarveReality","TalkToTheHand","TalkToTheHand","CarveReality"],"relics":["PureWater","CloakClasp","Golden Idol","StoneCalendar","Singing Bowl","Oddly Smooth Stone","Happy Flower","Empty Cage","Strawberry","Ancient Tea Set","Enchiridion"],"acts_visited":["Exordium","TheCity"],"potions_floor_usage":[7,7,20,23,25,25,25],"damage_taken":[{"damage":0,"enemies":"Cultist","floor":1,"turns":4},{"damage":0,"enemies":"Jaw Worm","floor":2,"turns":3},{"damage":0,"enemies":"2 Louse","floor":3,"turns":3},{"damage":5,"enemies":"Looter","floor":4,"turns":3},{"damage":0,"enemies":"Gremlin Nob","floor":7,"turns":2},{"damage":0,"enemies":"2 Fungi Beasts","floor":10,"turns":3},{"damage":0,"enemies":"3 Sentries","floor":12,"turns":6},{"damage":6,"enemies":"Slime Boss","floor":16,"turns":7},{"damage":8,"enemies":"3 Byrds","floor":18,"turns":6},{"damage":0,"enemies":"Spheric Guardian","floor":19,"turns":2},{"damage":0,"enemies":"Snecko","floor":20,"turns":7},{"damage":5,"enemies":"Snake Plant","floor":21,"turns":4},{"damage":10,"enemies":"Shelled Parasite and Fungi","floor":22,"turns":5},{"damage":16,"enemies":"Slavers","floor":23,"turns":6},{"damage":23,"enemies":"Gremlin Leader","floor":25,"turns":7},{"damage":33,"enemies":"Slavers","floor":28,"turns":4}],"seed_played":"-406156161113289793","potions_obtained":[{"floor":2,"key":"Slimebound:ThreeZeroPotion"},{"floor":3,"key":"GamblersBrew"},{"floor":4,"key":"Fire Potion"},{"floor":16,"key":"sneckomod:MuddlingPotion"},{"floor":18,"key":"SkillPotion"},{"floor":21,"key":"SkillPotion"},{"floor":23,"key":"champ:CounterPotion"},{"floor":25,"key":"Fruit Juice"}],"is_trial":false,"path_per_floor":["M","M","M","M","?","R","E","R","T","M","R","E","$","?","R","B",null,"M","M","M","M","M","E","R","E","T","?","E"],"character_chosen":"WATCHER","items_purchased":["Happy Flower"],"campfire_rested":1,"item_purchase_floors":[13],"current_hp_per_floor":[65,65,65,60,44,44,44,44,44,44,44,46,46,46,46,40,60,52,52,52,47,39,32,55,39,39,23,0,0],"gold":654,"neow_bonus":"ONE_RARE_RELIC","is_daily":false,"chose_seed":false,"campfire_upgraded":4,"win_rate":0.0,"timestamp":1609535050,"path_taken":["M","M","?","M","?","R","E","R","T","M","R","E","$","?","R","BOSS","M","M","M","M","M","E","R","E","T","?","E"],"items_purchased_type":["Relic"],"build_version":"2020-12-22","purchased_purges":1,"victory":false,"max_hp_per_floor":[65,65,65,65,65,65,65,65,65,65,65,67,67,67,67,67,67,67,67,67,67,69,78,78,85,85,85,85,85],"card_choices":[{"not_picked":["Prostrate","MentalFortress"],"picked":"FollowUp","floor":1},{"not_picked":["SignatureMove","Protect"],"picked":"Evaluate","floor":2},{"not_picked":["Crescendo","PathToVictory"],"picked":"FearNoEvil","floor":3},{"not_picked":["Fasting2","Sanctity"],"picked":"FlyingSleeves","floor":4},{"not_picked":["Fasting2","Pray"],"picked":"Crescendo","floor":7},{"not_picked":["Consecrate","WindmillStrike"],"picked":"Protect","floor":10},{"not_picked":["EmptyBody","SashWhip","Fasting2"],"picked":"Singing Bowl","floor":12},{"not_picked":["SpiritShield","Establishment"],"picked":"DeusExMachina","floor":16},{"not_picked":["Crescendo","SashWhip"],"picked":"CarveReality","floor":18},{"not_picked":["EmptyBody","Crescendo+1"],"picked":"TalkToTheHand","floor":19},{"not_picked":["Weave","Wireheading"],"picked":"TalkToTheHand","floor":20},{"not_picked":["Adaptation","FlyingSleeves"],"picked":"CarveReality","floor":21},{"not_picked":["Wallop","Prostrate+1","CutThroughFate"],"picked":"Singing Bowl","floor":22},{"not_picked":["Vengeance","FlyingSleeves","SashWhip"],"picked":"Singing Bowl","floor":23},{"not_picked":["DeceiveReality","Wish","SashWhip"],"picked":"Singing Bowl","floor":25}],"player_experience":145175,"relics_obtained":[{"floor":7,"key":"StoneCalendar"},{"floor":9,"key":"Singing Bowl"},{"floor":12,"key":"Oddly Smooth Stone"},{"floor":23,"key":"Strawberry"},{"floor":25,"key":"Ancient Tea Set"},{"floor":27,"key":"Enchiridion"}],"event_choices":[{"damage_healed":0,"gold_gain":0,"player_choice":"Take Damage","damage_taken":16,"relics_obtained":["Golden Idol"],"max_hp_gain":0,"max_hp_loss":0,"event_name":"Golden Idol","floor":5,"gold_loss":0},{"damage_healed":0,"gold_gain":175,"player_choice":"AGREE","damage_taken":0,"max_hp_gain":0,"max_hp_loss":0,"event_name":"Liars Game","floor":14,"gold_loss":0,"cards_obtained":["Doubt"]},{"damage_healed":0,"gold_gain":0,"player_choice":"Obtained Book","damage_taken":16,"max_hp_gain":0,"max_hp_loss":0,"event_name":"Cursed Tome","floor":27,"gold_loss":0}],"is_beta":false,"boss_relics":[{"not_picked":["Ectoplasm","VioletLotus"],"picked":"Empty Cage"}],"items_purged_floors":[13],"is_endless":false,"potions_floor_spawned":[2,3,4,16,18,21,23,25],"killed_by":"Slavers","ascension_level":5}}