{"host":"qswkx8hggytna0kc","time":1609518250,"event":{"mods":["Aspiration","BaseMod","BetterRewards","Colored Map","Colored Powertips","Highlight Path","Hubris","Mimic Mod","Minty Spire (QoL Compilation)","Quick Restart","Replay The Spire","StSLib","SuperFastMode"],"gold_per_floor":[111,111,186,111,111,142,142,177,215,215,215,228,80,103,103,228,228,246,246,269,302,302,335,401,401,401,434,459,215,215,215],"floor_reached":30,"playtime":1167,"items_purged":["Strike_B","Overencumbered"],"score":430,"play_id":"a971b8e7-be2a-44f1-9a12-718b4d332df2","local_time":"20210102002410","is_ascension_mode":true,"campfire_choices":[{"data":"Zap","floor":7.0,"key":"SMITH"},{"floor":11.0,"key":"REST"},{"data":"ReplayGash","floor":15.0,"key":"SMITH"},{"data":"Chaos","floor":25.0,"key":"SMITH"}],"circlet_count":0,"master_deck":["Defend_B","Defend_B","Defend_B","Defend_B","Zap+1","Dualcast+1","Undo","Glacier","Coolheaded","Mirror Shield+1","Cold Snap","ReplayGash+1","Electrodynamics","aspiration:Polymerization","Escape Plan","Mirror Shield","Bite","Bite","Bite","Bite","Bite","Chaos+1"],"relics":["FrozenCore","NeowsBlessing","Golden Idol","aspiration:SeaSaltIceCream","aspiration:Nostalgia","Replay:M_StaffOfTheSnake","Replay:Kaleidoscope","Nunchaku","Akabeko","ReplayTheSpireMod:Ring of Challenge","Ring of Peace","Darkstone Periapt","Replay:Bottled Flurry","Replay:Accelerometer","PreservedInsect","Medical Kit"],"acts_visited":["Exordium","TheCity"],"potions_floor_usage":[],"damage_taken":[{"damage":0.0,"enemies":"Jaw Worm","floor":1.0,"turns":1.0},{"damage":0.0,"enemies":"Lagavulin","floor":6.0,"turns":1.0},{"damage":0.0,"enemies":"3 Sentries","floor":8.0,"turns":1.0},{"damage":0.0,"enemies":"Small Slimes","floor":9.0,"turns":6.0},{"damage":0.0,"enemies":"Small Slimes","floor":12.0,"turns":2.0},{"damage":0.0,"enemies":"2 Louse","floor":14.0,"turns":1.0},{"damage":24.0,"enemies":"Slime Boss","floor":16.0,"turns":16.0},{"damage":5.0,"enemies":"Spheric Guardian","floor":18.0,"turns":4.0},{"damage":12.0,"enemies":"Chosen","floor":20.0,"turns":5.0},{"damage":0.0,"enemies":"3 Cultists","floor":21.0,"turns":6.0},{"damage":9.0,"enemies":"Book of Stabbing","floor":23.0,"turns":7.0},{"damage":13.0,"enemies":"Slavers","floor":27.0,"turns":8.0},{"damage":0.0,"enemies":"Centurion and Healer","floor":28.0,"turns":15.0},{"damage":59,"enemies":"Gremlin Leader","floor":30,"turns":6}],"seed_played":"-2609649626996144834","potions_obtained":[{"floor":6.0,"key":"Cursed Concoction"},{"floor":8.0,"key":"ColorlessPotion"},{"floor":12.0,"key":"FearPotion"},{"floor":16.0,"key":"SteroidPotion"},{"floor":23.0,"key":"DuplicationPotion"}],"is_trial":false,"path_per_floor":["M","?","?","$","?","E","R","E","MIM","?","R","M","$","M","R","B",null,"M","?","M","M","?","E","?","R","T","E","M","$","E"],"character_chosen":"DEFECT","items_purchased":["Akabeko","Medical Kit"],"campfire_rested":1,"item_purchase_floors":[13,29],"current_hp_per_floor":[75,57,46,46,31,31,31,31,31,31,53,53,53,53,53,29,64,59,59,47,47,47,44,31,31,31,26,52,52,0,0],"gold":215,"neow_bonus":"THREE_ENEMY_KILL","is_daily":false,"chose_seed":false,"campfire_upgraded":3,"win_rate":0.0,"timestamp":1609518250,"path_taken":["M","?","?","$","?","E","R","E","MIM","?","R","M","?","M","R","BOSS","M","?","M","M","?","E","?","R","T","E","?","?","E"],"items_purchased_type":["Relic","Relic"],"build_version":"2020-12-22","purchased_purges":2,"victory":false,"max_hp_per_floor":[75,75,75,75,75,75,75,75,75,75,75,75,75,75,75,75,75,75,75,75,75,52,52,52,52,52,52,52,52,52,52],"card_choices":[{"not_picked":["Leap","Steam"],"picked":"Undo","floor":1.0},{"not_picked":["Rip and Tear","Turbo"],"picked":"Glacier","floor":6.0},{"not_picked":["EmptyMind","Steam"],"picked":"Glass Knife","floor":8.0},{"not_picked":["hubris:PowerSurge","Steam Power"],"picked":"Coolheaded","floor":9.0},{"not_picked":["CutThroughFate","Gash"],"picked":"Cold Snap","floor":12.0},{"not_picked":["Steam","Turbo"],"picked":"ReplayGash","floor":14.0},{"not_picked":["Seek","ReplayTheSpireMod:Omega Cannon"],"picked":"Electrodynamics","floor":16.0},{"not_picked":["Panic Button","Turbo"],"picked":"aspiration:Polymerization","floor":18.0},{"not_picked":["BasicCrystalCard+1","Rip and Tear"],"picked":"Escape Plan","floor":20.0},{"not_picked":["Chill","Escape Plan"],"picked":"Mirror Shield","floor":21.0},{"not_picked":["ReplayTheSpireMod:GoodbyeWorld","Steam+1","Hologram+1"],"picked":"SKIP","floor":23.0},{"not_picked":["Stack","Streamline"],"picked":"Chaos","floor":24.0},{"not_picked":["Flying Knee+1","ReplaySort","ReplayTheSpireMod:GoodbyeWorld"],"picked":"SKIP","floor":27.0},{"not_picked":["ClearTheMind","Leap","Sweeping Beam"],"picked":"SKIP","floor":28.0}],"player_experience":207372,"relics_obtained":[{"floor":6.0,"key":"aspiration:SeaSaltIceCream"},{"floor":8.0,"key":"Replay:Kaleidoscope"},{"floor":9.0,"key":"Nunchaku"},{"floor":19.0,"key":"ReplayTheSpireMod:Ring of Challenge"},{"floor":19.0,"key":"Ring of Peace"},{"floor":23.0,"key":"Darkstone Periapt"},{"floor":24.0,"key":"Replay:Bottled Flurry"},{"floor":26.0,"key":"Replay:Accelerometer"},{"floor":27.0,"key":"PreservedInsect"}],"event_choices":[{"damage_healed":0.0,"max_hp_gain":0.0,"max_hp_loss":0.0,"gold_gain":0.0,"event_name":"Golden Idol","player_choice":"Take Damage","floor":2.0,"gold_loss":0.0,"damage_taken":18.0,"relics_obtained":["Golden Idol"]},{"damage_healed":0.0,"max_hp_gain":0.0,"max_hp_loss":0.0,"gold_gain":75.0,"event_name":"World of Goop","player_choice":"Gather Gold","floor":3.0,"gold_loss":0.0,"damage_taken":11.0},{"damage_healed":0.0,"max_hp_gain":0.0,"max_hp_loss":0.0,"gold_gain":0.0,"event_name":"Shining Light","player_choice":"Entered Light","floor":5.0,"gold_loss":0.0,"damage_taken":15.0,"cards_upgraded":["Dualcast","Strike_B"]},{"damage_healed":0.0,"max_hp_gain":0.0,"max_hp_loss":23.0,"gold_gain":0.0,"event_name":"Vampires","player_choice":"Became a vampire","floor":22.0,"gold_loss":0.0,"damage_taken":0.0,"cards_obtained":["Bite","Bite","Bite","Bite","Bite"]}],"is_beta":false,"boss_relics":[{"not_picked":["Pandora\u0027s Box","Empty Cage"],"picked":"FrozenCore"}],"items_purged_floors":[4,29],"is_endless":false,"potions_floor_spawned":[6,8,12,16,20,23],"killed_by":"Gremlin Leader","ascension_level":5}}