{"host":"dlskvfecb6rtl9z1","time":1609532797,"event":{"mods":["2.2 Compatiblity","AchievementEnabler","Aspiration","BaseMod","Better Third Choice","Colored Map","Colored Powertips","Downfall","Duelist Mod","Hermit","Hubris","Infinite Spire","KinomotoSakuraMod(????)","Koishi","Marisa????????","Minty Spire (QoL Compilation)","Remilia??????","Replay The Spire","Shop Mod","StSLib","Td1madao Mod","The Administrix","The Bug Knight","The Construct","The Cursed","The Disciple","The Hierophant","The Jungle","The Mystic","The Necromancer","The Runesmith","The Senshi","The Servant 0.9.4"],"gold_per_floor":[118,118,133,145,157,157,182,194,219,219,1,1,1,1],"floor_reached":13,"playtime":705,"items_purged":["Strike_R"],"score":98,"play_id":"16575cc7-7995-4cff-aa99-81431119861a","local_time":"20210101222637","is_ascension_mode":true,"campfire_choices":[{"data":"Whirlwind","floor":6,"key":"SMITH"}],"circlet_count":0,"master_deck":["Strike_R","Strike_R","Strike_R","Defend_R","Defend_R","Defend_R","Bash","ReplayReversal+1","Warcry","Whirlwind+1","Second Wind+1"],"relics":["Burning Blood","Akabeko","aspiration:Lifesprig","Golden Idol","Lee\u0027s Waffle"],"acts_visited":["Exordium"],"potions_floor_usage":[7],"damage_taken":[{"damage":12,"enemies":"Jaw Worm","floor":1,"turns":3},{"damage":20,"enemies":"infinitespire:Voidling","floor":3,"turns":5},{"damage":7,"enemies":"2 Louse","floor":4,"turns":3},{"damage":19,"enemies":"Blue Slaver","floor":5,"turns":4},{"damage":10,"enemies":"3 Sentries","floor":7,"turns":2},{"damage":15,"enemies":"2 Fungi Beasts","floor":8,"turns":3},{"damage":0,"enemies":"Replay:BlueRogue","floor":13,"turns":1}],"seed_played":"4084485046850871664","potions_obtained":[{"floor":4,"key":"GamblersBrew"},{"floor":5,"key":"BlessingOfTheForge"}],"is_trial":false,"path_per_floor":["M","?","M","M","M","R","E","M","T","?","$","?","E"],"character_chosen":"IRONCLAD","items_purchased":["Lee\u0027s Waffle"],"campfire_rested":0,"item_purchase_floors":[11],"current_hp_per_floor":[66,66,57,56,43,43,39,30,30,30,74,74,74,74],"gold":1,"neow_bonus":"REMOVE_TWO","is_daily":false,"chose_seed":false,"campfire_upgraded":1,"win_rate":0.0,"timestamp":1609532797,"path_taken":["M","?","?","M","M","R","E","M","T","?","$","?","E"],"items_purchased_type":["Relic"],"build_version":"2020-12-22","purchased_purges":1,"victory":false,"max_hp_per_floor":[72,72,72,72,72,72,72,72,72,67,74,74,74,74],"card_choices":[{"not_picked":["Uppercut","Seeing Red"],"picked":"ReplayReversal","floor":1},{"not_picked":["Iron Wave","Dark Embrace"],"picked":"Warcry","floor":3},{"not_picked":["Uppercut","Thunderclap"],"picked":"Whirlwind","floor":4},{"not_picked":["Dropkick","Twin Strike","Reckless Charge"],"picked":"SKIP","floor":5},{"not_picked":["Run Through","Whirlwind"],"picked":"Second Wind","floor":7},{"not_picked":["Warcry","Sentinel","Clash"],"picked":"SKIP","floor":8}],"player_experience":102005,"relics_obtained":[{"floor":7,"key":"Akabeko"},{"floor":9,"key":"aspiration:Lifesprig"}],"event_choices":[{"damage_healed":0,"gold_gain":0,"player_choice":"Forge","damage_taken":0,"max_hp_gain":0,"max_hp_loss":0,"event_name":"Accursed Blacksmith","floor":2,"gold_loss":0,"cards_upgraded":["ReplayReversal"]},{"damage_healed":0,"gold_gain":0,"player_choice":"Lose Max HP","damage_taken":0,"relics_obtained":["Golden Idol"],"max_hp_gain":0,"max_hp_loss":5,"event_name":"Golden Idol","floor":10,"gold_loss":0}],"is_beta":false,"boss_relics":[],"items_purged_floors":[11],"is_endless":false,"potions_floor_spawned":[4,5],"killed_by":"Replay:BlueRogue","ascension_level":3}}