{"host":"tmf10eeko6je6wes","time":1609518062,"event":{"mods":["AchievementEnabler","BaseMod","Better Altar","Better Match","Better Note","Better Sensory Stone","Better Skull","Better Third Choice","Colored Map","Colored Powertips","Curses Come First","DeckTracker","Highlight Path","Minty Spire (QoL Compilation)","Permanent Neow","Quick Restart","Relic Sorter","Relic Stats","Shop Mod","StSLib","SuperFastMode","Synergy Search"],"gold_per_floor":[119,138,63,76,86,86,103,122,169,181,181,10,10,38,38,138,138,149,149,177,6,6,6,21,21,48,48,123,123,143,154,154,259,259,276,276,498,512,512,512],"floor_reached":39,"playtime":1398,"items_purged":[],"score":396,"play_id":"8395eba1-65ba-4413-be1f-c0b6d960d1ce","local_time":"20210101112102","is_ascension_mode":false,"campfire_choices":[{"data":"Inflame","floor":6,"key":"SMITH"},{"data":"Cleave","floor":13,"key":"SMITH"},{"floor":15,"key":"REST"},{"floor":25,"key":"REST"},{"data":"Feed","floor":27,"key":"SMITH"},{"data":"Insight","floor":29,"key":"SMITH"},{"floor":32,"key":"REST"}],"circlet_count":0,"master_deck":["Strike_R","Strike_R","Strike_R","Strike_R","Strike_R","Defend_R","Defend_R","Defend_R","Defend_R","Bash","Cleave","Spot Weakness","Inflame+1","Cleave+1","Anger","Metallicize","Pommel Strike","Twin Strike","Flame Barrier","Feed+1","Iron Wave","Flame Barrier+1","Evolve","Twin Strike","Finesse","Insight+1","Shrug It Off","Wild Strike+1","Fire Breathing+1","Immolate","Seeing Red+1","Enlightenment","Mind Blast","Sword Boomerang+1"],"relics":["Burning Blood","Oddly Smooth Stone","Juzu Bracelet","Odd Mushroom","Red Mask","Bag of Preparation","StrikeDummy","SlaversCollar"],"acts_visited":["Exordium","TheCity","TheBeyond"],"potions_floor_usage":[16,16,33,39,39,39],"damage_taken":[{"damage":1,"enemies":"Jaw Worm","floor":1,"turns":6},{"damage":1,"enemies":"Cultist","floor":2,"turns":3},{"damage":2,"enemies":"2 Louse","floor":4,"turns":3},{"damage":17,"enemies":"Looter","floor":5,"turns":4},{"damage":2,"enemies":"2 Fungi Beasts","floor":7,"turns":3},{"damage":13,"enemies":"Exordium Wildlife","floor":8,"turns":2},{"damage":7,"enemies":"Looter","floor":10,"turns":3},{"damage":18,"enemies":"The Mushroom Lair","floor":14,"turns":4},{"damage":25,"enemies":"The Guardian","floor":16,"turns":9},{"damage":20,"enemies":"Spheric Guardian","floor":18,"turns":4},{"damage":31,"enemies":"Masked Bandits","floor":20,"turns":4},{"damage":14,"enemies":"2 Thieves","floor":24,"turns":3},{"damage":11,"enemies":"Shelled Parasite and Fungi","floor":30,"turns":7},{"damage":10,"enemies":"Chosen and Byrds","floor":31,"turns":6},{"damage":42,"enemies":"Champ","floor":33,"turns":14},{"damage":40,"enemies":"Orb Walker","floor":35,"turns":6},{"damage":41,"enemies":"3 Darklings","floor":38,"turns":8},{"damage":121,"enemies":"Transient","floor":39,"turns":5}],"seed_played":"6602083203321064821","potions_obtained":[{"floor":1,"key":"BlessingOfTheForge"},{"floor":5,"key":"ColorlessPotion"},{"floor":7,"key":"BlessingOfTheForge"},{"floor":20,"key":"Weak Potion"},{"floor":22,"key":"Regen Potion"},{"floor":22,"key":"BloodPotion"},{"floor":22,"key":"EssenceOfSteel"},{"floor":33,"key":"SpeedPotion"}],"is_trial":false,"path_per_floor":["M","M","?","M","M","R","M","M","T","M","?","$","R","?","R","B",null,"M","?","?","$","?","?","M","R","T","R","T","R","M","M","R","B",null,"M","?","?","M","M"],"character_chosen":"IRONCLAD","items_purchased":["Juzu Bracelet","Twin Strike","Evolve","Twin Strike","Finesse"],"campfire_rested":3,"item_purchase_floors":[12,12,21,21,21],"current_hp_per_floor":[88,88,88,88,77,77,81,74,74,73,73,73,73,61,87,68,88,74,74,52,52,52,52,47,75,75,75,75,75,74,70,98,66,102,68,68,68,33,0,0],"gold":512,"neow_bonus":"TEN_PERCENT_HP_BONUS","is_daily":false,"chose_seed":false,"campfire_upgraded":4,"win_rate":0.0,"timestamp":1609518062,"path_taken":["M","M","?","M","M","R","M","M","T","M","?","$","R","?","R","BOSS","M","?","?","$","?","?","M","R","T","R","?","R","M","M","R","BOSS","M","?","?","M","M"],"items_purchased_type":["Relic","Card","Card","Card","Card"],"build_version":"2020-12-22","purchased_purges":0,"victory":false,"max_hp_per_floor":[88,88,88,88,88,88,88,88,88,88,88,88,88,88,88,88,88,88,88,91,91,91,91,94,94,94,94,94,94,98,98,98,102,102,102,102,102,102,102,102],"relic_stats":{"counters":[18,94],"Juzu Bracelet":1,"Bag of Preparation":[12],"obtain_stats":[{"SlaversCollar":34,"Oddly Smooth Stone":9,"Juzu Bracelet":12,"Red Mask":20,"Bag of Preparation":26,"Odd Mushroom":14,"StrikeDummy":28,"Burning Blood":0},{"SlaversCollar":15,"Oddly Smooth Stone":6,"Juzu Bracelet":7,"Red Mask":11,"Bag of Preparation":12,"Odd Mushroom":8,"StrikeDummy":12,"Burning Blood":0},{"SlaversCollar":75,"Oddly Smooth Stone":21,"Juzu Bracelet":24,"Red Mask":45,"Bag of Preparation":48,"Odd Mushroom":28,"StrikeDummy":48,"Burning Blood":0}],"Burning Blood":88},"card_choices":[{"not_picked":["Combust","Body Slam"],"picked":"Cleave","floor":1},{"not_picked":["Thunderclap","Dual Wield"],"picked":"Spot Weakness","floor":2},{"not_picked":["Clothesline","Pommel Strike"],"picked":"Inflame","floor":4},{"not_picked":["Clothesline","Hemokinesis"],"picked":"Cleave","floor":5},{"not_picked":["Berserk","Blood for Blood"],"picked":"Anger","floor":7},{"not_picked":["Flex","Warcry"],"picked":"Metallicize","floor":8},{"not_picked":["Inflame","Flex"],"picked":"Pommel Strike","floor":10},{"not_picked":["Sever Soul","Shrug It Off"],"picked":"Flame Barrier","floor":14},{"not_picked":["Impervious","Berserk"],"picked":"Feed","floor":16},{"not_picked":["Clothesline","Heavy Blade"],"picked":"Iron Wave","floor":18},{"not_picked":["Bloodletting","Perfected Strike"],"picked":"Flame Barrier+1","floor":20},{"not_picked":["Anger","Perfected Strike+1"],"picked":"Shrug It Off","floor":24},{"not_picked":["Iron Wave","Flame Barrier"],"picked":"Wild Strike+1","floor":30},{"not_picked":["Combust","Clothesline"],"picked":"Fire Breathing+1","floor":31},{"not_picked":["Brutality","Offering"],"picked":"Immolate","floor":33},{"not_picked":["Burning Pact+1","Wild Strike+1"],"picked":"Seeing Red+1","floor":35},{"not_picked":["Swift Strike","Deep Breath"],"picked":"Enlightenment","floor":36},{"not_picked":["Impatience","Finesse"],"picked":"Mind Blast","floor":36},{"not_picked":["Armaments","Anger"],"picked":"Sword Boomerang+1","floor":38}],"player_experience":45078,"relics_obtained":[{"floor":9,"key":"Oddly Smooth Stone"},{"floor":14,"key":"Odd Mushroom"},{"floor":20,"key":"Red Mask"},{"floor":26,"key":"Bag of Preparation"},{"floor":28,"key":"StrikeDummy"}],"event_choices":[{"damage_healed":0,"gold_gain":0,"player_choice":"2","damage_taken":0,"max_hp_gain":0,"max_hp_loss":0,"event_name":"betterMatch:BetterMatch","floor":3,"gold_loss":0,"cards_obtained":[]},{"damage_healed":0,"gold_gain":0,"player_choice":"Ignored","damage_taken":0,"max_hp_gain":0,"max_hp_loss":0,"event_name":"Golden Wing","floor":11,"gold_loss":0},{"damage_healed":0,"gold_gain":0,"player_choice":"Fought Mushrooms","damage_taken":0,"max_hp_gain":0,"max_hp_loss":0,"event_name":"Mushrooms","floor":14,"gold_loss":0},{"damage_healed":0,"gold_gain":0,"player_choice":"Ignored","damage_taken":0,"max_hp_gain":0,"max_hp_loss":0,"event_name":"betterNote:BetterNote","floor":19,"gold_loss":0,"cards_obtained":["Entrench"]},{"damage_healed":0,"gold_gain":0,"player_choice":"Fought Bandits","damage_taken":0,"max_hp_gain":0,"max_hp_loss":0,"event_name":"Masked Bandits","floor":20,"gold_loss":0},{"damage_healed":0,"gold_gain":0,"player_choice":"Got Potions","damage_taken":0,"max_hp_gain":0,"max_hp_loss":0,"event_name":"Lab","floor":22,"gold_loss":0},{"damage_healed":0,"gold_gain":0,"player_choice":"Insight","damage_taken":0,"max_hp_gain":0,"max_hp_loss":0,"event_name":"betterThird:BetterWriting","floor":23,"gold_loss":0,"cards_obtained":["Insight"]},{"damage_healed":0,"gold_gain":3,"player_choice":"1","damage_taken":0,"max_hp_gain":0,"max_hp_loss":0,"event_name":"betterStone:BetterStone","floor":36,"gold_loss":0},{"damage_healed":0,"gold_gain":222,"player_choice":"Wore Mask","damage_taken":0,"max_hp_gain":0,"max_hp_loss":0,"event_name":"Tomb of Lord Red Mask","floor":37,"gold_loss":0}],"is_beta":false,"boss_relics":[{"not_picked":["Fusion Hammer","Coffee Dripper","SacredBark"]},{"not_picked":["Runic Dome","Velvet Choker"],"picked":"SlaversCollar"}],"items_purged_floors":[],"is_endless":false,"potions_floor_spawned":[1,5,7,14,20,31,33],"killed_by":"Transient","ascension_level":0}}