{"host":"cu7v2bzxqo9zajt2","time":1609510510,"event":{"mods":["BaseMod","CapriCore","Hermit","HololiveMod","Koishi","Marisa£¨Ùöéë¡¡Øª×âÞÞ£©","Minty Spire (QoL Compilation)","Prisma Mod","Railgun Mod","StSLib","SuperFastMode","The Bug Knight","The Cursed","The Dragon Tamer","The Gatherer","The Immortal","The Runesmith","WarShipGirlsR/??á´Ò³R mod"],"gold_per_floor":[119,129,59,59,121,121,121,121,121,141,141,157,173,189,189,290,290,301,311,233,233,249,249,249,249],"floor_reached":24,"playtime":1209,"items_purged":[],"score":188,"play_id":"b2be4f6f-f071-4df0-a8a9-505f3b8fee12","local_time":"20210101231510","is_ascension_mode":false,"campfire_choices":[{"data":"HollowMod:FocusHealStart","floor":6,"key":"SMITH"},{"data":"HollowMod:MothsMistake","floor":8,"key":"SMITH"},{"data":"HollowMod:SlysStrikes","floor":11,"key":"SMITH"},{"data":"HollowMod:MantisMark","floor":15,"key":"SMITH"},{"floor":23,"key":"REST"}],"circlet_count":0,"master_deck":["HollowMod:NailStrikeStart","HollowMod:NailStrikeStart","HollowMod:NailStrikeStart","HollowMod:NailStrikeStart","HollowMod:QuickDashStart","HollowMod:QuickDashStart","HollowMod:QuickDashStart","HollowMod:FocusHealStart+1","HollowMod:PogoStrike","HollowMod:FastStrike","HollowMod:MothsMistake+1","HollowMod:ChannelNail","HollowMod:NewLittleFool","HollowMod:PerfectDash","HollowMod:MantisMark+1","HollowMod:HeavyBlow","HollowMod:SlysStrikes+1","HollowMod:ChannelNail","HollowMod:CycloneSlash","HollowMod:DashSlash","HollowMod:GrimmsGift","HollowMod:HornetsHelp","HollowMod:DoubleDash","HollowMod:DashSlash","HollowMod:FallenFury","HollowMod:SiblingsSouls+1"],"relics":["HollowMod:VesselMask","NeowsBlessing","TungstenRod","MealTicket","Black Star"],"acts_visited":["Exordium","TheCity"],"potions_floor_usage":[22,24,24],"damage_taken":[{"damage":0,"enemies":"Small Slimes","floor":1,"turns":1},{"damage":0,"enemies":"2 Louse","floor":2,"turns":1},{"damage":0,"enemies":"Jaw Worm","floor":10,"turns":1},{"damage":21,"enemies":"Gremlin Gang","floor":12,"turns":5},{"damage":6,"enemies":"Blue Slaver","floor":13,"turns":3},{"damage":15,"enemies":"2 Fungi Beasts","floor":14,"turns":4},{"damage":21,"enemies":"Hexaghost","floor":16,"turns":7},{"damage":36,"enemies":"2 Thieves","floor":18,"turns":5},{"damage":6,"enemies":"Shell Parasite","floor":19,"turns":5},{"damage":60,"enemies":"Shelled Parasite and Fungi","floor":22,"turns":8},{"damage":42,"enemies":"Gremlin Leader","floor":24,"turns":4}],"seed_played":"7781079261700428643","potions_obtained":[{"floor":10,"key":"SteroidPotion"},{"floor":12,"key":"LiquidMemories"},{"floor":14,"key":"Dexterity Potion"}],"is_trial":false,"path_per_floor":["M","M","?","?","?","R","?","R","T","M","R","M","M","M","R","B",null,"M","M","$","?","M","R","E"],"character_chosen":"THE_BUGKNIGHT","items_purchased":["HollowMod:FallenFury"],"campfire_rested":1,"item_purchase_floors":[20],"current_hp_per_floor":[75,75,75,75,75,75,72,72,72,72,72,63,63,58,58,47,75,45,39,54,54,4,26,0,0],"gold":249,"neow_bonus":"THREE_ENEMY_KILL","is_daily":false,"chose_seed":false,"campfire_upgraded":4,"win_rate":0.0,"timestamp":1609510510,"path_taken":["M","M","?","?","?","R","?","R","T","M","R","M","M","?","R","BOSS","M","M","$","?","?","R","E"],"items_purchased_type":["Card"],"build_version":"2020-12-22","purchased_purges":0,"victory":false,"max_hp_per_floor":[75,75,75,75,75,75,75,75,75,75,75,75,75,75,75,75,75,75,75,75,75,75,75,75,75],"card_choices":[{"not_picked":["HollowMod:NewLittleFool","HollowMod:InfectedCysts"],"picked":"HollowMod:FastStrike","floor":1},{"not_picked":["HollowMod:DreamGate","HollowMod:SiblingsSouls"],"picked":"HollowMod:MothsMistake","floor":2},{"not_picked":[],"picked":"HollowMod:ChannelNail","floor":3},{"not_picked":[],"picked":"HollowMod:NewLittleFool","floor":3},{"not_picked":[],"picked":"HollowMod:PerfectDash","floor":3},{"not_picked":[],"picked":"HollowMod:MantisMark","floor":3},{"not_picked":[],"picked":"HollowMod:HeavyBlow","floor":3},{"not_picked":[],"picked":"HollowMod:SlysStrikes","floor":3},{"not_picked":["HollowMod:SiblingsSouls","HollowMod:LifebloodCocoon"],"picked":"HollowMod:ChannelNail","floor":10},{"not_picked":["HollowMod:InfectedCysts","HollowMod:RecoilStrike"],"picked":"HollowMod:CycloneSlash","floor":12},{"not_picked":["HollowMod:NewInfectedGuardian","HollowMod:GoodIntentions"],"picked":"HollowMod:DashSlash","floor":13},{"not_picked":["HollowMod:ShadowDash","HollowMod:NewJinnsSoul"],"picked":"HollowMod:GrimmsGift","floor":14},{"not_picked":["HollowMod:theNailsmith","HollowMod:NewInfectedGuardian"],"picked":"HollowMod:HornetsHelp","floor":16},{"not_picked":["HollowMod:WraithStrike+1","HollowMod:SoulSplash"],"picked":"HollowMod:DoubleDash","floor":18},{"not_picked":["HollowMod:CoiledNail","HollowMod:ChannelNail"],"picked":"HollowMod:DashSlash","floor":19},{"not_picked":["HollowMod:CornifersMapStart+1","HollowMod:CycloneSlash"],"picked":"HollowMod:SiblingsSouls+1","floor":22}],"player_experience":64824,"relics_obtained":[{"floor":9,"key":"MealTicket"}],"event_choices":[{"damage_healed":0,"gold_gain":62,"player_choice":"Gained Gold","damage_taken":0,"max_hp_gain":0,"max_hp_loss":0,"event_name":"Golden Wing","floor":5,"gold_loss":0},{"damage_healed":0,"gold_gain":0,"player_choice":"Success","damage_taken":3,"relics_obtained":["TungstenRod"],"max_hp_gain":0,"max_hp_loss":0,"event_name":"Scrap Ooze","floor":7,"gold_loss":0},{"damage_healed":0,"gold_gain":0,"player_choice":"Bought 0 Potions","damage_taken":0,"max_hp_gain":0,"max_hp_loss":0,"event_name":"The Woman in Blue","floor":21,"gold_loss":0}],"is_beta":false,"boss_relics":[{"not_picked":["Astrolabe","Runic Pyramid"],"picked":"Black Star"}],"items_purged_floors":[],"is_endless":false,"potions_floor_spawned":[10,12,14],"killed_by":"Gremlin Leader","ascension_level":0}}