{"host":"i8jghf4o7lwzr9fo","time":1609519733,"event":{"mods":["BaseMod","Minty Spire (QoL Compilation)"],"gold_per_floor":[116,116,43,63,63,93,93,109,136,136,152,169,188,208,208,305,305,317,317,54,72,89,121,121,140,167,167,185,204,204,222,222,324,324,344,344,31,46,62,62,78,0,0,100,111,111,122,134,134,134],"floor_reached":51,"playtime":3656,"items_purged":["Defend_B","Strike_B"],"score":677,"play_id":"cd483427-586b-4d90-9854-459295fa7fa9","local_time":"20210101164853","is_ascension_mode":false,"campfire_choices":[{"data":"Storm","floor":7,"key":"SMITH"},{"data":"Heatsinks","floor":10,"key":"SMITH"},{"floor":15,"key":"REST"},{"floor":24,"key":"REST"},{"floor":27,"key":"REST"},{"data":"White Noise","floor":30,"key":"SMITH"},{"floor":32,"key":"REST"},{"floor":40,"key":"REST"},{"data":"Heatsinks","floor":46,"key":"SMITH"},{"floor":49,"key":"REST"}],"circlet_count":0,"master_deck":["Strike_B","Strike_B","Strike_B","Defend_B","Defend_B","Defend_B","Zap","Dualcast","White Noise+1","Heatsinks+1","Storm+1","Steam","Tempest","Ball Lightning","Ball Lightning","Redo","Darkness","Skim","Biased Cognition","Static Discharge","Storm","Go for the Eyes+1","Steam Power+1","Heatsinks+1","Hello World","Streamline","White Noise+1","Streamline+1","Capacitor+1","Fusion","Conserve Battery","Biased Cognition","Hologram","Storm","Steam Power","Loop","Static Discharge+1","Steam+1","Steam Power+1","Conserve Battery+1","BootSequence","Ball Lightning+1"],"relics":["Cracked Core","NeowsBlessing","Toy Ornithopter","Dream Catcher","Runic Pyramid","Bag of Marbles","Anchor","Happy Flower","Strawberry","Runic Dome","Centennial Puzzle","Oddly Smooth Stone","Red Mask","Bottled Flame"],"acts_visited":["Exordium","TheCity","TheBeyond"],"potions_floor_usage":[16,23,23,31,33,33,33,47,50],"damage_taken":[{"damage":0,"enemies":"2 Louse","floor":1,"turns":1},{"damage":0,"enemies":"Cultist","floor":4,"turns":1},{"damage":0,"enemies":"Gremlin Nob","floor":6,"turns":1},{"damage":2,"enemies":"Jaw Worm","floor":8,"turns":3},{"damage":7,"enemies":"Blue Slaver","floor":11,"turns":2},{"damage":2,"enemies":"Exordium Thugs","floor":12,"turns":3},{"damage":8,"enemies":"2 Fungi Beasts","floor":13,"turns":3},{"damage":10,"enemies":"Looter","floor":14,"turns":2},{"damage":14,"enemies":"Slime Boss","floor":16,"turns":6},{"damage":14,"enemies":"2 Thieves","floor":18,"turns":2},{"damage":10,"enemies":"3 Byrds","floor":21,"turns":3},{"damage":13,"enemies":"Shelled Parasite and Fungi","floor":22,"turns":3},{"damage":28,"enemies":"Slavers","floor":23,"turns":3},{"damage":6,"enemies":"Cultist and Chosen","floor":25,"turns":3},{"damage":0,"enemies":"Snake Plant","floor":28,"turns":2},{"damage":2,"enemies":"Shelled Parasite and Fungi","floor":29,"turns":2},{"damage":15,"enemies":"Snecko","floor":31,"turns":3},{"damage":55,"enemies":"Collector","floor":33,"turns":6},{"damage":18,"enemies":"3 Darklings","floor":35,"turns":3},{"damage":5,"enemies":"Orb Walker","floor":38,"turns":2},{"damage":1,"enemies":"3 Darklings","floor":39,"turns":3},{"damage":13,"enemies":"Jaw Worm Horde","floor":41,"turns":3},{"damage":5,"enemies":"Sphere and 2 Shapes","floor":45,"turns":3},{"damage":5,"enemies":"Writhing Mass","floor":47,"turns":3},{"damage":12,"enemies":"Spire Growth","floor":48,"turns":4},{"damage":77,"enemies":"Awakened One","floor":50,"turns":6}],"seed_played":"-7175085531987066133","potions_obtained":[{"floor":1,"key":"GamblersBrew"},{"floor":4,"key":"Swift Potion"},{"floor":8,"key":"Strength Potion"},{"floor":13,"key":"AttackPotion"},{"floor":23,"key":"SteroidPotion"},{"floor":28,"key":"LiquidMemories"},{"floor":29,"key":"PotionOfCapacity"},{"floor":31,"key":"Weak Potion"},{"floor":35,"key":"Dexterity Potion"},{"floor":45,"key":"PowerPotion"},{"floor":47,"key":"BlessingOfTheForge"}],"is_trial":false,"path_per_floor":["M","?","$","M","?","E","R","M","T","R","M","M","M","M","R","B",null,"M","?","$","M","M","E","R","M","T","R","M","M","R","M","R","B",null,"M","?","$","M","M","R","M","?","T","?","M","R","M","M","R","B",null],"character_chosen":"DEFECT","items_purchased":["Heatsinks","Storm","Anchor","Storm","Oddly Smooth Stone"],"campfire_rested":6,"item_purchase_floors":[3,20,20,37,37],"current_hp_per_floor":[75,75,75,75,75,75,75,73,73,73,66,64,56,46,68,59,75,61,61,61,51,38,20,42,36,43,67,67,65,65,55,79,32,82,64,64,64,59,58,82,69,69,69,69,64,64,64,52,76,4],"gold":134,"neow_bonus":"THREE_ENEMY_KILL","is_daily":false,"chose_seed":false,"campfire_upgraded":4,"win_rate":0.0,"timestamp":1609519733,"path_taken":["M","?","$","M","?","E","R","M","T","R","M","M","?","M","R","BOSS","M","?","$","M","M","E","R","M","T","R","M","M","R","M","R","BOSS","M","?","?","M","M","R","M","?","T","?","?","R","M","M","R","BOSS"],"items_purchased_type":["Card","Card","Relic","Card","Relic"],"build_version":"2020-12-22","purchased_purges":2,"victory":true,"max_hp_per_floor":[75,75,75,75,75,75,75,75,75,75,75,75,75,75,75,75,75,75,75,75,75,75,75,75,75,82,82,82,82,82,82,82,82,82,82,82,82,82,82,82,82,82,82,82,82,82,82,82,82,82],"card_choices":[{"not_picked":["Fusion","BootSequence"],"picked":"White Noise","floor":1},{"not_picked":["Gash","Tempest"],"picked":"Storm","floor":4},{"not_picked":["Stack","Barrage"],"picked":"Steam","floor":6},{"not_picked":["Gash","Streamline"],"picked":"Tempest","floor":8},{"not_picked":["Reprogram","Sweeping Beam"],"picked":"Ball Lightning","floor":11},{"not_picked":["Multi-Cast","Auto Shields"],"picked":"Ball Lightning","floor":12},{"not_picked":["Compile Driver","Cold Snap"],"picked":"Redo","floor":13},{"not_picked":["Redo","Sweeping Beam"],"picked":"Darkness","floor":14},{"not_picked":["Go for the Eyes","Genetic Algorithm"],"picked":"Skim","floor":15},{"not_picked":["Amplify","Rainbow"],"picked":"Biased Cognition","floor":16},{"not_picked":["Redo","Go for the Eyes"],"picked":"Static Discharge","floor":18},{"not_picked":["Barrage","Leap"],"picked":"Go for the Eyes+1","floor":21},{"not_picked":["Compile Driver+1","All For One"],"picked":"Steam Power+1","floor":22},{"not_picked":["Rebound","Leap"],"picked":"Heatsinks","floor":23},{"not_picked":["Coolheaded","Chaos"],"picked":"Hello World","floor":24},{"not_picked":["Reinforced Body","Rainbow"],"picked":"Streamline","floor":25},{"not_picked":["Go for the Eyes","Rebound"],"picked":"White Noise","floor":27},{"not_picked":["Rip and Tear","Doom and Gloom"],"picked":"Streamline+1","floor":28},{"not_picked":["Beam Cell","Compile Driver"],"picked":"Capacitor+1","floor":29},{"not_picked":["Barrage","Melter"],"picked":"Fusion","floor":31},{"not_picked":["Glacier","BootSequence+1"],"picked":"Conserve Battery","floor":32},{"not_picked":["Reboot","Fission"],"picked":"Biased Cognition","floor":33},{"not_picked":["Cold Snap+1","Gash+1"],"picked":"Hologram","floor":35},{"not_picked":["Auto Shields","Coolheaded"],"picked":"Steam Power","floor":38},{"not_picked":["Force Field+1","Conserve Battery"],"picked":"Loop","floor":39},{"not_picked":["Steam Power+1","Aggregate"],"picked":"Static Discharge+1","floor":40},{"not_picked":["Chaos+1","Melter"],"picked":"Steam+1","floor":41},{"not_picked":["Cold Snap","Scrape"],"picked":"Steam Power+1","floor":45},{"not_picked":["Streamline+1","Lockon"],"picked":"Conserve Battery+1","floor":47},{"not_picked":["Conserve Battery+1","Hologram"],"picked":"BootSequence","floor":48},{"not_picked":["Coolheaded+1","Doom and Gloom"],"picked":"Ball Lightning+1","floor":49}],"player_experience":24583,"relics_obtained":[{"floor":6,"key":"Toy Ornithopter"},{"floor":9,"key":"Dream Catcher"},{"floor":23,"key":"Happy Flower"},{"floor":26,"key":"Strawberry"},{"floor":43,"key":"Bottled Flame"}],"event_choices":[{"damage_healed":0,"gold_gain":0,"player_choice":"Ignored","damage_taken":0,"max_hp_gain":0,"max_hp_loss":0,"event_name":"Liars Game","floor":2,"gold_loss":0},{"damage_healed":0,"gold_gain":0,"player_choice":"Upgraded","damage_taken":0,"max_hp_gain":0,"max_hp_loss":0,"event_name":"Upgrade Shrine","floor":5,"gold_loss":0,"cards_upgraded":["White Noise"]},{"damage_healed":0,"gold_gain":0,"player_choice":"Opened","damage_taken":0,"relics_obtained":["Bag of Marbles"],"max_hp_gain":0,"max_hp_loss":0,"event_name":"The Mausoleum","floor":19,"gold_loss":0},{"damage_healed":0,"gold_gain":0,"player_choice":"Gave Potion","damage_taken":0,"relics_obtained":["Centennial Puzzle"],"max_hp_gain":0,"max_hp_loss":0,"event_name":"WeMeetAgain","floor":36,"gold_loss":0},{"damage_healed":0,"gold_gain":0,"player_choice":"Paid","damage_taken":0,"relics_obtained":["Red Mask"],"max_hp_gain":0,"max_hp_loss":0,"event_name":"Tomb of Lord Red Mask","floor":42,"gold_loss":78},{"damage_healed":0,"gold_gain":100,"player_choice":"Pray","damage_taken":0,"max_hp_gain":0,"max_hp_loss":0,"event_name":"Golden Shrine","floor":44,"gold_loss":0}],"is_beta":false,"boss_relics":[{"not_picked":["FrozenCore","Ectoplasm"],"picked":"Runic Pyramid"},{"not_picked":["Busted Crown","Cursed Key"],"picked":"Runic Dome"}],"items_purged_floors":[20,37],"is_endless":false,"potions_floor_spawned":[1,4,8,13,23,28,29,31,35,45,47],"ascension_level":0}}