{"host":"9d9dhukr2jywmy0f","time":1609520703,"event":{"mods":["2.2 Compatiblity","Alarm Clock","BaseMod","Bestiary","Block Reminder","Colored Map","Colored Powertips","Curses Come First","DeckTracker","Displayed Cursed Tome","Highlight Path","Key Reminder","Keyboard Shortcuts","Koishi","Minty Spire (QoL Compilation)","MonsterHotkey","Potion Indicator Mod","Quick Restart","Rare Cards Sparkle","Relic Sorter","Relic Stats","Spire Birthday Party","StSLib","Synergy Search","Unceasing Turn Reminder","Unknown Chances"],"gold_per_floor":[119,39,55,73,88,121,121,121,121],"floor_reached":8,"playtime":295,"items_purged":[],"score":90,"play_id":"500fb8a5-a78b-4193-a296-bfb3a9a04c93","local_time":"20210102010503","is_ascension_mode":true,"campfire_choices":[{"data":"Koishi:HeartAttack","floor":7.0,"key":"SMITH"}],"circlet_count":0,"master_deck":["AscendersBane","Koishi:BasicStrike","Koishi:BasicStrike","Koishi:BasicStrike","Koishi:BasicStrike","Koishi:BasicDefend","Koishi:BasicDefend","Koishi:BasicDefend","Koishi:BasicDefend","Koishi:Provoke","Koishi:HauntingSlash","Koishi:UnconsciousUrges","Koishi:HeartAttack+1","Koishi:ReflexRadar"],"relics":["Koishi:ImaginaryFriend","NeowsBlessing","Molten Egg 2"],"acts_visited":["Exordium"],"potions_floor_usage":[8],"damage_taken":[{"damage":0.0,"enemies":"2 Louse","floor":1.0,"turns":1.0},{"damage":0.0,"enemies":"Small Slimes","floor":3.0,"turns":2.0},{"damage":0.0,"enemies":"Jaw Worm","floor":4.0,"turns":1.0},{"damage":12.0,"enemies":"3 Louse","floor":5.0,"turns":5.0},{"damage":32.0,"enemies":"3 Sentries","floor":6.0,"turns":8.0},{"damage":7,"enemies":"Gremlin Nob","floor":8,"turns":3}],"seed_played":"-8883461370865222004","potions_obtained":[{"floor":1.0,"key":"Dexterity Potion"},{"floor":4.0,"key":"PowerPotion"}],"is_trial":false,"path_per_floor":["M","$","M","M","M","E","R","E"],"character_chosen":"KOISHI","items_purchased":["Koishi:HeartAttack"],"campfire_rested":0,"item_purchase_floors":[2],"current_hp_per_floor":[54,54,54,54,44,12,12,5,5],"gold":121,"neow_bonus":"THREE_ENEMY_KILL","is_daily":false,"chose_seed":false,"campfire_upgraded":1,"win_rate":0.0,"timestamp":1609520703,"path_taken":["M","$","M","M","M","E","R","E"],"items_purchased_type":["Card"],"build_version":"2020-11-30","purchased_purges":0,"victory":false,"max_hp_per_floor":[60,60,60,60,60,60,60,60,60],"relic_stats":{"counters":[6,20],"obtain_stats":[{"NeowsBlessing":0,"Molten Egg 2":6,"Koishi:ImaginaryFriend":0},{"NeowsBlessing":0,"Molten Egg 2":5,"Koishi:ImaginaryFriend":0},{"NeowsBlessing":0,"Molten Egg 2":17,"Koishi:ImaginaryFriend":0}]},"card_choices":[{"not_picked":["Koishi:Possession","Koishi:EmbryosDream"],"picked":"Koishi:UnconsciousUrges","floor":1.0},{"not_picked":["Koishi:CatchAndRose","Koishi:JumpScare","Koishi:UnansweredLove"],"picked":"SKIP","floor":3.0},{"not_picked":["Koishi:Bloodlust","Koishi:DreadfulBlow"],"picked":"Koishi:ReflexRadar","floor":4.0},{"not_picked":["Koishi:RacingHeart","Koishi:ParalyzingFear","Koishi:HeartfeltFancy"],"picked":"SKIP","floor":5.0},{"not_picked":["Koishi:BloodcurdlingScream+1","Koishi:DreadfulBlow+1","Koishi:JumpScare"],"picked":"SKIP","floor":6.0}],"player_experience":846528,"relics_obtained":[{"floor":6.0,"key":"Molten Egg 2"}],"event_choices":[],"is_beta":false,"boss_relics":[],"items_purged_floors":[],"is_endless":false,"potions_floor_spawned":[1,4],"killed_by":"Gremlin Nob","ascension_level":11}}