{"host":"u2ml147a12me9taj","time":1609498077,"event":{"mods":["Act Like it!","BaseMod","Colored Powertips","Lobotomy","LobotomyExtend","Minty Spire (QoL Compilation)","Quick Restart","StSLib","The Animator"],"gold_per_floor":[120,133,133,133,152,152,168,168,195,211,211,223,70,98,98,98,98],"floor_reached":16,"playtime":636,"items_purged":[],"score":102,"play_id":"e9ad0712-ee81-45df-af9f-17872ad68575","local_time":"20210101194757","is_ascension_mode":false,"campfire_choices":[],"circlet_count":0,"master_deck":["SpecialBullet","SpecialBullet","SpecialBullet","SpecialBullet","SpecialBullet","SpecialBullet","SpecialBullet","ExtractionCode","InformationCode","SecurityCode","DaCapo","Scorched","BlueScar","FourthMatchFlame","Penitence","Bloodbath","Lamp+1","CherryBlossoms","Diffraction","QueenBee","Amita","LittleHelper","DaCapo","GoldRush"],"relics":["CogitoBucket","LetterFromLob","Boot","ChangeAnything","Tiny Chest","Dream Catcher"],"acts_visited":["Exordium"],"potions_floor_usage":[],"damage_taken":[{"damage":6,"enemies":"2 Louse","floor":1,"turns":3},{"damage":0,"enemies":"Cultist","floor":2,"turns":2},{"damage":18,"enemies":"Jaw Worm","floor":5,"turns":3},{"damage":10,"enemies":"Exordium Thugs","floor":7,"turns":3},{"damage":10,"enemies":"Looter","floor":10,"turns":2},{"damage":16,"enemies":"Large Slime","floor":12,"turns":2},{"damage":36,"enemies":"Lagavulin","floor":14,"turns":5},{"damage":46,"enemies":"Slime Boss","floor":16,"turns":7}],"seed_played":"8357037305157916836","potions_obtained":[],"is_trial":false,"path_per_floor":["M","M","?","$","M","R","M","R","T","M","R","M","$","E","R","B"],"character_chosen":"Angela","items_purchased":["Tiny Chest"],"campfire_rested":0,"item_purchase_floors":[13],"current_hp_per_floor":[70,70,70,70,60,60,59,59,59,62,62,61,61,41,41,0,0],"gold":98,"neow_bonus":"ONE_RANDOM_RARE_CARD","is_daily":false,"chose_seed":false,"campfire_upgraded":0,"win_rate":0.0,"timestamp":1609498077,"path_taken":["M","M","?","$","M","R","M","R","T","M","R","?","$","E","R","BOSS"],"items_purchased_type":["Relic"],"build_version":"2020-12-22","purchased_purges":0,"victory":false,"max_hp_per_floor":[70,70,70,70,70,70,70,70,70,70,70,70,70,70,70,70,70],"card_choices":[{"not_picked":["FairyFestival","MHz"],"picked":"Scorched","floor":1},{"not_picked":["CherryBlossom"],"picked":"BlueScar","floor":1},{"not_picked":["Noise","Loneliness"],"picked":"SKIP","floor":1},{"not_picked":["Beak","Horn"],"picked":"SKIP","floor":2},{"not_picked":["Galaxy"],"picked":"Penitence","floor":5},{"not_picked":["Freischutz","LittleHelper"],"picked":"Bloodbath","floor":5},{"not_picked":["CUTE"],"picked":"Lamp","floor":5},{"not_picked":["WallGazer","MeatLantern"],"picked":"CherryBlossoms","floor":7},{"not_picked":["ScreamingWedge","Beak"],"picked":"SKIP","floor":7},{"not_picked":["Beak","RapturousDream"],"picked":"SKIP","floor":7},{"not_picked":["TodaysExpression"],"picked":"Diffraction","floor":10},{"not_picked":["Wellcheers","DreamingCurrent"],"picked":"QueenBee","floor":10},{"not_picked":["FrostShard","Wingbeat"],"picked":"SKIP","floor":10},{"not_picked":["Noise","FourthMatchFlame"],"picked":"Amita","floor":12},{"not_picked":["MeatLantern","ShyLook"],"picked":"LittleHelper","floor":14},{"not_picked":["WristCuter","FourthMatchFlame"],"picked":"DaCapo","floor":14},{"not_picked":["Regret_ego","Amita"],"picked":"GoldRush","floor":14}],"player_experience":377623,"relics_obtained":[{"floor":1,"key":"LetterFromLob"},{"floor":9,"key":"Boot"},{"floor":14,"key":"Dream Catcher"}],"event_choices":[{"damage_healed":0,"gold_gain":0,"cards_transformed":["SpecialBullet"],"player_choice":"Transformed","damage_taken":0,"max_hp_gain":0,"max_hp_loss":0,"event_name":"Transmorgrifier","floor":3,"gold_loss":0,"cards_obtained":["FourthMatchFlame"]}],"is_beta":false,"boss_relics":[],"items_purged_floors":[],"is_endless":false,"potions_floor_spawned":[],"killed_by":"Slime Boss","ascension_level":0}}