{"host":"ff0k6g9g9j8o52vm","time":1609481367,"event":{"mods":["AchievementEnabler","Aspiration","Astrologer","BaseMod","Beaked The Cultist","Better Altar","Better Note","Better Sensory Stone","Better Skull","Better Third Choice","Colored Map","Colored Powertips","Curses Come First","Downfall","Energized Spire","GifTheSpireLib","Gremlin Mod","Hermit","Highlight Path","Hubris","Infinite Spire","Jorbs\u0027s Wanderer Trilogy","Koishi","Marisa????????","Minty Spire (QoL Compilation)","Quick Restart","Random Character Button","Replay The Spire","Robot Space Explorer","Shade Mod","Somnambulant","StSLib","The Bug Knight","The Clintock","The Construct","The Cursed","The Disciple","The Dragon Tamer","The Forsaken","The Gatherer","The Hayseed","The Hierophant","The Jungle","The Marked","The Mystic","The Necromancer","The Poker Player","The Runesmith","The Sage","The Saiyan","The Senshi","The Servant 0.9.4","The Wild Card","TheArtist","Wandering Minibosses","Yuri Mod","vexMod"],"gold_per_floor":[90,103,117,135,145,180,200,200,200,216,252,252,274,274,274,384,384,409,418,445,469,490,490,524,524,524,524,524,87,106,115,115,220,265,283,6,24,50,69,69,90,90,90,90,114,140,168,193,193,193],"floor_reached":51,"playtime":4420,"items_purged":["Saiyan:SAIYA_Strike","Saiyan:SAIYA_Strike","Saiyan:SAIYA_Strike"],"score":796,"play_id":"38884ed4-460e-4fff-a0e0-55227e33b1bf","local_time":"20201231220927","is_ascension_mode":false,"campfire_choices":[{"floor":8,"key":"REST"},{"floor":12,"key":"REST"},{"data":"Saiyan:EnergyBlast","floor":15,"key":"SMITH"},{"data":"infinitespire:Punishment","floor":23,"key":"SMITH"},{"data":"Saiyan:ThirstForFight","floor":25,"key":"SMITH"},{"data":"Saiyan:CCCapsule","floor":28,"key":"SMITH"},{"data":"Saiyan:PowerPole","floor":32,"key":"SMITH"},{"data":"infinitespire:TheBestDefense","floor":40,"key":"SMITH"},{"data":"Saiyan:WarmUp","floor":42,"key":"SMITH"},{"data":"Saiyan:PowerUp","floor":44,"key":"SMITH"},{"floor":49,"key":"REST"}],"circlet_count":0,"master_deck":["Saiyan:SAIYA_Strike","Saiyan:SAIYA_Defend","Saiyan:SAIYA_Defend","Saiyan:SAIYA_Defend","Saiyan:SAIYA_Defend","Saiyan:EnergyBlast+1","Saiyan:KaioKen","Saiyan:RuthlessBlow","Saiyan:FingerParry","Saiyan:Medicine","Saiyan:SpiritSword","Saiyan:DoubleMasenko","Saiyan:Furor","Saiyan:Rekindle","Saiyan:PowerUp+1","Saiyan:MonkeyTail","Saiyan:ExpandingShockwave+1","Saiyan:TheBomb","Saiyan:PlotArmor+1","infinitespire:Punishment+1","Saiyan:PlotArmor","Saiyan:WarmUp+1","Saiyan:ThirstForFight+1","Saiyan:CCCapsule+1","wanderingMiniBosses:FinaleOfPromise","Saiyan:PlotArmor+1","Saiyan:PowerPole+1","Saiyan:Quickening","Saiyan:KiStrike+1","Saiyan:Fly","Saiyan:SuperSaiyanThree+1","Delirium","Saiyan:GhostAttack","ReplayTheSpireMod:Uncanny Aura","infinitespire:TheBestDefense+1","astrologer:NorthStar","ReplayUltimateDefense+1","Saiyan:SuperSaiyanForm+1","Saiyan:TurtleShell+1","Saiyan:SuperSaiyanForm+1","Saiyan:PlotArmor+1","Saiyan:CCCapsule+1","Saiyan:Momentum+1"],"relics":["SaiyanSoul","SaiyanHeart","theForsaken:Lifeblossom","infinitespire:WardingShard","CeramicFish","energizedSpire:MagnifyingGlass","wanderingMiniBosses:Blackblade","BranchBurnRelic","infinitespire:Broken Mirror","Frozen Egg 2","ReplayTheSpireMod:SealedPack","hubris:64BitClover"],"acts_visited":["Exordium","Exordium","TheBeyond"],"potions_floor_usage":[6,13,21,33,38,45,45,48],"damage_taken":[{"damage":0,"enemies":"infinitespire:Voidling","floor":1,"turns":5},{"damage":0,"enemies":"Jaw Worm","floor":2,"turns":3},{"damage":0,"enemies":"Cultist","floor":3,"turns":4},{"damage":41,"enemies":"Gremlin Gang","floor":4,"turns":6},{"damage":28,"enemies":"Exordium Wildlife","floor":5,"turns":8},{"damage":12,"enemies":"HollowMod:MossKnight","floor":6,"turns":9},{"damage":11,"enemies":"Blue Slaver","floor":7,"turns":7},{"damage":3,"enemies":"Exordium Thugs","floor":10,"turns":6},{"damage":30,"enemies":"Gremlin Nob","floor":11,"turns":4},{"damage":6,"enemies":"2 Fungi Beasts","floor":13,"turns":5},{"damage":17,"enemies":"Fading Forest","floor":16,"turns":11},{"damage":21,"enemies":"theJungle:Flameango_and_Byrd","floor":18,"turns":5},{"damage":2,"enemies":"Shell Parasite","floor":20,"turns":4},{"damage":7,"enemies":"theJungle:SlimyTreeVines","floor":21,"turns":9},{"damage":5,"enemies":"theJungle:Lyon","floor":22,"turns":6},{"damage":0,"enemies":"theJungle:Snecko_Cultist_And_Trap","floor":24,"turns":5},{"damage":0,"enemies":"theJungle:JungleHuntersEncounter","floor":30,"turns":2},{"damage":0,"enemies":"theJungle:QueenSpyder","floor":33,"turns":7},{"damage":0,"enemies":"3 Shapes","floor":35,"turns":2},{"damage":6,"enemies":"Orb Walker","floor":37,"turns":4},{"damage":22,"enemies":"Transient","floor":38,"turns":5},{"damage":0,"enemies":"4 Shapes","floor":39,"turns":5},{"damage":7,"enemies":"Writhing Mass","floor":41,"turns":6},{"damage":42,"enemies":"3 Darklings","floor":45,"turns":5},{"damage":6,"enemies":"Spire Growth","floor":46,"turns":5},{"damage":48,"enemies":"Jaw Worm Horde","floor":47,"turns":6},{"damage":5,"enemies":"Transient","floor":48,"turns":5},{"damage":43,"enemies":"infinitespire:MassOfShapes","floor":50,"turns":15}],"seed_played":"-6153337292843696944","potions_obtained":[{"floor":2,"key":"Doom Potion"},{"floor":5,"key":"Swift Potion"},{"floor":11,"key":"Block Potion"},{"floor":16,"key":"SteroidPotion"},{"floor":20,"key":"sneckomod:MuddlingPotion"},{"floor":21,"key":"SneckoOil"},{"floor":24,"key":"ColorlessPotion"},{"floor":37,"key":"SkillPotion"},{"floor":38,"key":"Fire Potion"},{"floor":47,"key":"Explosive Potion"},{"floor":48,"key":"Elixir"}],"is_trial":false,"path_per_floor":["M","M","M","M","M","E","M","R","T","M","E","R","M","?","R","B",null,"M","AVR","M","M","M","R","M","R","T","?","R","$","M","?","R","B",null,"M","$","M","M","M","R","M","R","T","R","M","M","M","M","R","B",null],"character_chosen":"SAIYAJIN","items_purchased":["Frozen Egg 2","Saiyan:PlotArmor+1","Saiyan:PowerPole","Saiyan:Quickening","ReplayUltimateDefense+1"],"campfire_rested":3,"item_purchase_floors":[29,29,29,29,36],"current_hp_per_floor":[67,69,71,35,12,4,11,34,34,50,31,56,63,63,63,72,86,73,73,82,91,93,93,97,97,97,97,97,97,97,97,97,99,99,101,101,100,86,97,97,110,110,110,110,87,92,57,59,95,91],"gold":193,"neow_bonus":"TEN_PERCENT_HP_BONUS","is_daily":false,"chose_seed":false,"campfire_upgraded":8,"win_rate":0.0,"timestamp":1609481367,"path_taken":["M","?","M","M","M","E","M","R","T","M","E","R","M","?","R","BOSS","M","AVR","M","M","M","R","M","R","T","?","R","$","M","?","R","BOSS","M","$","M","M","M","R","M","R","T","R","M","M","M","M","R","BOSS"],"items_purchased_type":["Relic","Card","Card","Card","Card"],"build_version":"2020-12-22","purchased_purges":3,"victory":true,"max_hp_per_floor":[67,69,71,73,75,76,79,79,79,83,84,84,85,85,85,86,86,87,87,88,91,93,93,97,97,97,97,97,97,97,97,97,99,99,101,101,103,104,109,109,110,110,110,110,114,119,121,122,122,124],"card_choices":[{"not_picked":["Saiyan:BackAttack","Saiyan:Scouter"],"picked":"Saiyan:FingerParry","floor":1},{"not_picked":["Saiyan:Planning","Saiyan:PowerUp"],"picked":"Saiyan:Medicine","floor":2},{"not_picked":["Saiyan:PlotArmor","Saiyan:WarmUp"],"picked":"Saiyan:SpiritSword","floor":3},{"not_picked":["Saiyan:ThirstForFight","Saiyan:RemoveWeights"],"picked":"Saiyan:DoubleMasenko","floor":4},{"not_picked":["Saiyan:BackAttack","Saiyan:Scouter"],"picked":"Saiyan:Furor","floor":5},{"not_picked":["Saiyan:BackAttack","Saiyan:Honing"],"picked":"Saiyan:Rekindle","floor":6},{"not_picked":["Saiyan:FingerParry","Saiyan:KiStrike","Saiyan:Quickening"],"picked":"SKIP","floor":7},{"not_picked":["Saiyan:Afterimage","Saiyan:Pacing"],"picked":"Saiyan:PowerUp","floor":10},{"not_picked":["Saiyan:DoubleMasenko","Saiyan:WarmUp"],"picked":"Saiyan:MonkeyTail","floor":11},{"not_picked":["Saiyan:RemoveWeights","Saiyan:PlotArmor"],"picked":"Saiyan:ExpandingShockwave","floor":13},{"not_picked":["Saiyan:MonkeyTail","Saiyan:Rekindle"],"picked":"Saiyan:TheBomb","floor":16},{"not_picked":["Saiyan:KameHameHa","Saiyan:UltraInstinct"],"picked":"Saiyan:PlotArmor+1","floor":18},{"not_picked":["Saiyan:Scouter","Saiyan:KameHameHa"],"picked":"Saiyan:PlotArmor","floor":20},{"not_picked":["Saiyan:SpiritSword+1","Saiyan:Kienzan"],"picked":"Saiyan:WarmUp","floor":21},{"not_picked":["Saiyan:DoubleMasenko","Saiyan:ExpandingShockwave"],"picked":"Saiyan:ThirstForFight","floor":22},{"not_picked":["Saiyan:WarmUp","Saiyan:Kienzan+1"],"picked":"Saiyan:CCCapsule","floor":24},{"not_picked":[],"picked":"wanderingMiniBosses:FinaleOfPromise","floor":24},{"not_picked":["Saiyan:PowerUp","Saiyan:Flurry"],"picked":"Saiyan:KiStrike+1","floor":30},{"not_picked":["Saiyan:Momentum+1","Saiyan:SolarFlare"],"picked":"Saiyan:SuperSaiyanThree+1","floor":33},{"not_picked":["Saiyan:Rekindle","Saiyan:TheBomb"],"picked":"Saiyan:GhostAttack","floor":34},{"not_picked":["expansioncontent:Sear","Swift Strike"],"picked":"ReplayTheSpireMod:Uncanny Aura","floor":34},{"not_picked":["infinitespire:FinalStrike","infinitespire:DeathsTouch"],"picked":"infinitespire:TheBestDefense","floor":34},{"not_picked":["TheSimpletonMod:ReapAndSow","champ:Execute"],"picked":"astrologer:NorthStar","floor":34},{"not_picked":["Saiyan:ConcussiveBlow","Saiyan:FingerParry+1","Saiyan:KiExplosion"],"picked":"SKIP","floor":35},{"not_picked":["Saiyan:Quickening+1","Saiyan:ExpandingShockwave+1","Saiyan:Reset+1"],"picked":"SKIP","floor":37},{"not_picked":["Saiyan:GenkiDama","Saiyan:KameHameHa"],"picked":"Saiyan:SuperSaiyanForm+1","floor":38},{"not_picked":["Saiyan:RemoveWeights+1","Saiyan:SpiritSword","Saiyan:KiExplosion+1"],"picked":"SKIP","floor":39},{"not_picked":["Saiyan:PressOn+1","Saiyan:SpiritSword"],"picked":"Saiyan:TurtleShell+1","floor":41},{"not_picked":["Saiyan:BackAttack+1","Saiyan:Scouter"],"picked":"Saiyan:SuperSaiyanForm+1","floor":45},{"not_picked":["Saiyan:FinalFlash+1","Saiyan:FingerParry+1"],"picked":"Saiyan:PlotArmor+1","floor":46},{"not_picked":["Saiyan:KiExplosion","Saiyan:KameHameHa"],"picked":"Saiyan:CCCapsule+1","floor":47},{"not_picked":["Saiyan:Expend+1","Saiyan:LastResort"],"picked":"Saiyan:Momentum+1","floor":48}],"player_experience":944412,"relics_obtained":[{"floor":6,"key":"theForsaken:Lifeblossom"},{"floor":9,"key":"infinitespire:WardingShard"},{"floor":11,"key":"CeramicFish"},{"floor":24,"key":"wanderingMiniBosses:Blackblade"},{"floor":26,"key":"infinitespire:Broken Mirror"},{"floor":43,"key":"hubris:64BitClover"}],"event_choices":[{"damage_healed":0,"gold_gain":0,"player_choice":"Upgraded","damage_taken":0,"max_hp_gain":0,"max_hp_loss":0,"event_name":"Upgrade Shrine","floor":14,"gold_loss":0,"cards_upgraded":["Saiyan:ExpandingShockwave"]},{"cards_removed":["Saiyan:SAIYA_Strike"],"damage_healed":0,"gold_gain":0,"player_choice":"Give","damage_taken":0,"max_hp_gain":0,"max_hp_loss":0,"event_name":"betterNote:BetterNote","floor":27,"gold_loss":0,"cards_obtained":["PokerPlayerMod:Spade1"]},{"damage_healed":0,"gold_gain":0,"player_choice":"1 cards matched","damage_taken":0,"max_hp_gain":0,"max_hp_loss":0,"event_name":"Match and Keep!","floor":31,"gold_loss":0,"cards_obtained":["Saiyan:Fly"]}],"is_beta":false,"boss_relics":[{"not_picked":["energizedSpire:DeadBattery","Velvet Choker"],"picked":"energizedSpire:MagnifyingGlass"},{"not_picked":["Philosopher\u0027s Stone","Honey Jar"],"picked":"ReplayTheSpireMod:SealedPack"}],"items_purged_floors":[19,29,36],"is_endless":false,"potions_floor_spawned":[2,5,11,16,20,21,24,37,38,47,48],"ascension_level":0}}