{"host":"knghpd923z1q8993","time":1609535273,"event":{"mods":["BaseMod","Colored Map","Colored Powertips","Minty Spire (QoL Compilation)","StSLib"],"gold_per_floor":[113,113,129,146,158,193,193,206,206,240,240,266,280,310,310,413,413,433,451,348,120,120,120,154,168,168,193,207,207,207,221,221,317,317,330,290,84,84,41,76,76,102,127,7,7,0,0,18,18,18],"floor_reached":51,"playtime":4895,"items_purged":["Strike_G","Strike_G","Strike_G"],"score":1358,"play_id":"58745897-94ad-4692-bfb0-a496679721e7","local_time":"20210101220753","is_ascension_mode":true,"campfire_choices":[{"floor":11.0,"key":"REST"},{"data":"Accuracy","floor":15.0,"key":"SMITH"},{"data":"Burst","floor":23.0,"key":"SMITH"},{"data":"Accuracy","floor":29.0,"key":"SMITH"},{"data":"Blade Dance","floor":32,"key":"SMITH"},{"data":"Burst","floor":41,"key":"SMITH"},{"data":"Blade Dance","floor":47,"key":"SMITH"},{"data":"Storm of Steel","floor":49,"key":"SMITH"}],"circlet_count":0,"master_deck":["Strike_G","Strike_G+1","Defend_G","Defend_G","Defend_G","Defend_G","Defend_G+1","Survivor","Neutralize","Dagger Throw+1","Blade Dance+1","Blade Dance","Footwork","PiercingWail","Dash","Backstab","Accuracy+1","Wraith Form v2","Phantasmal Killer","Cloak And Dagger","Burst+1","Blade Dance","Accuracy+1","Terror","Backflip","Dagger Throw+1","Infinite Blades","Blade Dance+1","Prepared+1","Burst+1","Slice+1","Thinking Ahead","Deep Breath","Panache","Blade Dance","Caltrops","Storm of Steel+1","Blade Dance","Prepared+1"],"relics":["Sozu","CultistMask","Shuriken","Ornamental Fan","The Courier","Art of War","Eternal Feather","SlaversCollar","Ninja Scroll","Bronze Scales","Orichalcum","Whetstone","WristBlade","Bottled Tornado","WingedGreaves","Question Card","Pen Nib","Red Mask"],"acts_visited":["Exordium","TheCity","TheBeyond"],"potions_floor_usage":[],"damage_taken":[{"damage":0.0,"enemies":"Jaw Worm","floor":1.0,"turns":4.0},{"damage":1.0,"enemies":"Cultist","floor":3.0,"turns":3.0},{"damage":4.0,"enemies":"Small Slimes","floor":4.0,"turns":3.0},{"damage":4.0,"enemies":"Red Slaver","floor":5.0,"turns":2.0},{"damage":26.0,"enemies":"Gremlin Nob","floor":6.0,"turns":4.0},{"damage":1.0,"enemies":"Lots of Slimes","floor":8.0,"turns":4.0},{"damage":0.0,"enemies":"3 Sentries","floor":10.0,"turns":6.0},{"damage":0.0,"enemies":"Gremlin Nob","floor":12.0,"turns":3.0},{"damage":0.0,"enemies":"Exordium Thugs","floor":13.0,"turns":4.0},{"damage":11.0,"enemies":"Lagavulin","floor":14.0,"turns":5.0},{"damage":12.0,"enemies":"The Guardian","floor":16.0,"turns":11.0},{"damage":13.0,"enemies":"2 Thieves","floor":18.0,"turns":4.0},{"damage":1.0,"enemies":"Shell Parasite","floor":19.0,"turns":4.0},{"damage":0.0,"enemies":"Book of Stabbing","floor":24.0,"turns":3.0},{"damage":7.0,"enemies":"Snecko","floor":25.0,"turns":3.0},{"damage":0.0,"enemies":"Gremlin Leader","floor":27.0,"turns":3.0},{"damage":0.0,"enemies":"Snake Plant","floor":28.0,"turns":3.0},{"damage":6,"enemies":"Centurion and Healer","floor":31,"turns":3},{"damage":3,"enemies":"Collector","floor":33,"turns":6},{"damage":0,"enemies":"3 Darklings","floor":35,"turns":2},{"damage":0,"enemies":"Giant Head","floor":40,"turns":2},{"damage":24,"enemies":"Reptomancer","floor":42,"turns":4},{"damage":0,"enemies":"Orb Walker","floor":48,"turns":1},{"damage":58,"enemies":"Time Eater","floor":50,"turns":6}],"seed_played":"1806013431612566189","potions_obtained":[],"is_trial":false,"path_per_floor":["M","?","M","M","M","E","?","M","T","E","R","E","M","E","R","B",null,"M","M","$","$","T","R","E","M","T","E","M","R","?","M","R","B",null,"M","?","$","?","$","E","R","E","T","$","?","?","R","M","R","B",null],"character_chosen":"THE_SILENT","items_purchased":["Blade Dance","Accuracy","Terror","Backflip","Bottled Tornado","Blade Dance","Blade Dance"],"campfire_rested":1,"item_purchase_floors":[20,21,21,21,37,39,44],"current_hp_per_floor":[70,70,69,65,61,35,35,34,34,34,55,55,55,44,56,44,64,51,50,50,50,50,65,65,58,58,58,58,70,70,64,70,67,69,69,69,69,59,59,59,70,46,46,46,46,46,66,66,66,8],"gold":18,"neow_bonus":"BOSS_RELIC","is_daily":false,"chose_seed":false,"campfire_upgraded":7,"win_rate":0.0,"timestamp":1609535273,"path_taken":["M","?","?","M","M","E","?","?","T","E","R","E","M","E","R","BOSS","M","M","?","$","?","R","E","M","T","E","?","R","?","M","R","BOSS","M","?","?","?","$","E","R","E","T","?","?","?","R","M","R","BOSS"],"items_purchased_type":["Card","Card","Card","Card","Relic","Card","Card"],"build_version":"2020-12-22","purchased_purges":3,"victory":true,"max_hp_per_floor":[70,70,70,70,70,70,70,70,70,70,70,70,70,70,70,70,70,70,70,70,70,70,70,70,70,70,70,70,70,70,70,70,70,70,70,70,70,70,70,70,70,70,70,70,66,66,66,66,66,66],"card_choices":[{"not_picked":["Cloak And Dagger","Deflect"],"picked":"Dagger Throw","floor":1.0},{"not_picked":["Dodge and Roll","Cloak And Dagger"],"picked":"Blade Dance","floor":3.0},{"not_picked":["Outmaneuver","Poisoned Stab"],"picked":"Blade Dance","floor":4.0},{"not_picked":["Riddle With Holes","Cloak And Dagger"],"picked":"Footwork","floor":5.0},{"not_picked":["Deflect","Poisoned Stab"],"picked":"PiercingWail","floor":6.0},{"not_picked":["Outmaneuver","Distraction"],"picked":"Dash","floor":8.0},{"not_picked":["Escape Plan","Endless Agony"],"picked":"Backstab","floor":10.0},{"not_picked":["Crippling Poison","Burst"],"picked":"Accuracy","floor":12.0},{"not_picked":["Sucker Punch","Dagger Spray","Dagger Throw"],"picked":"SKIP","floor":13.0},{"not_picked":["Underhanded Strike","Tactician"],"picked":"Wraith Form v2","floor":14.0},{"not_picked":["Bullet Time","A Thousand Cuts"],"picked":"Phantasmal Killer","floor":16.0},{"not_picked":["PiercingWail","Slice+1"],"picked":"Cloak And Dagger","floor":18.0},{"not_picked":["Bane","Predator+1"],"picked":"Burst","floor":19.0},{"not_picked":["Sucker Punch","PiercingWail"],"picked":"Dagger Throw","floor":24.0},{"not_picked":["Flechettes","Acrobatics"],"picked":"Infinite Blades","floor":25.0},{"not_picked":["Predator+1","Flechettes","Dagger Spray"],"picked":"SKIP","floor":27.0},{"not_picked":["Outmaneuver","Envenom"],"picked":"Blade Dance","floor":28.0},{"not_picked":["PiercingWail","Backstab"],"picked":"Prepared+1","floor":31},{"not_picked":["A Thousand Cuts","Unload"],"picked":"Burst","floor":33},{"not_picked":["Deflect","Skewer"],"picked":"Slice+1","floor":35},{"not_picked":["Impatience","Mind Blast"],"picked":"Thinking Ahead","floor":38},{"not_picked":["Purity","Jack Of All Trades"],"picked":"Deep Breath","floor":38},{"not_picked":["Enlightenment","Swift Strike"],"picked":"Panache","floor":38},{"not_picked":["Footwork","Tactician+1"],"picked":"Caltrops","floor":40},{"not_picked":["Flying Knee","Quick Slash+1"],"picked":"Storm of Steel","floor":42},{"not_picked":["Poisoned Stab+1","Dodge and Roll","Finisher+1"],"picked":"Prepared+1","floor":48}],"player_experience":64758,"relics_obtained":[{"floor":6.0,"key":"Shuriken"},{"floor":9.0,"key":"Ornamental Fan"},{"floor":10.0,"key":"The Courier"},{"floor":12.0,"key":"Art of War"},{"floor":14.0,"key":"Eternal Feather"},{"floor":22.0,"key":"Ninja Scroll"},{"floor":24.0,"key":"Bronze Scales"},{"floor":26.0,"key":"Orichalcum"},{"floor":27.0,"key":"Whetstone"},{"floor":40,"key":"WingedGreaves"},{"floor":42,"key":"Question Card"},{"floor":43,"key":"Pen Nib"}],"event_choices":[{"damage_healed":0.0,"max_hp_gain":0.0,"max_hp_loss":0.0,"gold_gain":0.0,"event_name":"FaceTrader","player_choice":"Trade","floor":2.0,"gold_loss":0.0,"damage_taken":0.0,"relics_obtained":["CultistMask"]},{"damage_healed":0.0,"max_hp_gain":0.0,"max_hp_loss":0.0,"gold_gain":0.0,"event_name":"The Woman in Blue","player_choice":"Bought 0 Potions","floor":7.0,"gold_loss":0.0,"damage_taken":0.0},{"damage_healed":0.0,"max_hp_gain":0.0,"max_hp_loss":0.0,"gold_gain":0.0,"event_name":"Cursed Tome","player_choice":"Ignored","floor":30.0,"gold_loss":0.0,"damage_taken":0.0},{"damage_healed":0,"gold_gain":0,"player_choice":"Upgraded Two","damage_taken":0,"max_hp_gain":0,"max_hp_loss":0,"event_name":"Designer","floor":36,"gold_loss":40,"cards_upgraded":["Defend_G","Dagger Throw"]},{"damage_healed":0,"gold_gain":0,"player_choice":"Memory 3","damage_taken":10,"max_hp_gain":0,"max_hp_loss":0,"event_name":"SensoryStone","floor":38,"gold_loss":0},{"damage_healed":0,"gold_gain":0,"player_choice":"Max HP","damage_taken":0,"max_hp_gain":0,"max_hp_loss":4,"event_name":"Winding Halls","floor":45,"gold_loss":0},{"damage_healed":0,"gold_gain":0,"player_choice":"Paid","damage_taken":0,"relics_obtained":["Red Mask"],"max_hp_gain":0,"max_hp_loss":0,"event_name":"Tomb of Lord Red Mask","floor":46,"gold_loss":7}],"is_beta":false,"boss_relics":[{"not_picked":["Fusion Hammer","Coffee Dripper"],"picked":"SlaversCollar"},{"not_picked":["Runic Dome","Astrolabe"],"picked":"WristBlade"}],"items_purged_floors":[20,21,44],"is_endless":false,"potions_floor_spawned":[4,5,8,16,18,25,27,28,48],"ascension_level":5}}