{"host":"e1pm3b7xpcm97e5w","time":1609459446,"event":{"mods":["BaseMod","Better Skull","Googly Eyes","Minty Spire (QoL Compilation)","Relic Stats","Shop Mod","Spicy Shops","StSLib"],"gold_per_floor":[112,127,127,127,140,140,140,172,172,206,220,235,235,248,248,347,347,367,352,352,352,352],"floor_reached":21,"playtime":773,"items_purged":[],"score":277,"play_id":"b99b8bf4-d83c-4192-87fd-f92cb33a252b","local_time":"20201231190406","is_ascension_mode":true,"campfire_choices":[{"data":"Redo","floor":6,"key":"SMITH"},{"floor":13,"key":"REST"},{"floor":15,"key":"REST"}],"circlet_count":0,"master_deck":["Strike_B","Strike_B","Defend_B","Defend_B","Defend_B","Defend_B","Zap+1","Dualcast","Static Discharge+1","Steam+1","Redo+1","Leap","Hologram","White Noise","Coolheaded","Biased Cognition","Cold Snap","Self Repair","Scrape"],"relics":["Cracked Core","The Courier","Bronze Scales","Ornamental Fan","Sozu"],"acts_visited":["Exordium","TheCity"],"potions_floor_usage":[10,16,21],"damage_taken":[{"damage":3,"enemies":"Jaw Worm","floor":1,"turns":4},{"damage":5,"enemies":"2 Louse","floor":2,"turns":3},{"damage":1,"enemies":"Cultist","floor":5,"turns":4},{"damage":16,"enemies":"3 Sentries","floor":8,"turns":7},{"damage":42,"enemies":"Gremlin Nob","floor":10,"turns":3},{"damage":4,"enemies":"Large Slime","floor":11,"turns":5},{"damage":11,"enemies":"Gremlin Gang","floor":12,"turns":3},{"damage":0,"enemies":"Blue Slaver","floor":14,"turns":4},{"damage":18,"enemies":"Hexaghost","floor":16,"turns":8},{"damage":11,"enemies":"Spheric Guardian","floor":18,"turns":4},{"damage":20,"enemies":"2 Thieves","floor":19,"turns":5},{"damage":37,"enemies":"Shelled Parasite and Fungi","floor":21,"turns":4}],"seed_played":"6940154782992341346","potions_obtained":[{"floor":5,"key":"Swift Potion"},{"floor":12,"key":"Weak Potion"},{"floor":14,"key":"Block Potion"}],"is_trial":false,"path_per_floor":["M","M","?","?","M","R","?","E","T","E","M","M","R","M","R","B",null,"M","M","?","M"],"character_chosen":"DEFECT","items_purchased":[],"campfire_rested":2,"item_purchase_floors":[],"current_hp_per_floor":[65,60,45,45,44,44,75,59,59,17,13,2,24,24,46,28,63,52,32,32,0,0],"gold":352,"neow_bonus":"TRANSFORM_CARD","is_daily":false,"chose_seed":false,"campfire_upgraded":1,"win_rate":0.0,"timestamp":1609459446,"path_taken":["M","M","?","?","M","R","?","E","T","E","?","M","R","M","R","BOSS","M","M","?","?"],"items_purchased_type":[],"build_version":"2020-12-22","purchased_purges":0,"victory":false,"max_hp_per_floor":[75,75,75,75,75,75,75,75,75,75,75,75,75,75,75,75,75,75,75,75,75,75],"relic_stats":{"Sozu":1,"counters":[12,54],"Ornamental Fan":[0],"Bronze Scales":[99],"obtain_stats":[{"Sozu":17,"Ornamental Fan":10,"Bronze Scales":9,"The Courier":8,"Cracked Core":0},{"Sozu":9,"Ornamental Fan":5,"Bronze Scales":4,"The Courier":4,"Cracked Core":0},{"Sozu":41,"Ornamental Fan":21,"Bronze Scales":18,"The Courier":18,"Cracked Core":0}]},"card_choices":[{"not_picked":["Tempest","Force Field"],"picked":"Steam","floor":1},{"not_picked":["Ball Lightning","Undo"],"picked":"Redo","floor":2},{"not_picked":["Hello World","Beam Cell"],"picked":"Leap","floor":5},{"not_picked":["Melter","Aggregate","Stack"],"picked":"SKIP","floor":8},{"not_picked":["Leap","Steam"],"picked":"Hologram","floor":10},{"not_picked":["Static Discharge","Gash"],"picked":"White Noise","floor":11},{"not_picked":["Barrage","Fusion","Sweeping Beam"],"picked":"SKIP","floor":12},{"not_picked":["Conserve Battery","Gash"],"picked":"Coolheaded","floor":14},{"not_picked":["Buffer","Electrodynamics"],"picked":"Biased Cognition","floor":16},{"not_picked":["Reprogram+1","Sweeping Beam+1"],"picked":"Cold Snap","floor":18},{"not_picked":["Hologram","Storm"],"picked":"Self Repair","floor":19}],"player_experience":498245,"relics_obtained":[{"floor":8,"key":"The Courier"},{"floor":9,"key":"Bronze Scales"},{"floor":10,"key":"Ornamental Fan"}],"event_choices":[{"damage_healed":0,"gold_gain":0,"player_choice":"Entered Light","damage_taken":15,"max_hp_gain":0,"max_hp_loss":0,"event_name":"Shining Light","floor":3,"gold_loss":0,"cards_upgraded":["Zap","Steam"]},{"damage_healed":0,"gold_gain":0,"player_choice":"Grow","damage_taken":0,"max_hp_gain":0,"max_hp_loss":0,"event_name":"Living Wall","floor":4,"gold_loss":0,"cards_upgraded":["Static Discharge"]},{"damage_healed":31,"gold_gain":0,"player_choice":"Full Heal","damage_taken":0,"max_hp_gain":0,"max_hp_loss":0,"event_name":"Wheel of Change","floor":7,"gold_loss":0},{"damage_healed":0,"gold_gain":0,"cards_transformed":["Strike_B"],"player_choice":"Transformed","damage_taken":0,"max_hp_gain":0,"max_hp_loss":0,"event_name":"Transmorgrifier","floor":20,"gold_loss":0,"cards_obtained":["Scrape"]}],"is_beta":false,"boss_relics":[{"not_picked":["Cursed Key","Tiny House"],"picked":"Sozu"}],"items_purged_floors":[],"is_endless":false,"potions_floor_spawned":[5,12,14,18],"killed_by":"Shelled Parasite and Fungi","ascension_level":9}}