{"host":"m77rrhbqzv44va4v","time":1609531290,"event":{"mods":["AchievementEnabler","BaseMod","Colored Map","DeckTracker","Keyboard Shortcuts","Minty Spire (QoL Compilation)","StSLib","SuperFastMode","everything is the same but u backflip on backflip"],"gold_per_floor":[114,131,143,156,172,172,205,205,231,266,104,136,136,136,136,136,136],"floor_reached":16,"playtime":390,"items_purged":["Strike_R"],"score":234,"play_id":"527f7693-2acf-490b-90d0-83063deaee63","local_time":"20210102050130","is_ascension_mode":true,"campfire_choices":[{"data":"Bash","floor":6.0,"key":"SMITH"},{"floor":8,"key":"REST"},{"floor":15,"key":"REST"}],"circlet_count":0,"master_deck":["AscendersBane","Strike_R","Strike_R","Strike_R","Defend_R","Defend_R","Defend_R","Defend_R","Bash+1","Dark Shackles","Battle Trance","Wild Strike","Shrug It Off","Perfected Strike","True Grit","Blood for Blood","Pommel Strike"],"relics":["Burning Blood","Blood Vial","Dream Catcher","Orichalcum","Centennial Puzzle","Golden Idol"],"acts_visited":["Exordium"],"potions_floor_usage":[7,10,12],"damage_taken":[{"damage":22.0,"enemies":"Cultist","floor":1.0,"turns":5.0},{"damage":6.0,"enemies":"Small Slimes","floor":2.0,"turns":4.0},{"damage":3.0,"enemies":"2 Louse","floor":3.0,"turns":2.0},{"damage":15.0,"enemies":"Gremlin Gang","floor":4.0,"turns":3.0},{"damage":3.0,"enemies":"Blue Slaver","floor":5.0,"turns":5.0},{"damage":30,"enemies":"3 Sentries","floor":7,"turns":10},{"damage":2,"enemies":"Gremlin Nob","floor":10,"turns":3},{"damage":20,"enemies":"3 Sentries","floor":12,"turns":9},{"damage":47,"enemies":"Slime Boss","floor":16,"turns":8}],"seed_played":"-7000288041730026673","potions_obtained":[{"floor":2.0,"key":"PowerPotion"},{"floor":4.0,"key":"Fire Potion"},{"floor":5.0,"key":"SteroidPotion"},{"floor":10,"key":"Fire Potion"}],"is_trial":false,"path_per_floor":["M","M","M","M","M","R","E","R","T","E","$","E","?","?","R","B"],"character_chosen":"IRONCLAD","items_purchased":["Blood for Blood"],"campfire_rested":2,"item_purchase_floors":[11],"current_hp_per_floor":[52,52,55,46,49,49,25,47,47,53,53,41,15,15,37,0,0],"gold":136,"neow_bonus":"RANDOM_COLORLESS","is_daily":false,"chose_seed":false,"campfire_upgraded":1,"win_rate":0.0,"timestamp":1609531290,"path_taken":["M","M","?","M","M","R","E","R","T","E","$","E","?","?","R","BOSS"],"items_purchased_type":["Card"],"build_version":"2020-12-22","purchased_purges":1,"victory":false,"max_hp_per_floor":[75,75,75,75,75,75,75,75,75,75,75,75,75,75,75,75,75],"card_choices":[{"not_picked":["Purity","Discovery"],"picked":"Dark Shackles","floor":0.0},{"not_picked":["True Grit","Dark Embrace"],"picked":"Battle Trance","floor":1.0},{"not_picked":["Rupture","Infernal Blade"],"picked":"Wild Strike","floor":2.0},{"not_picked":["Headbutt","Sword Boomerang","Warcry"],"picked":"SKIP","floor":3.0},{"not_picked":["Headbutt","Sword Boomerang","Warcry"],"picked":"SKIP","floor":3.0},{"not_picked":["Warcry","Bludgeon"],"picked":"Shrug It Off","floor":4.0},{"not_picked":["Thunderclap","Sword Boomerang","Headbutt"],"picked":"SKIP","floor":5.0},{"not_picked":["Pummel","Warcry"],"picked":"Perfected Strike","floor":7},{"not_picked":["Havoc","Battle Trance"],"picked":"True Grit","floor":10},{"not_picked":["Corruption","Body Slam"],"picked":"Pommel Strike","floor":12}],"player_experience":874676,"relics_obtained":[{"floor":7,"key":"Blood Vial"},{"floor":9,"key":"Dream Catcher"},{"floor":10,"key":"Orichalcum"},{"floor":12,"key":"Centennial Puzzle"}],"event_choices":[{"damage_healed":0,"gold_gain":0,"player_choice":"Take Damage","damage_taken":26,"relics_obtained":["Golden Idol"],"max_hp_gain":0,"max_hp_loss":0,"event_name":"Golden Idol","floor":13,"gold_loss":0},{"cards_removed":["Strike_R"],"damage_healed":0,"gold_gain":0,"player_choice":"Forget","damage_taken":0,"max_hp_gain":0,"max_hp_loss":0,"event_name":"Living Wall","floor":14,"gold_loss":0}],"is_beta":false,"boss_relics":[],"items_purged_floors":[11],"is_endless":false,"potions_floor_spawned":[2,4,5,10],"killed_by":"Slime Boss","ascension_level":19}}