{"host":"kjehzzhcyp0nyrrl","time":1609504315,"event":{"mods":["AchievementEnabler","BaseMod","Custom Start","Hermit","Keyboard Shortcuts","Koishi","Minty Spire (QoL Compilation)","StSLib","SuperFastMode","The Dragon Tamer","The Gatherer","everything is the same but u backflip on backflip"],"gold_per_floor":[118,43,218,118,130,161,161,161,161,186,201,228,248,123,123,220,220,231,251,101,113,38,64,82,98,98,98,98,98,98,116,116,216,216,235,285,297,308,133,159,159,184,234,234,248,274,285,305,305,305,305,305,9,9,9],"floor_reached":54,"playtime":1928,"items_purged":["Defend_P","Doubt","Strike_P","Defend_P","Strike_P"],"score":1130,"play_id":"c38db339-3ffa-41ee-a636-130247dcca94","local_time":"20210101213155","is_ascension_mode":true,"campfire_choices":[{"data":"Eruption","floor":7,"key":"SMITH"},{"data":"CrushJoints","floor":15,"key":"SMITH"},{"data":"MentalFortress","floor":27,"key":"SMITH"},{"data":"Scrawl","floor":29,"key":"SMITH"},{"data":"WindmillStrike","floor":32,"key":"SMITH"},{"floor":41,"key":"RECALL"},{"data":"CutThroughFate","floor":44,"key":"SMITH"},{"floor":49,"key":"REST"},{"data":"Evaluate","floor":52,"key":"SMITH"}],"circlet_count":0,"master_deck":["Defend_P","Defend_P","Eruption+1","Vigilance","MentalFortress+1","CrushJoints+1","BattleHymn","WindmillStrike+1","FollowUp","Scrawl+1","CutThroughFate+1","EmptyMind+1","Evaluate+1","Wallop+1","Tantrum+1","MentalFortress+1","Ragnarok"],"relics":["HolyWater","NeowsBlessing","Gremlin Horn","Yang","Centennial Puzzle","Lizard Tail","PreservedInsect","Torii","Sozu","StoneCalendar","Bronze Scales","Potion Belt","Lantern","Oddly Smooth Stone"],"acts_visited":["Exordium","TheCity","TheBeyond","TheEnding"],"potions_floor_usage":[10,19,23,33,37,38],"damage_taken":[{"damage":0,"enemies":"Cultist","floor":1,"turns":1},{"damage":0,"enemies":"Jaw Worm","floor":5,"turns":1},{"damage":0,"enemies":"Gremlin Nob","floor":6,"turns":1},{"damage":8,"enemies":"3 Sentries","floor":10,"turns":4},{"damage":10,"enemies":"2 Louse","floor":11,"turns":2},{"damage":27,"enemies":"Gremlin Nob","floor":12,"turns":4},{"damage":0,"enemies":"Exordium Wildlife","floor":13,"turns":3},{"damage":0,"enemies":"Slime Boss","floor":16,"turns":5},{"damage":0,"enemies":"Spheric Guardian","floor":18,"turns":2},{"damage":0,"enemies":"Chosen","floor":19,"turns":3},{"damage":0,"enemies":"Centurion and Healer","floor":21,"turns":3},{"damage":16,"enemies":"Slavers","floor":23,"turns":4},{"damage":0,"enemies":"Snecko","floor":24,"turns":4},{"damage":0,"enemies":"3 Cultists","floor":25,"turns":4},{"damage":0,"enemies":"Sentry and Sphere","floor":31,"turns":3},{"damage":29,"enemies":"Collector","floor":33,"turns":8},{"damage":6,"enemies":"3 Darklings","floor":35,"turns":3},{"damage":0,"enemies":"Mind Bloom Boss Battle","floor":36,"turns":4},{"damage":0,"enemies":"Orb Walker","floor":37,"turns":2},{"damage":3,"enemies":"Sphere and 2 Shapes","floor":38,"turns":5},{"damage":1,"enemies":"Giant Head","floor":40,"turns":4},{"damage":0,"enemies":"Reptomancer","floor":42,"turns":3},{"damage":33,"enemies":"Maw","floor":45,"turns":5},{"damage":0,"enemies":"Transient","floor":47,"turns":5},{"damage":19,"enemies":"Writhing Mass","floor":48,"turns":5},{"damage":15,"enemies":"Donu and Deca","floor":50,"turns":8},{"damage":0,"enemies":"Shield and Spear","floor":54,"turns":2}],"seed_played":"1191066863172430429","potions_obtained":[{"floor":1,"key":"Swift Potion"},{"floor":6,"key":"AttackPotion"},{"floor":13,"key":"ColorlessPotion"},{"floor":16,"key":"Fire Potion"},{"floor":23,"key":"DistilledChaos"},{"floor":31,"key":"AttackPotion"},{"floor":33,"key":"SmokeBomb"}],"is_trial":false,"path_per_floor":["M","$","?","$","M","E","R","?","T","E","M","E","M","$","R","B",null,"M","M","$","M","?","E","M","M","T","R","?","R","?","M","R","B",null,"M","?","M","M","$","E","R","E","T","R","M","T","M","M","R","B",null,"R","$","E"],"character_chosen":"WATCHER","items_purchased":["Oddly Smooth Stone","Ragnarok"],"campfire_rested":1,"item_purchase_floors":[53,53],"current_hp_per_floor":[65,65,65,65,65,65,65,70,70,62,52,25,25,25,25,25,64,64,64,64,64,64,48,48,48,48,48,48,48,48,48,48,19,63,57,57,57,54,54,53,53,53,53,53,20,20,20,1,24,9,60,60,60,60,60],"gold":9,"neow_bonus":"THREE_ENEMY_KILL","is_daily":false,"chose_seed":false,"campfire_upgraded":7,"win_rate":0.0,"timestamp":1609504315,"path_taken":["M","?","?","$","M","E","R","?","T","E","M","E","M","$","R","BOSS","M","M","$","M","?","E","M","M","T","R","?","R","?","M","R","BOSS","M","?","M","M","$","E","R","E","T","R","M","?","M","M","R","BOSS","R","$","E"],"items_purchased_type":["Relic","Card"],"build_version":"2020-12-22","purchased_purges":5,"victory":false,"max_hp_per_floor":[72,72,72,72,72,72,72,77,77,77,77,77,77,77,77,77,77,77,77,77,77,77,77,77,77,77,77,77,77,77,77,77,77,77,77,77,77,77,77,77,77,77,77,77,77,77,77,77,77,77,77,77,77,77,77],"card_choices":[{"not_picked":["Wireheading","FlyingSleeves"],"picked":"MentalFortress","floor":1},{"not_picked":["Consecrate","CutThroughFate"],"picked":"CrushJoints","floor":5},{"not_picked":["SashWhip","Judgement"],"picked":"BattleHymn","floor":6},{"not_picked":["Protect","Wireheading"],"picked":"WindmillStrike","floor":10},{"not_picked":["FlurryOfBlows","Halt"],"picked":"FollowUp","floor":11},{"not_picked":["Protect","FollowUp","JustLucky"],"picked":"SKIP","floor":12},{"not_picked":["Consecrate","WindmillStrike","BowlingBash"],"picked":"SKIP","floor":13},{"not_picked":["ConjureBlade","Omniscience"],"picked":"Scrawl","floor":16},{"not_picked":["CarveReality","Protect"],"picked":"CutThroughFate","floor":18},{"not_picked":["JustLucky","LikeWater+1"],"picked":"EmptyMind+1","floor":19},{"not_picked":["CutThroughFate+1","FlyingSleeves"],"picked":"Evaluate","floor":21},{"not_picked":["Halt","Brilliance","Judgement"],"picked":"SKIP","floor":23},{"not_picked":["Consecrate+1","PathToVictory+1","CutThroughFate"],"picked":"SKIP","floor":24},{"not_picked":["Protect","Meditate","CrushJoints"],"picked":"SKIP","floor":25},{"not_picked":["JustLucky","WaveOfTheHand","Indignation"],"picked":"SKIP","floor":31},{"not_picked":["Prostrate","JustLucky","Crescendo+1"],"picked":"SKIP","floor":35},{"not_picked":["Crescendo+1","FollowUp","Indignation+1"],"picked":"SKIP","floor":37},{"not_picked":["CarveReality+1","Meditate+1","Perseverance+1"],"picked":"SKIP","floor":38},{"not_picked":["FlyingSleeves","SashWhip+1"],"picked":"Wallop+1","floor":40},{"not_picked":["PathToVictory","SignatureMove"],"picked":"Tantrum+1","floor":42},{"not_picked":["Prostrate+1","BowlingBash","Halt+1"],"picked":"SKIP","floor":45},{"not_picked":["SashWhip","WreathOfFlame"],"picked":"MentalFortress+1","floor":47},{"not_picked":["SignatureMove+1","FlurryOfBlows","Study"],"picked":"SKIP","floor":48}],"player_experience":382466,"relics_obtained":[{"floor":6,"key":"Gremlin Horn"},{"floor":9,"key":"Yang"},{"floor":10,"key":"Centennial Puzzle"},{"floor":12,"key":"Lizard Tail"},{"floor":23,"key":"PreservedInsect"},{"floor":26,"key":"Torii"},{"floor":36,"key":"StoneCalendar"},{"floor":40,"key":"Bronze Scales"},{"floor":42,"key":"Potion Belt"},{"floor":46,"key":"Lantern"}],"event_choices":[{"damage_healed":0,"gold_gain":175,"player_choice":"AGREE","damage_taken":0,"max_hp_gain":0,"max_hp_loss":0,"event_name":"Liars Game","floor":3,"gold_loss":0,"cards_obtained":["Doubt"]},{"damage_healed":0,"gold_gain":0,"player_choice":"Donut","damage_taken":0,"max_hp_gain":5,"max_hp_loss":0,"event_name":"Big Fish","floor":8,"gold_loss":0},{"cards_removed":["Strike_P"],"damage_healed":0,"gold_gain":0,"player_choice":"Gave Gold","damage_taken":0,"max_hp_gain":0,"max_hp_loss":0,"event_name":"Beggar","floor":22,"gold_loss":75},{"cards_removed":["Strike_P"],"damage_healed":0,"gold_gain":0,"player_choice":"Elegance","damage_taken":0,"max_hp_gain":0,"max_hp_loss":0,"event_name":"Back to Basics","floor":28,"gold_loss":0},{"damage_healed":0,"gold_gain":0,"player_choice":"Ignored","damage_taken":0,"max_hp_gain":0,"max_hp_loss":0,"event_name":"Cursed Tome","floor":30,"gold_loss":0},{"damage_healed":0,"gold_gain":0,"player_choice":"Fight","damage_taken":0,"max_hp_gain":0,"max_hp_loss":0,"event_name":"MindBloom","floor":36,"gold_loss":0}],"is_beta":false,"boss_relics":[{"not_picked":["Black Star","Ectoplasm"],"picked":"HolyWater"},{"not_picked":["Velvet Choker","Calling Bell"],"picked":"Sozu"}],"items_purged_floors":[2,4,14,20,39],"is_endless":false,"potions_floor_spawned":[1,6,13,16,18,23,31,33,37,38,45,48],"killed_by":"Shield and Spear","ascension_level":7}}