{"host":"pivahb1bacxk2eup","time":1609463485,"event":{"mods":["AchievementEnabler","BaseMod","Colored Map","Colored Powertips","Downfall","Hermit","Hero for Fun","Hubris","Jedi Mod","Jorbs\u0027s Wanderer Trilogy","Lobotomy","Marisa????????","Minty Spire (QoL Compilation)","Remilia??????","StSLib","The Alterego","The Animator","The Construct","The Hierophant","The Runesmith","The Servant 0.9.4","TheBandit","TheFirefly","Yuri Mod","thorton"],"gold_per_floor":[121,43,58,8,21,58,58,81,105,38,38,58,58,103,103,226,226,259,259,210,309,76,76,96,96,96,96,125,125,125],"floor_reached":28,"playtime":1543,"items_purged":[],"score":224,"play_id":"fe1b0984-4463-4dc3-b236-2e9b00731884","local_time":"20201231201125","is_ascension_mode":false,"campfire_choices":[{"floor":7,"key":"REST"},{"floor":13,"key":"REST"},{"floor":15,"key":"REST"},{"floor":23,"key":"REST"},{"data":"thethorton:Demotion","floor":27,"key":"SMITH"}],"circlet_count":0,"master_deck":["thethorton:Strike","thethorton:Strike","thethorton:Strike","thethorton:Strike","thethorton:Defend","thethorton:Defend","thethorton:Defend","thethorton:Defend","thethorton:Heckle+1","thethorton:CreditCard","thethorton:FearfulRun","thethorton:OddChange","thethorton:WhirlingBriefcase+1","thethorton:CannonShot","thethorton:ScalingIsWin","thethorton:Investment","thethorton:ShoutAndRun","thethorton:Distance","thethorton:PowerUp","thethorton:CoinClash","thethorton:BigBreak","thethorton:FearfulRun","thethorton:LongTermPayoff","thethorton:Demotion+1","thethorton:PennyToss","thethorton:ThickSkin"],"relics":["thethorton:CouragePotion","NeowsBlessing","construct:BoolHorns","jedi:shrinkray","Whetstone","jedi:hotpepper","ScarletDevilRocket","Orichalcum","hubris:BottledHeart","Omamori"],"acts_visited":["Exordium","TheCity"],"potions_floor_usage":[14,16,16],"damage_taken":[{"damage":0.0,"enemies":"Cultist","floor":1.0,"turns":1.0},{"damage":0.0,"enemies":"2 Louse","floor":3.0,"turns":2.0},{"damage":0.0,"enemies":"Jaw Worm","floor":5.0,"turns":1.0},{"damage":45,"enemies":"Gremlin Nob","floor":6,"turns":5},{"damage":7,"enemies":"Blue Slaver","floor":8,"turns":5},{"damage":8,"enemies":"Large Slime","floor":12,"turns":7},{"damage":35,"enemies":"3 Sentries","floor":14,"turns":10},{"damage":29,"enemies":"The Guardian","floor":16,"turns":11},{"damage":22,"enemies":"2 Thieves","floor":18,"turns":5},{"damage":0,"enemies":"Shell Parasite","floor":24,"turns":1},{"damage":2,"enemies":"Book of Stabbing","floor":28,"turns":5}],"seed_played":"-6414162657939026054","potions_obtained":[{"floor":3.0,"key":"LiquidBronze"},{"floor":8,"key":"Regen Potion"},{"floor":12,"key":"Dexterity Potion"}],"is_trial":false,"path_per_floor":["M","$","M","?","M","E","R","M","T","$","?","M","R","E","R","B",null,"M","?","$","?","$","R","M","?","T","R","E"],"character_chosen":"THE_THORT","items_purchased":["thethorton:OddChange","thethorton:ShoutAndRun","thethorton:Distance","thethorton:LongTermPayoff","thethorton:Demotion","thethorton:PennyToss"],"campfire_rested":4,"item_purchase_floors":[2,10,10,20,22,22],"current_hp_per_floor":[68,68,68,68,68,23,43,36,36,36,29,21,41,21,41,12,51,29,29,29,29,29,44,44,1,1,1,0,0,0],"gold":125,"neow_bonus":"THREE_ENEMY_KILL","is_daily":false,"chose_seed":false,"campfire_upgraded":1,"win_rate":0.0,"timestamp":1609463485,"path_taken":["M","?","M","?","M","E","R","M","T","?","?","?","R","E","R","BOSS","M","?","$","?","$","R","M","?","T","R","E"],"items_purchased_type":["Card","Card","Card","Card","Card","Card"],"build_version":"2020-12-22","purchased_purges":0,"victory":false,"max_hp_per_floor":[68,68,68,68,68,68,68,68,68,68,68,68,68,68,68,68,51,51,51,51,51,51,51,51,1,1,1,1,1,1],"card_choices":[{"not_picked":["thethorton:CashBash","thethorton:Distance"],"picked":"thethorton:FearfulRun","floor":1.0},{"not_picked":["thethorton:ElbowSmash","thethorton:DualBap"],"picked":"thethorton:WhirlingBriefcase","floor":3.0},{"not_picked":["thethorton:ElbowSmash","thethorton:RunningKick"],"picked":"thethorton:CannonShot","floor":5.0},{"not_picked":["thethorton:Fatigue","thethorton:StumblingSlap"],"picked":"thethorton:ScalingIsWin","floor":6},{"not_picked":["thethorton:ShoutAndRun","thethorton:StumblingSlap"],"picked":"thethorton:Investment","floor":8},{"not_picked":["thethorton:CannonShot","thethorton:ElbowSmash"],"picked":"thethorton:PowerUp","floor":12},{"not_picked":["thethorton:MomentaryBreak","thethorton:CashBash"],"picked":"thethorton:CoinClash","floor":14},{"not_picked":["thethorton:SummonProfit","thethorton:Portfolio"],"picked":"thethorton:BigBreak","floor":16},{"not_picked":["thethorton:HitAhead","thethorton:AngerMoment"],"picked":"thethorton:FearfulRun","floor":18},{"not_picked":["thethorton:DownPayment","thethorton:TakeAccounts"],"picked":"thethorton:ThickSkin","floor":24}],"player_experience":519739,"relics_obtained":[{"floor":6,"key":"construct:BoolHorns"},{"floor":14,"key":"Whetstone"},{"floor":19,"key":"Orichalcum"},{"floor":26,"key":"Omamori"}],"event_choices":[{"cards_removed":["Normality"],"damage_healed":0.0,"max_hp_gain":0.0,"max_hp_loss":0.0,"gold_gain":0.0,"event_name":"The Cleric","player_choice":"Card Removal","floor":4.0,"gold_loss":50.0,"damage_taken":0.0},{"damage_healed":0,"gold_gain":0,"player_choice":"Success","damage_taken":7,"relics_obtained":["jedi:shrinkray"],"max_hp_gain":0,"max_hp_loss":0,"event_name":"Scrap Ooze","floor":11,"gold_loss":0},{"damage_healed":0,"gold_gain":99,"player_choice":"Stole From Cult","damage_taken":0,"max_hp_gain":0,"max_hp_loss":0,"event_name":"Nest","floor":21,"gold_loss":0}],"is_beta":false,"boss_relics":[{"not_picked":["Astrolabe","Ectoplasm"],"picked":"jedi:hotpepper"}],"items_purged_floors":[],"is_endless":false,"potions_floor_spawned":[3,8,12],"killed_by":"Book of Stabbing","ascension_level":0}}