{"host":"dvpvhz1t6etneyb3","time":1609532390,"event":{"mods":["AchievementEnabler","BaseMod","Colored Map","Highlight Path","Minty Spire (QoL Compilation)","Permanent Neow","Quick Restart"],"gold_per_floor":[16,16,27,42,42,42,74,74,98,14,14,40,53,78,78,150,150,170,95,95,106,120,152,152,152,152,184,184,184,195,224,224,300,600,618,306,319,319,157,183,183,218,218,232,232,0,20,38,38,38,38],"floor_reached":52,"playtime":2468,"items_purged":["Decay"],"score":1972,"play_id":"cc6f0e70-2eec-451a-83f0-06f017c4d7a7","local_time":"20210101151950","is_ascension_mode":true,"campfire_choices":[{"data":"Anger","floor":6.0,"key":"SMITH"},{"data":"Offering","floor":8.0,"key":"SMITH"},{"floor":11.0,"key":"REST"},{"data":"Inflame","floor":15.0,"key":"SMITH"},{"data":"Uppercut","floor":25.0,"key":"SMITH"},{"data":"Whirlwind","floor":28.0,"key":"SMITH"},{"data":"Limit Break","floor":32.0,"key":"SMITH"},{"data":"Shockwave","floor":41,"key":"SMITH"},{"data":"Inflame","floor":45,"key":"SMITH"},{"data":"True Grit","floor":49,"key":"SMITH"}],"circlet_count":0,"master_deck":["AscendersBane","Strike_R+1","Strike_R+1","Strike_R+1","Defend_R+1","Defend_R+1","Defend_R+1","Bash+1","Cleave","Anger+1","Offering+1","Inflame+1","Inflame","Shrug It Off","Reaper","Uppercut+1","Shockwave+1","Inflame+1","Whirlwind+1","Limit Break+1","Brutality","CurseOfTheBell","Shrug It Off","Evolve","Burning Pact+1","Sword Boomerang+1","Offering","True Grit+1"],"relics":["Burning Blood","Red Skull","Smiling Mask","Toy Ornithopter","Ice Cream","Velvet Choker","Thread and Needle","Boot","Bag of Marbles","Matryoshka","Calling Bell","Omamori","Old Coin","Mercury Hourglass","Happy Flower","PreservedInsect","Bronze Scales","Molten Egg 2","Potion Belt","Bag of Preparation"],"acts_visited":["Exordium","TheCity","TheBeyond"],"potions_floor_usage":[48,50,50,51],"damage_taken":[{"damage":4.0,"enemies":"Small Slimes","floor":1.0,"turns":4.0},{"damage":7.0,"enemies":"Jaw Worm","floor":3.0,"turns":3.0},{"damage":1.0,"enemies":"2 Louse","floor":4.0,"turns":2.0},{"damage":35.0,"enemies":"3 Sentries","floor":7.0,"turns":7.0},{"damage":6.0,"enemies":"Gremlin Nob","floor":12.0,"turns":2.0},{"damage":1.0,"enemies":"2 Fungi Beasts","floor":13.0,"turns":2.0},{"damage":26.0,"enemies":"3 Sentries","floor":14.0,"turns":6.0},{"damage":39.0,"enemies":"Hexaghost","floor":16.0,"turns":6.0},{"damage":31.0,"enemies":"Shell Parasite","floor":18.0,"turns":3.0},{"damage":17.0,"enemies":"2 Thieves","floor":21.0,"turns":2.0},{"damage":47.0,"enemies":"Shelled Parasite and Fungi","floor":22.0,"turns":4.0},{"damage":49.0,"enemies":"Slavers","floor":23.0,"turns":4.0},{"damage":26.0,"enemies":"Book of Stabbing","floor":27.0,"turns":5.0},{"damage":1.0,"enemies":"Snecko","floor":30.0,"turns":4.0},{"damage":24.0,"enemies":"Slavers","floor":31.0,"turns":2.0},{"damage":33.0,"enemies":"Collector","floor":33.0,"turns":6.0},{"damage":19,"enemies":"3 Darklings","floor":35,"turns":4},{"damage":27,"enemies":"3 Shapes","floor":37,"turns":3},{"damage":23,"enemies":"Nemesis","floor":40,"turns":5},{"damage":33,"enemies":"Reptomancer","floor":42,"turns":6},{"damage":14,"enemies":"Writhing Mass","floor":44,"turns":5},{"damage":33,"enemies":"4 Shapes","floor":47,"turns":8},{"damage":6,"enemies":"Spire Growth","floor":48,"turns":3},{"damage":80,"enemies":"Time Eater","floor":50,"turns":8},{"damage":70,"enemies":"Awakened One","floor":51,"turns":5}],"seed_played":"7143013373276653666","potions_obtained":[{"floor":3.0,"key":"GamblersBrew"},{"floor":13.0,"key":"LiquidBronze"},{"floor":16.0,"key":"SteroidPotion"},{"floor":22.0,"key":"ElixirPotion"},{"floor":23.0,"key":"Block Potion"},{"floor":30.0,"key":"Ancient Potion"},{"floor":42,"key":"DuplicationPotion"},{"floor":44,"key":"SkillPotion"},{"floor":48,"key":"SneckoOil"}],"is_trial":false,"path_per_floor":["M","?","M","M","?","R","E","R","T","$","R","E","M","E","R","B",null,"M","?","?","M","M","E","?","R","T","E","R","?","M","E","R","B",null,"M","$","M","?","$","E","R","E","T","M","R","$","M","M","R","B","B",null],"character_chosen":"IRONCLAD","items_purchased":["Inflame","Happy Flower","Shrug It Off","Evolve","PreservedInsect","Offering","BlessingOfTheForge"],"campfire_rested":1,"item_purchase_floors":[10,36,36,36,39,46,46],"current_hp_per_floor":[70,70,69,74,74,74,45,45,45,45,67,67,72,52,52,24,62,55,55,55,75,52,54,54,54,54,60,60,60,65,47,47,52,69,75,75,75,75,75,58,58,75,75,75,75,75,75,75,75,44,22],"gold":38,"neow_bonus":"REMOVE_TWO","is_daily":false,"chose_seed":false,"campfire_upgraded":9,"win_rate":0.0,"timestamp":1609532390,"path_taken":["M","?","M","M","?","R","E","R","T","$","R","E","M","E","R","BOSS","M","?","?","M","M","E","?","R","T","E","R","?","M","E","R","BOSS","M","$","M","?","?","E","R","E","T","M","R","?","M","M","R","BOSS","BOSS"],"items_purchased_type":["Card","Relic","Card","Card","Relic","Card","Potion"],"build_version":"2020-12-22","purchased_purges":1,"victory":true,"max_hp_per_floor":[75,75,75,75,75,75,75,75,75,75,75,75,75,75,75,75,75,75,75,75,75,75,75,75,75,75,75,75,75,75,75,75,75,75,75,75,75,75,75,75,75,75,75,75,75,75,75,75,75,75,75],"card_choices":[{"not_picked":["Armaments","Twin Strike"],"picked":"Cleave","floor":1.0},{"not_picked":["Clash","Body Slam"],"picked":"Anger","floor":3.0},{"not_picked":["Havoc","Iron Wave","Body Slam"],"picked":"SKIP","floor":4.0},{"not_picked":["Body Slam","Impervious"],"picked":"Offering","floor":7.0},{"not_picked":["Iron Wave","Wild Strike"],"picked":"Inflame","floor":12.0},{"not_picked":["Sever Soul","Headbutt","Clash"],"picked":"SKIP","floor":13.0},{"not_picked":["Warcry","Body Slam"],"picked":"Shrug It Off","floor":14.0},{"not_picked":["Exhume","Bludgeon"],"picked":"Reaper","floor":16.0},{"not_picked":["Flame Barrier","Ghostly Armor"],"picked":"Uppercut","floor":18.0},{"not_picked":["Pommel Strike","Havoc"],"picked":"Shockwave","floor":21.0},{"not_picked":["Blood for Blood","Anger","Heavy Blade"],"picked":"SKIP","floor":22.0},{"not_picked":["Barricade","Armaments"],"picked":"Inflame","floor":23.0},{"not_picked":["Cleave","Power Through"],"picked":"Whirlwind","floor":27.0},{"not_picked":["Wild Strike","Anger","Clash+1"],"picked":"SKIP","floor":30.0},{"not_picked":["Metallicize","Headbutt+1"],"picked":"Limit Break","floor":31.0},{"not_picked":["Barricade","Limit Break"],"picked":"Brutality","floor":33.0},{"not_picked":["Twin Strike","Warcry","Clash"],"picked":"SKIP","floor":35},{"not_picked":["Metallicize","Shockwave","Iron Wave"],"picked":"SKIP","floor":37},{"not_picked":["Metallicize","Shockwave","Iron Wave"],"picked":"SKIP","floor":37},{"not_picked":["Berserk","Headbutt+1"],"picked":"Burning Pact+1","floor":40},{"not_picked":["Thunderclap+1","Clothesline+1"],"picked":"Sword Boomerang+1","floor":42},{"not_picked":["Clash+1","Warcry","Demon Form"],"picked":"SKIP","floor":44},{"not_picked":["Clash+1","Warcry","Demon Form"],"picked":"SKIP","floor":44},{"not_picked":["Anger+1","Clash+1","Warcry+1"],"picked":"SKIP","floor":47},{"not_picked":["Fire Breathing","Sentinel"],"picked":"True Grit","floor":48}],"player_experience":2022455,"relics_obtained":[{"floor":7.0,"key":"Red Skull"},{"floor":9.0,"key":"Smiling Mask"},{"floor":12.0,"key":"Toy Ornithopter"},{"floor":14.0,"key":"Ice Cream"},{"floor":23.0,"key":"Thread and Needle"},{"floor":26.0,"key":"Boot"},{"floor":27.0,"key":"Bag of Marbles"},{"floor":31.0,"key":"Matryoshka"},{"floor":34,"key":"Omamori"},{"floor":34,"key":"Old Coin"},{"floor":34,"key":"Mercury Hourglass"},{"floor":40,"key":"Bronze Scales"},{"floor":42,"key":"Molten Egg 2"},{"floor":43,"key":"Potion Belt"},{"floor":43,"key":"Bag of Preparation"}],"event_choices":[{"damage_healed":0.0,"max_hp_gain":0.0,"max_hp_loss":0.0,"gold_gain":0.0,"event_name":"Living Wall","player_choice":"Grow","floor":2.0,"gold_loss":0.0,"damage_taken":0.0,"cards_upgraded":["Bash"]},{"damage_healed":0.0,"max_hp_gain":0.0,"max_hp_loss":0.0,"gold_gain":0.0,"event_name":"The Cleric","player_choice":"Leave","floor":5.0,"gold_loss":0.0,"damage_taken":0.0},{"cards_removed":["Strike_R"],"damage_healed":0.0,"max_hp_gain":0.0,"max_hp_loss":0.0,"gold_gain":0.0,"event_name":"Beggar","player_choice":"Gave Gold","floor":19.0,"gold_loss":75.0,"damage_taken":0.0},{"damage_healed":0.0,"max_hp_gain":0.0,"max_hp_loss":0.0,"gold_gain":0.0,"event_name":"Vampires","player_choice":"Ignored","floor":20.0,"gold_loss":0.0,"damage_taken":0.0},{"damage_healed":0.0,"max_hp_gain":0.0,"max_hp_loss":0.0,"gold_gain":0.0,"event_name":"Back to Basics","player_choice":"Simplicity","floor":24.0,"gold_loss":0.0,"damage_taken":0.0,"cards_upgraded":["Strike_R","Strike_R","Strike_R","Defend_R","Defend_R","Defend_R"]},{"damage_healed":0.0,"max_hp_gain":0.0,"max_hp_loss":0.0,"gold_gain":0.0,"event_name":"Wheel of Change","player_choice":"Cursed","floor":29.0,"gold_loss":0.0,"damage_taken":0.0,"cards_obtained":["Decay"]},{"damage_healed":0,"gold_gain":0,"player_choice":"Ignored","damage_taken":0,"max_hp_gain":0,"max_hp_loss":0,"event_name":"Tomb of Lord Red Mask","floor":38,"gold_loss":0}],"is_beta":false,"boss_relics":[{"not_picked":["Snecko Eye","Tiny House"],"picked":"Velvet Choker"},{"not_picked":["Astrolabe","Runic Dome"],"picked":"Calling Bell"}],"items_purged_floors":[36],"is_endless":false,"potions_floor_spawned":[3,13,16,22,23,30,35,42,44,48],"ascension_level":20}}