{"host":"94aus4jnk6thj94q","time":1609529381,"event":{"mods":["BaseMod","Minty Spire (QoL Compilation)","Quick Restart","StSLib"],"gold_per_floor":[10,10,10,10,23,66,75,100,124,146,168,168,185,210,210,310,310,333,346,373,84,84,84,84,84],"floor_reached":24,"playtime":1011,"items_purged":[],"score":225,"play_id":"ab8f4eaf-ff29-4fbe-87cd-e78725b81f3b","local_time":"20210101212941","is_ascension_mode":false,"campfire_choices":[{"floor":12.0,"key":"REST"},{"data":"Demon Form","floor":15.0,"key":"SMITH"},{"floor":23.0,"key":"REST"}],"circlet_count":0,"master_deck":["Strike_R","Strike_R","Strike_R","Strike_R","Strike_R","Defend_R","Defend_R","Defend_R","Defend_R","Bash+1","Twin Strike","Clothesline","Body Slam","Juggernaut","Armaments","Armaments","Metallicize","Demon Form+1","Thunderclap","Twin Strike"],"relics":["Burning Blood","CeramicFish","Anchor","Cursed Key","CaptainsWheel"],"acts_visited":["Exordium","TheCity"],"potions_floor_usage":[],"damage_taken":[{"damage":10.0,"enemies":"Jaw Worm","floor":1.0,"turns":4.0},{"damage":1.0,"enemies":"Cultist","floor":5.0,"turns":3.0},{"damage":35.0,"enemies":"Gremlin Nob","floor":6.0,"turns":5.0},{"damage":5.0,"enemies":"2 Louse","floor":8.0,"turns":2.0},{"damage":10.0,"enemies":"2 Fungi Beasts","floor":10.0,"turns":3.0},{"damage":20.0,"enemies":"Exordium Thugs","floor":11.0,"turns":4.0},{"damage":0.0,"enemies":"Large Slime","floor":13.0,"turns":5.0},{"damage":0.0,"enemies":"Exordium Wildlife","floor":14.0,"turns":4.0},{"damage":61.0,"enemies":"Hexaghost","floor":16.0,"turns":9.0},{"damage":12.0,"enemies":"3 Byrds","floor":18.0,"turns":5.0},{"damage":0.0,"enemies":"Chosen","floor":19.0,"turns":4.0},{"damage":46.0,"enemies":"3 Cultists","floor":20.0,"turns":7.0},{"damage":0,"enemies":"Slavers","floor":24,"turns":1}],"seed_played":"-5739804315514581750","potions_obtained":[{"floor":5.0,"key":"ColorlessPotion"},{"floor":10.0,"key":"SteroidPotion"},{"floor":11.0,"key":"Weak Potion"},{"floor":13.0,"key":"BloodPotion"},{"floor":19.0,"key":"Block Potion"},{"floor":20.0,"key":"ColorlessPotion"}],"is_trial":false,"path_per_floor":["M","?","$","?","M","E","?","M","T","M","M","R","M","M","R","B",null,"M","M","M","$","?","R","E"],"character_chosen":"IRONCLAD","items_purchased":["CaptainsWheel"],"campfire_rested":2,"item_purchase_floors":[21],"current_hp_per_floor":[92,92,92,92,96,67,67,68,68,64,50,78,84,90,90,54,96,90,96,56,56,56,84,84,84],"gold":84,"neow_bonus":"TWENTY_PERCENT_HP_BONUS","is_daily":false,"chose_seed":false,"campfire_upgraded":1,"win_rate":0.0,"timestamp":1609529381,"path_taken":["M","?","$","?","M","E","?","M","T","?","M","R","M","M","R","BOSS","M","M","M","$","?","R","E"],"items_purchased_type":["Relic"],"build_version":"2020-12-22","purchased_purges":0,"victory":false,"max_hp_per_floor":[96,96,96,96,96,96,96,96,96,96,96,96,96,96,96,96,96,96,96,96,96,96,96,96,96],"card_choices":[{"not_picked":["Headbutt","Shockwave"],"picked":"Twin Strike","floor":1.0},{"not_picked":["Dual Wield","Headbutt"],"picked":"Clothesline","floor":5.0},{"not_picked":["Dark Embrace","Anger"],"picked":"Body Slam","floor":6.0},{"not_picked":["Shrug It Off","Sentinel"],"picked":"Armaments","floor":8.0},{"not_picked":["Cleave","Headbutt"],"picked":"Armaments","floor":10.0},{"not_picked":["Sever Soul","Intimidate"],"picked":"Metallicize","floor":11.0},{"not_picked":["Wild Strike","Heavy Blade","Power Through"],"picked":"SKIP","floor":13.0},{"not_picked":["Thunderclap","Fire Breathing"],"picked":"Demon Form","floor":14.0},{"not_picked":["Clothesline","Feel No Pain"],"picked":"Thunderclap","floor":18.0},{"not_picked":["Sword Boomerang","Havoc","Wild Strike+1"],"picked":"SKIP","floor":19.0},{"not_picked":["True Grit","Pummel+1"],"picked":"Twin Strike","floor":20.0}],"player_experience":5678220,"relics_obtained":[{"floor":6.0,"key":"CeramicFish"},{"floor":9.0,"key":"Anchor"}],"event_choices":[{"damage_healed":0.0,"max_hp_gain":0.0,"max_hp_loss":0.0,"gold_gain":0.0,"event_name":"Living Wall","player_choice":"Grow","floor":2.0,"gold_loss":0.0,"damage_taken":0.0,"cards_upgraded":["Bash"]},{"damage_healed":0.0,"max_hp_gain":0.0,"max_hp_loss":0.0,"gold_gain":0.0,"event_name":"Shining Light","player_choice":"Ignored","floor":4.0,"gold_loss":0.0,"damage_taken":0.0},{"damage_healed":0.0,"max_hp_gain":0.0,"max_hp_loss":0.0,"gold_gain":0.0,"event_name":"Match and Keep!","player_choice":"1 cards matched","floor":7.0,"gold_loss":0.0,"damage_taken":0.0,"cards_obtained":["Juggernaut"]},{"damage_healed":0.0,"max_hp_gain":0.0,"max_hp_loss":0.0,"gold_gain":0.0,"event_name":"Ghosts","player_choice":"Ignored","floor":22.0,"gold_loss":0.0,"damage_taken":0.0}],"is_beta":false,"boss_relics":[{"not_picked":["SacredBark","Philosopher\u0027s Stone"],"picked":"Cursed Key"}],"items_purged_floors":[],"is_endless":false,"potions_floor_spawned":[5,10,11,13,19,20],"killed_by":"Slavers","ascension_level":0}}