{"host":"axuns55dzq466eei","time":1609472630,"event":{"mods":["BaseMod","Colored Map","Keyboard Shortcuts","Minty Spire (QoL Compilation)","StSLib","SuperFastMode"],"gold_per_floor":[115,129,129,141,66,66,80,80,104,104,120,137,171,201,201,201,201],"floor_reached":16,"playtime":363,"items_purged":[],"score":204,"play_id":"d016ee77-9a30-44b4-bc01-202e100161bf","local_time":"20210101124350","is_ascension_mode":true,"campfire_choices":[{"data":"Well Laid Plans","floor":6.0,"key":"SMITH"},{"floor":10.0,"key":"REST"},{"data":"Underhanded Strike","floor":15.0,"key":"SMITH"}],"circlet_count":0,"master_deck":["AscendersBane","Strike_G","Strike_G","Strike_G","Defend_G","Defend_G","Defend_G","Defend_G","Survivor","Neutralize","Well Laid Plans+1","Poisoned Stab","Underhanded Strike+1","Dagger Throw","Underhanded Strike"],"relics":["Ring of the Snake","Nunchaku","HornCleat","Odd Mushroom"],"acts_visited":["Exordium"],"potions_floor_usage":[16],"damage_taken":[{"damage":1.0,"enemies":"Small Slimes","floor":1.0,"turns":3.0},{"damage":7.0,"enemies":"Jaw Worm","floor":2.0,"turns":5.0},{"damage":13.0,"enemies":"2 Louse","floor":4.0,"turns":3.0},{"damage":11.0,"enemies":"Large Slime","floor":7.0,"turns":7.0},{"damage":8.0,"enemies":"3 Louse","floor":11.0,"turns":4.0},{"damage":3.0,"enemies":"Looter","floor":12.0,"turns":3.0},{"damage":6.0,"enemies":"Gremlin Nob","floor":13.0,"turns":3.0},{"damage":0.0,"enemies":"The Mushroom Lair","floor":14.0,"turns":4.0},{"damage":23,"enemies":"Slime Boss","floor":16,"turns":3}],"seed_played":"-3389614453433143653","potions_obtained":[{"floor":1.0,"key":"LiquidMemories"},{"floor":2.0,"key":"SpeedPotion"},{"floor":7.0,"key":"Poison Potion"},{"floor":14.0,"key":"Regen Potion"}],"is_trial":false,"path_per_floor":["M","M","?","M","?","R","M","?","T","R","M","M","E","?","R","B"],"character_chosen":"THE_SILENT","items_purchased":[],"campfire_rested":1,"item_purchase_floors":[],"current_hp_per_floor":[43,36,36,23,23,23,12,7,7,26,18,15,9,9,9,0,0],"gold":201,"neow_bonus":"REMOVE_TWO","is_daily":false,"chose_seed":false,"campfire_upgraded":2,"win_rate":0.0,"timestamp":1609472630,"path_taken":["M","M","?","M","?","R","M","?","T","R","M","M","E","?","R","BOSS"],"items_purchased_type":[],"build_version":"2020-12-22","purchased_purges":0,"victory":false,"max_hp_per_floor":[66,66,66,66,66,66,66,66,66,66,66,66,66,66,66,66,66],"card_choices":[{"not_picked":["Sucker Punch","Riddle With Holes"],"picked":"Well Laid Plans","floor":1.0},{"not_picked":["Well Laid Plans","Quick Slash"],"picked":"Poisoned Stab","floor":2.0},{"not_picked":["Well Laid Plans","Outmaneuver"],"picked":"Underhanded Strike","floor":4.0},{"not_picked":["Deflect","PiercingWail"],"picked":"Dagger Throw","floor":7.0},{"not_picked":["Catalyst","Dagger Throw"],"picked":"Underhanded Strike","floor":11.0},{"not_picked":["Dagger Throw","Flying Knee","Skewer"],"picked":"SKIP","floor":12.0},{"not_picked":["Bullet Time","Bane","Slice"],"picked":"SKIP","floor":13.0}],"player_experience":1040649,"relics_obtained":[{"floor":13.0,"key":"HornCleat"},{"floor":14.0,"key":"Odd Mushroom"}],"event_choices":[{"damage_healed":0.0,"max_hp_gain":0.0,"max_hp_loss":0.0,"gold_gain":0.0,"event_name":"Liars Game","player_choice":"Ignored","floor":3.0,"gold_loss":0.0,"damage_taken":0.0},{"cards_removed":["Strike_G"],"damage_healed":0.0,"max_hp_gain":0.0,"max_hp_loss":0.0,"gold_gain":0.0,"event_name":"The Cleric","player_choice":"Card Removal","floor":5.0,"gold_loss":75.0,"damage_taken":0.0},{"damage_healed":0.0,"max_hp_gain":0.0,"max_hp_loss":0.0,"gold_gain":0.0,"event_name":"Scrap Ooze","player_choice":"Success","floor":8.0,"gold_loss":0.0,"damage_taken":5.0,"relics_obtained":["Nunchaku"]},{"damage_healed":0.0,"max_hp_gain":0.0,"max_hp_loss":0.0,"gold_gain":0.0,"event_name":"Mushrooms","player_choice":"Fought Mushrooms","floor":14.0,"gold_loss":0.0,"damage_taken":0.0}],"is_beta":false,"boss_relics":[],"items_purged_floors":[],"is_endless":false,"potions_floor_spawned":[1,2,7,14],"killed_by":"Slime Boss","ascension_level":20}}