{"host":"df48i9djcn92c5sx","time":1609504457,"event":{"mods":["BaseMod","Downfall","Marisa£®ÏF”Í°°ƒß¿Ì…≥£©","Minty Spire (QoL Compilation)","READ ME - Guardian Mod","READ ME - Snecko Mod","Reimu£®≤©¿ˆ¡È√Œ£©","Remilia£®¿Ÿ√◊¿Ú—«£©","Replay The Spire","Shop Mod","StSLib","The Jungle","The Servant 0.9.4"],"gold_per_floor":[99,99,24,24,88,88,112,130,130,143,143,170,170,181,195,300,300,150,170,170,189,22,22,71,71,71,71,71],"floor_reached":26,"playtime":979,"items_purged":["champ:Strike"],"score":202,"play_id":"ddfdcbe5-e9d9-4254-85cb-2755d02227f8","local_time":"20210101203417","is_ascension_mode":false,"campfire_choices":[{"data":"champ:Execute","floor":1.0,"key":"SMITH"},{"data":"champ:DeathBlow","floor":6,"key":"SMITH"},{"data":"champ:FaceSlap","floor":9,"key":"SMITH"},{"floor":13,"key":"RECALL"},{"data":"champ:LastStand","floor":18,"key":"SMITH"},{"data":"champ:StrikeOfGenius","floor":23,"key":"SMITH"},{"data":"champ:ArenaPreparation","floor":25,"key":"SMITH"}],"circlet_count":0,"master_deck":["champ:Strike","champ:Strike","champ:Strike","champ:Defend","champ:Defend","champ:Defend","champ:Defend","champ:Execute+1","champ:Taunt","champ:ArenaPreparation+1","champ:FaceSlap+1","champ:StanceDance","champ:DeathBlow+1","champ:CheapShot+1","champ:LastStand+1","champ:BerserkerStyle+1","champ:GladiatorStyle+1","champ:StrikeOfGenius+1"],"relics":["champ:ChampionCrown","downfall:HeartsMalice","Divine Protection","Anchor","champ:LiftRelic","MealTicket","SlaversCollar","downfall:HeartBlessingRed","downfall:HeartBlessingGreen"],"acts_visited":["Exordium","Exordium"],"potions_floor_usage":[16,16],"damage_taken":[{"damage":0.0,"enemies":"Cultist","floor":2.0,"turns":1.0},{"damage":0.0,"enemies":"downfall:FleeingMerchant","floor":3.0,"turns":1.0},{"damage":0.0,"enemies":"downfall:FleeingMerchant","floor":4.0,"turns":1.0},{"damage":0,"enemies":"Jaw Worm","floor":8,"turns":3},{"damage":22,"enemies":"2 Louse","floor":10,"turns":3},{"damage":60,"enemies":"3 Sentries","floor":12,"turns":5},{"damage":12,"enemies":"2 Fungi Beasts","floor":14,"turns":3},{"damage":45,"enemies":"Gremlin Gang","floor":15,"turns":6},{"damage":48,"enemies":"downfall:Ironclad","floor":16,"turns":4},{"damage":39,"enemies":"theJungle:GiantWrat","floor":19,"turns":5},{"damage":31,"enemies":"theJungle:MUSHROOMGANG","floor":21,"turns":4},{"damage":47,"enemies":"downfall:FleeingMerchant","floor":22,"turns":5},{"damage":98,"enemies":"theJungle:2_Phrogs","floor":26,"turns":7}],"seed_played":"4343909410693455565","potions_obtained":[{"floor":5,"key":"Dexterity Potion"},{"floor":8,"key":"Adrenaline Potion"},{"floor":10,"key":"SteroidPotion"},{"floor":15,"key":"DuplicationPotion"},{"floor":19,"key":"PowerPotion"},{"floor":21,"key":"Adrenaline Potion"}],"is_trial":false,"path_per_floor":["R","M","$","$","?","R","T","M","R","M","?","E","R","M","M","B",null,"R","M","?","M","$","R","T","R","E"],"character_chosen":"THE_CHAMP","items_purchased":["champ:StrikeOfGenius"],"campfire_rested":0,"item_purchase_floors":[22],"current_hp_per_floor":[90,90,90,90,90,90,90,90,90,90,90,76,76,84,77,60,90,90,79,79,76,95,95,95,95,0,0,0],"gold":71,"neow_bonus":"THREE_ENEMY_KILL","is_daily":false,"chose_seed":false,"campfire_upgraded":6,"win_rate":0.0,"timestamp":1609504457,"path_taken":["R","M","?","$","?","R","T","?","R","?","?","E","R","M","M","BOSS","R","M","?","?","$","R","T","R","E"],"items_purchased_type":["Card"],"build_version":"2020-12-22","purchased_purges":1,"victory":false,"max_hp_per_floor":[90,90,90,90,90,90,90,90,90,90,90,90,90,90,90,90,90,90,90,90,90,95,95,95,95,95,95,95],"card_choices":[{"not_picked":["champ:PerfectedStrike","champ:ViciousMockery"],"picked":"champ:ArenaPreparation","floor":2.0},{"not_picked":["champ:GladiatorsShout","champ:Riposte"],"picked":"champ:FaceSlap","floor":3.0},{"not_picked":["champ:FaceSlap","champ:FocusedGladiator"],"picked":"champ:StanceDance","floor":4},{"not_picked":["champ:PerfectedStrike","champ:Circumvent"],"picked":"champ:DeathBlow","floor":5},{"not_picked":["champ:StanceDance","champ:DefensiveStyle","champ:Haymaker"],"picked":"SKIP","floor":8},{"not_picked":["champ:PerfectedStrike","champ:TornadoPunch","champ:GutPunch"],"picked":"SKIP","floor":10},{"not_picked":["champ:ArenaPreparation","champ:GladiatorsShout","champ:CrookedStrike"],"picked":"SKIP","floor":12},{"not_picked":["champ:StanceDance","champ:Circumvent","champ:BringItOn"],"picked":"SKIP","floor":14},{"not_picked":["champ:PerfectedStrike","champ:AdrenalArmor"],"picked":"champ:CheapShot","floor":15},{"not_picked":["champ:ShieldThrow","champ:Improvising"],"picked":"champ:LastStand","floor":16},{"not_picked":["champ:Backstep","champ:TornadoPunch"],"picked":"champ:FightOn","floor":19},{"not_picked":["champ:CrookedStrike","champ:AdrenalArmor"],"picked":"champ:BerserkerStyle+1","floor":21},{"not_picked":["champ:StanceDance","champ:BringItOn+1"],"picked":"champ:GladiatorStyle+1","floor":22}],"player_experience":1383105,"relics_obtained":[{"floor":5,"key":"Divine Protection"},{"floor":7,"key":"Anchor"},{"floor":12,"key":"MealTicket"}],"event_choices":[{"damage_healed":0,"gold_gain":0,"player_choice":"Upgraded","damage_taken":0,"max_hp_gain":0,"max_hp_loss":0,"event_name":"Upgrade Shrine","floor":20,"gold_loss":0,"cards_upgraded":["champ:CheapShot"]}],"is_beta":false,"boss_relics":[{"not_picked":["sneckomod:SneckoTalon","Fusion Hammer"],"picked":"SlaversCollar"}],"items_purged_floors":[3],"is_endless":false,"potions_floor_spawned":[8,10,15,19,21],"killed_by":"theJungle:2_Phrogs","ascension_level":0}}