{"host":"1kq2ingo3j45gyyp","time":1609459455,"event":{"mods":["BaseMod","Better Note","Better Third Choice","Downfall","Minty Spire (QoL Compilation)","StSLib"],"gold_per_floor":[99,115,115,115,134,167,245,95,105,118,118,148,148,165,183,183,183,183],"floor_reached":16,"playtime":756,"items_purged":[],"score":137,"play_id":"afc72ce2-d4d2-4917-be51-aed4c10ad5cb","local_time":"20201231190415","is_ascension_mode":false,"campfire_choices":[{"floor":1,"key":"RECALL"},{"data":"champ:Execute","floor":8,"key":"SMITH"},{"data":"champ:ShieldWall","floor":11,"key":"SMITH"},{"floor":13,"key":"REST"}],"circlet_count":0,"master_deck":["champ:Strike","champ:Strike","champ:Strike","champ:Strike","champ:Defend","champ:Defend","champ:Defend","champ:Execute+1","champ:Taunt","champ:DefensiveShout","champ:GladiatorsShout","champ:BladeFlurry","champ:ShieldWall+1","champ:Backstep","champ:MurderStrike","champ:FanOfKnives","champ:Backstep","champ:Riposte"],"relics":["champ:ChampionCrown","Dream Catcher","downfall:HeartBlessingBlue","downfall:HeartBlessingRed","Gambling Chip"],"acts_visited":["Exordium"],"potions_floor_usage":[],"damage_taken":[{"damage":12,"enemies":"2 Louse","floor":2,"turns":4},{"damage":16,"enemies":"Small Slimes","floor":5,"turns":4},{"damage":60,"enemies":"Gremlin Nob","floor":6,"turns":6},{"damage":5,"enemies":"Cultist","floor":9,"turns":3},{"damage":8,"enemies":"Large Slime","floor":10,"turns":6},{"damage":37,"enemies":"3 Sentries","floor":12,"turns":7},{"damage":16,"enemies":"Blue Slaver","floor":14,"turns":3},{"damage":5,"enemies":"2 Fungi Beasts","floor":15,"turns":3},{"damage":31,"enemies":"downfall:Defect","floor":16,"turns":4}],"seed_played":"-6617571308177085051","potions_obtained":[{"floor":10,"key":"SkillPotion"},{"floor":15,"key":"SneckoOil"}],"is_trial":false,"path_per_floor":["R","M","?","?","M","E","T","R","M","M","R","E","R","M","M","B"],"character_chosen":"THE_CHAMP","items_purchased":[],"campfire_rested":1,"item_purchase_floors":[],"current_hp_per_floor":[99,92,92,92,89,39,39,49,49,44,44,12,44,28,28,0,0,0],"gold":183,"neow_bonus":"TEN_PERCENT_HP_BONUS","is_daily":false,"chose_seed":false,"campfire_upgraded":2,"win_rate":0.0,"timestamp":1609459455,"path_taken":["R","M","?","?","M","E","T","R","?","M","R","E","R","M","M","BOSS"],"items_purchased_type":[],"build_version":"2020-12-22","purchased_purges":0,"victory":false,"max_hp_per_floor":[99,99,99,99,99,99,99,109,109,109,109,109,109,109,109,109,109,109],"card_choices":[{"not_picked":["champ:Circumvent","champ:GladiatorsShout"],"picked":"champ:DefensiveShout","floor":2},{"not_picked":["champ:FightOn","champ:GladiatorStyle"],"picked":"champ:GladiatorsShout","floor":5},{"not_picked":["champ:FanOfKnives","champ:FocusedDefense"],"picked":"champ:BladeFlurry","floor":6},{"not_picked":["champ:BringItOn","champ:GladiatorsShout"],"picked":"champ:ShieldWall","floor":9},{"not_picked":["champ:StanceDance","champ:Circumvent"],"picked":"champ:Backstep","floor":10},{"not_picked":["champ:BerserkersShout","champ:FocusedDefense"],"picked":"champ:MurderStrike","floor":12},{"not_picked":["champ:BerserkersShout","champ:Backstep"],"picked":"champ:FanOfKnives","floor":13},{"not_picked":["champ:DefensiveShout","champ:FanOfKnives"],"picked":"champ:Backstep","floor":14},{"not_picked":["champ:FanOfKnives","champ:FocusedBerserking"],"picked":"champ:Riposte","floor":15}],"player_experience":819120,"relics_obtained":[{"floor":6,"key":"Dream Catcher"},{"floor":12,"key":"Gambling Chip"}],"event_choices":[{"cards_removed":["champ:Defend"],"damage_healed":0,"gold_gain":0,"player_choice":"Purged","damage_taken":0,"max_hp_gain":0,"max_hp_loss":0,"event_name":"Purifier","floor":4,"gold_loss":0}],"is_beta":false,"boss_relics":[],"items_purged_floors":[],"is_endless":false,"potions_floor_spawned":[10,15],"killed_by":"downfall:Defect","ascension_level":0}}