{"host":"phniwng9zo19jwdb","time":1609520675,"event":{"mods":["AchievementEnabler","BaseMod","Colored Powertips","Faster Ascension Climbing","GifTheSpireLib","Minty Spire (QoL Compilation)","Permanent Neow","Rare Cards Sparkle","StSLib"],"gold_per_floor":[15,15,42,62,80,80,110,110,110,110,128,128,163,176,176,176,176],"floor_reached":16,"playtime":566,"items_purged":[],"score":198,"play_id":"de06051e-8356-42ea-82ad-c1d64364a13d","local_time":"20210101180435","is_ascension_mode":true,"campfire_choices":[{"floor":6,"key":"DIG"},{"floor":8,"key":"DIG"},{"floor":10,"key":"DIG"},{"floor":15,"key":"DIG"}],"circlet_count":0,"master_deck":["AscendersBane","Strike_G","Strike_G","Strike_G","Strike_G","Defend_G","Defend_G","Defend_G","Defend_G","Defend_G","Survivor","Neutralize","Footwork","Tactician","Dagger Spray","Blade Dance","Well Laid Plans","Masterful Stab","Distraction"],"relics":["Ring of the Snake","Shovel","Smiling Mask","MealTicket","StoneCalendar","Prayer Wheel","WingedGreaves","CaptainsWheel","Regal Pillow","Bag of Preparation"],"acts_visited":["Exordium"],"potions_floor_usage":[7,7,13],"damage_taken":[{"damage":0,"enemies":"Small Slimes","floor":1,"turns":3},{"damage":0,"enemies":"Jaw Worm","floor":4,"turns":8},{"damage":3,"enemies":"Cultist","floor":5,"turns":6},{"damage":16,"enemies":"3 Sentries","floor":7,"turns":10},{"damage":5,"enemies":"3 Louse","floor":11,"turns":3},{"damage":11,"enemies":"Lagavulin","floor":13,"turns":7},{"damage":10,"enemies":"Exordium Thugs","floor":14,"turns":7},{"damage":7,"enemies":"Hexaghost","floor":16,"turns":8}],"seed_played":"1725269185179460672","potions_obtained":[{"floor":1,"key":"AttackPotion"},{"floor":4,"key":"DistilledChaos"},{"floor":7,"key":"LiquidMemories"},{"floor":11,"key":"SmokeBomb"}],"is_trial":false,"path_per_floor":["M","?","T","M","M","R","E","R","T","R","M","?","E","M","R","B"],"character_chosen":"THE_SILENT","items_purchased":[],"campfire_rested":0,"item_purchase_floors":[],"current_hp_per_floor":[59,59,59,59,56,56,40,40,40,40,35,40,29,19,19,12,12],"gold":176,"neow_bonus":"ONE_RARE_RELIC","is_daily":false,"chose_seed":false,"campfire_upgraded":0,"win_rate":0.0,"timestamp":1609520675,"path_taken":["M","?","?","M","M","R","E","R","T","R","?","?","E","M","R","BOSS"],"items_purchased_type":[],"build_version":"2020-12-22","purchased_purges":0,"victory":false,"max_hp_per_floor":[66,66,66,66,66,66,66,66,66,66,66,71,71,71,71,71,71],"card_choices":[{"not_picked":["Endless Agony","Deadly Poison"],"picked":"Footwork","floor":1},{"not_picked":["Predator","Flying Knee"],"picked":"Tactician","floor":4},{"not_picked":["Riddle With Holes","Acrobatics"],"picked":"Dagger Spray","floor":5},{"not_picked":["Underhanded Strike","Deadly Poison"],"picked":"Blade Dance","floor":7},{"not_picked":["Deflect","Crippling Poison"],"picked":"Well Laid Plans","floor":11},{"not_picked":["Choke","Dodge and Roll"],"picked":"Masterful Stab","floor":11},{"not_picked":["Well Laid Plans","Sucker Punch","Deflect"],"picked":"SKIP","floor":13},{"not_picked":["Flying Knee","Finisher"],"picked":"Distraction","floor":14},{"not_picked":["Dagger Spray","Blade Dance","Predator"],"picked":"SKIP","floor":14}],"player_experience":37189,"relics_obtained":[{"floor":3,"key":"Smiling Mask"},{"floor":6,"key":"MealTicket"},{"floor":7,"key":"StoneCalendar"},{"floor":8,"key":"Prayer Wheel"},{"floor":9,"key":"WingedGreaves"},{"floor":10,"key":"CaptainsWheel"},{"floor":13,"key":"Regal Pillow"},{"floor":15,"key":"Bag of Preparation"}],"event_choices":[{"cards_removed":["Strike_G"],"damage_healed":0,"gold_gain":0,"player_choice":"Forget","damage_taken":0,"max_hp_gain":0,"max_hp_loss":0,"event_name":"Living Wall","floor":2,"gold_loss":0},{"damage_healed":0,"gold_gain":0,"player_choice":"Donut","damage_taken":0,"max_hp_gain":5,"max_hp_loss":0,"event_name":"Big Fish","floor":12,"gold_loss":0}],"is_beta":false,"boss_relics":[],"items_purged_floors":[],"is_endless":false,"potions_floor_spawned":[1,4,7,11],"killed_by":"Hexaghost","ascension_level":16}}