{"host":"m7l79cv0ty9jy0jv","time":1609464890,"event":{"mods":["BaseMod","BetterRewards","Minty Spire (QoL Compilation)","Replay The Spire","StSLib","The Cursed","The Disciple","The Necromancer","The Servant 0.9.4"],"gold_per_floor":[114,129,149,165,181,208,208,239,289,302,302,317,9,33,33,159,159,178,191,209,222,222,222,257,257,257,257,257,289,38,38,38,142,142,153,167,20,40,52,79,79,107,107,107,119,41,41,90,90,90,90,90,21,51,51,51],"floor_reached":55,"playtime":4236,"items_purged":[],"score":879,"play_id":"5c0ea605-a6a2-4092-b7d3-ac2d507534da","local_time":"20201231203450","is_ascension_mode":false,"campfire_choices":[{"floor":7.0,"key":"REST"},{"floor":15.0,"key":"RECALL"},{"floor":23.0,"key":"REST"},{"floor":25.0,"key":"REST"},{"floor":28.0,"key":"REST"},{"data":"1","floor":32.0,"key":"LIFT"},{"data":"2","floor":41.0,"key":"LIFT"},{"data":"3","floor":44,"key":"LIFT"},{"data":"Bite","floor":47,"key":"SMITH"},{"data":"Defend_R+1","floor":49,"key":"SMITH"},{"data":"Bite","floor":52,"key":"SMITH"}],"circlet_count":0,"master_deck":["Defend_R+1","Defend_R","Defend_R","Defend_R+2","Bash","Run Through+1","ReplayReversal","ReplayReversal","ReplayTheSpireMod:Stacked","Pommel Strike","Iron Wave","Metallicize","Heavy Blade","Reaper","Rage","Bloodletting","Metallicize+1","Metallicize+1","Pommel Strike","Limit Break+1","Eclipse+1","Twin Strike+1","Exhume+1","Flame Barrier","Pummel+1","Inflame","ReplayTheSpireMod:Strike From Hell+1","Bite+1","Bite+1","Bite","Bite","Bite","ReplayTheSpireMod:Stacked","Feed+1","Corruption+1","Injury","Delirium","TheCursedMod:Dregs","Offering+1","Replay:Undeath\u0027s Touch+1","Spot Weakness","Replay:Undeath\u0027s Touch+1","Berserk+1","Iron Wave","Run Through+1","Armaments+1","Flex+1"],"relics":["Burning Blood","Divine Protection","Juzu Bracelet","ReplayTheSpireMod:TigerMarble","Bloody Idol","Golden Egg","Replay:Grab Bag","Replay:Bronze Core","ReplayTheSpireMod:Onyx Gauntlets","Black Star","Astrolabe","Replay:Accelerometer","Pet Ghost","Girya","Turnip","Snack Pack","Replay:Ancient Bell","PreservedInsect","HornCleat","Ice Cream","Simple Rune","Replay:Towering Pillar of Hats","InkBottle","Nunchaku","ReplayFunnel","Replay:Bottled Snecko","FossilizedHelix","Pen Nib","Replay:Wax Seal"],"acts_visited":["Exordium","TheCity","TheBeyond","TheEnding"],"potions_floor_usage":[50,54,54,55],"damage_taken":[{"damage":0.0,"enemies":"Cultist","floor":1.0,"turns":4.0},{"damage":7.0,"enemies":"2 Louse","floor":2.0,"turns":3.0},{"damage":0.0,"enemies":"Small Slimes","floor":3.0,"turns":5.0},{"damage":4.0,"enemies":"Blue Slaver","floor":4.0,"turns":5.0},{"damage":19.0,"enemies":"3 Louse","floor":5.0,"turns":5.0},{"damage":33.0,"enemies":"Gremlin Nob","floor":6.0,"turns":7.0},{"damage":9.0,"enemies":"3 Sentries","floor":8.0,"turns":9.0},{"damage":9.0,"enemies":"Lots of Slimes","floor":10.0,"turns":4.0},{"damage":2.0,"enemies":"Exordium Thugs","floor":12.0,"turns":5.0},{"damage":0.0,"enemies":"2 Fungi Beasts","floor":14.0,"turns":4.0},{"damage":0.0,"enemies":"Fading Forest","floor":16.0,"turns":11.0},{"damage":0.0,"enemies":"2 Thieves","floor":18.0,"turns":5.0},{"damage":0.0,"enemies":"Chosen","floor":19.0,"turns":4.0},{"damage":8.0,"enemies":"Centurion and Healer","floor":20.0,"turns":7.0},{"damage":9.0,"enemies":"Snake Plant","floor":21.0,"turns":4.0},{"damage":64.0,"enemies":"Gremlin Leader","floor":24.0,"turns":11.0},{"damage":30.0,"enemies":"Book of Stabbing","floor":29.0,"turns":5.0},{"damage":9.0,"enemies":"Champ","floor":33.0,"turns":13.0},{"damage":0.0,"enemies":"3 Shapes","floor":35.0,"turns":5.0},{"damage":3.0,"enemies":"3 Darklings","floor":36.0,"turns":8.0},{"damage":0.0,"enemies":"Transient","floor":38.0,"turns":5.0},{"damage":8.0,"enemies":"Jaw Worm Horde","floor":39.0,"turns":4.0},{"damage":10.0,"enemies":"Giant Head","floor":40.0,"turns":7.0},{"damage":17.0,"enemies":"Nemesis","floor":42.0,"turns":3.0},{"damage":0,"enemies":"3 Darklings","floor":45,"turns":4},{"damage":0,"enemies":"2 Orb Walkers","floor":48,"turns":4},{"damage":25,"enemies":"Donu and Deca","floor":50,"turns":9},{"damage":4,"enemies":"Shield and Spear","floor":54,"turns":5},{"damage":82,"enemies":"The Heart","floor":55,"turns":6}],"seed_played":"-2958619372400420534","potions_obtained":[{"floor":2.0,"key":"Block Potion"},{"floor":6.0,"key":"Swift Potion"},{"floor":8.0,"key":"Swift Potion"},{"floor":12.0,"key":"Adrenaline Potion"},{"floor":16.0,"key":"DuplicationPotion"},{"floor":19.0,"key":"SkillPotion"},{"floor":24.0,"key":"LiquidMemories"},{"floor":29.0,"key":"Strength Potion"},{"floor":38.0,"key":"Block Potion"},{"floor":39.0,"key":"Fire Potion"},{"floor":42.0,"key":"LiquidMemories"},{"floor":45,"key":"Swift Potion"},{"floor":54,"key":"BlessingOfTheForge"}],"is_trial":false,"path_per_floor":["M","M","M","M","M","E","R","E","T","M","?","M","$","M","R","B",null,"M","M","M","M","?","R","E","R","T","?","R","E","$","?","R","B",null,"M","M","$","M","M","E","R","E","T","R","M","$","R","?","R","B",null,"R","$","E","B"],"character_chosen":"IRONCLAD","items_purchased":["Champion Belt","Run Through+1","ReplayReversal","Golden Egg","Metallicize","Snack Pack","Simple Rune","Toxic Potion","Armaments","Flex"],"campfire_rested":4,"item_purchase_floors":[0,0,0,13,13,30,37,46,53,53],"current_hp_per_floor":[80,79,80,80,67,40,64,61,61,77,77,80,80,80,80,80,80,80,80,78,75,56,56,14,30,30,30,46,39,39,39,39,56,56,60,60,60,60,64,64,64,68,68,68,68,68,68,68,68,68,68,68,68,72,0,0],"gold":51,"neow_bonus":"","is_daily":false,"chose_seed":false,"campfire_upgraded":3,"win_rate":0.0,"timestamp":1609464890,"path_taken":["M","?","?","M","M","E","R","E","T","M","?","M","$","M","R","BOSS","M","M","M","M","?","R","E","R","T","?","R","E","$","?","R","BOSS","M","M","?","M","M","E","R","E","T","R","M","$","R","?","R","BOSS","R","$","E","BOSS"],"items_purchased_type":["Relic","Card","Card","Relic","Card","Relic","Relic","Potion","Card","Card"],"build_version":"2020-12-22","purchased_purges":0,"victory":false,"max_hp_per_floor":[80,80,80,80,80,80,80,80,80,80,80,80,80,80,80,80,80,80,80,80,80,56,56,56,56,56,56,56,56,56,56,56,56,56,60,60,60,60,64,64,64,68,68,68,68,68,68,68,68,68,68,68,68,72,72,72],"card_choices":[{"not_picked":["Clash","Reckless Charge"],"picked":"ReplayReversal","floor":1.0},{"not_picked":["ReplayTheSpireMod:Strike From Hell","Whirlwind"],"picked":"ReplayTheSpireMod:Stacked","floor":2.0},{"not_picked":["Whirlwind","Sever Soul"],"picked":"Pommel Strike","floor":3.0},{"not_picked":["ReplayTheSpireMod:Strike From Hell","Entrench"],"picked":"Iron Wave","floor":4.0},{"not_picked":["Run Through","Armaments"],"picked":"Metallicize","floor":5.0},{"not_picked":["Rage","Ghostly Armor"],"picked":"Heavy Blade","floor":6.0},{"not_picked":["Flex","Wild Strike"],"picked":"Reaper","floor":8.0},{"not_picked":["Blood for Blood","Massacre"],"picked":"Rage","floor":10.0},{"not_picked":["Pommel Strike","Sentinel"],"picked":"Bloodletting","floor":12.0},{"not_picked":["Anger","Clash"],"picked":"Pommel Strike","floor":14.0},{"not_picked":["Exhume","Replay:Many Hands"],"picked":"Limit Break","floor":16.0},{"not_picked":["Run Through","Clash"],"picked":"Flame Barrier","floor":18.0},{"not_picked":["Twin Strike","Perfected Strike"],"picked":"Pummel+1","floor":19.0},{"not_picked":["Massacre+1","Fire Breathing+1"],"picked":"Inflame","floor":20.0},{"not_picked":["Clash+1","Headbutt"],"picked":"ReplayTheSpireMod:Strike From Hell+1","floor":21.0},{"not_picked":["Cleave","True Grit"],"picked":"ReplayTheSpireMod:Stacked","floor":24.0},{"not_picked":["Headbutt","Thunderclap"],"picked":"Feed","floor":29.0},{"not_picked":["Double Tap","Eclipse"],"picked":"Corruption","floor":33.0},{"not_picked":["Delirium","ReplayTheSpireMod:Restless Dread"],"picked":"Injury","floor":34.0},{"not_picked":["Voices","Sickly"],"picked":"Delirium","floor":34.0},{"not_picked":["Delirium","Shame"],"picked":"TheCursedMod:Dregs","floor":34.0},{"not_picked":["Pommel Strike+1","Massacre"],"picked":"Offering","floor":35.0},{"not_picked":["True Grit","Twin Strike+1"],"picked":"Replay:Undeath\u0027s Touch+1","floor":36.0},{"not_picked":["Blood for Blood+1","Seeing Red+1"],"picked":"Spot Weakness","floor":38.0},{"not_picked":["True Grit","Headbutt+1","Twin Strike"],"picked":"SKIP","floor":39.0},{"not_picked":["Shockwave","Wild Strike+1"],"picked":"Replay:Undeath\u0027s Touch+1","floor":40.0},{"not_picked":["Thunderclap+1","ReplayTheSpireMod:Strike From Hell+1"],"picked":"Berserk","floor":42.0},{"not_picked":["Perfected Strike+1","Warcry"],"picked":"Iron Wave","floor":45},{"not_picked":["Perfected Strike+1","Sword Boomerang+1"],"picked":"Run Through+1","floor":48},{"not_picked":["Twin Strike","Wild Strike","Dual Wield"],"picked":"SKIP","floor":54}],"player_experience":432204,"relics_obtained":[{"floor":6.0,"key":"Divine Protection"},{"floor":8.0,"key":"Juzu Bracelet"},{"floor":9.0,"key":"ReplayTheSpireMod:TigerMarble"},{"floor":24.0,"key":"Replay:Accelerometer"},{"floor":24.0,"key":"Pet Ghost"},{"floor":29.0,"key":"Girya"},{"floor":29.0,"key":"Turnip"},{"floor":40.0,"key":"Replay:Towering Pillar of Hats"},{"floor":40.0,"key":"InkBottle"},{"floor":42.0,"key":"Nunchaku"},{"floor":42.0,"key":"ReplayFunnel"},{"floor":43,"key":"Replay:Bottled Snecko"},{"floor":48,"key":"FossilizedHelix"},{"floor":54,"key":"Pen Nib"},{"floor":54,"key":"Replay:Wax Seal"}],"event_choices":[{"damage_healed":0.0,"max_hp_gain":0.0,"max_hp_loss":0.0,"gold_gain":0.0,"event_name":"Golden Idol","player_choice":"Take Wound","floor":11.0,"gold_loss":0.0,"damage_taken":0.0,"relics_obtained":["Golden Idol"],"cards_obtained":["Injury"]},{"damage_healed":0.0,"max_hp_gain":0.0,"max_hp_loss":24.0,"gold_gain":0.0,"event_name":"Vampires","player_choice":"Became a vampire","floor":22.0,"gold_loss":0.0,"damage_taken":0.0,"cards_obtained":["Bite","Bite","Bite","Bite","Bite"]},{"damage_healed":0.0,"max_hp_gain":0.0,"max_hp_loss":0.0,"gold_gain":0.0,"event_name":"Forgotten Altar","player_choice":"Gave Idol","floor":27.0,"relics_lost":["Golden Idol"],"gold_loss":0.0,"damage_taken":0.0,"relics_obtained":["Bloody Idol"]},{"cards_removed":["Injury"],"damage_healed":0.0,"max_hp_gain":0.0,"max_hp_loss":0.0,"gold_gain":0.0,"event_name":"Fountain of Cleansing","player_choice":"Removed Curses","floor":31.0,"gold_loss":0.0,"damage_taken":0.0},{"damage_healed":0,"gold_gain":0,"player_choice":"Fight","damage_taken":0,"max_hp_gain":0,"max_hp_loss":0,"event_name":"Mysterious Sphere","floor":48,"gold_loss":0}],"is_beta":false,"boss_relics":[{"not_picked":["Ectoplasm","Snecko Eye"],"picked":"Replay:Grab Bag"},{"not_picked":["Ooze Armor","ReplayTheSpireMod:DimensionalGlitch"],"picked":"Replay:Bronze Core"},{"not_picked":["Busted Crown","Runic Dome"],"picked":"ReplayTheSpireMod:Onyx Gauntlets"},{"not_picked":["Kintsugi","SacredBark"],"picked":"Black Star"},{"not_picked":["Replay:Drink Me","Runic Pyramid"],"picked":"Astrolabe"},{"not_picked":["Honey Jar","Coffee Dripper"],"picked":"Replay:Ancient Bell"},{"not_picked":["Anchor","Lantern"],"picked":"PreservedInsect"},{"not_picked":["Letter Opener","Replay:Ringing Soul"],"picked":"HornCleat"},{"not_picked":["Du-Vu Doll","CaptainsWheel"],"picked":"Ice Cream"}],"items_purged_floors":[],"is_endless":false,"potions_floor_spawned":[2,6,8,12,16,19,24,29,38,39,42,45,54],"killed_by":"The Heart","ascension_level":0}}