{"host":"2se5dq1do2gp0x9k","time":1609544813,"event":{"mods":["AchievementEnabler","BaseMod","Block Reminder","Colored Map","Colored Powertips","Minty Spire (QoL Compilation)","Relic Stats","StSLib","SuperFastMode"],"gold_per_floor":[114,114,114,114,189,189,221,96,121,139,166,143,183,205,217,329,341,367,304,103,103,123,153,153,186,186,205,205,232,232,242,242,343,343,356,75,75,75,91,125,138,167,216,216,216,216],"floor_reached":45,"playtime":2101,"items_purged":["Strike_P","Defend_P"],"score":806,"play_id":"fa4e9e21-c697-4100-becd-e896e9936b0c","local_time":"20210101154653","is_ascension_mode":true,"campfire_choices":[{"data":"Eruption","floor":6.0,"key":"SMITH"},{"data":"Meditate","floor":15.0,"key":"SMITH"},{"data":"Establishment","floor":24.0,"key":"SMITH"},{"data":"Meditate","floor":30.0,"key":"SMITH"},{"data":"BattleHymn","floor":32.0,"key":"SMITH"},{"floor":44,"key":"REST"}],"circlet_count":0,"master_deck":["Eruption+1","Vigilance","Pray","Judgement","FollowUp","Prostrate","Meditate+1","Scrawl","Establishment+1","FearNoEvil","Meditate+1","BattleHymn+1","Ghostly","Ghostly","Ghostly","Ghostly","Ghostly","Prostrate+1","Conclude","FlyingSleeves+1","Wireheading","WindmillStrike+1","MasterReality","DevaForm","Perseverance","Devotion","BattleHymn","JustLucky+1","DeusExMachina","Pray","Omniscience","WindmillStrike+1","Nirvana+1"],"relics":["HolyWater","NeowsBlessing","Omamori","Strawberry","MawBank","Odd Mushroom","Ginger","Shuriken","Molten Egg 2","Question Card","Pandora\u0027s Box","ClockworkSouvenir","Pear","Pocketwatch","Juzu Bracelet"],"acts_visited":["Exordium","TheCity","TheBeyond"],"potions_floor_usage":[45,45],"damage_taken":[{"damage":0.0,"enemies":"Jaw Worm","floor":1.0,"turns":1.0},{"damage":0.0,"enemies":"Lagavulin","floor":7.0,"turns":1.0},{"damage":0.0,"enemies":"2 Louse","floor":10.0,"turns":1.0},{"damage":21.0,"enemies":"3 Sentries","floor":11.0,"turns":7.0},{"damage":9.0,"enemies":"The Mushroom Lair","floor":13.0,"turns":2.0},{"damage":9.0,"enemies":"Small Slimes","floor":14.0,"turns":2.0},{"damage":0.0,"enemies":"Slime Boss","floor":16.0,"turns":4.0},{"damage":3.0,"enemies":"Chosen","floor":18.0,"turns":4.0},{"damage":1.0,"enemies":"Spheric Guardian","floor":22.0,"turns":3.0},{"damage":11.0,"enemies":"Book of Stabbing","floor":23.0,"turns":5.0},{"damage":3.0,"enemies":"Slavers","floor":25.0,"turns":5.0},{"damage":2.0,"enemies":"Cultist and Chosen","floor":27.0,"turns":6.0},{"damage":0.0,"enemies":"Gremlin Leader","floor":29.0,"turns":5.0},{"damage":7.0,"enemies":"Centurion and Healer","floor":31.0,"turns":5.0},{"damage":0.0,"enemies":"Collector","floor":33.0,"turns":5.0},{"damage":5.0,"enemies":"3 Shapes","floor":35.0,"turns":6.0},{"damage":22,"enemies":"Orb Walker","floor":39,"turns":5},{"damage":0,"enemies":"Nemesis","floor":40,"turns":5},{"damage":3,"enemies":"4 Shapes","floor":41,"turns":5},{"damage":19,"enemies":"Reptomancer","floor":42,"turns":5},{"damage":48,"enemies":"Nemesis","floor":45,"turns":2}],"seed_played":"-6283146281840786943","potions_obtained":[{"floor":1.0,"key":"ColorlessPotion"},{"floor":10.0,"key":"DistilledChaos"},{"floor":16.0,"key":"DuplicationPotion"},{"floor":23.0,"key":"EssenceOfSteel"},{"floor":31.0,"key":"Regen Potion"},{"floor":33.0,"key":"Swift Potion"}],"is_trial":false,"path_per_floor":["M","?","?","?","?","R","E","$","T","M","E","?","?","M","R","B",null,"M","?","$","?","M","E","R","E","T","M","?","E","R","M","R","B",null,"M","$","?","?","M","E","M","E","T","R","E"],"character_chosen":"WATCHER","items_purchased":["Prostrate","Meditate","BattleHymn","DeusExMachina","ClockworkSouvenir"],"campfire_rested":1,"item_purchase_floors":[8,20,20,36,36],"current_hp_per_floor":[72,72,58,63,52,52,52,52,59,59,38,59,50,41,41,41,84,81,81,81,42,41,30,30,27,27,25,39,39,39,32,32,32,42,37,37,37,42,20,30,27,8,8,23,0,0],"gold":216,"neow_bonus":"THREE_ENEMY_KILL","is_daily":false,"chose_seed":false,"campfire_upgraded":5,"win_rate":0.0,"timestamp":1609544813,"path_taken":["M","?","?","?","?","R","E","$","T","?","E","?","?","M","R","BOSS","M","?","$","?","M","E","R","E","T","M","?","E","R","M","R","BOSS","M","$","?","?","M","E","?","E","T","R","E"],"items_purchased_type":["Card","Card","Card","Card","Relic"],"build_version":"2020-12-22","purchased_purges":2,"victory":false,"max_hp_per_floor":[72,72,72,77,77,77,77,77,84,84,84,84,84,84,84,84,84,84,84,84,42,42,42,42,42,42,42,42,42,42,42,42,42,42,42,42,42,42,42,52,52,52,52,52,52,52],"relic_stats":{"counters":[21,84],"Shuriken":[10],"Pandora\u0027s Box":["DevaForm","Perseverance","Devotion","BattleHymn"],"Juzu Bracelet":0,"Ginger":[12],"MawBank":108,"Question Card":7,"obtain_stats":[{"Pear":40,"NeowsBlessing":0,"Omamori":7,"Juzu Bracelet":43,"Ginger":23,"Odd Mushroom":13,"MawBank":11,"Question Card":29,"ClockworkSouvenir":36,"Shuriken":25,"Strawberry":9,"HolyWater":17,"Molten Egg 2":26,"Pandora\u0027s Box":34,"PureWater":0,"Pocketwatch":42},{"Pear":18,"NeowsBlessing":0,"Omamori":2,"Juzu Bracelet":20,"Ginger":10,"Odd Mushroom":5,"MawBank":4,"Question Card":13,"ClockworkSouvenir":16,"Shuriken":11,"Strawberry":2,"HolyWater":7,"Molten Egg 2":11,"Pandora\u0027s Box":15,"PureWater":0,"Pocketwatch":20},{"Pear":72,"NeowsBlessing":0,"Omamori":2,"Juzu Bracelet":82,"Ginger":30,"Odd Mushroom":12,"MawBank":10,"Question Card":46,"ClockworkSouvenir":62,"Shuriken":35,"Strawberry":2,"HolyWater":18,"Molten Egg 2":35,"Pandora\u0027s Box":56,"PureWater":0,"Pocketwatch":82}],"Pocketwatch":[0]},"card_choices":[{"not_picked":["Worship","ClearTheMind"],"picked":"Pray","floor":1.0},{"not_picked":["FlyingSleeves","EmptyBody"],"picked":"FollowUp","floor":7.0},{"not_picked":["Wish","PathToVictory"],"picked":"Meditate","floor":10.0},{"not_picked":["PathToVictory","FlyingSleeves"],"picked":"Scrawl","floor":11.0},{"not_picked":["FlurryOfBlows","EmptyFist"],"picked":"CrushJoints","floor":14.0},{"not_picked":["Scrawl","SpiritShield"],"picked":"Establishment","floor":16.0},{"not_picked":["JustLucky","Perseverance"],"picked":"FearNoEvil","floor":18.0},{"not_picked":["Tantrum","Evaluate"],"picked":"Prostrate+1","floor":22.0},{"not_picked":["WaveOfTheHand","FlurryOfBlows"],"picked":"Conclude","floor":23.0},{"not_picked":["PathToVictory","WaveOfTheHand","Swivel"],"picked":"SKIP","floor":25.0},{"not_picked":["JustLucky+1","EmptyFist+1"],"picked":"FlyingSleeves+1","floor":27.0},{"not_picked":["WheelKick+1","Consecrate+1"],"picked":"Wireheading","floor":29.0},{"not_picked":["Alpha","Evaluate","JustLucky+1"],"picked":"WindmillStrike+1","floor":31.0},{"not_picked":["SpiritShield","ConjureBlade","Blasphemy"],"picked":"MasterReality","floor":33.0},{"not_picked":["ThirdEye+1","Swivel+1","Crescendo"],"picked":"JustLucky+1","floor":35.0},{"not_picked":["ThirdEye+1","EmptyFist+1","SashWhip+1"],"picked":"Pray","floor":39},{"not_picked":["MentalFortress","Evaluate","PathToVictory+1"],"picked":"Omniscience","floor":40},{"not_picked":["FollowUp+1","ForeignInfluence+1","ClearTheMind+1"],"picked":"WindmillStrike+1","floor":41},{"not_picked":["ReachHeaven+1","Prostrate","WaveOfTheHand+1"],"picked":"Nirvana+1","floor":42}],"player_experience":3696473,"relics_obtained":[{"floor":7.0,"key":"Omamori"},{"floor":9.0,"key":"Strawberry"},{"floor":11.0,"key":"MawBank"},{"floor":13.0,"key":"Odd Mushroom"},{"floor":23.0,"key":"Ginger"},{"floor":25.0,"key":"Shuriken"},{"floor":26.0,"key":"Molten Egg 2"},{"floor":29.0,"key":"Question Card"},{"floor":40,"key":"Pear"},{"floor":42,"key":"Pocketwatch"},{"floor":43,"key":"Juzu Bracelet"}],"event_choices":[{"damage_healed":0.0,"max_hp_gain":0.0,"max_hp_loss":0.0,"gold_gain":0.0,"cards_transformed":["Strike_P"],"event_name":"Living Wall","player_choice":"Change","floor":2.0,"gold_loss":0.0,"damage_taken":0.0,"cards_obtained":["Judgement"]},{"damage_healed":0.0,"max_hp_gain":0.0,"max_hp_loss":0.0,"gold_gain":0.0,"event_name":"Shining Light","player_choice":"Entered Light","floor":3.0,"gold_loss":0.0,"damage_taken":14.0,"cards_upgraded":["Strike_P","Defend_P"]},{"damage_healed":0.0,"max_hp_gain":5.0,"max_hp_loss":0.0,"gold_gain":0.0,"event_name":"Big Fish","player_choice":"Donut","floor":4.0,"gold_loss":0.0,"damage_taken":0.0},{"damage_healed":0.0,"max_hp_gain":0.0,"max_hp_loss":0.0,"gold_gain":75.0,"event_name":"World of Goop","player_choice":"Gather Gold","floor":5.0,"gold_loss":0.0,"damage_taken":11.0},{"damage_healed":21.0,"max_hp_gain":0.0,"max_hp_loss":0.0,"gold_gain":0.0,"event_name":"The Cleric","player_choice":"Healed","floor":12.0,"gold_loss":35.0,"damage_taken":0.0},{"damage_healed":0.0,"max_hp_gain":0.0,"max_hp_loss":0.0,"gold_gain":0.0,"event_name":"Mushrooms","player_choice":"Fought Mushrooms","floor":13.0,"gold_loss":0.0,"damage_taken":0.0},{"cards_removed":["Defend_P"],"damage_healed":0.0,"max_hp_gain":0.0,"max_hp_loss":0.0,"gold_gain":0.0,"event_name":"Beggar","player_choice":"Gave Gold","floor":19.0,"gold_loss":75.0,"damage_taken":0.0},{"damage_healed":0.0,"max_hp_gain":0.0,"max_hp_loss":42.0,"gold_gain":0.0,"event_name":"Ghosts","player_choice":"Became a Ghost","floor":21.0,"gold_loss":0.0,"damage_taken":0.0,"cards_obtained":["Ghostly","Ghostly","Ghostly","Ghostly","Ghostly"]},{"damage_healed":14.0,"max_hp_gain":0.0,"max_hp_loss":0.0,"gold_gain":0.0,"event_name":"The Library","player_choice":"Heal","floor":28.0,"gold_loss":0.0,"damage_taken":0.0},{"damage_healed":0,"gold_gain":0,"player_choice":"Ignored","damage_taken":0,"max_hp_gain":0,"max_hp_loss":0,"event_name":"Mysterious Sphere","floor":37,"gold_loss":0},{"cards_removed":["CrushJoints"],"damage_healed":5,"gold_gain":0,"player_choice":"Offered Common","damage_taken":0,"max_hp_gain":0,"max_hp_loss":0,"event_name":"Bonfire Elementals","floor":38,"gold_loss":0},{"cards_removed":["CrushJoints"],"damage_healed":5,"gold_gain":0,"player_choice":"Offered Special","damage_taken":0,"max_hp_gain":0,"max_hp_loss":0,"event_name":"Bonfire Elementals","floor":38,"gold_loss":0}],"is_beta":false,"boss_relics":[{"not_picked":["Empty Cage","Fusion Hammer"],"picked":"HolyWater"},{"not_picked":["Philosopher\u0027s Stone","Snecko Eye"],"picked":"Pandora\u0027s Box"}],"items_purged_floors":[8,20],"is_endless":false,"potions_floor_spawned":[1,10,16,23,31,33,39,41,42],"killed_by":"Nemesis","ascension_level":2}}