{"host":"52m1o8iwwagurbjs","time":1609510647,"event":{"mods":["AchievementEnabler","BaseMod","Bestiary","Colored Powertips","GifTheSpireLib","Minty Spire (QoL Compilation)","Quick Restart","RNG Fix","Relic Stats","StSLib"],"gold_per_floor":[115,130,205,205,223,223,255,270,297,352,363,638,657,333,333,404,404,382,382,323,323,155,185,5,5,5,5,5,5],"floor_reached":28,"playtime":859,"items_purged":["Strike_G","Defend_G"],"score":468,"play_id":"e6f2cc87-7a86-4d33-84da-f2a4353ab101","local_time":"20210101091727","is_ascension_mode":true,"campfire_choices":[{"data":"Noxious Fumes","floor":6.0,"key":"SMITH"},{"floor":15.0,"key":"REST"},{"data":"Noxious Fumes","floor":25.0,"key":"SMITH"}],"circlet_count":0,"master_deck":["AscendersBane","Strike_G+1","Defend_G","Defend_G","Defend_G","Defend_G","Survivor","Neutralize","Dagger Spray+1","Riddle With Holes","Noxious Fumes+1","Deflect","Poisoned Stab","Deadly Poison","Footwork","Die Die Die","Doppelganger+1","Eviscerate+1","Dagger Throw+1","Heel Hook+1","PiercingWail","Leg Sweep","Bouncing Flask","Caltrops+1","Cloak And Dagger","Acrobatics","Noxious Fumes+1","Catalyst"],"relics":["Ring of the Snake","Tiny Chest","StrikeDummy","HornCleat","Omamori","Bag of Preparation","Oddly Smooth Stone","Astrolabe","Du-Vu Doll","Orrery","Whetstone","Tingsha"],"acts_visited":["Exordium","TheCity"],"potions_floor_usage":[],"damage_taken":[{"damage":0.0,"enemies":"Small Slimes","floor":1.0,"turns":4.0},{"damage":2.0,"enemies":"2 Louse","floor":2.0,"turns":3.0},{"damage":0.0,"enemies":"Cultist","floor":5.0,"turns":3.0},{"damage":32.0,"enemies":"3 Sentries","floor":7.0,"turns":6.0},{"damage":0.0,"enemies":"2 Fungi Beasts","floor":8.0,"turns":3.0},{"damage":10.0,"enemies":"Exordium Wildlife","floor":11.0,"turns":4.0},{"damage":0.0,"enemies":"Looter","floor":13.0,"turns":4.0},{"damage":18.0,"enemies":"Slime Boss","floor":16.0,"turns":8.0},{"damage":12.0,"enemies":"2 Thieves","floor":18.0,"turns":4.0},{"damage":21.0,"enemies":"Gremlin Leader","floor":23.0,"turns":6.0},{"damage":31,"enemies":"Slavers","floor":28,"turns":3}],"seed_played":"2359822193810848400","potions_obtained":[{"floor":2.0,"key":"Regen Potion"},{"floor":11.0,"key":"Swift Potion"},{"floor":16.0,"key":"Block Potion"},{"floor":18.0,"key":"SkillPotion"}],"is_trial":false,"path_per_floor":["M","M","?","T","M","R","E","M","T","T","M","?","M","$","R","B",null,"M","?","$","T","$","E","$","R","T","?","E"],"character_chosen":"THE_SILENT","items_purchased":["Footwork","Oddly Smooth Stone","PiercingWail","Orrery","Noxious Fumes"],"campfire_rested":1,"item_purchase_floors":[14,14,20,22,24],"current_hp_per_floor":[59,57,46,46,46,46,26,26,26,26,16,16,16,16,35,17,54,42,42,42,42,42,21,21,21,21,21,0,0],"gold":5,"neow_bonus":"RANDOM_COMMON_RELIC","is_daily":false,"chose_seed":false,"campfire_upgraded":2,"win_rate":0.0,"timestamp":1609510647,"path_taken":["M","M","?","?","M","R","E","?","T","?","M","?","?","$","R","BOSS","M","?","$","?","$","E","$","R","T","?","E"],"items_purchased_type":["Card","Relic","Card","Relic","Card"],"build_version":"2020-12-22","purchased_purges":2,"victory":false,"max_hp_per_floor":[66,66,66,66,66,66,66,66,66,66,66,66,66,66,66,66,66,66,66,66,66,66,66,66,66,66,66,66,66],"relic_stats":{"counters":[11,48],"Astrolabe":["Doppelganger","Eviscerate","Dagger Throw"],"Tiny Chest":2,"Tingsha":[3],"Bag of Preparation":[12],"Whetstone":["Strike_G","Dagger Spray"],"obtain_stats":[{"Du-Vu Doll":21,"HornCleat":7,"Astrolabe":17,"Oddly Smooth Stone":14,"Orrery":22,"Tiny Chest":0,"Tingsha":26,"Omamori":9,"Bag of Preparation":10,"Whetstone":23,"StrikeDummy":4,"Ring of the Snake":0},{"Du-Vu Doll":9,"HornCleat":4,"Astrolabe":8,"Oddly Smooth Stone":7,"Orrery":9,"Tiny Chest":0,"Tingsha":10,"Omamori":5,"Bag of Preparation":5,"Whetstone":10,"StrikeDummy":2,"Ring of the Snake":0},{"Du-Vu Doll":39,"HornCleat":16,"Astrolabe":35,"Oddly Smooth Stone":27,"Orrery":39,"Tiny Chest":0,"Tingsha":45,"Omamori":19,"Bag of Preparation":19,"Whetstone":45,"StrikeDummy":7,"Ring of the Snake":0}],"Ring of the Snake":[22]},"card_choices":[{"not_picked":["Masterful Stab","Eviscerate"],"picked":"Dagger Spray","floor":1.0},{"not_picked":["Deflect","Outmaneuver"],"picked":"Riddle With Holes","floor":2.0},{"not_picked":["Blade Dance","Footwork"],"picked":"Noxious Fumes","floor":5.0},{"not_picked":["Bane","Calculated Gamble"],"picked":"Deflect","floor":7.0},{"not_picked":["Dagger Spray","Acrobatics"],"picked":"Poisoned Stab","floor":8.0},{"not_picked":["Setup","Infinite Blades","Skewer"],"picked":"SKIP","floor":11.0},{"not_picked":["Setup","Sucker Punch"],"picked":"Deadly Poison","floor":13.0},{"not_picked":["Malaise","Tools of the Trade"],"picked":"Die Die Die","floor":16.0},{"not_picked":["Flying Knee","Noxious Fumes"],"picked":"Heel Hook+1","floor":18.0},{"not_picked":["Poisoned Stab","Envenom"],"picked":"Leg Sweep","floor":22.0},{"not_picked":["Infinite Blades","Deflect"],"picked":"Bouncing Flask","floor":22.0},{"not_picked":["Acrobatics","Endless Agony"],"picked":"Caltrops+1","floor":22.0},{"not_picked":["Poisoned Stab","Predator"],"picked":"Cloak And Dagger","floor":22.0},{"not_picked":["Slice+1","Masterful Stab"],"picked":"Acrobatics","floor":23.0}],"player_experience":1078987,"relics_obtained":[{"floor":4.0,"key":"StrikeDummy"},{"floor":7.0,"key":"HornCleat"},{"floor":9.0,"key":"Omamori"},{"floor":10.0,"key":"Bag of Preparation"},{"floor":21.0,"key":"Du-Vu Doll"},{"floor":23.0,"key":"Whetstone"},{"floor":26.0,"key":"Tingsha"}],"event_choices":[{"damage_healed":0.0,"max_hp_gain":0.0,"max_hp_loss":0.0,"gold_gain":75.0,"event_name":"World of Goop","player_choice":"Gather Gold","floor":3.0,"gold_loss":0.0,"damage_taken":11.0},{"damage_healed":0.0,"max_hp_gain":0.0,"max_hp_loss":0.0,"gold_gain":275.0,"event_name":"Golden Shrine","player_choice":"Desecrate","floor":12.0,"gold_loss":0.0,"damage_taken":0.0,"cards_obtained":["Regret"]},{"damage_healed":0.0,"max_hp_gain":0.0,"max_hp_loss":0.0,"gold_gain":0.0,"event_name":"Wheel of Change","player_choice":"Cursed","floor":19.0,"gold_loss":0.0,"damage_taken":0.0,"cards_obtained":["Decay"]},{"damage_healed":0.0,"max_hp_gain":0.0,"max_hp_loss":0.0,"gold_gain":0.0,"event_name":"The Library","player_choice":"Read","floor":27.0,"gold_loss":0.0,"damage_taken":0.0,"cards_obtained":["Catalyst"]}],"is_beta":false,"boss_relics":[{"not_picked":["Coffee Dripper","Ectoplasm"],"picked":"Astrolabe"}],"items_purged_floors":[14,24],"is_endless":false,"potions_floor_spawned":[2,11,16,18],"killed_by":"Slavers","ascension_level":20}}