{"host":"lp5suj4qfo87o7ru","time":1609466917,"event":{"mods":["ATMod(°¢èªMod)","BaseMod","Minty Spire (QoL Compilation)","MostiFishMod","StSLib","¡¾ÒÅÎï¿¨ÅÆ¡¿REMEMod"],"gold_per_floor":[118,118,136,156,176,203,203,260,260,273,290,290,317,492,492,589,589,599,28,46,46,66,95,95,45,45,45,71,85,101,101,101,206,206,223,237,250,250,262,262,273,86,86,96,96,145,163,191,191,191],"floor_reached":51,"playtime":2899,"items_purged":["Doubt"],"score":883,"play_id":"80996a02-c0db-45f1-a385-daa3ad447224","local_time":"20210101100837","is_ascension_mode":false,"campfire_choices":[{"floor":12,"key":"REST"},{"data":"REME_SingleHolding","floor":15,"key":"SMITH"},{"data":"AT_ShrugMaster","floor":24,"key":"SMITH"},{"data":"MostiFishMod:SparklingWater","floor":27,"key":"SMITH"},{"data":"AT_FamilyPortrait","floor":32,"key":"SMITH"},{"data":"MostiFishMod:NightSea","floor":40,"key":"SMITH"},{"data":"MostiFishMod:FlyOverUtopia","floor":49,"key":"SMITH"}],"circlet_count":0,"master_deck":["Strike_R","Strike_R","Strike_R","Strike_R","Strike_R","Defend_R","Defend_R","Defend_R","Defend_R","Bash","AT_FamilyPortrait+1","MostiFishMod:Neptune","MostiFishMod:TheEndOfMoonlight","MostiFishMod:SparklingWater+1","MostiFishMod:FantasySummer","MostiFishMod:NightSea+1","REME_GrazeFinale+1","Rampage","Heavy Blade","Anger","Rampage","REME_SingleHolding+1","Limit Break","MostiFishMod:DarkDeal","Sword Boomerang+1","AT_ShrugMaster+1","Hemokinesis","Cleave+1","RitualDagger","Metallicize+1","Reaper","Spot Weakness","REME_SingleHolding+1","MostiFishMod:FlyOverUtopia+1","Headbutt+1","MostiFishMod:TheEndOfMoonlight","Ghostly Armor+1","MostiFishMod:FlyOverUtopia","MostiFishMod:#F4004","Flex+1","Bludgeon"],"relics":["Burning Blood","DaveBox","REME_ComplimentaryCards","AT_ATBox","Red Skull","MoonlightInvasionPlan","SynthV:TestCard","Pocketwatch","AT_DeathDance","Question Card","Kunai","Philosopher\u0027s Stone","MealTicket","REME_HourglassOfDeath","Blood Vial","Ornamental Fan","AT_ForceNature","FeatherPendant","REME_PuzzleBoxRelic","Pantograph","Bag of Marbles","InkBottle"],"acts_visited":["Exordium","TheCity","TheBeyond"],"potions_floor_usage":[8,13,13,33,33,37,37,46,48],"damage_taken":[{"damage":6,"enemies":"Jaw Worm","floor":1,"turns":2},{"damage":0,"enemies":"Small Slimes","floor":3,"turns":2},{"damage":0,"enemies":"2 Louse","floor":4,"turns":3},{"damage":0,"enemies":"Blue Slaver","floor":5,"turns":1},{"damage":36,"enemies":"3 Sentries","floor":6,"turns":9},{"damage":19,"enemies":"3 Sentries","floor":8,"turns":5},{"damage":1,"enemies":"Lots of Slimes","floor":10,"turns":3},{"damage":0,"enemies":"Large Slime","floor":11,"turns":1},{"damage":3,"enemies":"Lagavulin","floor":13,"turns":5},{"damage":25,"enemies":"The Guardian","floor":16,"turns":7},{"damage":5,"enemies":"3 Byrds","floor":18,"turns":2},{"damage":9,"enemies":"Shell Parasite","floor":20,"turns":4},{"damage":14,"enemies":"3 Cultists","floor":22,"turns":5},{"damage":19,"enemies":"Slavers","floor":23,"turns":4},{"damage":6,"enemies":"Gremlin Leader","floor":28,"turns":3},{"damage":0,"enemies":"Centurion and Healer","floor":29,"turns":2},{"damage":1,"enemies":"Chosen and Byrds","floor":30,"turns":5},{"damage":7,"enemies":"Champ","floor":33,"turns":8},{"damage":2,"enemies":"3 Darklings","floor":35,"turns":2},{"damage":0,"enemies":"Orb Walker","floor":36,"turns":2},{"damage":0,"enemies":"Sphere and 2 Shapes","floor":37,"turns":4},{"damage":4,"enemies":"Maw","floor":39,"turns":5},{"damage":0,"enemies":"3 Darklings","floor":41,"turns":3},{"damage":2,"enemies":"Spire Growth","floor":44,"turns":3},{"damage":4,"enemies":"Transient","floor":46,"turns":3},{"damage":0,"enemies":"Maw","floor":47,"turns":2},{"damage":0,"enemies":"Nemesis","floor":48,"turns":5},{"damage":6,"enemies":"Awakened One","floor":50,"turns":5}],"seed_played":"-501368040092603313","potions_obtained":[{"floor":3,"key":"BlessingOfTheForge"},{"floor":10,"key":"LiquidBronze"},{"floor":11,"key":"Block Potion"},{"floor":16,"key":"GamblersBrew"},{"floor":20,"key":"LiquidMemories"},{"floor":23,"key":"DistilledChaos"},{"floor":33,"key":"PowerPotion"},{"floor":35,"key":"PowerPotion"},{"floor":37,"key":"Strength Potion"},{"floor":44,"key":"REME_GoldPotion"},{"floor":48,"key":"Fire Potion"}],"is_trial":false,"path_per_floor":["M","?","M","M","M","E","?","?","T","M","M","R","E","?","R","B",null,"M","$","M","?","M","E","R","?","T","R","E","M","M","$","R","B",null,"M","M","M","?","M","R","M","$","T","M","T","M","M","E","R","B",null],"character_chosen":"IRONCLAD","items_purchased":["MealTicket","REME_HourglassOfDeath","AT_ShrugMaster","Hemokinesis","REME_PuzzleBoxRelic","MostiFishMod:#F4004"],"campfire_rested":1,"item_purchase_floors":[19,19,19,19,42,42],"current_hp_per_floor":[80,80,80,80,80,50,50,37,37,42,48,72,75,75,75,56,80,80,80,77,74,66,53,53,53,53,53,55,63,74,80,80,80,80,80,80,80,80,80,80,80,80,80,80,80,80,80,80,80,80],"gold":191,"neow_bonus":"RANDOM_COMMON_RELIC","is_daily":false,"chose_seed":false,"campfire_upgraded":6,"win_rate":0.0,"timestamp":1609466917,"path_taken":["M","?","M","M","M","E","?","?","T","?","?","R","E","?","R","BOSS","M","$","M","?","M","E","R","?","T","R","E","M","?","?","R","BOSS","M","M","M","?","M","R","M","?","T","M","?","?","M","E","R","BOSS"],"items_purchased_type":["Relic","Relic","Card","Card","Relic","Card"],"build_version":"2020-12-22","purchased_purges":1,"victory":true,"max_hp_per_floor":[80,80,80,80,80,80,80,80,80,80,80,80,80,80,80,80,80,80,80,80,80,80,80,80,80,80,80,80,80,80,80,80,80,80,80,80,80,80,80,80,80,80,80,80,80,80,80,80,80,80],"card_choices":[{"not_picked":["AT_IchimonjiDouble","Power Through","Clothesline"],"picked":"SKIP","floor":1},{"not_picked":["Dropkick","REME_SingleHolding","Whirlwind","Iron Wave"],"picked":"Rampage","floor":3},{"not_picked":["AT_CaressingTears","Headbutt","Shrug It Off","Feel No Pain"],"picked":"Heavy Blade","floor":4},{"not_picked":["AT_BodySlamDance","REME_TheLastStrike","Dual Wield","Uppercut"],"picked":"Anger","floor":5},{"not_picked":["Intimidate","Second Wind","Iron Wave","Shrug It Off","Clash"],"picked":"SKIP","floor":6},{"not_picked":["Armaments","Anger","Heavy Blade","Brutality"],"picked":"Rampage","floor":8},{"not_picked":["Clash","Twin Strike","Body Slam","True Grit","Headbutt"],"picked":"REME_SingleHolding","floor":10},{"not_picked":["AT_IchimonjiDouble","Perfected Strike","Heavy Blade","Iron Wave","AT_BodySlamDance","Warcry"],"picked":"SKIP","floor":11},{"not_picked":["Flex","Anger","Rampage","Metallicize","REME_FearOfPain"],"picked":"Limit Break","floor":13},{"not_picked":["MostiFishMod:RainCloud","Impervious","Double Tap","MostiFishMod:PerfectStrikeMKII","Barricade"],"picked":"MostiFishMod:DarkDeal","floor":16},{"not_picked":["True Grit","Rampage","Anger","Twin Strike","Clash"],"picked":"Sword Boomerang+1","floor":18},{"not_picked":["Disarm+1","Shrug It Off","Iron Wave+1","Pummel","Dual Wield"],"picked":"Cleave+1","floor":20},{"not_picked":["Thunderclap","Heavy Blade+1","Armaments+1","AT_DrawKnifeCut","Hemokinesis"],"picked":"Metallicize+1","floor":22},{"not_picked":["Pommel Strike+1","True Grit+1","Barricade","Iron Wave","Perfected Strike+1"],"picked":"Reaper","floor":23},{"not_picked":["Clash+1","True Grit","Cleave+1","Warcry","Heavy Blade+1","Second Wind+1"],"picked":"SKIP","floor":28},{"not_picked":["Anger","Sword Boomerang","Iron Wave","Heavy Blade","Flame Barrier"],"picked":"Spot Weakness","floor":29},{"not_picked":["Metallicize","AT_BodySlamDance","Limit Break","Headbutt","Body Slam"],"picked":"REME_SingleHolding+1","floor":30},{"not_picked":["Berserk","MostiFishMod:Mania","MostiFishMod:OrdinaryWorld","Bludgeon","AT_Dispersion"],"picked":"MostiFishMod:FlyOverUtopia","floor":33},{"not_picked":["Warcry+1","Thunderclap","REME_FearOfPain","Searing Blow","Heavy Blade"],"picked":"Headbutt+1","floor":35},{"not_picked":["Body Slam","MostiFishMod:WingOfPhoenix","AT_ManFootWork+1","Twin Strike","Armaments+1","AT_GerminateFire+1"],"picked":"SKIP","floor":36},{"not_picked":["Anger","Reckless Charge","Perfected Strike+1","AT_BodySlamDance+1","Iron Wave","Dropkick+1"],"picked":"SKIP","floor":37},{"not_picked":["Body Slam","Pummel+1","Warcry","Pommel Strike+1","AT_ShrugMaster"],"picked":"Ghostly Armor+1","floor":39},{"not_picked":["MostiFishMod:BrandingRite+1","Perfected Strike+1","Power Through","Clash+1","Body Slam"],"picked":"MostiFishMod:FlyOverUtopia","floor":41},{"not_picked":["Entrench+1","Sword Boomerang","Twin Strike+1","Iron Wave","Armaments+1","Heavy Blade"],"picked":"SKIP","floor":44},{"not_picked":["AT_BodySlamDance","AT_IchimonjiDouble+1","Intimidate+1","Body Slam","Warcry"],"picked":"Flex+1","floor":46},{"not_picked":["Second Wind+1","Cleave+1","Clothesline+1","Anger","MostiFishMod:BrandingRite","Headbutt"],"picked":"SKIP","floor":47},{"not_picked":["Cleave+1","Body Slam","Pommel Strike+1","Uppercut","AT_BodySlamDance+1"],"picked":"Bludgeon","floor":48}],"player_experience":44916,"relics_obtained":[{"floor":1,"key":"SynthV:TestCard"},{"floor":6,"key":"Pocketwatch"},{"floor":9,"key":"Question Card"},{"floor":13,"key":"Kunai"},{"floor":23,"key":"Blood Vial"},{"floor":26,"key":"Ornamental Fan"},{"floor":28,"key":"AT_ForceNature"},{"floor":43,"key":"Pantograph"},{"floor":45,"key":"Bag of Marbles"},{"floor":48,"key":"InkBottle"}],"event_choices":[{"damage_healed":0,"gold_gain":0,"player_choice":"Leave","damage_taken":0,"max_hp_gain":0,"max_hp_loss":0,"event_name":"The Cleric","floor":2,"gold_loss":0},{"damage_healed":0,"gold_gain":0,"player_choice":"Grow","damage_taken":0,"max_hp_gain":0,"max_hp_loss":0,"event_name":"Living Wall","floor":7,"gold_loss":0,"cards_upgraded":["REME_GrazeFinale"]},{"damage_healed":0,"gold_gain":0,"player_choice":"Searched \u00272\u0027 times","damage_taken":0,"relics_obtained":["AT_DeathDance"],"max_hp_gain":0,"max_hp_loss":0,"event_name":"Dead Adventurer","floor":8,"gold_loss":0},{"damage_healed":0,"gold_gain":175,"player_choice":"AGREE","damage_taken":0,"max_hp_gain":0,"max_hp_loss":0,"event_name":"Liars Game","floor":14,"gold_loss":0,"cards_obtained":["Doubt"]},{"damage_healed":0,"gold_gain":0,"player_choice":"Joined the Cult","damage_taken":6,"max_hp_gain":0,"max_hp_loss":0,"event_name":"Nest","floor":21,"gold_loss":0,"cards_obtained":["RitualDagger"]},{"damage_healed":0,"gold_gain":0,"player_choice":"Bet on Murderer","damage_taken":0,"max_hp_gain":0,"max_hp_loss":0,"event_name":"The Joust","floor":25,"gold_loss":50},{"damage_healed":0,"gold_gain":0,"player_choice":"Copied","damage_taken":0,"max_hp_gain":0,"max_hp_loss":0,"event_name":"Duplicator","floor":38,"gold_loss":0,"cards_obtained":["MostiFishMod:TheEndOfMoonlight"]}],"is_beta":false,"boss_relics":[{"not_picked":["TakeMeEscape","Cursed Key"],"picked":"Philosopher\u0027s Stone"},{"not_picked":["xbg","EE1DDrone"],"picked":"FeatherPendant"}],"items_purged_floors":[19],"is_endless":false,"potions_floor_spawned":[3,10,11,16,20,23,28,30,33,35,37,44,48],"ascension_level":0}}