{"host":"yqwjrm3sou8w5ks3","time":1609544379,"event":{"mods":["Aspiration","BaseMod","Better Third Choice","BetterRewards","Colored Map","Colored Powertips","Conspire","Downfall","Energized Spire","GifTheSpireLib","Halation","Hermit","Hubris","Mimic Mod","Minty Spire (QoL Compilation)","Replay The Spire","Reworked Bosses","Spikes Relics","StSLib","Stuff the Spire","The Blue Laboratory","UnlockEverythingMod","Wandering Minibosses","vexMod"],"gold_per_floor":[112,126,126,145,145,1478,666,666,692,692,703,268,303,314,314,388,388,406,1043,286,306,316,344,344,372,372,372,1312,1325,1339,1359,1359,1435,1435,1449,1074,1084,1121,1135,1135,1162,1172,1241,1266,1280,1294,1321,1349,1361,1373,1385,1397,1409,1069,1095,1095],"floor_reached":57,"playtime":2911,"items_purged":["Strike_R","Strike_R","Defend_R","Strike_R+1"],"score":3872,"play_id":"eb1f8c70-9982-49ea-806d-949287f6b89e","local_time":"20210102003939","is_ascension_mode":true,"campfire_choices":[{"data":"Uppercut","floor":6,"key":"SMITH"},{"data":"Secret Weapon","floor":8,"key":"SMITH"},{"data":"Bash","floor":8,"key":"SMITH"},{"data":"Intimidate","floor":10,"key":"SMITH"},{"data":"Iron Wave","floor":10,"key":"SMITH"},{"data":"Disarm","floor":15,"key":"SMITH"},{"data":"Strike_R","floor":15,"key":"SMITH"},{"data":"Shrug It Off","floor":27,"key":"SMITH"},{"data":"Violence","floor":27,"key":"SMITH"},{"data":"Secret Weapon","floor":32,"key":"SMITH"},{"data":"Deep Breath","floor":32,"key":"SMITH"},{"data":"Offering","floor":40,"key":"SMITH"},{"data":"Bloodletting","floor":40,"key":"SMITH"},{"floor":49,"key":"RECALL"},{"data":"Defend_R","floor":53,"key":"SMITH"},{"data":"Defend_R","floor":53,"key":"SMITH"}],"circlet_count":0,"master_deck":["Defend_R","Defend_R+1","Defend_R+1","Bash+1","Iron Wave+1","RitualDagger+2","Uppercut+1","Intimidate+1","Pommel Strike+1","Secret Weapon+1","Thunderclap+1","Feed+1","Disarm+1","Immolate+1","Shrug It Off+1","Secret Weapon+1","Deep Breath+1","Violence+1","Hemokinesis+1","Bloodletting+1","Iron Wave+1","hubris:StunningStrike+1","hubris:StunningStrike+1","Thunderclap+1","Offering+1","Whirlwind+1","Limit Break+1"],"relics":["Burning Blood","hubris:PeanutButter","Replay:Kaleidoscope","SpikesRelics:ToyHorsey","Molten Egg 2","halation:LettersToHer","Replay:Arrowhead","Iron Hammer","Omamori","Cursed Key","vexMod:ScavengeHelm","Thread and Needle","Bronze Scales","Membership Card","Tiny Chest","aspiration:RitualStick","conspire:DeflatedDodgeball","ClockworkSouvenir","Incense Burner","Nunchaku","hubris:Stopwatch","Cursed Key","vexMod:CardConverter","Pear","vexMod:Spyglass","Darkstone Periapt","Pantograph","Golden Egg","Blue Doll","MawBank","Sling","Replay:WaspNest","Pen Nib"],"acts_visited":["Exordium","TheCity","TheBeyond","TheEnding"],"potions_floor_usage":[56,56],"damage_taken":[{"damage":0,"enemies":"Jaw Worm","floor":1,"turns":4},{"damage":0,"enemies":"Cultist","floor":2,"turns":3},{"damage":0,"enemies":"2 Louse","floor":4,"turns":2},{"damage":0,"enemies":"conspire:2 RoseBushes","floor":11,"turns":3},{"damage":0,"enemies":"Lagavulin","floor":13,"turns":3},{"damage":11,"enemies":"Large Slime","floor":14,"turns":5},{"damage":12,"enemies":"Fading Forest","floor":16,"turns":13},{"damage":0,"enemies":"Spheric Guardian","floor":18,"turns":1},{"damage":0,"enemies":"2 Thieves","floor":21,"turns":2},{"damage":0,"enemies":"Snake Plant","floor":22,"turns":1},{"damage":0,"enemies":"Slavers","floor":23,"turns":2},{"damage":0,"enemies":"Gremlin Leader","floor":25,"turns":2},{"damage":0,"enemies":"Centurion and Healer","floor":29,"turns":2},{"damage":0,"enemies":"3 Cultists","floor":30,"turns":5},{"damage":0,"enemies":"Sentry and Sphere","floor":31,"turns":4},{"damage":10,"enemies":"bossMod:newChamp","floor":33,"turns":9},{"damage":9,"enemies":"3 Shapes","floor":35,"turns":1},{"damage":0,"enemies":"Orb Walker","floor":37,"turns":1},{"damage":0,"enemies":"Maw","floor":39,"turns":2},{"damage":0,"enemies":"R_Hoarder","floor":41,"turns":6},{"damage":0,"enemies":"3 Darklings","floor":42,"turns":1},{"damage":0,"enemies":"Reptomancer","floor":44,"turns":4},{"damage":0,"enemies":"Sphere and 2 Shapes","floor":45,"turns":2},{"damage":5,"enemies":"4 Shapes","floor":46,"turns":1},{"damage":0,"enemies":"Nemesis","floor":47,"turns":3},{"damage":0,"enemies":"Spire Growth","floor":48,"turns":1},{"damage":9,"enemies":"bossMod:newShapes","floor":50,"turns":7},{"damage":5,"enemies":"Time Eater","floor":51,"turns":4},{"damage":0,"enemies":"Shield and Spear","floor":55,"turns":3},{"damage":23,"enemies":"The Heart","floor":56,"turns":5}],"seed_played":"2610149070250296513","potions_obtained":[{"floor":2,"key":"FearPotion"},{"floor":11,"key":"blueLaboratory:LouseDecoction"},{"floor":38,"key":"blueLaboratory:ConflagurationPotion"},{"floor":41,"key":"Flashbang"}],"is_trial":false,"path_per_floor":["M","M","?","M","?","R","$","R","T","R","M","$","E","M","R","B",null,"M","$","$","M","M","E","?","E","T","R","$","M","M","M","R","B",null,"M","$","M","?","M","R","E","M","T","E","M","M","E","M","R","B","B",null,"R","$","E","B",null],"character_chosen":"IRONCLAD","items_purchased":["hubris:PeanutButter","halation:LettersToHer","Replay:Arrowhead","Secret Weapon","Iron Hammer","Feed+1","vexMod:ScavengeHelm","Secret Weapon","Deep Breath","Thread and Needle","Bronze Scales","Membership Card","Violence","ClockworkSouvenir","Incense Burner","Nunchaku","hubris:StunningStrike+1","vexMod:CardConverter","Pear","vexMod:Spyglass","Sling","Replay:WaspNest","Limit Break+1"],"campfire_rested":0,"item_purchase_floors":[0,7,7,7,12,12,19,19,19,20,20,20,20,28,28,28,28,36,36,36,54,54,54],"current_hp_per_floor":[74,75,75,75,75,75,75,75,75,75,75,75,75,74,74,78,79,79,79,79,83,83,87,65,71,71,71,71,81,91,99,99,95,98,99,109,115,115,115,115,115,115,131,131,135,139,139,139,139,136,139,139,139,141,141,124],"gold":1095,"neow_bonus":"","is_daily":false,"chose_seed":false,"campfire_upgraded":15,"win_rate":0.0,"timestamp":1609544379,"path_taken":["M","M","?","M","?","R","$","R","T","R","M","$","E","M","R","BOSS","M","?","$","M","M","E","?","E","T","R","$","M","M","M","R","BOSS","M","$","M","?","M","R","E","M","T","E","M","M","E","M","R","BOSS","BOSS","R","$","E","BOSS"],"items_purchased_type":["Relic","Relic","Relic","Card","Relic","Card","Relic","Card","Card","Relic","Relic","Relic","Card","Relic","Relic","Relic","Card","Relic","Relic","Relic","Relic","Relic","Card"],"build_version":"2020-12-13","purchased_purges":4,"victory":true,"max_hp_per_floor":[75,75,75,75,75,75,75,75,75,75,75,75,75,79,79,79,79,79,79,79,83,83,87,87,87,87,87,87,91,95,99,99,99,99,103,113,115,115,115,115,115,115,131,131,135,139,139,139,139,139,139,139,139,141,141,141],"card_choices":[{"not_picked":["Perfected Strike","Blood for Blood"],"picked":"Uppercut","floor":1},{"not_picked":["ReplayTheSpireMod:Limb From Limb","Carnage"],"picked":"Intimidate","floor":2},{"not_picked":["Intimidate","Havoc"],"picked":"Pommel Strike+1","floor":4},{"not_picked":["Clash+1","Replay:Undeath\u0027s Touch+1"],"picked":"Thunderclap+1","floor":11},{"not_picked":["True Grit","Rupture","Run Through+1"],"picked":"SKIP","floor":13},{"not_picked":["ReplayTheSpireMod:Strike From Hell+1","Spot Weakness"],"picked":"Disarm","floor":14},{"not_picked":["conspire:HitWhereItHurts+1","StuffTheSpire:TitanForm"],"picked":"Immolate+1","floor":16},{"not_picked":["Warcry","Thunderclap+1"],"picked":"Shrug It Off","floor":18},{"not_picked":["Fire Breathing","True Grit"],"picked":"Hemokinesis+1","floor":21},{"not_picked":["StuffTheSpire:Resist+1","ReplayTheSpireMod:Limb From Limb+1"],"picked":"Bloodletting","floor":22},{"not_picked":["Massacre+1","StuffTheSpire:Incineration+1","Bludgeon+1"],"picked":"SKIP","floor":23},{"not_picked":["Bloodletting","Sword Boomerang+1"],"picked":"Iron Wave+1","floor":25},{"not_picked":["Perfected Strike+1","Dark Embrace","Run Through+1"],"picked":"SKIP","floor":29},{"not_picked":["StuffTheSpire:Resist","Havoc"],"picked":"Thunderclap+1","floor":30},{"not_picked":["Shockwave","BarbarianYell","Defy Death"],"picked":"SKIP","floor":31},{"not_picked":["Immolate+1","Limit Break"],"picked":"Offering","floor":33},{"not_picked":["Anger+1","Invigoration","Shrug It Off"],"picked":"SKIP","floor":35},{"not_picked":["StuffTheSpire:Pyroclast+1","StuffTheSpire:RagingBull+1"],"picked":"Whirlwind+1","floor":37},{"not_picked":["StuffTheSpire:RockThrow+1","Clothesline+1","Thunderclap+1"],"picked":"SKIP","floor":39},{"not_picked":["Uppercut+1","Wild Strike+1","ReplayTheSpireMod:Muscle Training"],"picked":"SKIP","floor":41},{"not_picked":["Anger+1","StuffTheSpire:TitanForm","Sever Soul+1"],"picked":"SKIP","floor":42},{"not_picked":["Perfected Strike+1","Dual Wield+1","hubris:ReadiedAction"],"picked":"SKIP","floor":44},{"not_picked":["Perfected Strike+1","Reckless Charge+1","Armaments+1"],"picked":"SKIP","floor":45},{"not_picked":["Warcry","Twin Strike+1","Sword Boomerang+1"],"picked":"SKIP","floor":46},{"not_picked":["Inflame","StuffTheSpire:TitanForm","Fire Breathing+1"],"picked":"SKIP","floor":47},{"not_picked":["Clash+1","Clothesline+1","Run Through+1"],"picked":"SKIP","floor":48},{"not_picked":["Bloodletting","Infernal Blade+1","StuffTheSpire:RockThrow+1"],"picked":"SKIP","floor":55}],"player_experience":96327,"relics_obtained":[{"floor":9,"key":"halation:LettersToHer"},{"floor":13,"key":"Omamori"},{"floor":23,"key":"Tiny Chest"},{"floor":26,"key":"halation:LettersToHer"},{"floor":26,"key":"conspire:DeflatedDodgeball"},{"floor":38,"key":"Darkstone Periapt"},{"floor":41,"key":"Pantograph"},{"floor":43,"key":"halation:LettersToHer"},{"floor":43,"key":"Golden Egg"},{"floor":44,"key":"Blue Doll"},{"floor":47,"key":"MawBank"},{"floor":55,"key":"Pen Nib"}],"event_choices":[{"cards_removed":["Strike_R"],"damage_healed":0,"gold_gain":0,"player_choice":"Purged","damage_taken":0,"max_hp_gain":0,"max_hp_loss":0,"event_name":"Purifier","floor":5,"gold_loss":0}],"is_beta":false,"boss_relics":[{"not_picked":["aspiration:WatcherSkillbook","aspiration:PoetsPen"],"picked":"conspire:SeveredTorchhead"},{"not_picked":["halation:Yufonium","vexMod:ImprovementManual"],"picked":"hubris:Stopwatch"}],"items_purged_floors":[0,7,19,54],"is_endless":false,"potions_floor_spawned":[2,11,16,18,25,30,37,41,45,47,55],"ascension_level":20}}