{"host":"dcj2yvrgcvh5dl2s","time":1609476474,"event":{"mods":["BaseMod","Better Note","Block Reminder","Colored Powertips","DeckTracker","Minty Spire (QoL Compilation)","Quick Restart","Rare Cards Sparkle","Relic Stats","StSLib"],"gold_per_floor":[13,13,24,99,24,49,69,69,69,102,102,131,131,141,141,212,212,223,223,243,278,296,296,296,324,324,356,406,423,442,462,462,462,462],"floor_reached":33,"playtime":1661,"items_purged":[],"score":605,"play_id":"57fbc449-eca9-43d4-8f60-da1ade74bf4a","local_time":"20210101144754","is_ascension_mode":true,"campfire_choices":[{"floor":11,"key":"REST"},{"data":"Infernal Blade","floor":13,"key":"SMITH"},{"data":"Searing Blow+1","floor":15,"key":"SMITH"},{"data":"Searing Blow+2","floor":23,"key":"SMITH"},{"floor":32,"key":"REST"}],"circlet_count":0,"master_deck":["AscendersBane","Defend_R","Defend_R","Defend_R","Defend_R","Bash","Shrug It Off","Pummel","Metallicize","Searing Blow+3","Infernal Blade+1","Fire Breathing","Inflame","True Grit","Flex+1","Bite","Bite","Bite","Bite","Bite","Flex","Flex+1"],"relics":["Burning Blood","Mummified Hand","Meat on the Bone","Centennial Puzzle","Turnip","Busted Crown","Red Mask","Question Card","Pear","Happy Flower"],"acts_visited":["TheCity"],"potions_floor_usage":[6,6,6,10,16,18,21,21,27,33],"damage_taken":[{"damage":9,"enemies":"2 Louse","floor":1,"turns":3},{"damage":11,"enemies":"Cultist","floor":3,"turns":4},{"damage":10,"enemies":"3 Sentries","floor":6,"turns":3},{"damage":20,"enemies":"Small Slimes","floor":7,"turns":3},{"damage":24,"enemies":"Lagavulin","floor":10,"turns":7},{"damage":14,"enemies":"3 Sentries","floor":12,"turns":5},{"damage":3,"enemies":"Looter","floor":14,"turns":2},{"damage":47,"enemies":"Hexaghost","floor":16,"turns":9},{"damage":16,"enemies":"2 Thieves","floor":18,"turns":3},{"damage":11,"enemies":"Shell Parasite","floor":20,"turns":4},{"damage":20,"enemies":"Masked Bandits","floor":21,"turns":5},{"damage":24,"enemies":"Shelled Parasite and Fungi","floor":22,"turns":7},{"damage":64,"enemies":"Gremlin Leader","floor":25,"turns":7},{"damage":34,"enemies":"Slavers","floor":27,"turns":5},{"damage":16,"enemies":"Centurion and Healer","floor":29,"turns":4},{"damage":15,"enemies":"Snake Plant","floor":30,"turns":2},{"damage":8,"enemies":"Chosen and Byrds","floor":31,"turns":5},{"damage":97,"enemies":"Champ","floor":33,"turns":9}],"seed_played":"2361536165271549461","potions_obtained":[{"floor":3,"key":"EntropicBrew"},{"floor":6,"key":"AttackPotion"},{"floor":12,"key":"Explosive Potion"},{"floor":14,"key":"ColorlessPotion"},{"floor":18,"key":"HeartOfIron"},{"floor":20,"key":"Explosive Potion"},{"floor":25,"key":"SpeedPotion"},{"floor":30,"key":"Block Potion"}],"is_trial":false,"path_per_floor":["M","?","M","?","$","E","M","?","T","E","R","E","R","M","R","B",null,"M","?","M","?","M","R","?","E","T","E","?","M","M","M","R","B"],"character_chosen":"IRONCLAD","items_purchased":["Metallicize"],"campfire_rested":2,"item_purchase_floors":[5],"current_hp_per_floor":[79,79,74,63,63,59,45,45,45,39,65,57,57,60,60,31,75,65,65,60,58,52,52,52,26,36,28,28,40,47,51,72,0,0],"gold":462,"neow_bonus":"TWENTY_PERCENT_HP_BONUS","is_daily":false,"chose_seed":false,"campfire_upgraded":3,"win_rate":0.0,"timestamp":1609476474,"path_taken":["M","?","?","?","$","E","M","?","T","E","R","E","R","?","R","BOSS","M","?","?","?","M","R","?","E","T","E","?","M","M","M","R","BOSS"],"items_purchased_type":["Card"],"build_version":"2020-12-22","purchased_purges":0,"victory":false,"max_hp_per_floor":[89,89,89,89,89,89,89,89,89,89,89,89,89,89,89,89,89,89,89,89,89,89,89,62,62,72,72,72,72,72,72,72,72,72],"relic_stats":{"Centennial Puzzle":[39],"Busted Crown":18,"Happy Flower":[6],"counters":[18,87],"Mummified Hand":[38],"Turnip":[10],"Question Card":4,"obtain_stats":[{"Centennial Puzzle":10,"Busted Crown":17,"Pear":26,"Happy Flower":27,"Mummified Hand":6,"Turnip":12,"Red Mask":21,"Question Card":25,"Burning Blood":0,"Meat on the Bone":9},{"Centennial Puzzle":5,"Busted Crown":8,"Pear":13,"Happy Flower":14,"Mummified Hand":3,"Turnip":6,"Red Mask":11,"Question Card":13,"Burning Blood":0,"Meat on the Bone":4},{"Centennial Puzzle":20,"Busted Crown":36,"Pear":62,"Happy Flower":67,"Mummified Hand":10,"Turnip":25,"Red Mask":48,"Question Card":62,"Burning Blood":0,"Meat on the Bone":13}],"Burning Blood":102,"Meat on the Bone":96},"card_choices":[{"not_picked":["Body Slam","Sword Boomerang"],"picked":"Shrug It Off","floor":1},{"not_picked":["Havoc","Twin Strike"],"picked":"Pummel","floor":3},{"not_picked":["Iron Wave","Ghostly Armor"],"picked":"Searing Blow","floor":6},{"not_picked":["Clash","Headbutt"],"picked":"Infernal Blade","floor":7},{"not_picked":["Wild Strike","Clothesline"],"picked":"Fire Breathing","floor":10},{"not_picked":["Havoc","Iron Wave","Spot Weakness"],"picked":"SKIP","floor":12},{"not_picked":["Fiend Fire","Cleave"],"picked":"Inflame","floor":14},{"not_picked":[],"picked":"True Grit","floor":18},{"not_picked":["Blood for Blood"],"picked":"SKIP","floor":20},{"not_picked":[],"picked":"Flex+1","floor":22},{"not_picked":["Reckless Charge"],"picked":"SKIP","floor":25},{"not_picked":["Feel No Pain+1"],"picked":"Flex","floor":27},{"not_picked":["Fire Breathing"],"picked":"Flex+1","floor":29},{"not_picked":["Entrench","Pommel Strike"],"picked":"SKIP","floor":30},{"not_picked":["Armaments","Wild Strike"],"picked":"SKIP","floor":31}],"player_experience":2141106,"relics_obtained":[{"floor":6,"key":"Mummified Hand"},{"floor":9,"key":"Meat on the Bone"},{"floor":10,"key":"Centennial Puzzle"},{"floor":12,"key":"Turnip"},{"floor":21,"key":"Red Mask"},{"floor":25,"key":"Question Card"},{"floor":26,"key":"Pear"},{"floor":27,"key":"Happy Flower"}],"event_choices":[{"damage_healed":0,"gold_gain":0,"player_choice":"0 cards matched","damage_taken":0,"max_hp_gain":0,"max_hp_loss":0,"event_name":"Match and Keep!","floor":2,"gold_loss":0,"cards_obtained":[]},{"damage_healed":0,"gold_gain":75,"player_choice":"Gather Gold","damage_taken":11,"max_hp_gain":0,"max_hp_loss":0,"event_name":"World of Goop","floor":4,"gold_loss":0},{"damage_healed":0,"gold_gain":0,"player_choice":"Upgraded","damage_taken":0,"max_hp_gain":0,"max_hp_loss":0,"event_name":"Upgrade Shrine","floor":8,"gold_loss":0,"cards_upgraded":["Searing Blow"]},{"damage_healed":0,"gold_gain":0,"player_choice":"Ignored","damage_taken":0,"max_hp_gain":0,"max_hp_loss":0,"event_name":"N\u0027loth","floor":19,"gold_loss":0},{"damage_healed":0,"gold_gain":0,"player_choice":"Fought Bandits","damage_taken":0,"max_hp_gain":0,"max_hp_loss":0,"event_name":"Masked Bandits","floor":21,"gold_loss":0},{"damage_healed":0,"gold_gain":0,"player_choice":"Became a vampire","damage_taken":0,"max_hp_gain":0,"max_hp_loss":27,"event_name":"Vampires","floor":24,"gold_loss":0,"cards_obtained":["Bite","Bite","Bite","Bite","Bite"]},{"damage_healed":0,"gold_gain":50,"player_choice":"Stole From Cult","damage_taken":0,"max_hp_gain":0,"max_hp_loss":0,"event_name":"Nest","floor":28,"gold_loss":0}],"is_beta":false,"boss_relics":[{"not_picked":["Mark of Pain","Philosopher\u0027s Stone"],"picked":"Busted Crown"}],"items_purged_floors":[],"is_endless":false,"potions_floor_spawned":[3,6,12,14,18,20,25,30],"killed_by":"Champ","ascension_level":18}}