{"host":"oigynbtg272c19pw","time":1609538884,"event":{"mods":["BaseMod","Colored Map","Minty Spire (QoL Compilation)","Relic Stats","StSLib"],"gold_per_floor":[369,369,384,309,108,141,141,167,167,167,30,30,46,46,46,140,140,156,180,201,216,37,71,71,109,109,109,152,78,78,3,3,97,97,118,118,134,152,0,0,59,59,59,98,118,143,177,191,191,191,191],"floor_reached":50,"playtime":4062,"items_purged":["Strike_G","Strike_G"],"score":1132,"play_id":"c9516332-0368-4462-9620-82a22211110f","local_time":"20210101230804","is_ascension_mode":true,"campfire_choices":[{"floor":7.0,"key":"REST"},{"floor":12.0,"key":"REST"},{"data":"Terror","floor":15.0,"key":"SMITH"},{"data":"Wraith Form v2","floor":24.0,"key":"SMITH"},{"floor":30.0,"key":"REST"},{"data":"Well Laid Plans","floor":32.0,"key":"SMITH"},{"data":"Grand Finale","floor":40.0,"key":"SMITH"},{"floor":49,"key":"RECALL"}],"circlet_count":0,"master_deck":["AscendersBane","Survivor","Neutralize","Slice+1","Slice+1","Terror+1","Well Laid Plans+1","Backflip","Malaise+1","Leg Sweep+1","Crippling Poison+1","Corpse Explosion+1","Outmaneuver+1","Caltrops","Distraction+1","Riddle With Holes+1","Wraith Form v2+1","Quick Slash","PiercingWail+1","Noxious Fumes","Underhanded Strike+1","Panacea+1","Reflex+1","Leg Sweep+1","Dash","RitualDagger","Grand Finale+1","Concentrate+1","Crippling Poison+1","Parasite","Catalyst+1"],"relics":["Ring of the Snake","Gambling Chip","Toxic Egg 2","Thread and Needle","Golden Idol","Pandora\u0027s Box","Singing Bowl","Mummified Hand","Bag of Marbles","Busted Crown","Shuriken","Red Mask","Calipers","Whetstone","Pear","Meat on the Bone"],"acts_visited":["Exordium","TheCity","TheBeyond"],"potions_floor_usage":[],"damage_taken":[{"damage":8.0,"enemies":"Small Slimes","floor":1.0,"turns":5.0},{"damage":0.0,"enemies":"Jaw Worm","floor":3.0,"turns":4.0},{"damage":23.0,"enemies":"Lagavulin","floor":6.0,"turns":6.0},{"damage":23.0,"enemies":"3 Sentries","floor":8.0,"turns":14.0},{"damage":0.0,"enemies":"2 Louse","floor":13.0,"turns":3.0},{"damage":9.0,"enemies":"The Guardian","floor":16.0,"turns":18.0},{"damage":0.0,"enemies":"Chosen","floor":18.0,"turns":5.0},{"damage":0.0,"enemies":"3 Byrds","floor":19.0,"turns":2.0},{"damage":4.0,"enemies":"Snake Plant","floor":20.0,"turns":7.0},{"damage":1.0,"enemies":"Cultist and Chosen","floor":21.0,"turns":6.0},{"damage":30.0,"enemies":"Slavers","floor":23.0,"turns":4.0},{"damage":5.0,"enemies":"Book of Stabbing","floor":25.0,"turns":6.0},{"damage":2.0,"enemies":"Gremlin Leader","floor":28.0,"turns":6.0},{"damage":13.0,"enemies":"Champ","floor":33.0,"turns":11.0},{"damage":0.0,"enemies":"Orb Walker","floor":35.0,"turns":5.0},{"damage":4.0,"enemies":"3 Darklings","floor":37.0,"turns":3.0},{"damage":0.0,"enemies":"Transient","floor":38.0,"turns":6.0},{"damage":31.0,"enemies":"2 Orb Walkers","floor":41.0,"turns":5.0},{"damage":42,"enemies":"Giant Head","floor":44,"turns":9},{"damage":0,"enemies":"Writhing Mass","floor":45,"turns":6},{"damage":23,"enemies":"3 Darklings","floor":46,"turns":6},{"damage":20,"enemies":"Reptomancer","floor":47,"turns":5},{"damage":0,"enemies":"Jaw Worm Horde","floor":48,"turns":3},{"damage":24,"enemies":"Time Eater","floor":50,"turns":7}],"seed_played":"8901888376776753942","potions_obtained":[{"floor":1.0,"key":"Strength Potion"},{"floor":6.0,"key":"DistilledChaos"},{"floor":16.0,"key":"Regen Potion"},{"floor":23.0,"key":"Poison Potion"},{"floor":28.0,"key":"Weak Potion"},{"floor":35.0,"key":"FearPotion"},{"floor":41.0,"key":"FearPotion"}],"is_trial":false,"path_per_floor":["M","?","M","?","$","E","R","E","T","?","$","R","M","?","R","B",null,"M","M","M","M","$","E","R","E","T","?","E","$","R","?","R","B",null,"M","?","M","M","?","R","?","?","T","E","M","M","E","M","R","B"],"character_chosen":"THE_SILENT","items_purchased":["Terror","Well Laid Plans","Leg Sweep+1","Panacea+1","Reflex+1","Concentrate+1"],"campfire_rested":3,"item_purchase_floors":[5,5,11,22,22,29],"current_hp_per_floor":[51,31,31,31,31,8,26,3,3,3,3,21,21,21,21,12,46,46,46,42,41,41,23,23,18,18,12,10,10,27,27,27,14,46,48,48,44,46,46,46,17,17,17,47,47,26,8,22,22,0,0],"gold":191,"neow_bonus":"TWO_FIFTY_GOLD","is_daily":false,"chose_seed":false,"campfire_upgraded":4,"win_rate":0.0,"timestamp":1609538884,"path_taken":["M","?","M","?","$","E","R","E","T","?","$","R","M","?","R","BOSS","M","M","M","M","$","E","R","E","T","?","E","$","R","?","R","BOSS","M","?","?","M","?","R","?","?","T","E","M","?","E","M","R","BOSS"],"items_purchased_type":["Card","Card","Card","Card","Card","Card"],"build_version":"2020-12-13","purchased_purges":2,"victory":false,"max_hp_per_floor":[66,66,66,63,63,63,63,63,63,63,63,63,63,57,57,57,57,57,57,57,57,57,57,57,57,57,57,57,57,57,57,57,57,57,59,59,59,61,61,61,63,63,63,75,75,77,79,81,81,81,81],"relic_stats":{"Busted Crown":18,"Singing Bowl":14,"counters":[24,152],"Golden Idol":127,"Mummified Hand":[64],"Shuriken":[14],"Gambling Chip":[34],"Pandora\u0027s Box":["Outmaneuver","Caltrops","Distraction","Riddle With Holes","Wraith Form v2","Quick Slash","Skewer"],"Whetstone":["Riddle With Holes","Slice"],"obtain_stats":[{"Calipers":41,"Pear":44,"Singing Bowl":23,"Golden Idol":14,"Thread and Needle":9,"Whetstone":43,"Busted Crown":34,"Mummified Hand":25,"Shuriken":36,"Gambling Chip":6,"Pandora\u0027s Box":17,"Bag of Marbles":28,"Red Mask":39,"Toxic Egg 2":8,"Ring of the Snake":0,"Meat on the Bone":47},{"Calipers":18,"Pear":19,"Singing Bowl":11,"Golden Idol":5,"Thread and Needle":4,"Whetstone":18,"Busted Crown":14,"Mummified Hand":12,"Shuriken":15,"Gambling Chip":3,"Pandora\u0027s Box":6,"Bag of Marbles":13,"Red Mask":17,"Toxic Egg 2":4,"Ring of the Snake":0,"Meat on the Bone":22},{"Calipers":116,"Pear":125,"Singing Bowl":74,"Golden Idol":32,"Thread and Needle":29,"Whetstone":116,"Busted Crown":97,"Mummified Hand":80,"Shuriken":102,"Gambling Chip":15,"Pandora\u0027s Box":50,"Bag of Marbles":86,"Red Mask":111,"Toxic Egg 2":29,"Ring of the Snake":0,"Meat on the Bone":142}],"Ring of the Snake":[48],"Meat on the Bone":12},"card_choices":[{"not_picked":["Setup","Deflect"],"picked":"Slice","floor":1.0},{"not_picked":["Bane","Outmaneuver"],"picked":"Slice","floor":3.0},{"not_picked":["Deflect","Slice"],"picked":"Backflip","floor":6.0},{"not_picked":["Sucker Punch","Outmaneuver+1"],"picked":"Malaise+1","floor":8.0},{"not_picked":["Backflip+1","Acrobatics+1"],"picked":"Crippling Poison+1","floor":13.0},{"not_picked":["Unload","Phantasmal Killer+1"],"picked":"Corpse Explosion+1","floor":16.0},{"not_picked":["Riddle With Holes","Dagger Throw"],"picked":"PiercingWail+1","floor":18.0},{"not_picked":["Riddle With Holes","Outmaneuver+1","Distraction+1"],"picked":"SKIP","floor":19.0},{"not_picked":["Well Laid Plans","All Out Attack"],"picked":"Noxious Fumes","floor":20.0},{"not_picked":["Blade Dance+1","Prepared+1"],"picked":"Underhanded Strike+1","floor":21.0},{"not_picked":["Blade Dance+1","Bouncing Flask+1"],"picked":"Leg Sweep+1","floor":23.0},{"not_picked":["Unload","Endless Agony"],"picked":"Dash","floor":25.0},{"not_picked":["Accuracy","Poisoned Stab"],"picked":"Grand Finale","floor":28.0},{"not_picked":["Corpse Explosion+1","Unload"],"picked":"Malaise+1","floor":33.0},{"not_picked":["Heel Hook"],"picked":"Singing Bowl","floor":35.0},{"not_picked":[],"picked":"Crippling Poison+1","floor":37.0},{"not_picked":["Sucker Punch+1"],"picked":"Singing Bowl","floor":38.0},{"not_picked":["Noxious Fumes"],"picked":"Singing Bowl","floor":41.0},{"not_picked":["Finisher"],"picked":"Singing Bowl","floor":44},{"not_picked":[],"picked":"Catalyst+1","floor":45},{"not_picked":["Dagger Throw"],"picked":"Singing Bowl","floor":46},{"not_picked":["Quick Slash"],"picked":"Singing Bowl","floor":47},{"not_picked":["Sucker Punch"],"picked":"Singing Bowl","floor":48}],"player_experience":1326893,"relics_obtained":[{"floor":6.0,"key":"Gambling Chip"},{"floor":8.0,"key":"Toxic Egg 2"},{"floor":9.0,"key":"Thread and Needle"},{"floor":23.0,"key":"Singing Bowl"},{"floor":25.0,"key":"Mummified Hand"},{"floor":28.0,"key":"Bag of Marbles"},{"floor":41.0,"key":"Calipers"},{"floor":43.0,"key":"Whetstone"},{"floor":44,"key":"Pear"},{"floor":47,"key":"Meat on the Bone"}],"event_choices":[{"damage_healed":0.0,"max_hp_gain":0.0,"max_hp_loss":0.0,"gold_gain":0.0,"event_name":"Shining Light","player_choice":"Entered Light","floor":2.0,"gold_loss":0.0,"damage_taken":20.0,"cards_upgraded":["Slice","Defend_G"]},{"cards_removed":["Parasite"],"damage_healed":0.0,"max_hp_gain":0.0,"max_hp_loss":0.0,"gold_gain":0.0,"event_name":"The Cleric","player_choice":"Card Removal","floor":4.0,"gold_loss":75.0,"damage_taken":0.0},{"cards_removed":["Strike_G"],"damage_healed":0.0,"max_hp_gain":0.0,"max_hp_loss":0.0,"gold_gain":0.0,"event_name":"Living Wall","player_choice":"Forget","floor":10.0,"gold_loss":0.0,"damage_taken":0.0},{"damage_healed":0.0,"max_hp_gain":0.0,"max_hp_loss":6.0,"gold_gain":0.0,"event_name":"Golden Idol","player_choice":"Lose Max HP","floor":14.0,"gold_loss":0.0,"damage_taken":0.0,"relics_obtained":["Golden Idol"]},{"damage_healed":0.0,"max_hp_gain":0.0,"max_hp_loss":0.0,"gold_gain":0.0,"event_name":"Nest","player_choice":"Joined the Cult","floor":27.0,"gold_loss":0.0,"damage_taken":6.0,"cards_obtained":["RitualDagger"]},{"cards_removed":["Skewer"],"damage_healed":0.0,"max_hp_gain":0.0,"max_hp_loss":0.0,"gold_gain":0.0,"event_name":"Beggar","player_choice":"Gave Gold","floor":31.0,"gold_loss":75.0,"damage_taken":0.0},{"damage_healed":0.0,"max_hp_gain":0.0,"max_hp_loss":0.0,"gold_gain":0.0,"event_name":"WeMeetAgain","player_choice":"Gave Potion","floor":36.0,"gold_loss":0.0,"damage_taken":0.0,"relics_obtained":["Shuriken"]},{"damage_healed":0.0,"max_hp_gain":0.0,"max_hp_loss":0.0,"gold_gain":0.0,"event_name":"Tomb of Lord Red Mask","player_choice":"Paid","floor":39.0,"gold_loss":152.0,"damage_taken":0.0,"relics_obtained":["Red Mask"]},{"damage_healed":0.0,"max_hp_gain":0.0,"max_hp_loss":0.0,"gold_gain":0.0,"event_name":"Mysterious Sphere","player_choice":"Fight","floor":41.0,"gold_loss":0.0,"damage_taken":0.0},{"cards_removed":["Malaise"],"damage_healed":0.0,"max_hp_gain":0.0,"max_hp_loss":0.0,"gold_gain":0.0,"event_name":"Falling","player_choice":"Removed Skill","floor":42.0,"gold_loss":0.0,"damage_taken":0.0}],"is_beta":false,"boss_relics":[{"not_picked":["SlaversCollar","Calling Bell"],"picked":"Pandora\u0027s Box"},{"not_picked":["SacredBark","Runic Dome"],"picked":"Busted Crown"}],"items_purged_floors":[5,11],"is_endless":false,"potions_floor_spawned":[1,6,16,23,28,35,41,45,48],"killed_by":"Time Eater","ascension_level":20}}