{"host":"egyxg9lnjq7g2hmw","time":1609466675,"event":{"mods":["AchievementEnabler","BaseMod","Block Reminder","Colored Map","Colored Powertips","Highlight Path","Minty Spire (QoL Compilation)","Rare Cards Sparkle","StSLib"],"gold_per_floor":[112,287,36,36,36,66,80,115,139,139,89,114,114,141,141,141,141],"floor_reached":16,"playtime":528,"items_purged":[],"score":209,"play_id":"ea5e650d-5954-4d19-a55e-cb835d87555d","local_time":"20201231180435","is_ascension_mode":true,"campfire_choices":[{"data":"Iron Wave","floor":10.0,"key":"SMITH"},{"data":"Bash","floor":13,"key":"SMITH"},{"data":"Pommel Strike","floor":15,"key":"SMITH"}],"circlet_count":0,"master_deck":["Strike_R","Strike_R+1","Strike_R","Strike_R+1","Defend_R","Defend_R","Defend_R","Defend_R","Bash+1","Pommel Strike+1","True Grit","Juggernaut+1","Iron Wave+1","Immolate+1","Uppercut+1"],"relics":["Burning Blood","NeowsBlessing","Frozen Egg 2","Centennial Puzzle","Toy Ornithopter","Strawberry","Molten Egg 2","Ornamental Fan"],"acts_visited":["Exordium"],"potions_floor_usage":[12,14,14],"damage_taken":[{"damage":0.0,"enemies":"2 Louse","floor":1.0,"turns":1.0},{"damage":0.0,"enemies":"Gremlin Nob","floor":6.0,"turns":1.0},{"damage":0.0,"enemies":"Small Slimes","floor":7.0,"turns":1.0},{"damage":42.0,"enemies":"3 Sentries","floor":8.0,"turns":9.0},{"damage":30,"enemies":"Gremlin Nob","floor":12,"turns":6},{"damage":21,"enemies":"Lagavulin","floor":14,"turns":6},{"damage":27,"enemies":"Hexaghost","floor":16,"turns":9}],"seed_played":"-6694519831903580353","potions_obtained":[{"floor":8.0,"key":"SkillPotion"},{"floor":12,"key":"Strength Potion"},{"floor":14,"key":"Fruit Juice"}],"is_trial":false,"path_per_floor":["M","?","$","?","?","E","M","E","T","R","?","E","R","E","R","B"],"character_chosen":"IRONCLAD","items_purchased":["Frozen Egg 2"],"campfire_rested":0,"item_purchase_floors":[3],"current_hp_per_floor":[78,78,78,62,62,68,74,38,45,45,45,26,26,26,26,0,0],"gold":141,"neow_bonus":"THREE_ENEMY_KILL","is_daily":false,"chose_seed":false,"campfire_upgraded":3,"win_rate":0.0,"timestamp":1609466675,"path_taken":["M","?","$","?","?","E","?","E","T","R","?","E","R","E","R","BOSS"],"items_purchased_type":["Relic"],"build_version":"2020-12-22","purchased_purges":0,"victory":false,"max_hp_per_floor":[80,80,80,80,80,80,80,80,87,87,87,87,87,92,92,92,92],"card_choices":[{"not_picked":["Second Wind","Sword Boomerang"],"picked":"Pommel Strike","floor":1.0},{"not_picked":["Havoc","Dual Wield"],"picked":"True Grit","floor":6.0},{"not_picked":["Iron Wave","Twin Strike"],"picked":"Juggernaut+1","floor":7.0},{"not_picked":["Clash","Thunderclap"],"picked":"Iron Wave","floor":8.0},{"not_picked":["Searing Blow+1","Pommel Strike+1"],"picked":"Immolate+1","floor":12},{"not_picked":["Heavy Blade+1","Perfected Strike+1"],"picked":"Uppercut+1","floor":14}],"player_experience":579547,"relics_obtained":[{"floor":6.0,"key":"Centennial Puzzle"},{"floor":8.0,"key":"Toy Ornithopter"},{"floor":9.0,"key":"Strawberry"},{"floor":12,"key":"Molten Egg 2"},{"floor":14,"key":"Ornamental Fan"}],"event_choices":[{"damage_healed":0.0,"max_hp_gain":0.0,"max_hp_loss":0.0,"gold_gain":175.0,"event_name":"Liars Game","player_choice":"AGREE","floor":2.0,"gold_loss":0.0,"damage_taken":0.0,"cards_obtained":["Doubt"]},{"damage_healed":0.0,"max_hp_gain":0.0,"max_hp_loss":0.0,"gold_gain":0.0,"event_name":"Shining Light","player_choice":"Entered Light","floor":4.0,"gold_loss":0.0,"damage_taken":16.0,"cards_upgraded":["Strike_R","Strike_R"]},{"cards_removed":["Doubt"],"damage_healed":0.0,"max_hp_gain":0.0,"max_hp_loss":0.0,"gold_gain":0.0,"event_name":"Fountain of Cleansing","player_choice":"Removed Curses","floor":5.0,"gold_loss":0.0,"damage_taken":0.0},{"cards_removed":["Strike_R"],"damage_healed":0.0,"max_hp_gain":0.0,"max_hp_loss":0.0,"gold_gain":0.0,"event_name":"The Cleric","player_choice":"Card Removal","floor":11.0,"gold_loss":50.0,"damage_taken":0.0}],"is_beta":false,"boss_relics":[],"items_purged_floors":[],"is_endless":false,"potions_floor_spawned":[8,12,14],"killed_by":"Hexaghost","ascension_level":8}}