{"host":"rmsq46plbpwfbxcc","time":1609517707,"event":{"mods":["AchievementEnabler","BaseMod","Colored Map","Colored Powertips","DeckTracker","KOR Keyword Fix","Minty Spire (QoL Compilation)","Permanent Neow","Quick Restart","SuperFastMode"],"gold_per_floor":[111,123,133,283,283,283,4,4,56,122,22,45,83,108,108,233,233,270,270,282,282,327,327,327,388,388,429,86,86,86,86],"floor_reached":30,"playtime":729,"items_purged":["Doubt","Strike_G","Defend_G+1"],"score":460,"play_id":"248e1494-5e6d-4140-9d4b-2f04f57c712f","local_time":"20210102011507","is_ascension_mode":true,"campfire_choices":[{"data":"Neutralize","floor":6.0,"key":"SMITH"},{"data":"HandOfGreed","floor":8.0,"key":"SMITH"},{"data":"Envenom","floor":15,"key":"SMITH"},{"data":"After Image","floor":23,"key":"SMITH"},{"data":"Footwork","floor":29,"key":"SMITH"}],"circlet_count":0,"master_deck":["AscendersBane","Strike_G+1","Strike_G+1","Strike_G+1","Defend_G+1","Defend_G+1","Defend_G+1","Defend_G+1","Survivor","Neutralize+1","Finisher","Footwork+1","HandOfGreed+1","Envenom+1","After Image+1","Bullet Time","Terror","Blur"],"relics":["Coffee Dripper","StrikeDummy","Regal Pillow","Orichalcum","Bottled Tornado","SacredBark","Pear","Snake Skull"],"acts_visited":["Exordium","TheCity"],"potions_floor_usage":[14,14,27],"damage_taken":[{"damage":4.0,"enemies":"2 Louse","floor":1.0,"turns":3.0},{"damage":0.0,"enemies":"Jaw Worm","floor":2.0,"turns":4.0},{"damage":1.0,"enemies":"Cultist","floor":3.0,"turns":4.0},{"damage":3.0,"enemies":"Large Slime","floor":10.0,"turns":8.0},{"damage":0.0,"enemies":"Looter","floor":13.0,"turns":3.0},{"damage":14,"enemies":"Lagavulin","floor":14,"turns":7},{"damage":19,"enemies":"Slime Boss","floor":16,"turns":16},{"damage":32,"enemies":"Shell Parasite","floor":18,"turns":4},{"damage":5,"enemies":"Spheric Guardian","floor":20,"turns":3},{"damage":3,"enemies":"Snecko","floor":22,"turns":5},{"damage":4,"enemies":"Centurion and Healer","floor":25,"turns":12},{"damage":5,"enemies":"Snake Plant","floor":27,"turns":5},{"damage":16,"enemies":"Shelled Parasite and Fungi","floor":30,"turns":1}],"seed_played":"8467149702988071043","potions_obtained":[{"floor":2.0,"key":"LiquidMemories"},{"floor":3.0,"key":"Regen Potion"},{"floor":22,"key":"PowerPotion"},{"floor":27,"key":"FearPotion"}],"is_trial":false,"path_per_floor":["M","M","M","?","?","R","$","R","T","M","$","T","M","E","R","B",null,"M","?","M","?","M","R","?","M","T","M","$","R","M"],"character_chosen":"THE_SILENT","items_purchased":["HandOfGreed","Snake Skull","Blur"],"campfire_rested":0,"item_purchase_floors":[7,28,28],"current_hp_per_floor":[55,55,54,54,43,43,43,43,43,40,40,40,40,41,41,22,55,23,23,18,18,15,15,15,11,21,16,16,16,0,0],"gold":86,"neow_bonus":"BOSS_RELIC","is_daily":false,"chose_seed":false,"campfire_upgraded":5,"win_rate":0.0,"timestamp":1609517707,"path_taken":["M","M","M","?","?","R","$","R","T","M","?","?","?","E","R","BOSS","M","?","M","?","M","R","?","M","T","?","$","R","?"],"items_purchased_type":["Card","Relic","Card"],"build_version":"2020-12-22","purchased_purges":3,"victory":false,"max_hp_per_floor":[66,66,66,66,66,66,66,66,66,66,66,66,66,66,66,66,66,66,66,66,66,66,66,66,66,76,76,76,76,76,76],"card_choices":[{"not_picked":["Slice","Backflip","Concentrate"],"picked":"SKIP","floor":1.0},{"not_picked":["Deflect","Riddle With Holes"],"picked":"Finisher","floor":2.0},{"not_picked":["Predator","Slice"],"picked":"Footwork","floor":3.0},{"not_picked":["Skewer","Dagger Throw","Choke"],"picked":"SKIP","floor":10.0},{"not_picked":["Outmaneuver","Deflect"],"picked":"Envenom","floor":13.0},{"not_picked":["Flying Knee","Slice"],"picked":"After Image","floor":14},{"not_picked":["Venomology","Malaise"],"picked":"Bullet Time","floor":16},{"not_picked":["Deadly Poison+1","Choke","Dagger Throw"],"picked":"SKIP","floor":18},{"not_picked":["Deadly Poison","Bane","Riddle With Holes"],"picked":"SKIP","floor":20},{"not_picked":["Flying Knee","Riddle With Holes","Outmaneuver"],"picked":"SKIP","floor":22},{"not_picked":["Reflex","Cloak And Dagger"],"picked":"Terror","floor":25},{"not_picked":["Flechettes+1","Flying Knee","Skewer"],"picked":"SKIP","floor":27}],"player_experience":1431213,"relics_obtained":[{"floor":9.0,"key":"Regal Pillow"},{"floor":12.0,"key":"Orichalcum"},{"floor":14,"key":"Bottled Tornado"},{"floor":26,"key":"Pear"}],"event_choices":[{"damage_healed":0.0,"max_hp_gain":0.0,"max_hp_loss":0.0,"gold_gain":150.0,"event_name":"Liars Game","player_choice":"AGREE","floor":4.0,"gold_loss":0.0,"damage_taken":0.0,"cards_obtained":["Doubt"]},{"damage_healed":0.0,"max_hp_gain":0.0,"max_hp_loss":0.0,"gold_gain":0.0,"event_name":"Scrap Ooze","player_choice":"Success","floor":5.0,"gold_loss":0.0,"damage_taken":11.0,"relics_obtained":["StrikeDummy"]},{"damage_healed":0,"gold_gain":0,"player_choice":"Simplicity","damage_taken":0,"max_hp_gain":0,"max_hp_loss":0,"event_name":"Back to Basics","floor":19,"gold_loss":0,"cards_upgraded":["Strike_G","Strike_G","Strike_G","Strike_G","Defend_G","Defend_G","Defend_G","Defend_G","Defend_G"]},{"damage_healed":0,"gold_gain":0,"player_choice":"Ignored","damage_taken":0,"max_hp_gain":0,"max_hp_loss":0,"event_name":"Vampires","floor":21,"gold_loss":0},{"cards_removed":["Strike_G"],"damage_healed":0,"gold_gain":0,"player_choice":"Purged","damage_taken":0,"max_hp_gain":0,"max_hp_loss":0,"event_name":"Purifier","floor":24,"gold_loss":0}],"is_beta":false,"boss_relics":[{"not_picked":["Cursed Key","Snecko Eye"],"picked":"SacredBark"}],"items_purged_floors":[7,11,28],"is_endless":false,"potions_floor_spawned":[2,3,22,27],"killed_by":"Shelled Parasite and Fungi","ascension_level":20}}