{"host":"1u4zr9vl8my47i07","time":1609542907,"event":{"mods":["AchievementEnabler","BaseMod","BetterRewards","DeckTracker","Filter the Spire","Highlight Path","Keyboard Shortcuts","Minty Spire (QoL Compilation)","Relic Stats","StSLib","SuperFastMode","The Animator","Uncapped","everything is the same but u backflip on backflip"],"gold_per_floor":[116,129,204,204,204,204,217,246,246,216,250,4,4,14,14,117,117,127,127,42,42,19,19,32,32,57,76,76,76,107,107,107,204,204,218,44,0,17,34,65,65,65,110,127,160,206,219,249,249,249,249,249,45,71,71],"floor_reached":56,"playtime":3244,"items_purged":["Strike_R","Strike_R","Uppercut"],"score":2314,"play_id":"a63d7e28-e9de-432e-b856-c5dba40261d8","local_time":"20210102081507","is_ascension_mode":true,"campfire_choices":[{"data":"Feel No Pain","floor":6.0,"key":"SMITH"},{"data":"Dark Embrace","floor":13.0,"key":"SMITH"},{"data":"Uppercut","floor":15.0,"key":"SMITH"},{"data":"Body Slam","floor":23.0,"key":"SMITH"},{"data":"Sentinel","floor":25.0,"key":"SMITH"},{"floor":28.0,"key":"REST"},{"floor":32.0,"key":"RECALL"},{"data":"Corruption","floor":41.0,"key":"SMITH"},{"data":"Dark Embrace","floor":49.0,"key":"SMITH"},{"data":"Offering","floor":52.0,"key":"SMITH"}],"circlet_count":0,"master_deck":["AscendersBane","Defend_R","Defend_R","Defend_R","Defend_R","Bash","Body Slam+1","Feel No Pain+1","Uppercut+1","Dark Embrace+1","Corruption+1","Wild Strike+1","Bite","Bite","Bite+1","Bite","Bite+1","Warcry","Sentinel+1","Rage+1","Offering+1","Flex","Barricade","Bloodletting","Shrug It Off","Havoc","Armaments+1","Body Slam+1","Disarm+1","Entrench","Dark Embrace+1"],"relics":["Burning Blood","Lizard Tail","Vajra","Pocketwatch","Bottled Flame","Meat on the Bone","Red Skull","OrangePellets","Empty Cage","Blue Candle","Dead Branch","Unceasing Top","Black Star","Red Mask","Ornamental Fan","Art of War","Bottled Tornado","Toy Ornithopter","Whetstone","Question Card","Mango","Torii","Dream Catcher","Centennial Puzzle","Nunchaku","Bottled Tornado"],"acts_visited":["Exordium","TheCity","TheBeyond","TheEnding"],"potions_floor_usage":[55,55,55],"damage_taken":[{"damage":2.0,"enemies":"Jaw Worm","floor":1.0,"turns":3.0},{"damage":11.0,"enemies":"2 Louse","floor":2.0,"turns":3.0},{"damage":6.0,"enemies":"Small Slimes","floor":7.0,"turns":4.0},{"damage":29.0,"enemies":"Gremlin Nob","floor":8.0,"turns":5.0},{"damage":7.0,"enemies":"3 Sentries","floor":11.0,"turns":9.0},{"damage":7.0,"enemies":"3 Louse","floor":14.0,"turns":2.0},{"damage":22.0,"enemies":"Slime Boss","floor":16.0,"turns":7.0},{"damage":25.0,"enemies":"Spheric Guardian","floor":18.0,"turns":6.0},{"damage":33.0,"enemies":"Shell Parasite","floor":24.0,"turns":6.0},{"damage":20.0,"enemies":"Snake Plant","floor":27.0,"turns":4.0},{"damage":47.0,"enemies":"Slavers","floor":30.0,"turns":8.0},{"damage":19.0,"enemies":"Automaton","floor":33.0,"turns":6.0},{"damage":7.0,"enemies":"3 Shapes","floor":35.0,"turns":7.0},{"damage":20.0,"enemies":"Orb Walker","floor":38.0,"turns":5.0},{"damage":29.0,"enemies":"Jaw Worm Horde","floor":39.0,"turns":4.0},{"damage":22.0,"enemies":"Giant Head","floor":40.0,"turns":6.0},{"damage":5.0,"enemies":"Writhing Mass","floor":44.0,"turns":3.0},{"damage":3.0,"enemies":"Reptomancer","floor":45.0,"turns":1.0},{"damage":25.0,"enemies":"2 Orb Walkers","floor":46.0,"turns":2.0},{"damage":10.0,"enemies":"Maw","floor":47.0,"turns":3.0},{"damage":13.0,"enemies":"Giant Head","floor":48.0,"turns":5.0},{"damage":31.0,"enemies":"Donu and Deca","floor":50.0,"turns":3.0},{"damage":5.0,"enemies":"Shield and Spear","floor":54.0,"turns":3.0},{"damage":19,"enemies":"The Heart","floor":55,"turns":6}],"seed_played":"571172746996277769","potions_obtained":[{"floor":7.0,"key":"FearPotion"},{"floor":10.0,"key":"Explosive Potion"},{"floor":10.0,"key":"Dexterity Potion"},{"floor":14.0,"key":"Block Potion"},{"floor":16.0,"key":"AttackPotion"},{"floor":24.0,"key":"Dexterity Potion"},{"floor":27.0,"key":"ColorlessPotion"},{"floor":35.0,"key":"Fire Potion"},{"floor":40.0,"key":"DistilledChaos"},{"floor":44.0,"key":"DistilledChaos"},{"floor":46.0,"key":"DuplicationPotion"}],"is_trial":false,"path_per_floor":["M","M","?","?","?","R","M","E","T","?","E","$","R","M","R","B",null,"M","?","?","?","$","R","M","R","T","M","R","?","E","?","R","B",null,"M","$","?","M","M","E","R","M","T","M","E","?","M","E","R","B",null,"R","$","E","B",null],"character_chosen":"IRONCLAD","items_purchased":["Lizard Tail","Vajra","OrangePellets","Warcry","Shrug It Off","Centennial Puzzle","PowerPotion"],"campfire_rested":1,"item_purchase_floors":[0,0,12,22,36,53,53],"current_hp_per_floor":[52,47,36,62,55,55,55,32,32,32,43,43,43,54,54,50,73,54,39,39,39,39,39,34,34,34,36,53,53,32,32,32,45,56,59,59,59,47,44,48,48,48,48,59,59,58,59,60,60,44,66,66,66,73,73],"gold":71,"neow_bonus":"","is_daily":false,"chose_seed":false,"campfire_upgraded":8,"win_rate":0.0,"timestamp":1609542907,"path_taken":["M","M","?","?","?","R","M","E","T","?","E","$","R","M","R","BOSS","M","?","?","?","$","R","M","R","T","M","R","?","E","?","R","BOSS","M","$","?","M","M","E","R","M","T","M","E","?","M","E","R","BOSS","R","$","E","BOSS"],"items_purchased_type":["Relic","Relic","Relic","Card","Card","Relic","Potion"],"build_version":"2020-12-22","purchased_purges":3,"victory":true,"max_hp_per_floor":[80,80,80,80,80,80,80,80,80,80,80,80,80,80,80,80,80,80,85,85,59,59,59,59,59,59,59,59,59,59,59,59,59,59,59,59,59,59,59,59,59,59,59,59,59,73,73,73,73,73,73,73,73,73,73],"relic_stats":{"Torii":2,"counters":[66,291],"Blue Candle":[9],"Dead Branch":[323],"Whetstone":["Bite","Bite"],"Question Card":4,"Burning Blood":362,"OrangePellets":[29],"Lizard Tail":0,"Dream Catcher":0,"Centennial Puzzle":[6],"Nunchaku":[1],"Ornamental Fan":[64],"Black Star":4,"Art of War":[2],"obtain_stats":[{"Torii":48,"Vajra":54,"Mango":46,"Bag of Preparation":43,"Ginger":14,"Whetstone":45,"Bottled Tornado":42,"Smiling Mask":27,"Empty Cage":17,"Burning Blood":0,"Centennial Puzzle":12,"Lizard Tail":0,"Dream Catcher":48,"Nunchaku":54,"MealTicket":7,"Red Mask":37,"Chemical X":0,"Red Skull":11,"Paper Frog":3,"Pear":44,"Astrolabe":17,"Blue Candle":20,"Dead Branch":30,"Velvet Choker":17,"Circlet":17,"Eternal Feather":11,"Orichalcum":8,"Medical Kit":19,"Question Card":45,"White Beast Statue":29,"Du-Vu Doll":0,"Strange Spoon":38,"OrangePellets":12,"Bottled Flame":8,"Ornamental Fan":40,"Orrery":30,"Turnip":26,"Black Star":34,"Art of War":40,"Bottled Lightning":12,"StrikeDummy":9,"Unceasing Top":39,"Toy Ornithopter":43,"Meat on the Bone":48,"Pocketwatch":0},{"Torii":63,"Vajra":40,"Mango":61,"Bag of Preparation":34,"Ginger":5,"Whetstone":60,"Bottled Tornado":58,"Smiling Mask":27,"Empty Cage":48,"Burning Blood":0,"Centennial Puzzle":4,"Lizard Tail":41,"Dream Catcher":63,"Nunchaku":65,"MealTicket":3,"Red Mask":54,"Chemical X":10,"Red Skull":46,"Paper Frog":1,"Pear":34,"Astrolabe":20,"Blue Candle":49,"Dead Branch":52,"Velvet Choker":6,"Circlet":48,"Eternal Feather":18,"Orichalcum":17,"Medical Kit":7,"Question Card":60,"White Beast Statue":29,"Du-Vu Doll":0,"Strange Spoon":32,"OrangePellets":46,"Bottled Flame":45,"Ornamental Fan":57,"Orrery":29,"Turnip":26,"Black Star":53,"Art of War":57,"Bottled Lightning":18,"StrikeDummy":3,"Unceasing Top":33,"Toy Ornithopter":58,"Meat on the Bone":38,"Pocketwatch":41},{"Torii":279,"Vajra":177,"Mango":271,"Bag of Preparation":156,"Ginger":28,"Whetstone":269,"Bottled Tornado":265,"Smiling Mask":136,"Empty Cage":212,"Burning Blood":0,"Centennial Puzzle":24,"Lizard Tail":179,"Dream Catcher":279,"Nunchaku":285,"MealTicket":16,"Red Mask":249,"Chemical X":61,"Red Skull":203,"Paper Frog":3,"Pear":156,"Astrolabe":102,"Blue Candle":218,"Dead Branch":229,"Velvet Choker":39,"Circlet":212,"Eternal Feather":94,"Orichalcum":85,"Medical Kit":44,"Question Card":269,"White Beast Statue":141,"Du-Vu Doll":0,"Strange Spoon":151,"OrangePellets":203,"Bottled Flame":194,"Ornamental Fan":264,"Orrery":141,"Turnip":130,"Black Star":242,"Art of War":264,"Bottled Lightning":94,"StrikeDummy":16,"Unceasing Top":154,"Toy Ornithopter":265,"Meat on the Bone":168,"Pocketwatch":179}],"Unceasing Top":[9],"Toy Ornithopter":6,"Pocketwatch":[119],"Meat on the Bone":120},"card_choices":[{"not_picked":["Uppercut","Flex"],"picked":"Body Slam","floor":1.0},{"not_picked":["Shrug It Off","Warcry"],"picked":"Feel No Pain","floor":2.0},{"not_picked":["Fire Breathing","Metallicize"],"picked":"Uppercut","floor":7.0},{"not_picked":["Shrug It Off","Uppercut","Pummel"],"picked":"SKIP","floor":8.0},{"not_picked":["Armaments","Blood for Blood"],"picked":"Dark Embrace","floor":11.0},{"not_picked":["Feel No Pain","Clash"],"picked":"Sever Soul","floor":14.0},{"not_picked":["Immolate","Barricade"],"picked":"Corruption","floor":16.0},{"not_picked":["Shockwave","Twin Strike+1"],"picked":"Wild Strike+1","floor":18.0},{"not_picked":["Whirlwind","Infernal Blade"],"picked":"Sentinel","floor":24.0},{"not_picked":["Burning Pact","Heavy Blade+1"],"picked":"Rage+1","floor":27.0},{"not_picked":["Iron Wave+1","Whirlwind"],"picked":"Flex","floor":30.0},{"not_picked":["Berserk","Demon Form"],"picked":"Barricade","floor":33.0},{"not_picked":["Body Slam","Thunderclap+1"],"picked":"Bloodletting","floor":35.0},{"not_picked":["Inflame","Thunderclap"],"picked":"Havoc","floor":38.0},{"not_picked":["Berserk","Pommel Strike"],"picked":"Armaments+1","floor":39.0},{"not_picked":["Clash","Uppercut+1","Cleave+1"],"picked":"SKIP","floor":40.0},{"not_picked":["Twin Strike+1","Headbutt+1","Pommel Strike+1"],"picked":"SKIP","floor":44.0},{"not_picked":["Berserk","Headbutt+1"],"picked":"Body Slam+1","floor":45.0},{"not_picked":["Pommel Strike+1","Warcry+1","True Grit+1"],"picked":"Disarm+1","floor":46.0},{"not_picked":["Heavy Blade+1","Anger+1","Havoc"],"picked":"Entrench","floor":47.0},{"not_picked":["Barricade","Shrug It Off","Anger"],"picked":"Dark Embrace","floor":48.0},{"not_picked":["Clash+1","Bludgeon","Havoc+1","Dropkick"],"picked":"SKIP","floor":54.0}],"player_experience":243315,"relics_obtained":[{"floor":8.0,"key":"Bottled Flame"},{"floor":9.0,"key":"Meat on the Bone"},{"floor":11.0,"key":"Red Skull"},{"floor":30.0,"key":"Unceasing Top"},{"floor":40.0,"key":"Ornamental Fan"},{"floor":40.0,"key":"Art of War"},{"floor":43.0,"key":"Toy Ornithopter"},{"floor":45.0,"key":"Whetstone"},{"floor":45.0,"key":"Question Card"},{"floor":46.0,"key":"Mango"},{"floor":48.0,"key":"Torii"},{"floor":48.0,"key":"Dream Catcher"},{"floor":54.0,"key":"Nunchaku"},{"floor":54.0,"key":"Bottled Tornado"}],"event_choices":[{"damage_healed":0.0,"max_hp_gain":0.0,"max_hp_loss":0.0,"gold_gain":75.0,"event_name":"World of Goop","player_choice":"Gather Gold","floor":3.0,"gold_loss":0.0,"damage_taken":11.0},{"damage_healed":26.0,"max_hp_gain":0.0,"max_hp_loss":0.0,"gold_gain":0.0,"event_name":"Big Fish","player_choice":"Banana","floor":4.0,"gold_loss":0.0,"damage_taken":0.0},{"cards_removed":["Strike_R"],"damage_healed":0.0,"max_hp_gain":0.0,"max_hp_loss":0.0,"gold_gain":0.0,"event_name":"Golden Wing","player_choice":"Card Removal","floor":5.0,"gold_loss":0.0,"damage_taken":7.0},{"damage_healed":0.0,"max_hp_gain":0.0,"max_hp_loss":0.0,"gold_gain":0.0,"event_name":"The Woman in Blue","player_choice":"Bought 2 Potions","floor":10.0,"gold_loss":0.0,"damage_taken":0.0},{"damage_healed":0.0,"max_hp_gain":5.0,"max_hp_loss":0.0,"gold_gain":0.0,"event_name":"Forgotten Altar","player_choice":"Shed Blood","floor":19.0,"gold_loss":0.0,"damage_taken":20.0},{"damage_healed":0.0,"max_hp_gain":0.0,"max_hp_loss":0.0,"gold_gain":0.0,"event_name":"Addict","player_choice":"Obtained Relic","floor":20.0,"gold_loss":85.0,"damage_taken":0.0,"relics_obtained":["Blue Candle"]},{"damage_healed":0.0,"max_hp_gain":0.0,"max_hp_loss":26.0,"gold_gain":0.0,"event_name":"Vampires","player_choice":"Became a vampire","floor":21.0,"gold_loss":0.0,"damage_taken":0.0,"cards_obtained":["Bite","Bite","Bite","Bite","Bite"]},{"damage_healed":0.0,"max_hp_gain":0.0,"max_hp_loss":0.0,"gold_gain":0.0,"event_name":"The Mausoleum","player_choice":"Ignored","floor":29.0,"gold_loss":0.0,"damage_taken":0.0},{"cards_removed":["Sever Soul"],"damage_healed":0.0,"max_hp_gain":0.0,"max_hp_loss":0.0,"gold_gain":0.0,"event_name":"Back to Basics","player_choice":"Elegance","floor":31.0,"gold_loss":0.0,"damage_taken":0.0},{"damage_healed":0.0,"max_hp_gain":0.0,"max_hp_loss":0.0,"gold_gain":0.0,"event_name":"Tomb of Lord Red Mask","player_choice":"Paid","floor":37.0,"gold_loss":44.0,"damage_taken":0.0,"relics_obtained":["Red Mask"]},{"damage_healed":0.0,"max_hp_gain":0.0,"max_hp_loss":0.0,"gold_gain":0.0,"event_name":"Mysterious Sphere","player_choice":"Fight","floor":46.0,"gold_loss":0.0,"damage_taken":0.0}],"is_beta":false,"boss_relics":[{"not_picked":["Mark of Pain","Coffee Dripper"],"picked":"Empty Cage"},{"not_picked":["Calling Bell","Velvet Choker"],"picked":"Black Star"}],"items_purged_floors":[0,12,36],"is_endless":false,"potions_floor_spawned":[7,14,16,24,27,35,40,44,46],"ascension_level":10}}