{"host":"1hppsasng8mkn0s8","time":1609477528,"event":{"mods":["BaseMod","Downfall","Minty Spire (QoL Compilation)","StSLib"],"gold_per_floor":[99,116,116,136,136,150,174,274,124,124,153,28,41,41,41,41],"floor_reached":14,"playtime":884,"items_purged":["Guardian:Defend_Guardian"],"score":88,"play_id":"33238ae7-5b94-45f1-9ea3-6577bbc56abb","local_time":"20210101130528","is_ascension_mode":false,"campfire_choices":[{"floor":1.0,"key":"RECALL"}],"circlet_count":0,"master_deck":["Guardian:Strike_Guardian","Guardian:Strike_Guardian","Guardian:Strike_Guardian","Guardian:Strike_Guardian","Guardian:Defend_Guardian","Guardian:Defend_Guardian","Guardian:Defend_Guardian","Guardian:CurlUp","Guardian:TwinSlam","Guardian:ShieldCharger","Guardian:SentryBeam","Guardian:Gem_Green","Guardian:Gem_Green","Guardian:Gem_Cyan","Guardian:Suspension","Guardian:Gem_Purple","Guardian:Gem_White","Guardian:RollAttack","Guardian:WalkerClaw","Guardian:EvasiveProtocol","Guardian:Gem_Blue"],"relics":["Philosopher\u0027s Stone","downfall:BrokenWingStatue","Guardian:PickAxe","downfall:HeartBlessingRed","downfall:HeartBlessingBlue","Pen Nib"],"acts_visited":["Exordium"],"potions_floor_usage":[11,14],"damage_taken":[{"damage":0.0,"enemies":"2 Louse","floor":2.0,"turns":4.0},{"damage":2.0,"enemies":"Jaw Worm","floor":4.0,"turns":5.0},{"damage":9.0,"enemies":"Jaw Worm","floor":5.0,"turns":5.0},{"damage":0.0,"enemies":"Small Slimes","floor":6.0,"turns":3.0},{"damage":20,"enemies":"3 Sentries","floor":11,"turns":13},{"damage":4,"enemies":"downfall:FleeingMerchant","floor":12,"turns":4},{"damage":6,"enemies":"Exordium Wildlife","floor":13,"turns":2},{"damage":15,"enemies":"Gremlin Nob","floor":14,"turns":2}],"seed_played":"786579556511237963","potions_obtained":[{"floor":4.0,"key":"champ:CounterPotion"},{"floor":6.0,"key":"LiquidMemories"},{"floor":13,"key":"AttackPotion"}],"is_trial":false,"path_per_floor":["R","M","?","M","?","M","T","?","R","?","E","$","M","E"],"character_chosen":"GUARDIAN","items_purchased":["Guardian:EvasiveProtocol"],"campfire_rested":0,"item_purchase_floors":[12],"current_hp_per_floor":[80,80,80,78,33,33,33,33,43,43,23,19,13,0,0,0],"gold":41,"neow_bonus":"BOSS_RELIC","is_daily":false,"chose_seed":false,"campfire_upgraded":0,"win_rate":0.0,"timestamp":1609477528,"path_taken":["R","M","?","M","?","M","T","?","R","?","E","?","M","E"],"items_purchased_type":["Card"],"build_version":"2020-12-22","purchased_purges":1,"victory":false,"max_hp_per_floor":[80,80,80,80,80,80,80,80,90,90,90,90,90,90,90,90],"card_choices":[{"not_picked":["Guardian:GuardianWhirl","Guardian:Gem_Red"],"picked":"Guardian:ShieldCharger","floor":2.0},{"not_picked":["Guardian:TemporalShield","Guardian:Incinerate"],"picked":"Guardian:SentryBeam","floor":4.0},{"not_picked":["Guardian:CrystalBeam","Guardian:ShieldSpikes"],"picked":"Guardian:Suspension","floor":6.0},{"not_picked":["Guardian:ShieldSpikes","Guardian:SentryBeam"],"picked":"Guardian:RollAttack","floor":11},{"not_picked":["Guardian:TemporalStrike","Guardian:SpikerProtocol"],"picked":"Guardian:WalkerClaw","floor":12},{"not_picked":["Guardian:Gem_Cyan","Guardian:Emergency"],"picked":"Guardian:Gem_Blue","floor":13}],"player_experience":192366,"relics_obtained":[{"floor":11,"key":"Pen Nib"}],"event_choices":[],"is_beta":false,"boss_relics":[],"items_purged_floors":[12],"is_endless":false,"potions_floor_spawned":[4,6,13],"killed_by":"Gremlin Nob","ascension_level":0}}