{"host":"wha9hktbkslqvblg","time":1609505930,"event":{"mods":["BaseMod","Colored Map","Minty Spire (QoL Compilation)","Relic Stats","SuperFastMode","everything is the same but u backflip on backflip"],"gold_per_floor":[116,116,41,41,41,75,86,86,86,86,86,98,110,125,125,199,199,213,213,223,234,2,32,32,62,62,12,12,12,62,73,73,73,73],"floor_reached":33,"playtime":583,"items_purged":["Strike_R","Bash","Body Slam+1"],"score":616,"play_id":"a292a99e-44b6-41b0-9f9b-9bc62b971d70","local_time":"20210101215850","is_ascension_mode":true,"campfire_choices":[{"data":"Blood for Blood","floor":8.0,"key":"SMITH"},{"floor":15.0,"key":"REST"},{"floor":24.0,"key":"REST"},{"data":"Limit Break","floor":28.0,"key":"SMITH"},{"floor":29.0,"key":"REST"},{"data":"Sword Boomerang","floor":32,"key":"SMITH"}],"circlet_count":0,"master_deck":["AscendersBane","Defend_R","Defend_R","Defend_R","Defend_R","Blood for Blood+1","Spot Weakness+1","Seeing Red","Limit Break+1","Heavy Blade+1","Sword Boomerang+1","Impervious"],"relics":["Burning Blood","NeowsBlessing","WingedGreaves","Smiling Mask","Empty Cage","Bag of Preparation","Meat on the Bone","Self Forming Clay"],"acts_visited":["Exordium","TheCity"],"potions_floor_usage":[],"damage_taken":[{"damage":0.0,"enemies":"Cultist","floor":1.0,"turns":1.0},{"damage":0.0,"enemies":"Gremlin Nob","floor":6.0,"turns":1.0},{"damage":0.0,"enemies":"2 Louse","floor":7.0,"turns":1.0},{"damage":8.0,"enemies":"Small Slimes","floor":12.0,"turns":3.0},{"damage":21.0,"enemies":"Exordium Thugs","floor":13.0,"turns":3.0},{"damage":11.0,"enemies":"Blue Slaver","floor":14.0,"turns":3.0},{"damage":16.0,"enemies":"The Guardian","floor":16.0,"turns":10.0},{"damage":18.0,"enemies":"2 Thieves","floor":18.0,"turns":3.0},{"damage":13.0,"enemies":"3 Byrds","floor":20.0,"turns":4.0},{"damage":6.0,"enemies":"Centurion and Healer","floor":21.0,"turns":6.0},{"damage":42.0,"enemies":"Slavers","floor":23.0,"turns":5.0},{"damage":13.0,"enemies":"Gremlin Leader","floor":25.0,"turns":4.0},{"damage":17,"enemies":"Snake Plant","floor":31,"turns":4},{"damage":42,"enemies":"Automaton","floor":33,"turns":6}],"seed_played":"-5456614323528420293","potions_obtained":[{"floor":1.0,"key":"AttackPotion"},{"floor":7.0,"key":"AttackPotion"},{"floor":13.0,"key":"LiquidBronze"},{"floor":14.0,"key":"Block Potion"},{"floor":16.0,"key":"PowerPotion"},{"floor":18.0,"key":"LiquidBronze"},{"floor":21.0,"key":"Explosive Potion"}],"is_trial":false,"path_per_floor":["M","?","$","?","?","E","M","R","T","?","?","M","M","M","R","B",null,"M","?","M","M","$","E","R","E","T","$","R","R","?","M","R","B"],"character_chosen":"IRONCLAD","items_purchased":["Bag of Preparation","Sword Boomerang"],"campfire_rested":3,"item_purchase_floors":[22,22],"current_hp_per_floor":[74,67,67,67,67,73,75,75,75,52,48,46,31,26,48,38,66,54,54,47,47,47,11,33,38,38,38,38,60,53,54,54,12,12],"gold":73,"neow_bonus":"THREE_ENEMY_KILL","is_daily":false,"chose_seed":false,"campfire_upgraded":3,"win_rate":0.0,"timestamp":1609505930,"path_taken":["M","?","$","?","?","E","?","R","T","?","?","M","?","M","R","BOSS","M","?","M","?","$","E","R","E","T","$","R","R","?","M","R","BOSS"],"items_purchased_type":["Relic","Card"],"build_version":"2020-12-22","purchased_purges":3,"victory":false,"max_hp_per_floor":[75,75,75,75,75,75,75,75,75,75,75,75,75,75,75,75,75,75,75,75,75,75,75,75,75,75,75,75,75,75,75,75,75,75],"relic_stats":{"counters":[14,54],"Self Forming Clay":[24],"Bag of Preparation":[8],"Smiling Mask":125,"obtain_stats":[{"NeowsBlessing":0,"Self Forming Clay":25,"WingedGreaves":6,"Bag of Preparation":22,"Smiling Mask":9,"Empty Cage":17,"Burning Blood":0,"Meat on the Bone":23},{"NeowsBlessing":0,"Self Forming Clay":12,"WingedGreaves":2,"Bag of Preparation":10,"Smiling Mask":3,"Empty Cage":7,"Burning Blood":0,"Meat on the Bone":11},{"NeowsBlessing":0,"Self Forming Clay":44,"WingedGreaves":2,"Bag of Preparation":35,"Smiling Mask":3,"Empty Cage":22,"Burning Blood":0,"Meat on the Bone":40}],"Burning Blood":74,"Meat on the Bone":24},"card_choices":[{"not_picked":["Thunderclap","Iron Wave"],"picked":"Blood for Blood","floor":1.0},{"not_picked":["Ghostly Armor","Feed","Twin Strike"],"picked":"SKIP","floor":6.0},{"not_picked":["Wild Strike","Metallicize"],"picked":"Body Slam","floor":7.0},{"not_picked":["Searing Blow","Clothesline"],"picked":"Seeing Red","floor":12.0},{"not_picked":["Spot Weakness","Anger","Sever Soul"],"picked":"SKIP","floor":13.0},{"not_picked":["Clothesline","Entrench","Warcry"],"picked":"SKIP","floor":14.0},{"not_picked":["Exhume","Feed"],"picked":"Limit Break","floor":16.0},{"not_picked":["Disarm","Shrug It Off"],"picked":"Heavy Blade+1","floor":18.0},{"not_picked":["Clothesline","Thunderclap","Sword Boomerang"],"picked":"SKIP","floor":20.0},{"not_picked":["Iron Wave","Clothesline","Dropkick"],"picked":"SKIP","floor":21.0},{"not_picked":["Rage","Clash+1","Headbutt"],"picked":"SKIP","floor":23.0},{"not_picked":["Inflame","Sword Boomerang"],"picked":"Impervious","floor":25.0},{"not_picked":["Havoc","Feel No Pain","Twin Strike+1"],"picked":"SKIP","floor":31}],"player_experience":917948,"relics_obtained":[{"floor":6.0,"key":"WingedGreaves"},{"floor":9.0,"key":"Smiling Mask"},{"floor":23.0,"key":"Meat on the Bone"},{"floor":25.0,"key":"Self Forming Clay"}],"event_choices":[{"cards_removed":["Strike_R"],"damage_healed":0.0,"max_hp_gain":0.0,"max_hp_loss":0.0,"gold_gain":0.0,"event_name":"Golden Wing","player_choice":"Card Removal","floor":2.0,"gold_loss":0.0,"damage_taken":7.0},{"damage_healed":0.0,"max_hp_gain":0.0,"max_hp_loss":0.0,"gold_gain":0.0,"cards_transformed":["Strike_R"],"event_name":"Living Wall","player_choice":"Change","floor":4.0,"gold_loss":0.0,"damage_taken":0.0,"cards_obtained":["Spot Weakness"]},{"damage_healed":0.0,"max_hp_gain":0.0,"max_hp_loss":0.0,"gold_gain":0.0,"event_name":"Liars Game","player_choice":"Ignored","floor":5.0,"gold_loss":0.0,"damage_taken":0.0},{"damage_healed":0.0,"max_hp_gain":0.0,"max_hp_loss":0.0,"gold_gain":0.0,"event_name":"Shining Light","player_choice":"Entered Light","floor":10.0,"gold_loss":0.0,"damage_taken":23.0,"cards_upgraded":["Body Slam","Spot Weakness"]},{"damage_healed":0.0,"max_hp_gain":0.0,"max_hp_loss":0.0,"gold_gain":0.0,"event_name":"The Woman in Blue","player_choice":"Bought 0 Potions","floor":11.0,"gold_loss":0.0,"damage_taken":0.0},{"damage_healed":0.0,"max_hp_gain":0.0,"max_hp_loss":0.0,"gold_gain":0.0,"event_name":"Match and Keep!","player_choice":"0 cards matched","floor":19.0,"gold_loss":0.0,"damage_taken":0.0,"cards_obtained":[]},{"damage_healed":0,"gold_gain":50,"player_choice":"Touch","damage_taken":7,"max_hp_gain":0,"max_hp_loss":0,"event_name":"FaceTrader","floor":30,"gold_loss":0}],"is_beta":false,"boss_relics":[{"not_picked":["Calling Bell","Astrolabe"],"picked":"Empty Cage"}],"items_purged_floors":[3,22,27],"is_endless":false,"potions_floor_spawned":[1,7,13,14,16,18,21],"killed_by":"Automaton","ascension_level":20}}