{"host":"anox4050deqdcqoh","time":1609523832,"event":{"mods":["BaseMod","Colored Map","Highlight Path","Minty Spire (QoL Compilation)","Quick Restart","Rare Cards Sparkle","everything is the same but u backflip on backflip"],"gold_per_floor":[121,133,163,186,211,252,264,292,329,341,363,393,405,430,442,557,569,596,28,43,43,55,55,73,104,130,130,141,141,141,153,153,253,253,271,271,271,221,235,235,235,235],"floor_reached":41,"playtime":3034,"items_purged":["Indignation"],"score":469,"play_id":"5d81ebe4-2470-48b0-a2d3-1b3f768415e8","local_time":"20210101125712","is_ascension_mode":false,"campfire_choices":[{"floor":7,"key":"REST"},{"floor":10,"key":"REST"},{"floor":13,"key":"REST"},{"floor":15,"key":"REST"},{"floor":23,"key":"REST"},{"data":"DevaForm","floor":27,"key":"SMITH"},{"floor":29,"key":"REST"},{"floor":32,"key":"REST"},{"data":"ForeignInfluence","floor":40,"key":"SMITH"}],"circlet_count":0,"master_deck":["Strike_P","Strike_P","Strike_P","Defend_P","Defend_P","Defend_P","Defend_P","Eruption","Vigilance","SandsOfTime","FollowUp","LikeWater","FlurryOfBlows","ForeignInfluence+1","Evaluate","Judgement","DevaForm+1","FlurryOfBlows+1","Devotion","ThirdEye","ClearTheMind","ReachHeaven+1","Wallop+1","Brilliance","Alpha","Nirvana","Protect+1","SpiritShield","Prostrate"],"relics":["PureWater","MawBank","Lantern","Smiling Mask","Runic Pyramid","Membership Card","Incense Burner","CloakClasp","NlothsMask","Omamori","SlaversCollar"],"acts_visited":["Exordium","TheCity","TheBeyond"],"potions_floor_usage":[8,16,24,25,30,33,35,41],"damage_taken":[{"damage":0,"enemies":"2 Louse","floor":1,"turns":2},{"damage":0,"enemies":"Cultist","floor":3,"turns":2},{"damage":0,"enemies":"Small Slimes","floor":4,"turns":3},{"damage":2,"enemies":"Blue Slaver","floor":5,"turns":3},{"damage":67,"enemies":"3 Sentries","floor":6,"turns":13},{"damage":2,"enemies":"Exordium Wildlife","floor":8,"turns":4},{"damage":11,"enemies":"3 Louse","floor":11,"turns":3},{"damage":0,"enemies":"Looter","floor":12,"turns":2},{"damage":1,"enemies":"Exordium Wildlife","floor":14,"turns":4},{"damage":101,"enemies":"Hexaghost","floor":16,"turns":15},{"damage":20,"enemies":"3 Byrds","floor":18,"turns":6},{"damage":0,"enemies":"Spheric Guardian","floor":20,"turns":2},{"damage":21,"enemies":"Snake Plant","floor":22,"turns":4},{"damage":0,"enemies":"Snecko","floor":24,"turns":3},{"damage":24,"enemies":"Gremlin Leader","floor":25,"turns":5},{"damage":10,"enemies":"Shelled Parasite and Fungi","floor":28,"turns":4},{"damage":0,"enemies":"Centurion and Healer","floor":30,"turns":1},{"damage":29,"enemies":"Snake Plant","floor":31,"turns":5},{"damage":0,"enemies":"Champ","floor":33,"turns":9},{"damage":25,"enemies":"3 Darklings","floor":35,"turns":7},{"damage":7,"enemies":"3 Shapes","floor":39,"turns":6},{"damage":44,"enemies":"Transient","floor":41,"turns":5}],"seed_played":"-4962437621560988865","potions_obtained":[{"floor":1,"key":"Block Potion"},{"floor":4,"key":"BottledMiracle"},{"floor":6,"key":"FairyPotion"},{"floor":8,"key":"PowerPotion"},{"floor":22,"key":"Explosive Potion"},{"floor":24,"key":"SmokeBomb"},{"floor":28,"key":"SpeedPotion"},{"floor":31,"key":"Block Potion"},{"floor":35,"key":"SkillPotion"}],"is_trial":false,"path_per_floor":["M","?","M","M","M","E","R","M","T","R","M","M","R","M","R","B",null,"M","$","M","?","M","R","M","E","T","R","M","R","M","M","R","B",null,"M","?","?","$","M","R","M"],"character_chosen":"WATCHER","items_purchased":["Membership Card","Incense Burner","CloakClasp","Devotion","ThirdEye","ClearTheMind"],"campfire_rested":7,"item_purchase_floors":[19,19,19,19,19,19],"current_hp_per_floor":[72,72,72,72,70,3,24,22,22,43,32,32,53,52,72,3,72,52,52,52,52,31,52,52,28,28,28,18,39,39,10,31,31,72,47,47,47,47,40,40,0,0],"gold":235,"neow_bonus":"RANDOM_COMMON_RELIC","is_daily":false,"chose_seed":false,"campfire_upgraded":2,"win_rate":0.0,"timestamp":1609523832,"path_taken":["M","?","M","M","M","E","R","M","T","R","M","M","R","M","R","BOSS","M","$","M","?","M","R","M","E","T","R","?","R","?","M","R","BOSS","M","?","?","?","M","R","M"],"items_purchased_type":["Relic","Relic","Relic","Card","Card","Card"],"build_version":"2020-12-22","purchased_purges":1,"victory":false,"max_hp_per_floor":[72,72,72,72,72,72,72,72,72,72,72,72,72,72,72,72,72,72,72,72,72,72,72,72,72,72,72,72,72,72,72,72,72,72,72,72,72,72,72,72,72,72],"card_choices":[{"not_picked":["BowlingBash","FlyingSleeves"],"picked":"Indignation","floor":1},{"not_picked":["SignatureMove","Fasting2"],"picked":"SandsOfTime","floor":3},{"not_picked":["Worship","JustLucky","EmptyBody"],"picked":"SKIP","floor":4},{"not_picked":["Prostrate","EmptyBody"],"picked":"FollowUp","floor":5},{"not_picked":["SashWhip","CutThroughFate"],"picked":"LikeWater","floor":6},{"not_picked":["BowlingBash","Sanctity"],"picked":"FlurryOfBlows","floor":8},{"not_picked":["SashWhip","Consecrate"],"picked":"ForeignInfluence","floor":11},{"not_picked":["Halt","Vengeance"],"picked":"Evaluate","floor":12},{"not_picked":["PathToVictory","Meditate"],"picked":"Judgement","floor":14},{"not_picked":["LessonLearned","Judgement"],"picked":"DevaForm","floor":16},{"not_picked":["PathToVictory","WindmillStrike+1"],"picked":"FlurryOfBlows+1","floor":18},{"not_picked":["CrushJoints+1","Worship"],"picked":"ReachHeaven+1","floor":20},{"not_picked":["BowlingBash","EmptyFist"],"picked":"Wallop+1","floor":22},{"not_picked":["Sanctity","FearNoEvil"],"picked":"Brilliance","floor":24},{"not_picked":["Evaluate","FlurryOfBlows"],"picked":"Alpha","floor":25},{"not_picked":["BowlingBash","EmptyMind+1"],"picked":"Nirvana","floor":28},{"not_picked":["EmptyFist","ClearTheMind"],"picked":"Protect+1","floor":31},{"not_picked":["Vault","LessonLearned"],"picked":"SpiritShield","floor":33},{"not_picked":["PathToVictory","JustLucky+1"],"picked":"Prostrate","floor":35},{"not_picked":["CrushJoints","PathToVictory+1","EmptyFist"],"picked":"SKIP","floor":39}],"player_experience":253077,"relics_obtained":[{"floor":6,"key":"Lantern"},{"floor":9,"key":"Smiling Mask"},{"floor":25,"key":"Omamori"}],"event_choices":[{"damage_healed":0,"gold_gain":0,"player_choice":"Ignored","damage_taken":0,"max_hp_gain":0,"max_hp_loss":0,"event_name":"Liars Game","floor":2,"gold_loss":0},{"damage_healed":0,"gold_gain":0,"player_choice":"Trade","damage_taken":0,"relics_obtained":["NlothsMask"],"max_hp_gain":0,"max_hp_loss":0,"event_name":"FaceTrader","floor":21,"gold_loss":0},{"cards_removed":["Strike_P"],"damage_healed":0,"gold_gain":0,"player_choice":"Removed Attack","damage_taken":0,"max_hp_gain":0,"max_hp_loss":0,"event_name":"Falling","floor":36,"gold_loss":0},{"damage_healed":0,"gold_gain":0,"player_choice":"Ignored","damage_taken":0,"max_hp_gain":0,"max_hp_loss":0,"event_name":"Mysterious Sphere","floor":37,"gold_loss":0}],"is_beta":false,"boss_relics":[{"not_picked":["Coffee Dripper","SacredBark"],"picked":"Runic Pyramid"},{"not_picked":["Pandora\u0027s Box","Velvet Choker"],"picked":"SlaversCollar"}],"items_purged_floors":[38],"is_endless":false,"potions_floor_spawned":[1,4,6,8,22,24,28,31,35],"killed_by":"Transient","ascension_level":0}}