{"host":"hszimsrtxxc2k25w","time":1609520878,"event":{"mods":["AchievementEnabler","BaseMod","Colored Map","DeckTracker","Minty Spire (QoL Compilation)","Rare Cards Sparkle","SuperFastMode"],"gold_per_floor":[115,135,199,215,365,365,392,64,89,89,105,126,126,145,145,219,219,235,235,235,251,251,286,286,296,342,342,377,377,395,410,410,481,481,500,129,145,145,155,188,204,204,204],"floor_reached":42,"playtime":964,"items_purged":["Doubt","Writhe"],"score":1036,"play_id":"60dfc44e-8702-4dbf-b2d7-eaddb55d6290","local_time":"20210102020758","is_ascension_mode":true,"campfire_choices":[{"data":"Carnage","floor":6.0,"key":"SMITH"},{"data":"Perfected Strike","floor":10.0,"key":"SMITH"},{"data":"Double Tap","floor":15.0,"key":"SMITH"},{"floor":24.0,"key":"REST"},{"data":"Perfected Strike","floor":27.0,"key":"SMITH"},{"floor":29.0,"key":"REST"},{"data":"Perfected Strike","floor":32.0,"key":"SMITH"}],"circlet_count":0,"master_deck":["AscendersBane","Strike_R","Strike_R","Strike_R","Strike_R","Strike_R","Defend_R","Defend_R","Defend_R","Defend_R","Bash","Feed","Pommel Strike","Perfected Strike+1","Carnage+1","Double Tap+1","Pommel Strike","Perfected Strike+1","Shrug It Off","Shrug It Off","Pommel Strike","Offering","Perfected Strike+1","Battle Trance","Wild Strike","Twin Strike","Pommel Strike","Ghostly Armor+1","Perfected Strike+1","Twin Strike+1","Twin Strike+1"],"relics":["Burning Blood","Red Skull","DollysMirror","Blood Vial","Odd Mushroom","Singing Bowl","Philosopher\u0027s Stone","Bag of Marbles","Orichalcum","Anchor","Eternal Feather","Cursed Key","Molten Egg 2","Shuriken"],"acts_visited":["Exordium","TheCity","TheBeyond"],"potions_floor_usage":[],"damage_taken":[{"damage":16.0,"enemies":"Jaw Worm","floor":1.0,"turns":6.0},{"damage":5.0,"enemies":"Small Slimes","floor":2.0,"turns":3.0},{"damage":4.0,"enemies":"2 Louse","floor":4.0,"turns":3.0},{"damage":32.0,"enemies":"Gremlin Nob","floor":7.0,"turns":4.0},{"damage":0.0,"enemies":"Large Slime","floor":11.0,"turns":1.0},{"damage":1.0,"enemies":"The Mushroom Lair","floor":12.0,"turns":3.0},{"damage":12.0,"enemies":"3 Louse","floor":14.0,"turns":6.0},{"damage":38.0,"enemies":"Slime Boss","floor":16.0,"turns":10.0},{"damage":0.0,"enemies":"Spheric Guardian","floor":18.0,"turns":1.0},{"damage":35.0,"enemies":"3 Byrds","floor":21.0,"turns":4.0},{"damage":48.0,"enemies":"Gremlin Leader","floor":23.0,"turns":3.0},{"damage":6.0,"enemies":"Snecko","floor":25.0,"turns":2.0},{"damage":31.0,"enemies":"Slavers","floor":28.0,"turns":3.0},{"damage":15.0,"enemies":"3 Cultists","floor":30.0,"turns":4.0},{"damage":0.0,"enemies":"Centurion and Healer","floor":31.0,"turns":2.0},{"damage":86.0,"enemies":"Champ","floor":33.0,"turns":8.0},{"damage":0.0,"enemies":"Orb Walker","floor":35.0,"turns":1.0},{"damage":0.0,"enemies":"3 Shapes","floor":37.0,"turns":2.0},{"damage":6.0,"enemies":"Jaw Worm Horde","floor":39.0,"turns":2.0},{"damage":65.0,"enemies":"Reptomancer","floor":40.0,"turns":3.0},{"damage":6.0,"enemies":"3 Darklings","floor":41.0,"turns":2.0},{"damage":61,"enemies":"Nemesis","floor":42,"turns":3}],"seed_played":"5540009443504570607","potions_obtained":[{"floor":2.0,"key":"ElixirPotion"},{"floor":4.0,"key":"Regen Potion"},{"floor":14.0,"key":"PowerPotion"},{"floor":16.0,"key":"Swift Potion"},{"floor":23.0,"key":"Block Potion"},{"floor":25.0,"key":"Fruit Juice"},{"floor":31.0,"key":"FearPotion"},{"floor":33.0,"key":"Fire Potion"},{"floor":35.0,"key":"Block Potion"},{"floor":40.0,"key":"Strength Potion"}],"is_trial":false,"path_per_floor":["M","M","?","M","?","R","E","$","T","R","M","?","T","M","R","B",null,"M","$","?","M","?","E","R","M","T","R","E","R","M","M","R","B",null,"M","$","M","?","M","E","M","E"],"character_chosen":"IRONCLAD","items_purchased":["Pommel Strike","DollysMirror","Shrug It Off","Molten Egg 2"],"campfire_rested":2,"item_purchase_floors":[8,8,8,36],"current_hp_per_floor":[40,44,44,49,49,49,26,26,26,26,34,44,44,43,43,13,71,81,81,81,56,56,19,48,55,55,55,32,77,70,80,95,19,84,94,94,102,102,104,49,54,0,0],"gold":204,"neow_bonus":"THREE_RARE_CARDS","is_daily":false,"chose_seed":false,"campfire_upgraded":5,"win_rate":0.0,"timestamp":1609520878,"path_taken":["M","M","?","M","?","R","E","?","T","R","M","?","?","M","R","BOSS","M","$","?","M","?","E","R","M","T","R","E","R","M","M","R","BOSS","M","$","M","?","M","E","M","E"],"items_purchased_type":["Card","Relic","Card","Relic"],"build_version":"2020-12-22","purchased_purges":2,"victory":false,"max_hp_per_floor":[75,78,78,81,81,81,84,84,84,84,84,87,87,90,90,90,90,92,92,92,94,94,97,97,102,102,102,102,102,102,104,104,106,106,108,108,108,108,108,110,113,113,113],"card_choices":[{"not_picked":["Exhume","Double Tap"],"picked":"Feed","floor":0.0},{"not_picked":["Anger","Clothesline"],"picked":"Pommel Strike","floor":1.0},{"not_picked":["Flame Barrier","Havoc"],"picked":"Perfected Strike","floor":2.0},{"not_picked":["Wild Strike","Clothesline"],"picked":"Carnage","floor":4.0},{"not_picked":["Thunderclap","Bloodletting"],"picked":"Double Tap","floor":7.0},{"not_picked":["Flame Barrier","Thunderclap"],"picked":"Shrug It Off","floor":11.0},{"not_picked":["Power Through","Anger"],"picked":"Pommel Strike","floor":14.0},{"not_picked":["Limit Break","Barricade"],"picked":"Offering","floor":16.0},{"not_picked":["Dark Embrace","Shrug It Off","Flame Barrier"],"picked":"Singing Bowl","floor":18.0},{"not_picked":["Fire Breathing","Thunderclap","Power Through"],"picked":"Singing Bowl","floor":21.0},{"not_picked":["Heavy Blade","Intimidate"],"picked":"Battle Trance","floor":23.0},{"not_picked":["Armaments","Bloodletting"],"picked":"Wild Strike","floor":25.0},{"not_picked":["Clash","Havoc"],"picked":"Twin Strike","floor":28.0},{"not_picked":["Reaper","Body Slam"],"picked":"Pommel Strike","floor":30.0},{"not_picked":["Havoc","Sword Boomerang+1","Intimidate"],"picked":"Singing Bowl","floor":31.0},{"not_picked":["Exhume","Reaper","Bludgeon"],"picked":"Singing Bowl","floor":33.0},{"not_picked":["Reckless Charge","Iron Wave","Body Slam+1"],"picked":"Singing Bowl","floor":35.0},{"not_picked":["Rage","Flame Barrier"],"picked":"Ghostly Armor+1","floor":37.0},{"not_picked":["Flex","Rage"],"picked":"Twin Strike+1","floor":39.0},{"not_picked":["Armaments","Reaper+1","Inflame"],"picked":"Singing Bowl","floor":40.0},{"not_picked":["Armaments","Wild Strike+1"],"picked":"Twin Strike+1","floor":41.0}],"player_experience":600840,"relics_obtained":[{"floor":7.0,"key":"Red Skull"},{"floor":9.0,"key":"Blood Vial"},{"floor":12.0,"key":"Odd Mushroom"},{"floor":13.0,"key":"Singing Bowl"},{"floor":23.0,"key":"Orichalcum"},{"floor":26.0,"key":"Anchor"},{"floor":28.0,"key":"Eternal Feather"},{"floor":40.0,"key":"Shuriken"}],"event_choices":[{"damage_healed":0.0,"max_hp_gain":0.0,"max_hp_loss":0.0,"gold_gain":64.0,"event_name":"Golden Wing","player_choice":"Gained Gold","floor":3.0,"gold_loss":0.0,"damage_taken":0.0},{"damage_healed":0.0,"max_hp_gain":0.0,"max_hp_loss":0.0,"gold_gain":150.0,"event_name":"Liars Game","player_choice":"AGREE","floor":5.0,"gold_loss":0.0,"damage_taken":0.0,"cards_obtained":["Doubt"]},{"damage_healed":0.0,"max_hp_gain":0.0,"max_hp_loss":0.0,"gold_gain":0.0,"event_name":"Mushrooms","player_choice":"Fought Mushrooms","floor":12.0,"gold_loss":0.0,"damage_taken":0.0},{"damage_healed":0.0,"max_hp_gain":0.0,"max_hp_loss":0.0,"gold_gain":0.0,"event_name":"The Library","player_choice":"Read","floor":20.0,"gold_loss":0.0,"damage_taken":0.0,"cards_obtained":["Perfected Strike"]},{"damage_healed":0.0,"max_hp_gain":0.0,"max_hp_loss":0.0,"gold_gain":0.0,"event_name":"The Mausoleum","player_choice":"Opened","floor":22.0,"gold_loss":0.0,"damage_taken":0.0,"relics_obtained":["Bag of Marbles"],"cards_obtained":["Writhe"]},{"damage_healed":0.0,"max_hp_gain":0.0,"max_hp_loss":0.0,"gold_gain":0.0,"event_name":"Duplicator","player_choice":"Copied","floor":38.0,"gold_loss":0.0,"damage_taken":0.0,"cards_obtained":["Perfected Strike"]}],"is_beta":false,"boss_relics":[{"not_picked":["SlaversCollar","Black Star"],"picked":"Philosopher\u0027s Stone"},{"not_picked":["Tiny House","Runic Cube"],"picked":"Cursed Key"}],"items_purged_floors":[8,36],"is_endless":false,"potions_floor_spawned":[2,4,14,16,18,23,25,31,33,35,40],"killed_by":"Nemesis","ascension_level":20}}