{"host":"j1eo1fqrqta44853","time":1609471886,"event":{"mods":["Act Like it!","Bartender","BaseMod","CatGirl Mod","Custom Start","Downfall","Elementarium","Gensokyo","GungeonMod","HololiveMod","Hubris","Infinite Spire","KinomotoSakuraMod(????)","Koishi","Lobotomy","LobotomyExtend","Marisa????????","Minty Spire (QoL Compilation)","Pale of the Ancients","Rare Cards Sparkle","Reimu??????","Replay The Spire","SIMod","Shedinja","StSLib","The Alterego","The Jungle","The Marked","The Mystic","The Runesmith","The Senshi","The Vixen","TheBandit","Waifu the Spire","WarShipGirlsR/????R mod","Yakumo Yukari mod"],"gold_per_floor":[119,119,137,127,140,173,173,185,237,237,270,283,301,43,43,145,145,159,173,188,201,201,201,227,227,307,339,356,367,367,378,378,479,479,496,506,516,516,53,53,65,83,83,83,138,138,156,156,156,156,156,156,42,70,70,70],"floor_reached":55,"playtime":6931,"items_purged":["Burn","Strike_Bartender"],"score":723,"play_id":"569c17a1-3d81-47df-96b4-3ee0c5d8c9fc","local_time":"20201231213126","is_ascension_mode":false,"campfire_choices":[{"floor":7,"key":"RECALL"},{"floor":10,"key":"REST"},{"floor":15,"key":"REST"},{"floor":23,"key":"REST"},{"floor":25,"key":"REST"},{"data":"Vortex","floor":30,"key":"SMITH"},{"data":"Burn","floor":32,"key":"PURGE"},{"data":"Combo_Master","floor":40,"key":"SMITH"},{"data":"alterego_mod:TrickOrTreatment","floor":44,"key":"SMITH"},{"data":"Breathe_Deep","floor":46,"key":"SMITH"}],"circlet_count":0,"master_deck":["Strike_Bartender","Strike_Bartender","Strike_Bartender","Defend_Bartender+1","Defend_Bartender","Defend_Bartender+1","Defend_Bartender","Somersault","Vortex+","Bitters","Training_Dummy","Power_Up_Punch","Blizzard_Spikes","Stick_and_Move","Momentum","Greased_Lightning","Ripple","Momentum","Wall_of_Ice+1","Bitters","Breathe_Deep+1","Center_Self+1","Ball_Of_Ice+1","Alacrity+1","Ball_Of_Ice+1","Fading_Blow","Snap_Punch","alterego_mod:Jiggle","Foot_Thrust","Combo_Master+1","Surge+1","Sucker_Punch","Cross","Momentum","Fight_Dirty","alterego_mod:TrickOrTreatment+1","Free_Pour","Greased_Lightning+1","On_The_Rocks+1","alterego_mod:TrickOrTreatment+1","alterego_mod:MagicResistance+1"],"relics":["Sneakers","infinitespire:Lucky Rock","Mango","hubris:Backtick","theSenshi:FeatherClipsRelic","Power_Wrist","The Courier","hubris:DisguiseKit","DemoMod:DecoyRelic","infinitespire:Cupcake","BargainBundle","theSenshi:SpiralHeartMoonRodRelic","Toxic Egg 2","DemoMod:GreenGuonStone","ReplayTheSpireMod:Ring of Addiction","Potion Belt","Chameleon Ring","Ring of Fangs","DollysMirror","Replay:Multitool"],"acts_visited":["Exordium","TheCity","TheBeyond","TheEnding"],"potions_floor_usage":[6,8,11,12,20,33,33,35,36,37,41,45,45,45,50,50,50,50,50,54,54,55],"damage_taken":[{"damage":1,"enemies":"Cultist","floor":1,"turns":3},{"damage":1,"enemies":"Jaw Worm","floor":3,"turns":4},{"damage":0,"enemies":"Small Slimes","floor":5,"turns":2},{"damage":53,"enemies":"Lagavulin","floor":6,"turns":9},{"damage":4,"enemies":"Exordium Thugs","floor":8,"turns":4},{"damage":17,"enemies":"3 Sentries","floor":11,"turns":7},{"damage":21,"enemies":"Large Slime","floor":12,"turns":4},{"damage":13,"enemies":"Looter","floor":13,"turns":2},{"damage":9,"enemies":"Fading Forest","floor":16,"turns":11},{"damage":34,"enemies":"2 Thieves","floor":18,"turns":4},{"damage":6,"enemies":"Chosen","floor":19,"turns":6},{"damage":21,"enemies":"Snake Plant","floor":20,"turns":5},{"damage":8,"enemies":"3 Cultists","floor":21,"turns":6},{"damage":26,"enemies":"Slavers","floor":24,"turns":7},{"damage":30,"enemies":"Gremlin Leader","floor":27,"turns":6},{"damage":0,"enemies":"Snecko","floor":28,"turns":4},{"damage":5,"enemies":"Centurion and Healer","floor":29,"turns":6},{"damage":1,"enemies":"Cultist and Chosen","floor":31,"turns":5},{"damage":9,"enemies":"Collector","floor":33,"turns":8},{"damage":42,"enemies":"3 Shapes","floor":35,"turns":5},{"damage":12,"enemies":"3 Darklings","floor":36,"turns":6},{"damage":3,"enemies":"Sphere and 2 Shapes","floor":37,"turns":5},{"damage":23,"enemies":"4 Shapes","floor":41,"turns":4},{"damage":0,"enemies":"Transient","floor":42,"turns":5},{"damage":15,"enemies":"2 Orb Walkers","floor":45,"turns":5},{"damage":0,"enemies":"Sphere and 2 Shapes","floor":47,"turns":5},{"damage":36,"enemies":"Time Eater","floor":50,"turns":10},{"damage":31,"enemies":"Shield and Spear","floor":54,"turns":6},{"damage":90,"enemies":"The Heart","floor":55,"turns":8}],"seed_played":"1151289377194709241","potions_obtained":[{"floor":3,"key":"BlessingOfTheForge"},{"floor":5,"key":"Strength Potion"},{"floor":6,"key":"BlessingOfTheForge"},{"floor":8,"key":"Swift Potion"},{"floor":16,"key":"Block Potion"},{"floor":19,"key":"Milkshake"},{"floor":27,"key":"BlessingOfTheForge"},{"floor":28,"key":"Swift Potion"},{"floor":31,"key":"BlessingOfTheForge"},{"floor":33,"key":"SkillPotion"},{"floor":36,"key":"AttackPotion"},{"floor":37,"key":"DistilledChaos"},{"floor":38,"key":"AttackPotion"},{"floor":38,"key":"DemoMod:BlankPotion"},{"floor":41,"key":"AttackPotion"},{"floor":42,"key":"hexamod:EctoCoolerPotion"},{"floor":47,"key":"ColorlessPotion"},{"floor":48,"key":"Adrenaline Potion"},{"floor":48,"key":"Block Potion"},{"floor":48,"key":"Flashbang"},{"floor":49,"key":"BlessingOfTheForge"},{"floor":49,"key":"infinitespire:BlackPotion"},{"floor":52,"key":"AttackPotion"},{"floor":52,"key":"Energy Potion"},{"floor":54,"key":"GamblersBrew"}],"is_trial":false,"path_per_floor":["M","?","M","?","M","E","R","M","T","R","E","M","M","$","R","B",null,"M","M","M","M","?","R","E","R","T","E","M","M","R","M","R","B",null,"M","M","M","?","$","R","M","M","T","R","?","R","M","?","R","B",null,"R","$","E","B"],"character_chosen":"BARTENDER","items_purchased":["Momentum","Wall_of_Ice+1","Bitters","BargainBundle","theSenshi:SpiralHeartMoonRodRelic","Momentum","Fight_Dirty","DollysMirror"],"campfire_rested":4,"item_purchase_floors":[14,14,14,39,39,39,39,53],"current_hp_per_floor":[76,76,75,75,75,22,22,18,18,41,38,17,4,4,31,50,91,63,63,48,46,46,73,53,80,80,56,62,63,63,68,68,65,91,55,49,52,52,52,52,43,60,60,60,66,66,78,78,78,62,91,91,91,83,0,0],"gold":70,"neow_bonus":"TEN_PERCENT_HP_BONUS","is_daily":false,"chose_seed":false,"campfire_upgraded":4,"win_rate":0.0,"timestamp":1609471886,"path_taken":["M","?","M","?","M","E","R","M","T","R","E","M","M","$","R","BOSS","M","M","M","M","?","R","E","R","T","E","M","M","R","?","R","BOSS","M","M","M","?","?","R","M","M","T","R","?","R","M","?","R","BOSS","R","$","E","BOSS"],"items_purchased_type":["Card","Card","Card","Relic","Relic","Card","Card","Relic"],"build_version":"2020-12-22","purchased_purges":2,"victory":false,"max_hp_per_floor":[77,77,77,77,77,77,77,77,77,77,91,91,91,91,91,91,91,91,91,91,91,91,91,91,91,91,91,91,91,91,91,91,91,91,91,91,91,91,91,91,91,91,91,91,91,91,91,91,91,91,91,91,91,89,89,89],"card_choices":[{"not_picked":["Greased_Lightning","Snap_Punch"],"picked":"Vortex","floor":1},{"not_picked":["RockBreaker","Power_Up_Punch"],"picked":"Bitters","floor":3},{"not_picked":[],"picked":"Training_Dummy","floor":4},{"not_picked":["RockBreaker","Dart"],"picked":"Power_Up_Punch","floor":5},{"not_picked":["Fading_Blow","Storage"],"picked":"Blizzard_Spikes","floor":6},{"not_picked":["Hook","Dragonkick"],"picked":"Stick_and_Move","floor":8},{"not_picked":["Coeurl_Form","Meteodrive"],"picked":"Momentum","floor":11},{"not_picked":["Stick_and_Move","Hook"],"picked":"Greased_Lightning","floor":12},{"not_picked":["Dancing_Jab","Feint"],"picked":"Ripple","floor":13},{"not_picked":["Liquid_Armor","Storage"],"picked":"Breathe_Deep","floor":16},{"not_picked":["ThreeSidedStar","Tornado_Kick"],"picked":"Center_Self+1","floor":18},{"not_picked":["Feint","Fading_Blow"],"picked":"Ball_Of_Ice+1","floor":19},{"not_picked":["Ripple","Tornado_Kick+1"],"picked":"Alacrity+1","floor":20},{"not_picked":["Axe_Heel_Kick","Bicycle_Kick+1"],"picked":"Ball_Of_Ice+1","floor":21},{"not_picked":["High_Tide","Pony_Shot"],"picked":"Fading_Blow","floor":24},{"not_picked":["Greased_Lightning","Dolphin_Blow","alterego_mod:DustData"],"picked":"Snap_Punch","floor":27},{"not_picked":["Bitters+1","Snap_Punch","Feint"],"picked":"alterego_mod:Jiggle","floor":28},{"not_picked":["Vortex","Hook+1","alterego_mod:Skirt"],"picked":"Foot_Thrust","floor":29},{"not_picked":["Mirage","Ripple","Tornado_Kick","alterego_mod:Table"],"picked":"SKIP","floor":31},{"not_picked":["Storage","Moonsault_Kick","alterego_mod:STier"],"picked":"Combo_Master","floor":33},{"not_picked":["Greased_Lightning","Mirage+1","alterego_mod:PerceptionDisorder"],"picked":"Surge+1","floor":35},{"not_picked":["Bitters","Hook+1","alterego_mod:DeftHands"],"picked":"Sucker_Punch","floor":36},{"not_picked":["Feint","On_The_Rocks","alterego_mod:Skirt"],"picked":"Cross","floor":37},{"not_picked":["Snap_Punch","Rising_Crane+1","Press_Forward+1"],"picked":"alterego_mod:TrickOrTreatment","floor":41},{"not_picked":["Pony_Shot","Press_Forward+1","alterego_mod:Cooking"],"picked":"Free_Pour","floor":42},{"not_picked":["Snap_Punch+1","Waterkick","alterego_mod:Undulate"],"picked":"Greased_Lightning+1","floor":45},{"not_picked":["Alacrity+1","Ripple+1","alterego_mod:Bounce"],"picked":"On_The_Rocks+1","floor":47},{"not_picked":["Feint+1","Rope_A_Dope+1","On_The_House+1"],"picked":"alterego_mod:MagicResistance","floor":54}],"player_experience":1039376,"relics_obtained":[{"floor":6,"key":"infinitespire:Lucky Rock"},{"floor":11,"key":"Mango"},{"floor":24,"key":"The Courier"},{"floor":26,"key":"hubris:DisguiseKit"},{"floor":27,"key":"DemoMod:DecoyRelic"},{"floor":43,"key":"Toxic Egg 2"},{"floor":45,"key":"DemoMod:GreenGuonStone"},{"floor":48,"key":"ReplayTheSpireMod:Ring of Addiction"},{"floor":48,"key":"Potion Belt"},{"floor":48,"key":"Chameleon Ring"},{"floor":48,"key":"Ring of Fangs"},{"floor":54,"key":"Replay:Multitool"}],"event_choices":[{"damage_healed":0,"gold_gain":0,"player_choice":"Gave Potion","damage_taken":0,"relics_obtained":["Power_Wrist"],"max_hp_gain":0,"max_hp_loss":0,"event_name":"WeMeetAgain","floor":22,"gold_loss":0},{"damage_healed":0,"gold_gain":0,"player_choice":"Got Potions","damage_taken":0,"max_hp_gain":0,"max_hp_loss":0,"event_name":"Lab","floor":38,"gold_loss":0},{"damage_healed":0,"gold_gain":0,"player_choice":"Fight","damage_taken":0,"max_hp_gain":0,"max_hp_loss":0,"event_name":"Mysterious Sphere","floor":45,"gold_loss":0}],"is_beta":false,"boss_relics":[{"not_picked":["hubris:RunicObelisk","ReplayTheSpireMod:DimensionalGlitch"],"picked":"hubris:Backtick"},{"not_picked":["Replay:Grab Bag","Sozu"],"picked":"infinitespire:Cupcake"}],"items_purged_floors":[14,39],"is_endless":false,"potions_floor_spawned":[3,5,6,8,16,19,27,28,31,33,36,37,41,42,47,54],"killed_by":"The Heart","ascension_level":0}}