{"host":"26je6g5b6jsd0prz","time":1609506103,"event":{"mods":["AchievementEnabler","BaseMod","Colored Map","Minty Spire (QoL Compilation)"],"gold_per_floor":[118,193,69,69,80,80,80,80,80,3,3,3,30,50,50,147,147,163,163,14,28,1,1,1,13,58,58,87,99,49,49,49,49,49],"floor_reached":33,"playtime":1648,"items_purged":[],"score":284,"play_id":"ade67af5-0fc5-4084-8055-6f41eb11d17f","local_time":"20210101220143","is_ascension_mode":false,"campfire_choices":[{"data":"Sunder","floor":6,"key":"SMITH"},{"data":"Dualcast","floor":8,"key":"SMITH"},{"data":"Lockon","floor":11,"key":"SMITH"},{"data":"Fusion","floor":15,"key":"SMITH"},{"data":"Loop","floor":23,"key":"SMITH"},{"floor":32,"key":"REST"}],"circlet_count":0,"master_deck":["Strike_B","Strike_B","Strike_B","Defend_B","Defend_B","Defend_B","Defend_B","Zap","Dualcast+1","Sunder+1","Undo","Rebound","Go for the Eyes","Thunder Strike","Lockon+1","Parasite","Streamline","Fusion+1","Seek","FTL+1","Seek","Loop+1","Panacea","Melter+1","Coolheaded","Hello World+1","Skim+1","Compile Driver+1"],"relics":["Cracked Core","NeowsBlessing","Question Card","Nunchaku","Busted Crown","Toxic Egg 2","HornCleat","Nloth\u0027s Gift"],"acts_visited":["Exordium","TheCity"],"potions_floor_usage":[16,28,33],"damage_taken":[{"damage":0,"enemies":"Small Slimes","floor":1,"turns":1},{"damage":0,"enemies":"Jaw Worm","floor":5,"turns":1},{"damage":0,"enemies":"Lagavulin","floor":13,"turns":1},{"damage":0,"enemies":"Cultist","floor":14,"turns":3},{"damage":68,"enemies":"The Guardian","floor":16,"turns":11},{"damage":5,"enemies":"Chosen","floor":18,"turns":3},{"damage":21,"enemies":"Spheric Guardian","floor":21,"turns":4},{"damage":18,"enemies":"Chosen and Byrds","floor":25,"turns":7},{"damage":10,"enemies":"Gremlin Leader","floor":28,"turns":7},{"damage":15,"enemies":"Shelled Parasite and Fungi","floor":29,"turns":5},{"damage":28,"enemies":"Collector","floor":33,"turns":7}],"seed_played":"-7100546361121550443","potions_obtained":[{"floor":1,"key":"Weak Potion"},{"floor":13,"key":"BlessingOfTheForge"},{"floor":25,"key":"SkillPotion"}],"is_trial":false,"path_per_floor":["M","?","$","?","M","R","?","R","T","$","R","?","E","M","R","B",null,"M","?","$","M","$","R","$","M","T","?","E","M","$","?","R","B"],"character_chosen":"DEFECT","items_purchased":["Undo","Rebound","Lockon","Loop","Panacea","Coolheaded","PowerPotion"],"campfire_rested":1,"item_purchase_floors":[3,3,10,20,20,22,30],"current_hp_per_floor":[75,64,64,64,64,64,64,64,64,64,64,75,75,75,75,7,75,70,70,70,49,49,49,49,31,31,31,21,6,6,6,28,0,0],"gold":49,"neow_bonus":"THREE_ENEMY_KILL","is_daily":false,"chose_seed":false,"campfire_upgraded":5,"win_rate":0.0,"timestamp":1609506103,"path_taken":["M","?","$","?","?","R","?","R","T","$","R","?","E","?","R","BOSS","M","?","$","?","$","R","?","?","T","?","E","?","$","?","R","BOSS"],"items_purchased_type":["Card","Card","Card","Card","Card","Card","Potion"],"build_version":"2020-12-22","purchased_purges":0,"victory":false,"max_hp_per_floor":[75,75,75,75,75,75,75,75,75,75,75,75,75,75,75,75,75,75,75,75,75,75,75,75,75,75,75,75,75,75,75,75,75,75],"card_choices":[{"not_picked":["Turbo","Compile Driver"],"picked":"Sunder","floor":1},{"not_picked":["Stack","Hologram"],"picked":"Go for the Eyes","floor":5},{"not_picked":["Coolheaded","Reinforced Body","Sweeping Beam"],"picked":"Streamline","floor":13},{"not_picked":["Turbo","Leap","Steam"],"picked":"Fusion","floor":14},{"not_picked":["Multi-Cast","Meteor Strike","Machine Learning"],"picked":"Seek","floor":16},{"not_picked":["Barrage"],"picked":"FTL+1","floor":18},{"not_picked":["Hologram"],"picked":"Melter+1","floor":21},{"not_picked":["Storm"],"picked":"Hello World+1","floor":25},{"not_picked":["Coolheaded+1"],"picked":"Skim+1","floor":28},{"not_picked":["Sunder"],"picked":"Compile Driver+1","floor":29}],"player_experience":166487,"relics_obtained":[{"floor":9,"key":"Question Card"},{"floor":13,"key":"Nunchaku"},{"floor":26,"key":"Vajra"},{"floor":28,"key":"HornCleat"}],"event_choices":[{"damage_healed":0,"gold_gain":75,"player_choice":"Gather Gold","damage_taken":11,"max_hp_gain":0,"max_hp_loss":0,"event_name":"World of Goop","floor":2,"gold_loss":0},{"damage_healed":0,"gold_gain":0,"player_choice":"Bought 0 Potions","damage_taken":0,"max_hp_gain":0,"max_hp_loss":0,"event_name":"The Woman in Blue","floor":4,"gold_loss":0},{"damage_healed":0,"gold_gain":0,"cards_transformed":["Strike_B"],"player_choice":"Change","damage_taken":0,"max_hp_gain":0,"max_hp_loss":0,"event_name":"Living Wall","floor":7,"gold_loss":0,"cards_obtained":["Thunder Strike"]},{"damage_healed":18,"gold_gain":0,"player_choice":"Healed and dodged fight","damage_taken":0,"max_hp_gain":0,"max_hp_loss":0,"event_name":"Mushrooms","floor":12,"gold_loss":0,"cards_obtained":["Parasite"]},{"damage_healed":0,"gold_gain":0,"player_choice":"Copied","damage_taken":0,"max_hp_gain":0,"max_hp_loss":0,"event_name":"Duplicator","floor":19,"gold_loss":0,"cards_obtained":["Seek"]},{"damage_healed":0,"gold_gain":0,"player_choice":"Gave Potion","damage_taken":0,"relics_obtained":["Toxic Egg 2"],"max_hp_gain":0,"max_hp_loss":0,"event_name":"WeMeetAgain","floor":27,"gold_loss":0},{"damage_healed":0,"gold_gain":0,"player_choice":"Traded Relic","damage_taken":0,"relics_obtained":["Nloth\u0027s Gift"],"max_hp_gain":0,"max_hp_loss":0,"event_name":"N\u0027loth","floor":31,"relics_lost":["Vajra"],"gold_loss":0}],"is_beta":false,"boss_relics":[{"not_picked":["Velvet Choker","Fusion Hammer"],"picked":"Busted Crown"}],"items_purged_floors":[],"is_endless":false,"potions_floor_spawned":[1,13,25],"killed_by":"Collector","ascension_level":0}}