{"host":"r53pw7z744tg3fxg","time":1609518775,"event":{"mods":["AchievementEnabler","BaseMod","Colored Map","Colored Powertips","Highlight Path","Minty Spire (QoL Compilation)","Quick Restart","Transform Curses"],"gold_per_floor":[117,132,143,153,153,179,179,213,259,19,36,36,36],"floor_reached":12,"playtime":446,"items_purged":[],"score":140,"play_id":"1bc7a6b7-7ba8-40be-b620-c6099900efc4","local_time":"20210101093255","is_ascension_mode":true,"campfire_choices":[{"data":"Eruption","floor":7,"key":"SMITH"}],"circlet_count":0,"master_deck":["AscendersBane","Strike_P","Strike_P","Strike_P","Strike_P","Defend_P","Defend_P","Defend_P","Defend_P","Eruption+1","Vigilance","DeceiveReality","BowlingBash","BattleHymn","ClearTheMind","PathToVictory","EmptyBody","Wallop","Evaluate","Sanctity"],"relics":["PureWater","Dream Catcher","Darkstone Periapt","Smiling Mask","MealTicket"],"acts_visited":["Exordium"],"potions_floor_usage":[6,8],"damage_taken":[{"damage":3,"enemies":"Jaw Worm","floor":1,"turns":6},{"damage":0,"enemies":"Cultist","floor":2,"turns":3},{"damage":9,"enemies":"Small Slimes","floor":3,"turns":2},{"damage":0,"enemies":"3 Louse","floor":4,"turns":3},{"damage":7,"enemies":"3 Sentries","floor":6,"turns":4},{"damage":32,"enemies":"Gremlin Nob","floor":8,"turns":4},{"damage":5,"enemies":"Exordium Wildlife","floor":11,"turns":5},{"damage":16,"enemies":"3 Sentries","floor":12,"turns":4}],"seed_played":"7766017210020088739","potions_obtained":[{"floor":1,"key":"FearPotion"},{"floor":2,"key":"PowerPotion"}],"is_trial":false,"path_per_floor":["M","M","M","M","?","E","R","E","T","$","M","E"],"character_chosen":"WATCHER","items_purchased":["MealTicket","Wallop","Evaluate"],"campfire_rested":0,"item_purchase_floors":[10,10,10],"current_hp_per_floor":[69,69,60,60,60,53,53,21,21,21,16,0,0],"gold":36,"neow_bonus":"TEN_PERCENT_HP_BONUS","is_daily":false,"chose_seed":false,"campfire_upgraded":1,"win_rate":0.0,"timestamp":1609518775,"path_taken":["M","M","M","M","?","E","R","E","T","$","M","E"],"items_purchased_type":["Relic","Card","Card"],"build_version":"2020-12-22","purchased_purges":0,"victory":false,"max_hp_per_floor":[79,79,79,79,79,79,79,79,79,79,79,79,79],"card_choices":[{"not_picked":["SignatureMove","Adaptation"],"picked":"DeceiveReality","floor":1},{"not_picked":["CrushJoints","ClearTheMind"],"picked":"BowlingBash","floor":2},{"not_picked":["Adaptation","EmptyFist"],"picked":"BattleHymn","floor":3},{"not_picked":["Protect","Evaluate"],"picked":"ClearTheMind","floor":4},{"not_picked":["Brilliance","FlyingSleeves"],"picked":"PathToVictory","floor":6},{"not_picked":["ClearTheMind","EmptyFist"],"picked":"EmptyBody","floor":8},{"not_picked":["SashWhip","CrushJoints"],"picked":"Sanctity","floor":11}],"player_experience":1176049,"relics_obtained":[{"floor":6,"key":"Dream Catcher"},{"floor":8,"key":"Darkstone Periapt"},{"floor":9,"key":"Smiling Mask"}],"event_choices":[{"damage_healed":0,"gold_gain":0,"player_choice":"Ignored","damage_taken":0,"max_hp_gain":0,"max_hp_loss":0,"event_name":"Liars Game","floor":5,"gold_loss":0}],"is_beta":false,"boss_relics":[],"items_purged_floors":[],"is_endless":false,"potions_floor_spawned":[1,2,3],"killed_by":"3 Sentries","ascension_level":11}}