{"host":"94aus4jnk6thj94q","time":1609504126,"event":{"mods":["BaseMod","Minty Spire (QoL Compilation)","Quick Restart","StSLib"],"gold_per_floor":[116,116,129,129,84,113,113,145,145,145,156,176,196,207,207,308,308,322,340,360,360,360,360],"floor_reached":22,"playtime":886,"items_purged":[],"score":223,"play_id":"7449f980-4aee-48ef-8b83-181f28589934","local_time":"20210101142846","is_ascension_mode":false,"campfire_choices":[{"floor":7.0,"key":"RECALL"},{"floor":10.0,"key":"REST"},{"data":"Armaments","floor":15.0,"key":"SMITH"}],"circlet_count":0,"master_deck":["Strike_R","Strike_R","Strike_R","Strike_R","Strike_R","Defend_R","Defend_R","Defend_R","Defend_R","Bash","Carnage","Whirlwind","Armaments+1","Inflame","Corruption","Spot Weakness","Perfected Strike","Whirlwind","Armaments","Barricade","Flex"],"relics":["Burning Blood","NeowsBlessing","Magic Flower","White Beast Statue","Busted Crown"],"acts_visited":["Exordium","TheCity"],"potions_floor_usage":[],"damage_taken":[{"damage":0.0,"enemies":"Jaw Worm","floor":1.0,"turns":1.0},{"damage":0.0,"enemies":"2 Louse","floor":3.0,"turns":1.0},{"damage":0.0,"enemies":"Lagavulin","floor":6.0,"turns":1.0},{"damage":31.0,"enemies":"3 Sentries","floor":8.0,"turns":7.0},{"damage":6.0,"enemies":"Cultist","floor":11.0,"turns":3.0},{"damage":27.0,"enemies":"Exordium Thugs","floor":12.0,"turns":4.0},{"damage":1.0,"enemies":"Exordium Wildlife","floor":13.0,"turns":3.0},{"damage":24.0,"enemies":"Gremlin Gang","floor":14.0,"turns":3.0},{"damage":78.0,"enemies":"Hexaghost","floor":16.0,"turns":9.0},{"damage":10.0,"enemies":"Spheric Guardian","floor":18.0,"turns":3.0},{"damage":30.0,"enemies":"Shell Parasite","floor":19.0,"turns":4.0},{"damage":39,"enemies":"Centurion and Healer","floor":20,"turns":5},{"damage":0,"enemies":"Shelled Parasite and Fungi","floor":22,"turns":1}],"seed_played":"3892742268513764153","potions_obtained":[{"floor":3.0,"key":"Fire Potion"},{"floor":11.0,"key":"BloodPotion"},{"floor":12.0,"key":"ColorlessPotion"},{"floor":13.0,"key":"Regen Potion"},{"floor":14.0,"key":"Weak Potion"},{"floor":16.0,"key":"FearPotion"},{"floor":18.0,"key":"Swift Potion"},{"floor":19,"key":"Dexterity Potion"}],"is_trial":false,"path_per_floor":["M","?","M","?","$","E","R","E","T","R","M","M","M","M","R","B",null,"M","M","M","?","M"],"character_chosen":"IRONCLAD","items_purchased":["Armaments"],"campfire_rested":1,"item_purchase_floors":[5],"current_hp_per_floor":[80,85,85,85,85,85,85,63,63,85,85,67,75,85,85,40,85,84,63,33,33,33,33],"gold":360,"neow_bonus":"THREE_ENEMY_KILL","is_daily":false,"chose_seed":false,"campfire_upgraded":1,"win_rate":0.0,"timestamp":1609504126,"path_taken":["M","?","M","?","$","E","R","E","T","R","M","M","M","M","R","BOSS","M","M","?","?","M"],"items_purchased_type":["Card"],"build_version":"2020-12-22","purchased_purges":0,"victory":false,"max_hp_per_floor":[80,85,85,85,85,85,85,85,85,85,85,85,85,85,85,85,85,85,85,85,85,85,85],"card_choices":[{"not_picked":["Clash","Rupture"],"picked":"Carnage","floor":1.0},{"not_picked":["Uppercut","True Grit"],"picked":"Whirlwind","floor":3.0},{"not_picked":["Feed","Shockwave"],"picked":"Inflame","floor":6.0},{"not_picked":["Reckless Charge","Intimidate"],"picked":"Corruption","floor":8.0},{"not_picked":["Pommel Strike","Power Through"],"picked":"Spot Weakness","floor":11.0},{"not_picked":["Anger","Warcry"],"picked":"Perfected Strike","floor":12.0},{"not_picked":["Armaments","Clash"],"picked":"Whirlwind","floor":13.0},{"not_picked":["Warcry","Body Slam"],"picked":"Armaments","floor":14.0},{"not_picked":["Exhume","Reaper"],"picked":"Barricade","floor":16.0},{"not_picked":[],"picked":"Flex","floor":18.0},{"not_picked":["Reckless Charge"],"picked":"SKIP","floor":19},{"not_picked":["Clash"],"picked":"SKIP","floor":20}],"player_experience":5673080,"relics_obtained":[{"floor":6.0,"key":"Magic Flower"},{"floor":8.0,"key":"White Beast Statue"}],"event_choices":[{"damage_healed":0.0,"max_hp_gain":5.0,"max_hp_loss":0.0,"gold_gain":0.0,"event_name":"Big Fish","player_choice":"Donut","floor":2.0,"gold_loss":0.0,"damage_taken":0.0},{"damage_healed":0.0,"max_hp_gain":0.0,"max_hp_loss":0.0,"gold_gain":0.0,"event_name":"Wheel of Change","player_choice":"Full Heal","floor":4.0,"gold_loss":0.0,"damage_taken":0.0},{"damage_healed":0,"gold_gain":0,"player_choice":"Ignored","damage_taken":0,"max_hp_gain":0,"max_hp_loss":0,"event_name":"Ghosts","floor":21,"gold_loss":0}],"is_beta":false,"boss_relics":[{"not_picked":["Runic Cube","Snecko Eye"],"picked":"Busted Crown"}],"items_purged_floors":[],"is_endless":false,"potions_floor_spawned":[3,11,12,13,14,16,18,19,20],"killed_by":"Shelled Parasite and Fungi","ascension_level":0}}