{"host":"1yib4t3blvbtzkw7","time":1609495816,"event":{"mods":["2.2 Compatiblity","AchievementEnabler","BaseMod","Colored Map","DeckTracker","Highlight Path","Minty Spire (QoL Compilation)","Random Character Button","Rare Cards Sparkle"],"gold_per_floor":[109,124,124,74,86,118,118,43,91,111,126,152,152,152,152,152,152],"floor_reached":16,"playtime":493,"items_purged":["Strike_G"],"score":110,"play_id":"7781a3c7-3903-40e7-a102-afaf8c5fe7ab","local_time":"20210101111016","is_ascension_mode":false,"campfire_choices":[{"floor":7,"key":"REST"},{"floor":13,"key":"REST"},{"data":"Deadly Poison","floor":15,"key":"SMITH"}],"circlet_count":0,"master_deck":["Strike_G","Strike_G+1","Strike_G","Defend_G","Defend_G","Defend_G","Defend_G","Defend_G","Survivor","Neutralize","Backflip","Poisoned Stab","Deadly Poison+1","Escape Plan","Dagger Throw+1"],"relics":["Ring of the Snake","Ginger","Bronze Scales","Tiny Chest"],"acts_visited":["Exordium"],"potions_floor_usage":[6,12],"damage_taken":[{"damage":6,"enemies":"2 Louse","floor":1,"turns":4},{"damage":5,"enemies":"Small Slimes","floor":2,"turns":5},{"damage":0,"enemies":"Jaw Worm","floor":5,"turns":3},{"damage":23,"enemies":"Lagavulin","floor":6,"turns":9},{"damage":2,"enemies":"Looter","floor":10,"turns":3},{"damage":0,"enemies":"2 Fungi Beasts","floor":11,"turns":4},{"damage":20,"enemies":"Gremlin Nob","floor":12,"turns":4},{"damage":41,"enemies":"Slime Boss","floor":16,"turns":10}],"seed_played":"8034123871841201600","potions_obtained":[{"floor":5,"key":"SkillPotion"},{"floor":6,"key":"AttackPotion"},{"floor":12,"key":"Dexterity Potion"}],"is_trial":false,"path_per_floor":["M","M","?","?","M","E","R","$","T","M","M","E","R","?","R","B"],"character_chosen":"THE_SILENT","items_purchased":[],"campfire_rested":2,"item_purchase_floors":[],"current_hp_per_floor":[64,59,52,52,52,29,50,50,50,48,48,28,49,35,35,0,0],"gold":152,"neow_bonus":"ONE_RARE_RELIC","is_daily":false,"chose_seed":false,"campfire_upgraded":1,"win_rate":0.0,"timestamp":1609495816,"path_taken":["M","M","?","?","M","E","R","?","T","M","M","E","R","?","R","BOSS"],"items_purchased_type":[],"build_version":"2020-12-22","purchased_purges":1,"victory":false,"max_hp_per_floor":[70,70,70,70,70,70,70,70,70,70,70,70,70,70,70,70,70],"card_choices":[{"not_picked":["Dodge and Roll","Skewer"],"picked":"Backflip","floor":1},{"not_picked":["Underhanded Strike","Flying Knee"],"picked":"Poisoned Stab","floor":2},{"not_picked":["All Out Attack","Bane"],"picked":"Deadly Poison","floor":5},{"not_picked":["Eviscerate","Finisher"],"picked":"Escape Plan","floor":6},{"not_picked":["Flying Knee","Underhanded Strike","Endless Agony"],"picked":"SKIP","floor":10},{"not_picked":["Eviscerate","Outmaneuver","Reflex"],"picked":"SKIP","floor":11},{"not_picked":["Concentrate","Masterful Stab"],"picked":"Dagger Throw","floor":12}],"player_experience":759981,"relics_obtained":[{"floor":6,"key":"Bronze Scales"},{"floor":12,"key":"Tiny Chest"}],"event_choices":[{"cards_removed":["Regret"],"damage_healed":0,"gold_gain":0,"player_choice":"Card Removal","damage_taken":7,"max_hp_gain":0,"max_hp_loss":0,"event_name":"Golden Wing","floor":3,"gold_loss":0},{"cards_removed":["Strike_G"],"damage_healed":0,"gold_gain":0,"player_choice":"Card Removal","damage_taken":0,"max_hp_gain":0,"max_hp_loss":0,"event_name":"The Cleric","floor":4,"gold_loss":50},{"damage_healed":0,"gold_gain":0,"player_choice":"Entered Light","damage_taken":14,"max_hp_gain":0,"max_hp_loss":0,"event_name":"Shining Light","floor":14,"gold_loss":0,"cards_upgraded":["Strike_G","Dagger Throw"]}],"is_beta":false,"boss_relics":[],"items_purged_floors":[8],"is_endless":false,"potions_floor_spawned":[5,6,12],"killed_by":"Slime Boss","ascension_level":0}}