{"host":"KYO","time":1609466012,"event":{"mods":["BaseMod","BetterRewards","Minty Spire (QoL Compilation)","Shop Mod","StSLib","SuperFastMode","[IsaacMod]ÒÔÈö¼âËþ"],"gold_per_floor":[115,115,125,143,158,190,190,190,262,296,296,306,341,416,416,491,491,501,501,501,232,252,252,285,318,318,333,345,375,393,403,403,480,480,496,515,311,324,324,349,80,113,113,165,183,11,11,46,46,46,46,46,46,26,60,60],"floor_reached":57,"playtime":4555,"items_purged":["Defend_G","Defend_G","Defend_G","Unload","Night Terror+1","Riddle With Holes","Heel Hook"],"score":4200,"play_id":"4e59eac7-aa64-4b8e-8403-00c4f673cf01","local_time":"20210101095332","is_ascension_mode":true,"campfire_choices":[{"data":"Adrenaline","floor":7.0,"key":"SMITH"},{"data":"Night Terror","floor":11.0,"key":"SMITH"},{"data":"Bouncing Flask","floor":15.0,"key":"SMITH"},{"data":"Acrobatics","floor":23.0,"key":"SMITH"},{"data":"Prepared","floor":32,"key":"SMITH"},{"floor":49,"key":"RECALL"},{"data":"Tactician","floor":53,"key":"SMITH"}],"circlet_count":0,"master_deck":["AscendersBane","Survivor","Neutralize","Adrenaline+1","Noxious Fumes","Acrobatics+1","Adrenaline","Flash of Steel","Caltrops","Tactician+1","Prepared+1","After Image","Tools of the Trade","Setup+1","Phantasmal Killer","Backflip+1","Reflex+1"],"relics":["Ring of the Snake","HushsDoor","NineVolt","MerchantsRug","Ginger","InkBottle","DeathBook","Thread and Needle","OrangePellets","Mummified Hand","Incense Burner","Kunai","MagicMushroom","GuppysHead","GuppysHairball","JudasShadow","Anchor","BookofShadows","Bronze Scales","SatanicBible","Succubus","Ice Cream","PreservedInsect","Bag of Marbles","Bag of Preparation","HornCleat","Torii","Bottled Tornado","Calipers","Tingsha","Orichalcum","BloodDonationBag","Nunchaku"],"acts_visited":["Exordium","TheCity","TheBeyond","TheEnding"],"potions_floor_usage":[56,56],"damage_taken":[{"damage":0.0,"enemies":"Jaw Worm","floor":1.0,"turns":3.0},{"damage":0.0,"enemies":"2 Louse","floor":3.0,"turns":2.0},{"damage":0.0,"enemies":"Cultist","floor":4.0,"turns":3.0},{"damage":0.0,"enemies":"3 Louse","floor":5.0,"turns":3.0},{"damage":0.0,"enemies":"3 Sentries","floor":6.0,"turns":2.0},{"damage":1.0,"enemies":"Lagavulin","floor":10.0,"turns":5.0},{"damage":0.0,"enemies":"Blue Slaver","floor":12.0,"turns":2.0},{"damage":4.0,"enemies":"Gremlin Nob","floor":13.0,"turns":3.0},{"damage":0.0,"enemies":"Hexaghost","floor":16.0,"turns":7.0},{"damage":0.0,"enemies":"Spheric Guardian","floor":18.0,"turns":1.0},{"damage":0.0,"enemies":"3 Byrds","floor":22.0,"turns":2.0},{"damage":0.0,"enemies":"Slavers","floor":24.0,"turns":2.0},{"damage":0.0,"enemies":"Masked Bandits","floor":25.0,"turns":1.0},{"damage":0.0,"enemies":"3 Cultists","floor":27.0,"turns":3.0},{"damage":0.0,"enemies":"Cultist and Chosen","floor":28.0,"turns":3.0},{"damage":0.0,"enemies":"Gremlin Leader","floor":29.0,"turns":3.0},{"damage":0.0,"enemies":"Centurion and Healer","floor":30.0,"turns":3.0},{"damage":0.0,"enemies":"Snecko","floor":31.0,"turns":2.0},{"damage":0,"enemies":"Champ","floor":33,"turns":6},{"damage":0,"enemies":"Orb Walker","floor":35,"turns":1},{"damage":0,"enemies":"3 Shapes","floor":36,"turns":2},{"damage":0,"enemies":"3 Darklings","floor":38,"turns":1},{"damage":0,"enemies":"Reptomancer","floor":40,"turns":1},{"damage":0,"enemies":"Giant Head","floor":42,"turns":1},{"damage":0,"enemies":"2 Orb Walkers","floor":44,"turns":1},{"damage":0,"enemies":"Jaw Worm Horde","floor":45,"turns":1},{"damage":0,"enemies":"Reptomancer","floor":48,"turns":1},{"damage":0,"enemies":"Time Eater","floor":50,"turns":4},{"damage":0,"enemies":"Donu and Deca","floor":51,"turns":1},{"damage":0,"enemies":"Shield and Spear","floor":55,"turns":1},{"damage":0,"enemies":"The Heart","floor":56,"turns":5}],"seed_played":"-1426865592978054909","potions_obtained":[{"floor":3.0,"key":"EntropicBrew"},{"floor":6.0,"key":"SpeedPotion"},{"floor":10.0,"key":"Ancient Potion"},{"floor":22.0,"key":"Dexterity Potion"},{"floor":29.0,"key":"Ancient Potion"},{"floor":38,"key":"PowerPotion"},{"floor":40,"key":"Block Potion"}],"is_trial":false,"path_per_floor":["M","?","M","M","M","E","R","?","T","E","R","M","E","?","R","B",null,"M","?","?","$","M","R","E","?","T","M","M","E","M","M","R","B",null,"M","M","$","M","?","E","$","E","T","?","M","$","?","E","R","B","B",null,"R","$","E","B",null],"character_chosen":"THE_SILENT","items_purchased":["MerchantsRug","Chemical X","Ginger","StrikeDummy","Sling","Shovel","InkBottle","The Specimen","DeathBook","Adrenaline","Thread and Needle","Noxious Fumes","Bouncing Flask","OrangePellets","Centennial Puzzle","Blood Vial","Mummified Hand","Whetstone","GuppysHead","GuppysHairball","JudasShadow","Flash of Steel","Anchor","SatanicBible","Succubus","Damocles","PreservedInsect","Bag of Marbles","HornCleat","Calipers","Tingsha","Orichalcum"],"campfire_rested":0,"item_purchase_floors":[0,0,0,0,0,0,0,0,0,0,0,0,0,0,0,0,0,0,17,17,17,17,21,34,34,34,37,37,41,46,46,54],"current_hp_per_floor":[61,61,63,65,66,66,66,59,59,60,60,62,60,49,49,51,38,38,38,38,38,38,38,38,38,38,38,38,38,38,38,38,38,3,3,3,3,3,3,3,3,13,13,13,13,13,13,13,13,13,13,13,13,1,1,2],"gold":60,"neow_bonus":"","is_daily":false,"chose_seed":false,"campfire_upgraded":6,"win_rate":0.0,"timestamp":1609466012,"path_taken":["M","?","?","M","M","E","R","?","T","E","R","?","E","?","R","BOSS","M","?","?","$","M","R","E","?","T","M","M","E","?","M","R","BOSS","M","M","$","M","?","E","?","E","T","?","M","$","?","E","R","BOSS","BOSS","R","$","E","BOSS"],"items_purchased_type":["Relic","Relic","Relic","Relic","Relic","Relic","Relic","Relic","Relic","Card","Relic","Card","Card","Relic","Relic","Relic","Relic","Relic","Relic","Relic","Relic","Card","Relic","Relic","Relic","Relic","Relic","Relic","Relic","Relic","Relic","Relic"],"build_version":"2020-12-18","purchased_purges":7,"victory":true,"max_hp_per_floor":[66,66,66,66,66,66,66,66,66,66,66,66,66,66,66,66,38,38,38,38,38,38,38,38,38,38,38,38,38,38,38,38,38,3,3,3,3,3,3,3,3,13,13,13,13,13,13,13,13,13,13,13,13,13,13,13],"card_choices":[{"not_picked":[],"picked":"Bomb","floor":0.0},{"not_picked":["Riddle With Holes","Prepared","Concentrate"],"picked":"SKIP","floor":1.0},{"not_picked":["Calculated Gamble","Skewer"],"picked":"Night Terror","floor":3.0},{"not_picked":["Dash","Prepared"],"picked":"Acrobatics","floor":4.0},{"not_picked":["Poisoned Stab","Expertise","PiercingWail"],"picked":"SKIP","floor":5.0},{"not_picked":["Expertise","Footwork","Dodge and Roll"],"picked":"SKIP","floor":6.0},{"not_picked":["Skewer","Sucker Punch","Bane"],"picked":"SKIP","floor":10.0},{"not_picked":["Quick Slash","Storm of Steel","PiercingWail"],"picked":"SKIP","floor":12.0},{"not_picked":["Poisoned Stab","Slice","Phantasmal Killer"],"picked":"SKIP","floor":13.0},{"not_picked":["Bullet Time","Envenom"],"picked":"Adrenaline","floor":16.0},{"not_picked":["Prepared","Acrobatics+1","Bane"],"picked":"SKIP","floor":18.0},{"not_picked":["PiercingWail","Escape Plan","Footwork"],"picked":"SKIP","floor":22.0},{"not_picked":["Die Die Die","Deflect"],"picked":"Caltrops","floor":24.0},{"not_picked":["Cloak And Dagger+1","Deadly Poison","Noxious Fumes"],"picked":"SKIP","floor":27.0},{"not_picked":["Flying Knee+1","Prepared"],"picked":"Tactician","floor":28.0},{"not_picked":["Riddle With Holes","Die Die Die","Sucker Punch+1"],"picked":"SKIP","floor":29.0},{"not_picked":["Slice","Dagger Spray"],"picked":"Prepared","floor":30.0},{"not_picked":["Footwork+1","Endless Agony+1","Slice"],"picked":"SKIP","floor":31.0},{"not_picked":["Grand Finale","Malaise"],"picked":"After Image","floor":33},{"not_picked":["All Out Attack+1","Outmaneuver+1","Poisoned Stab"],"picked":"SKIP","floor":35},{"not_picked":["Cloak And Dagger","Bane"],"picked":"Backflip+1","floor":36},{"not_picked":["Heel Hook+1","Deadly Poison","Slice+1"],"picked":"SKIP","floor":38},{"not_picked":["Tools of the Trade","Slice","Deflect"],"picked":"SKIP","floor":40},{"not_picked":["Quick Slash","Bouncing Flask","Crippling Poison+1"],"picked":"SKIP","floor":42},{"not_picked":["Tactician+1","Underhanded Strike","Bouncing Flask"],"picked":"Reflex","floor":45},{"not_picked":["Deadly Poison","Concentrate","Noxious Fumes"],"picked":"SKIP","floor":48},{"not_picked":["Dagger Throw+1","Deadly Poison","Dagger Spray+1"],"picked":"SKIP","floor":55},{"not_picked":["Dagger Throw+1","Deadly Poison","Dagger Spray+1"],"picked":"SKIP","floor":55}],"player_experience":576288,"relics_obtained":[{"floor":6.0,"key":"Incense Burner"},{"floor":9.0,"key":"Kunai"},{"floor":10.0,"key":"DeadEye"},{"floor":13.0,"key":"Pocketwatch"},{"floor":24.0,"key":"D4"},{"floor":25.0,"key":"Red Mask"},{"floor":26.0,"key":"BookofShadows"},{"floor":29.0,"key":"Bronze Scales"},{"floor":35,"key":"Mercury Hourglass"},{"floor":36,"key":"Ice Cream"},{"floor":38,"key":"Bird Faced Urn"},{"floor":40,"key":"Bag of Preparation"},{"floor":40,"key":"Omamori"},{"floor":42,"key":"Question Card"},{"floor":42,"key":"Pear"},{"floor":44,"key":"Torii"},{"floor":44,"key":"Smiling Mask"},{"floor":45,"key":"Bottled Tornado"},{"floor":48,"key":"BloodDonationMachine"},{"floor":48,"key":"War Paint"},{"floor":55,"key":"Nunchaku"}],"event_choices":[{"damage_healed":0.0,"max_hp_gain":0.0,"max_hp_loss":0.0,"gold_gain":0.0,"event_name":"Liars Game","player_choice":"Ignored","floor":2.0,"gold_loss":0.0,"damage_taken":0.0},{"cards_removed":["Strike_G"],"damage_healed":0.0,"max_hp_gain":0.0,"max_hp_loss":0.0,"gold_gain":0.0,"event_name":"Golden Wing","player_choice":"Card Removal","floor":8.0,"gold_loss":0.0,"damage_taken":7.0},{"damage_healed":0.0,"max_hp_gain":0.0,"max_hp_loss":0.0,"gold_gain":75.0,"event_name":"World of Goop","player_choice":"Gather Gold","floor":14.0,"gold_loss":0.0,"damage_taken":11.0},{"damage_healed":0.0,"max_hp_gain":0.0,"max_hp_loss":0.0,"gold_gain":0.0,"event_name":"Ghosts","player_choice":"Ignored","floor":19.0,"gold_loss":0.0,"damage_taken":0.0},{"damage_healed":0.0,"max_hp_gain":0.0,"max_hp_loss":0.0,"gold_gain":0.0,"event_name":"Vampires","player_choice":"Ignored","floor":20.0,"gold_loss":0.0,"damage_taken":0.0},{"damage_healed":0.0,"max_hp_gain":0.0,"max_hp_loss":0.0,"gold_gain":0.0,"event_name":"Masked Bandits","player_choice":"Fought Bandits","floor":25.0,"gold_loss":0.0,"damage_taken":0.0},{"damage_healed":0,"gold_gain":0,"player_choice":"Fight","damage_taken":0,"max_hp_gain":0,"max_hp_loss":0,"event_name":"Mysterious Sphere","floor":44,"gold_loss":0},{"cards_removed":["Bouncing Flask"],"damage_healed":0,"gold_gain":0,"player_choice":"Removed Skill","damage_taken":0,"max_hp_gain":0,"max_hp_loss":0,"event_name":"Falling","floor":47,"gold_loss":0}],"is_beta":true,"boss_relics":[{"not_picked":["Runic Dome","Sozu"],"picked":"MagicMushroom"},{"not_picked":[]},{"not_picked":["Calling Bell","Astrolabe"],"picked":"Pandora\u0027s Box"},{"not_picked":[]}],"items_purged_floors":[0,0,21,37,41,46,54],"is_endless":false,"potions_floor_spawned":[3,6,10,12,22,27,28,29,33,38,40,44,55],"ascension_level":20}}