{"host":"hvutsrv30nr3m3gn","time":1609469527,"event":{"mods":["BaseMod","Colored Powertips","Downfall","Hermit","Marisa????????","Minty Spire (QoL Compilation)","StSLib","The Animator","The Bug Knight","The Cursed"],"gold_per_floor":[99,99,99,99,99,117,117,148,162,162,182,201,105,119,137,137,137,137],"floor_reached":16,"playtime":1565,"items_purged":[],"score":102,"play_id":"820b96b1-44bb-4202-8f28-9c29d11d5741","local_time":"20201231195207","is_ascension_mode":false,"campfire_choices":[{"data":"Slimebound:Split","floor":1,"key":"SMITH"},{"floor":10,"key":"REST"}],"circlet_count":0,"master_deck":["Slimebound:Strike_Slimebound","Slimebound:Strike_Slimebound","Slimebound:Strike_Slimebound","Slimebound:Tackle","Slimebound:Defend_Slimebound","Slimebound:Defend_Slimebound","Slimebound:Defend_Slimebound","Slimebound:Split+1","Slimebound:CorrosiveSpit","Slimebound:SplitAcid","Slimebound:LeechEnergy","Slimebound:SplitBruiser","Slimebound:LevelUp","Slimebound:LivingWall","Slimebound:SamplingLick","Slimebound:LeechingTouch","Slimebound:GoopSpray","Slimebound:LeadByExample","expansioncontent:CaCaw","Slimebound:Schlurp","Slimebound:RollThrough"],"relics":["Slimebound:AbsorbEndCombat","downfall:HeartsMalice","Pear","Pen Nib"],"acts_visited":["Exordium"],"potions_floor_usage":[13,15,15],"damage_taken":[{"damage":0,"enemies":"Jaw Worm","floor":2,"turns":1},{"damage":0,"enemies":"Cultist","floor":3,"turns":1},{"damage":0,"enemies":"2 Louse","floor":4,"turns":1},{"damage":21,"enemies":"Red Slaver","floor":6,"turns":2},{"damage":27,"enemies":"HollowMod:MossKnight","floor":8,"turns":7},{"damage":42,"enemies":"Lots of Slimes","floor":9,"turns":4},{"damage":23,"enemies":"Large Slime","floor":11,"turns":5},{"damage":24,"enemies":"Red Slaver","floor":12,"turns":3},{"damage":29,"enemies":"downfall:FleeingMerchant","floor":13,"turns":4},{"damage":31,"enemies":"Exordium Thugs","floor":14,"turns":4},{"damage":10,"enemies":"Exordium Wildlife","floor":15,"turns":2},{"damage":14,"enemies":"downfall:Silent","floor":16,"turns":2}],"seed_played":"1393439314064876252","potions_obtained":[{"floor":8,"key":"Explosive Potion"},{"floor":9,"key":"Swift Potion"},{"floor":11,"key":"PowerPotion"},{"floor":14,"key":"CultistPotion"}],"is_trial":false,"path_per_floor":["R","M","M","M","?","M","T","E","M","R","M","M","$","M","M","B"],"character_chosen":"SLIMEBOUND","items_purchased":["expansioncontent:CaCaw"],"campfire_rested":1,"item_purchase_floors":[13],"current_hp_per_floor":[60,60,60,60,60,49,59,58,32,53,48,42,35,12,14,0,0,0],"gold":137,"neow_bonus":"THREE_ENEMY_KILL","is_daily":false,"chose_seed":false,"campfire_upgraded":1,"win_rate":0.0,"timestamp":1609469527,"path_taken":["R","M","M","M","?","M","T","E","M","R","M","M","$","M","M","BOSS"],"items_purchased_type":["Card"],"build_version":"2020-12-22","purchased_purges":0,"victory":false,"max_hp_per_floor":[60,60,60,60,60,60,70,70,70,70,70,70,70,70,70,70,70,70],"card_choices":[{"not_picked":["Slimebound:ItLooksTasty","Slimebound:Dissolve"],"picked":"Slimebound:SplitAcid","floor":2},{"not_picked":["Slimebound:ComboTackle","Slimebound:ViciousTackle"],"picked":"Slimebound:LeechEnergy","floor":3},{"not_picked":["Slimebound:FinishingTackle","Slimebound:Repurpose"],"picked":"Slimebound:SplitBruiser","floor":4},{"not_picked":["Slimebound:GoopSpray","Slimebound:ForwardTackle"],"picked":"Slimebound:LevelUp","floor":6},{"not_picked":["Slimebound:LeechEnergy","Slimebound:GoopSpray"],"picked":"Slimebound:LivingWall","floor":8},{"not_picked":["Slimebound:ComboTackle","Slimebound:ProtectTheBoss"],"picked":"Slimebound:SamplingLick","floor":9},{"not_picked":["Slimebound:FirmFortitude","Slimebound:ProtectTheBoss"],"picked":"Slimebound:LeechingTouch","floor":11},{"not_picked":["Slimebound:SlimeSpikes","Slimebound:PressTheAttack"],"picked":"Slimebound:GoopSpray","floor":12},{"not_picked":["Slimebound:SamplingLick","Slimebound:FormOfPuddle"],"picked":"Slimebound:LeadByExample","floor":13},{"not_picked":["Slimebound:FinishingTackle","Slimebound:Chomp"],"picked":"Slimebound:Schlurp","floor":14},{"not_picked":["Slimebound:SlimeSlap","Slimebound:BestDefense"],"picked":"Slimebound:RollThrough","floor":15}],"player_experience":59769,"relics_obtained":[{"floor":7,"key":"Pear"},{"floor":8,"key":"Pen Nib"}],"event_choices":[{"cards_removed":["Slimebound:Defend_Slimebound"],"damage_healed":0,"gold_gain":0,"player_choice":"Offered Basic","damage_taken":0,"max_hp_gain":0,"max_hp_loss":0,"event_name":"Bonfire Elementals","floor":5,"gold_loss":0}],"is_beta":false,"boss_relics":[],"items_purged_floors":[],"is_endless":false,"potions_floor_spawned":[8,9,11,14,15],"killed_by":"downfall:Silent","ascension_level":0}}