{"host":"92108ef2q9tm8rod","time":1609468378,"event":{"mods":["BaseMod","Defuse TimeMaze Blight","Minty Spire (QoL Compilation)","StSLib","The Jungle"],"gold_per_floor":[118,133,147,157,168,168,200,217,217,243,243,243,293,312,312,417,417,435,535,386,403,423,423,452,452,478,440,440,366,366,378,378,378,378],"floor_reached":33,"playtime":1801,"items_purged":["Deadly Poison"],"score":327,"play_id":"4fa3900f-e554-4131-ac50-25b3708011b5","local_time":"20210101023258","daily_mods":["SealedDeck","Purple Cards","Heirloom","Flight"],"is_ascension_mode":false,"campfire_choices":[{"data":"ClearTheMind","floor":6,"key":"SMITH"},{"data":"Deflect","floor":11,"key":"SMITH"},{"data":"Dodge and Roll","floor":12,"key":"SMITH"},{"floor":15,"key":"REST"},{"data":"LikeWater","floor":23,"key":"SMITH"},{"data":"Adrenaline","floor":25,"key":"SMITH"},{"data":"Perseverance","floor":28,"key":"SMITH"},{"data":"BowlingBash","floor":30,"key":"SMITH"},{"data":"Evaluate","floor":32,"key":"SMITH"}],"circlet_count":0,"master_deck":["ClearTheMind+1","Protect","Evaluate+1","FollowUp","BowlingBash+1","Dodge and Roll+1","Deflect+1","Choke","Perseverance+1","Adrenaline+1","LikeWater+1","LikeWater+1"],"relics":["Ring of the Snake","Calipers","Lantern","MealTicket","Boot","SlaversCollar","Membership Card","Akabeko","Centennial Puzzle","ClockworkSouvenir"],"acts_visited":["Exordium","Exordium"],"potions_floor_usage":[7,16,16,24,33,33,33,33,33,33,33],"damage_taken":[{"damage":1,"enemies":"Jaw Worm","floor":1,"turns":2},{"damage":0,"enemies":"2 Louse","floor":2,"turns":1},{"damage":0,"enemies":"Cultist","floor":3,"turns":3},{"damage":9,"enemies":"Red Slaver","floor":4,"turns":2},{"damage":2,"enemies":"Exordium Thugs","floor":5,"turns":3},{"damage":0,"enemies":"Gremlin Nob","floor":7,"turns":3},{"damage":10,"enemies":"Large Slime","floor":8,"turns":5},{"damage":0,"enemies":"3 Sentries","floor":10,"turns":9},{"damage":3,"enemies":"Lots of Slimes","floor":14,"turns":3},{"damage":2,"enemies":"The Guardian","floor":16,"turns":9},{"damage":2,"enemies":"theJungle:GiantWrat","floor":18,"turns":4},{"damage":3,"enemies":"Shell Parasite","floor":21,"turns":4},{"damage":0,"enemies":"theJungle:Snecko_Cultist_And_Trap","floor":22,"turns":6},{"damage":11,"enemies":"theJungle:MamaSnecko","floor":24,"turns":5},{"damage":0,"enemies":"Snake Plant","floor":31,"turns":4},{"damage":75,"enemies":"theJungle:FunGuy","floor":33,"turns":25}],"seed_played":"3702830157700244466","potions_obtained":[{"floor":1,"key":"PowerPotion"},{"floor":4,"key":"SpeedPotion"},{"floor":5,"key":"Weak Potion"},{"floor":14,"key":"CunningPotion"},{"floor":21,"key":"EntropicBrew"},{"floor":22,"key":"Weak Potion"},{"floor":31,"key":"Explosive Potion"}],"is_trial":true,"path_per_floor":["M","M","M","M","M","R","E","M","T","E","R","R","?","M","R","B",null,"M","?","$","M","M","R","E","R","T","$","R","$","R","M","R","B"],"character_chosen":"THE_SILENT","items_purchased":["Membership Card","ClockworkSouvenir"],"campfire_rested":1,"item_purchase_floors":[20,29],"current_hp_per_floor":[69,69,69,60,58,58,58,48,48,48,48,48,48,45,66,64,70,68,68,70,67,67,67,56,56,56,70,70,70,70,70,70,0,0],"gold":378,"neow_bonus":"","is_daily":false,"chose_seed":false,"campfire_upgraded":8,"win_rate":0.0,"timestamp":1609468378,"path_taken":["M","M","M","M","M","R","E","M","T","E","R","R","?","M","R","BOSS","M","?","$","M","?","R","E","R","T","$","R","$","R","M","R","BOSS"],"items_purchased_type":["Relic","Relic"],"build_version":"2020-12-22","purchased_purges":1,"victory":false,"max_hp_per_floor":[70,70,70,70,70,70,70,70,70,70,70,70,70,70,70,70,70,70,70,70,70,70,70,70,70,70,70,70,70,70,70,70,70,70],"card_choices":[{"not_picked":["Footwork","Caltrops","Dodge and Roll"],"picked":"SKIP","floor":1},{"not_picked":["EmptyMind","Slice","EmptyBody"],"picked":"SKIP","floor":2},{"not_picked":["Sucker Punch","Riddle With Holes","Crescendo"],"picked":"SKIP","floor":3},{"not_picked":["Acrobatics","ThirdEye","Dodge and Roll"],"picked":"SKIP","floor":4},{"not_picked":["Eviscerate","Pray","Endless Agony"],"picked":"SKIP","floor":5},{"not_picked":["A Thousand Cuts","Pray","BowlingBash"],"picked":"SKIP","floor":7},{"not_picked":["Backstab","Crescendo","Dagger Throw"],"picked":"SKIP","floor":8},{"not_picked":["ThirdEye","A Thousand Cuts","InnerPeace"],"picked":"SKIP","floor":10},{"not_picked":["Heel Hook","Halt","Prepared"],"picked":"SKIP","floor":14},{"not_picked":["Envenom","Vault"],"picked":"Adrenaline","floor":16},{"not_picked":["Wallop","Protect","Indignation"],"picked":"SKIP","floor":18},{"not_picked":["Setup","FlurryOfBlows","MentalFortress"],"picked":"SKIP","floor":21},{"not_picked":["Protect","Swivel"],"picked":"LikeWater","floor":22},{"not_picked":["Reflex","Evaluate+1"],"picked":"LikeWater+1","floor":24},{"not_picked":["Prostrate","Footwork","Outmaneuver"],"picked":"SKIP","floor":31}],"player_experience":3222517,"relics_obtained":[{"floor":7,"key":"Lantern"},{"floor":9,"key":"MealTicket"},{"floor":10,"key":"Boot"},{"floor":24,"key":"Akabeko"},{"floor":26,"key":"Centennial Puzzle"}],"event_choices":[{"damage_healed":0,"gold_gain":50,"player_choice":"Gained Gold","damage_taken":0,"max_hp_gain":0,"max_hp_loss":0,"event_name":"Golden Wing","floor":13,"gold_loss":0},{"damage_healed":0,"gold_gain":100,"player_choice":"Pray","damage_taken":0,"max_hp_gain":0,"max_hp_loss":0,"event_name":"Golden Shrine","floor":19,"gold_loss":0}],"is_beta":false,"boss_relics":[{"not_picked":["HoveringKite","Coffee Dripper"],"picked":"SlaversCollar"}],"items_purged_floors":[27],"is_endless":false,"potions_floor_spawned":[1,4,5,14,21,22,31],"killed_by":"theJungle:FunGuy","ascension_level":0}}