{"host":"udzsrhbqdxqtlypj","time":1609459293,"event":{"mods":["BaseMod","Minty Spire (QoL Compilation)","Relic Stats"],"gold_per_floor":[115,115,127,0,16,16,47,47,47,67,95,19,19,33,33,129,129,149,161,161,161],"floor_reached":20,"playtime":1296,"items_purged":[],"score":276,"play_id":"03735616-0e7f-4f90-9dfc-4afa7a9b56bc","local_time":"20201231180133","is_ascension_mode":true,"campfire_choices":[{"data":"Hologram","floor":6,"key":"SMITH"},{"data":"Doom and Gloom","floor":8,"key":"SMITH"},{"data":"Buffer","floor":13,"key":"SMITH"},{"data":"Hologram","floor":15,"key":"SMITH"}],"circlet_count":0,"master_deck":["AscendersBane","Strike_B","Strike_B","Strike_B","Strike_B","Defend_B+1","Defend_B","Defend_B","Defend_B+1","Zap","Dualcast","Cold Snap","Conserve Battery","Doom and Gloom+1","Gash","Hologram+1","Static Discharge","Buffer+1","Defragment+1","Loop+1","Hologram+1","Machine Learning+1","Capacitor+1","Self Repair+1"],"relics":["Inserter","Eternal Feather","Mercury Hourglass","Frozen Egg 2","SlaversCollar"],"acts_visited":["Exordium","TheCity"],"potions_floor_usage":[16,16,18],"damage_taken":[{"damage":3,"enemies":"2 Louse","floor":1,"turns":2},{"damage":1,"enemies":"Small Slimes","floor":3,"turns":5},{"damage":7,"enemies":"Jaw Worm","floor":5,"turns":4},{"damage":23,"enemies":"3 Sentries","floor":7,"turns":8},{"damage":1,"enemies":"Looter","floor":10,"turns":3},{"damage":13,"enemies":"Lagavulin","floor":11,"turns":7},{"damage":9,"enemies":"Exordium Thugs","floor":14,"turns":5},{"damage":14,"enemies":"Slime Boss","floor":16,"turns":7},{"damage":27,"enemies":"3 Byrds","floor":18,"turns":4},{"damage":7,"enemies":"Chosen","floor":19,"turns":8},{"damage":32,"enemies":"3 Cultists","floor":20,"turns":4}],"seed_played":"-1644274400798605303","potions_obtained":[{"floor":7,"key":"PotionOfCapacity"},{"floor":10,"key":"Fruit Juice"},{"floor":11,"key":"LiquidMemories"},{"floor":16,"key":"Weak Potion"}],"is_trial":false,"path_per_floor":["M","?","M","$","M","R","E","R","T","M","E","$","R","M","R","B",null,"M","M","M"],"character_chosen":"DEFECT","items_purchased":["Doom and Gloom","Gash","Loop+1"],"campfire_rested":0,"item_purchase_floors":[4,4,12],"current_hp_per_floor":[65,50,49,49,42,42,19,28,28,27,14,14,26,17,29,20,65,38,31,0,0],"gold":161,"neow_bonus":"BOSS_RELIC","is_daily":false,"chose_seed":false,"campfire_upgraded":4,"win_rate":0.0,"timestamp":1609459293,"path_taken":["M","?","M","$","M","R","E","R","T","M","E","$","R","M","R","BOSS","M","M","M"],"items_purchased_type":["Card","Card","Card"],"build_version":"2020-12-22","purchased_purges":0,"victory":false,"max_hp_per_floor":[75,75,75,75,75,75,75,75,75,75,75,75,75,75,75,80,80,80,80,80,80],"relic_stats":{"Inserter":[28],"counters":[11,57],"Eternal Feather":33,"obtain_stats":[{"SlaversCollar":17,"Inserter":0,"Eternal Feather":7,"Frozen Egg 2":11,"Cracked Core":0,"Mercury Hourglass":9},{"SlaversCollar":8,"Inserter":0,"Eternal Feather":4,"Frozen Egg 2":6,"Cracked Core":0,"Mercury Hourglass":4},{"SlaversCollar":41,"Inserter":0,"Eternal Feather":19,"Frozen Egg 2":29,"Cracked Core":0,"Mercury Hourglass":19}],"Mercury Hourglass":[168]},"card_choices":[{"not_picked":["Streamline","Steam"],"picked":"Cold Snap","floor":1},{"not_picked":["Leap","Hologram"],"picked":"Conserve Battery","floor":3},{"not_picked":["Conserve Battery","Stack"],"picked":"Hologram","floor":5},{"not_picked":["Rip and Tear","Stack"],"picked":"Static Discharge","floor":7},{"not_picked":["Hologram","Leap"],"picked":"Buffer","floor":10},{"not_picked":["Stack","Capacitor+1"],"picked":"Defragment+1","floor":11},{"not_picked":["Sweeping Beam","Aggregate"],"picked":"Hologram","floor":14},{"not_picked":["Meteor Strike","Buffer+1"],"picked":"Machine Learning+1","floor":16},{"not_picked":["Stack+1","Rip and Tear"],"picked":"Capacitor+1","floor":18},{"not_picked":["Redo","Loop+1"],"picked":"Self Repair+1","floor":19}],"player_experience":2778987,"relics_obtained":[{"floor":7,"key":"Eternal Feather"},{"floor":9,"key":"Mercury Hourglass"},{"floor":11,"key":"Frozen Egg 2"}],"event_choices":[{"damage_healed":0,"gold_gain":0,"player_choice":"Entered Light","damage_taken":15,"max_hp_gain":0,"max_hp_loss":0,"event_name":"Shining Light","floor":2,"gold_loss":0,"cards_upgraded":["Defend_B","Defend_B"]}],"is_beta":false,"boss_relics":[{"not_picked":["Runic Pyramid","Snecko Eye"],"picked":"SlaversCollar"}],"items_purged_floors":[],"is_endless":false,"potions_floor_spawned":[7,10,11,16],"killed_by":"3 Cultists","ascension_level":10}}