{"host":"omv42op7s93bjjql","time":1609469821,"event":{"mods":["BaseMod","Colored Map","Colored Powertips","DeckTracker","Keyboard Shortcuts","Minty Spire (QoL Compilation)","StSLib","SuperFastMode"],"gold_per_floor":[111,186,197,197,213,243,243,260,260,287,287,328,353,2,2,2,2],"floor_reached":16,"playtime":591,"items_purged":["Strike_B"],"score":290,"play_id":"0470033f-748c-4971-af41-4b0ec79246fc","local_time":"20210101115701","is_ascension_mode":true,"campfire_choices":[{"floor":7,"key":"REST"},{"floor":15,"key":"REST"}],"circlet_count":0,"master_deck":["AscendersBane","Strike_B","Strike_B","Strike_B","Defend_B","Defend_B","Defend_B","Defend_B","Zap","Dualcast+1","Cold Snap","Glacier","Biased Cognition","Conserve Battery","Sweeping Beam","Chaos","Redo"],"relics":["Cracked Core","Oddly Smooth Stone","Blood Vial","Golden Idol","Lantern","White Beast Statue"],"acts_visited":["Exordium"],"potions_floor_usage":[8,12,16],"damage_taken":[{"damage":2,"enemies":"2 Louse","floor":1,"turns":3},{"damage":6,"enemies":"Small Slimes","floor":3,"turns":3},{"damage":4,"enemies":"Cultist","floor":5,"turns":4},{"damage":30,"enemies":"Lagavulin","floor":6,"turns":8},{"damage":0,"enemies":"Looter","floor":8,"turns":3},{"damage":30,"enemies":"3 Sentries","floor":10,"turns":18},{"damage":0,"enemies":"Lagavulin","floor":12,"turns":8},{"damage":0,"enemies":"Blue Slaver","floor":13,"turns":4},{"damage":49,"enemies":"Hexaghost","floor":16,"turns":9}],"seed_played":"-8480882668773782563","potions_obtained":[{"floor":1,"key":"Fruit Juice"},{"floor":6,"key":"Weak Potion"},{"floor":8,"key":"Weak Potion"}],"is_trial":false,"path_per_floor":["M","?","M","?","M","E","R","M","T","E","?","E","M","$","R","B"],"character_chosen":"DEFECT","items_purchased":["White Beast Statue"],"campfire_rested":2,"item_purchase_floors":[14],"current_hp_per_floor":[69,58,52,52,48,18,41,46,46,18,18,20,22,22,44,0,0],"gold":2,"neow_bonus":"TEN_PERCENT_HP_BONUS","is_daily":false,"chose_seed":false,"campfire_upgraded":0,"win_rate":0.0,"timestamp":1609469821,"path_taken":["M","?","M","?","M","E","R","?","T","E","?","E","M","$","R","BOSS"],"items_purchased_type":["Relic"],"build_version":"2020-12-22","purchased_purges":1,"victory":false,"max_hp_per_floor":[78,78,78,78,78,78,78,83,83,83,75,75,75,75,75,75,75],"card_choices":[{"not_picked":["Recycle","Barrage"],"picked":"Cold Snap","floor":1},{"not_picked":["Streamline","Hologram","Stack"],"picked":"SKIP","floor":3},{"not_picked":["Stack","Recycle"],"picked":"Glacier","floor":5},{"not_picked":["Double Energy","Conserve Battery"],"picked":"Biased Cognition","floor":6},{"not_picked":["Steam","Stack"],"picked":"Conserve Battery","floor":8},{"not_picked":["Beam Cell","Leap"],"picked":"Sweeping Beam","floor":10},{"not_picked":["All For One","Steam"],"picked":"Chaos","floor":12},{"not_picked":["Steam","Melter"],"picked":"Redo","floor":13}],"player_experience":837009,"relics_obtained":[{"floor":6,"key":"Oddly Smooth Stone"},{"floor":9,"key":"Blood Vial"},{"floor":12,"key":"Lantern"}],"event_choices":[{"damage_healed":0,"gold_gain":75,"player_choice":"Gather Gold","damage_taken":11,"max_hp_gain":0,"max_hp_loss":0,"event_name":"World of Goop","floor":2,"gold_loss":0},{"damage_healed":0,"gold_gain":0,"player_choice":"Upgraded","damage_taken":0,"max_hp_gain":0,"max_hp_loss":0,"event_name":"Upgrade Shrine","floor":4,"gold_loss":0,"cards_upgraded":["Dualcast"]},{"damage_healed":0,"gold_gain":0,"player_choice":"Lose Max HP","damage_taken":0,"relics_obtained":["Golden Idol"],"max_hp_gain":0,"max_hp_loss":8,"event_name":"Golden Idol","floor":11,"gold_loss":0}],"is_beta":false,"boss_relics":[],"items_purged_floors":[14],"is_endless":false,"potions_floor_spawned":[1,6,8],"killed_by":"Hexaghost","ascension_level":20}}