{"host":"0mywbdtsrkvoq3rn","time":1609493431,"event":{"mods":["ATMod(°¢èªMod)","BaseMod","Minty Spire (QoL Compilation)","Relic Stats","Replay The Spire","Shop Mod","Spicy Shops","StSLib","¡¾ÒÅÎï¿¨ÅÆ¡¿REMEMod"],"gold_per_floor":[113,125,141,158,158,192,192,212,212,212,212],"floor_reached":10,"playtime":441,"items_purged":[],"score":74,"play_id":"4a896487-7e66-4bd2-b06b-847f8aed95bf","local_time":"20210101173031","is_ascension_mode":true,"campfire_choices":[{"floor":7,"key":"REST"}],"circlet_count":0,"master_deck":["Strike_R","Strike_R","Strike_R","Strike_R","Strike_R","Defend_R","Defend_R","Defend_R","Defend_R","Bash","AT_Dispersion","Barricade","AbeCurse","AT_BodySlamDance","Dual Wield","Offering","Looming Evil","Infernal Blade","AT_ManFootWork"],"relics":["REME_ComplimentaryCards","AT_ATBox","Abe\u0027s Treasure","Ring of Hypnosis","ReplayTheSpireMod:Ring of Exchange","The Courier"],"acts_visited":["Exordium"],"potions_floor_usage":[6,10],"damage_taken":[{"damage":11,"enemies":"Cultist","floor":1,"turns":4},{"damage":5,"enemies":"2 Louse","floor":2,"turns":3},{"damage":3,"enemies":"Jaw Worm","floor":3,"turns":4},{"damage":19,"enemies":"Gremlin Gang","floor":4,"turns":5},{"damage":35,"enemies":"Replay:BlueRogue","floor":6,"turns":8},{"damage":0,"enemies":"3 Louse","floor":8,"turns":3},{"damage":39,"enemies":"Lagavulin","floor":10,"turns":6}],"seed_played":"4849564311466636790","potions_obtained":[{"floor":2,"key":"PowerPotion"},{"floor":3,"key":"Milkshake"}],"is_trial":false,"path_per_floor":["M","M","M","M","?","E","R","M","T","E"],"character_chosen":"IRONCLAD","items_purchased":[],"campfire_rested":1,"item_purchase_floors":[],"current_hp_per_floor":[69,64,61,42,42,7,31,31,31,0,0],"gold":212,"neow_bonus":"BOSS_RELIC","is_daily":false,"chose_seed":false,"campfire_upgraded":0,"win_rate":0.0,"timestamp":1609493431,"path_taken":["M","M","M","?","?","E","R","M","T","E"],"items_purchased_type":[],"build_version":"2020-12-22","purchased_purges":0,"victory":false,"max_hp_per_floor":[80,80,80,80,80,80,80,80,80,80,80],"relic_stats":{"counters":[7,33],"obtain_stats":[{"ReplayTheSpireMod:Ring of Exchange":5,"AT_ATBox":0,"Ring of Hypnosis":5,"The Courier":6,"Burning Blood":0,"Abe\u0027s Treasure":0,"REME_ComplimentaryCards":0},{"ReplayTheSpireMod:Ring of Exchange":4,"AT_ATBox":0,"Ring of Hypnosis":4,"The Courier":5,"Burning Blood":0,"Abe\u0027s Treasure":0,"REME_ComplimentaryCards":0},{"ReplayTheSpireMod:Ring of Exchange":16,"AT_ATBox":0,"Ring of Hypnosis":16,"The Courier":24,"Burning Blood":0,"Abe\u0027s Treasure":0,"REME_ComplimentaryCards":0}]},"card_choices":[{"not_picked":["ReplayReversal","Iron Wave"],"picked":"AT_BodySlamDance","floor":1},{"not_picked":["Shrug It Off","ReplayTheSpireMod:Strike From Hell"],"picked":"Dual Wield","floor":2},{"not_picked":["Cleave","Pommel Strike","Armaments"],"picked":"SKIP","floor":3},{"not_picked":["ReplayTheSpireMod:Strike From Hell","Thunderclap"],"picked":"Offering","floor":4},{"not_picked":["Headbutt","Anger"],"picked":"Infernal Blade","floor":6},{"not_picked":["Combust","Iron Wave"],"picked":"AT_ManFootWork","floor":8}],"player_experience":124104,"relics_obtained":[{"floor":5,"key":"Ring of Hypnosis"},{"floor":5,"key":"ReplayTheSpireMod:Ring of Exchange"},{"floor":6,"key":"The Courier"}],"event_choices":[],"is_beta":false,"boss_relics":[],"items_purged_floors":[],"is_endless":false,"potions_floor_spawned":[2,3],"killed_by":"Lagavulin","ascension_level":1}}