{"host":"la7tuvtiv6v38fe3","time":1609464561,"event":{"mods":["AchievementEnabler","BaseMod","Bestiary","Colored Powertips","Highlight Path","Minty Spire (QoL Compilation)","Relic Stats","StSLib","ojb\u0027s Info Mod"],"gold_per_floor":[116,132,207,220,36,66,66,86,86,120,132,159,159,159,159,256,256,271,261,261,261,261,261],"floor_reached":22,"playtime":3797,"items_purged":[],"score":265,"play_id":"f0bb11a8-f6cc-49d0-901e-fa814b47133b","local_time":"20201231172921","is_ascension_mode":true,"campfire_choices":[{"floor":7.0,"key":"REST"},{"floor":15.0,"key":"REST"}],"circlet_count":0,"master_deck":["Strike_P+1","Strike_P+1","Strike_P+1","Strike_P+1","Defend_P+1","Defend_P+1","Eruption","Vigilance+1","DeceiveReality","CrushJoints","LikeWater","LessonLearned","InnerPeace+1","FlurryOfBlows","Protect","Wireheading","ClearTheMind","Crescendo","Devotion","CutThroughFate","Sanctity"],"relics":["Empty Cage","War Paint","Letter Opener","StoneCalendar","Du-Vu Doll","MealTicket","Cursed Key","Bag of Preparation"],"acts_visited":["Exordium","TheCity"],"potions_floor_usage":[18],"damage_taken":[{"damage":0.0,"enemies":"Cultist","floor":1.0,"turns":2.0},{"damage":0.0,"enemies":"Jaw Worm","floor":2.0,"turns":4.0},{"damage":0.0,"enemies":"2 Louse","floor":4.0,"turns":2.0},{"damage":12.0,"enemies":"Gremlin Nob","floor":6.0,"turns":4.0},{"damage":0.0,"enemies":"2 Fungi Beasts","floor":8.0,"turns":3.0},{"damage":13.0,"enemies":"Lagavulin","floor":10.0,"turns":12.0},{"damage":8.0,"enemies":"Blue Slaver","floor":11.0,"turns":6.0},{"damage":18.0,"enemies":"3 Sentries","floor":12.0,"turns":7.0},{"damage":25.0,"enemies":"Slime Boss","floor":16.0,"turns":7.0},{"damage":36,"enemies":"3 Byrds","floor":18,"turns":7},{"damage":6,"enemies":"2 Thieves","floor":19,"turns":4},{"damage":24,"enemies":"Snake Plant","floor":22,"turns":4}],"seed_played":"5666334273890483072","potions_obtained":[{"floor":1.0,"key":"Ambrosia"},{"floor":4.0,"key":"StancePotion"},{"floor":12.0,"key":"Fire Potion"},{"floor":16.0,"key":"Dexterity Potion"}],"is_trial":false,"path_per_floor":["M","M","?","M","$","E","R","M","T","E","M","E","?","$","R","B",null,"M","M","?","?","M"],"character_chosen":"WATCHER","items_purchased":["LessonLearned","InnerPeace"],"campfire_rested":2,"item_purchase_floors":[5,5],"current_hp_per_floor":[65,65,54,54,54,42,63,63,63,50,42,24,24,39,60,35,63,27,21,21,21,0,0],"gold":261,"neow_bonus":"BOSS_RELIC","is_daily":false,"chose_seed":false,"campfire_upgraded":0,"win_rate":0.0,"timestamp":1609464561,"path_taken":["M","M","?","M","$","E","R","M","T","E","M","E","?","$","R","BOSS","M","M","?","?","M"],"items_purchased_type":["Card","Card"],"build_version":"2020-12-22","purchased_purges":0,"victory":false,"max_hp_per_floor":[72,72,72,72,72,72,72,72,72,72,72,72,72,72,72,72,72,72,72,72,72,72,72],"relic_stats":{"counters":[12,62],"StoneCalendar":[95],"MealTicket":15,"Bag of Preparation":[2],"Letter Opener":[45],"War Paint":["Vigilance","InnerPeace"],"Cursed Key":0,"obtain_stats":[{"Du-Vu Doll":12,"StoneCalendar":10,"MealTicket":13,"Bag of Preparation":20,"Letter Opener":9,"PureWater":0,"War Paint":6,"Empty Cage":0,"Cursed Key":17},{"Du-Vu Doll":8,"StoneCalendar":6,"MealTicket":8,"Bag of Preparation":11,"Letter Opener":5,"PureWater":0,"War Paint":4,"Empty Cage":0,"Cursed Key":9},{"Du-Vu Doll":40,"StoneCalendar":27,"MealTicket":40,"Bag of Preparation":58,"Letter Opener":15,"PureWater":0,"War Paint":12,"Empty Cage":0,"Cursed Key":47}]},"card_choices":[{"not_picked":["BattleHymn","EmptyBody"],"picked":"DeceiveReality","floor":1.0},{"not_picked":["JustLucky","Study"],"picked":"CrushJoints","floor":2.0},{"not_picked":["Halt","BowlingBash"],"picked":"LikeWater","floor":4.0},{"not_picked":["ForeignInfluence","Swivel"],"picked":"FlurryOfBlows","floor":6.0},{"not_picked":["CrushJoints","Vault"],"picked":"Protect","floor":8.0},{"not_picked":["PathToVictory","JustLucky"],"picked":"Wireheading","floor":10.0},{"not_picked":["Omniscience","FlurryOfBlows"],"picked":"ClearTheMind","floor":11.0},{"not_picked":["JustLucky","Protect"],"picked":"Crescendo","floor":12.0},{"not_picked":["Blasphemy","ConjureBlade"],"picked":"Devotion","floor":16.0},{"not_picked":["Indignation","BowlingBash+1"],"picked":"CutThroughFate","floor":18},{"not_picked":["FollowUp","Protect+1"],"picked":"Sanctity","floor":19}],"player_experience":331303,"relics_obtained":[{"floor":6.0,"key":"War Paint"},{"floor":9.0,"key":"Letter Opener"},{"floor":10.0,"key":"StoneCalendar"},{"floor":12.0,"key":"Du-Vu Doll"}],"event_choices":[{"damage_healed":0.0,"max_hp_gain":0.0,"max_hp_loss":0.0,"gold_gain":75.0,"event_name":"World of Goop","player_choice":"Gather Gold","floor":3.0,"gold_loss":0.0,"damage_taken":11.0},{"damage_healed":0.0,"max_hp_gain":0.0,"max_hp_loss":0.0,"gold_gain":0.0,"event_name":"Dead Adventurer","player_choice":"Searched \u00271\u0027 times","floor":13.0,"gold_loss":0.0,"damage_taken":0.0,"relics_obtained":["MealTicket"]},{"damage_healed":0,"gold_gain":0,"player_choice":"Opened","damage_taken":0,"relics_obtained":["Bag of Preparation"],"max_hp_gain":0,"max_hp_loss":0,"event_name":"The Mausoleum","floor":20,"gold_loss":0},{"damage_healed":0,"gold_gain":0,"player_choice":"Simplicity","damage_taken":0,"max_hp_gain":0,"max_hp_loss":0,"event_name":"Back to Basics","floor":21,"gold_loss":0,"cards_upgraded":["Strike_P","Strike_P","Strike_P","Strike_P","Defend_P"]}],"is_beta":false,"boss_relics":[{"not_picked":["Velvet Choker","Astrolabe"],"picked":"Cursed Key"}],"items_purged_floors":[],"is_endless":false,"potions_floor_spawned":[1,4,12,16],"killed_by":"Snake Plant","ascension_level":6}}