{"host":"06h77atpgiec8kbk","time":1609499768,"event":{"mods":["Act Like it!","Aspiration","Bard","BaseMod","CapriCore","Colored Powertips","Conspire","Downfall","Hermit","Marisa（F雨　魔理沙）","Minty Spire (QoL Compilation)","Quick Restart","Reimu（博丽灵梦）","Relic Stats","Replay The Spire","StSLib","The Construct","The Cursed","The Gatherer","The Hierophant","The Immortal","The Runesmith","[地精首领爬塔]The Maniac"],"gold_per_floor":[99,99,99,99,99,131,131,131],"floor_reached":6,"playtime":156,"items_purged":[],"score":68,"play_id":"2ce2b786-f9d4-4eb2-bdbc-827e02062862","local_time":"20210101191608","is_ascension_mode":true,"campfire_choices":[{"floor":1,"key":"RECALL"}],"circlet_count":0,"master_deck":["hexamod:Strike","hexamod:Strike+1","hexamod:Strike+1","hexamod:Strike","hexamod:Defend+1","hexamod:Defend","hexamod:Defend","hexamod:Defend","hexamod:Sear","hexamod:Float","Poor:ReiMu","Regret","hexamod:Hexaguard"],"relics":["hexamod:SpiritBrand","downfall:HeartsMalice","YidongShenshe:ReiMu","Bag of Marbles"],"acts_visited":["Exordium"],"potions_floor_usage":[],"damage_taken":[{"damage":0,"enemies":"Jaw Worm","floor":2,"turns":1},{"damage":0,"enemies":"Small Slimes","floor":5,"turns":1},{"damage":0,"enemies":"Lagavulin","floor":6,"turns":1}],"seed_played":"-7347320617837050455","potions_obtained":[{"floor":6,"key":"AttackPotion"}],"is_trial":false,"path_per_floor":["R","M","?","?","M","E"],"character_chosen":"THE_SPIRIT","items_purchased":[],"campfire_rested":0,"item_purchase_floors":[],"current_hp_per_floor":[70,70,70,70,70,70,70,70],"gold":131,"neow_bonus":"THREE_ENEMY_KILL","is_daily":false,"chose_seed":false,"campfire_upgraded":0,"win_rate":0.0,"timestamp":1609499768,"path_taken":["R","M","?","?","M","E"],"items_purchased_type":[],"build_version":"2020-12-22","purchased_purges":0,"victory":false,"max_hp_per_floor":[70,70,70,70,70,70,70,70],"relic_stats":{"counters":[3,0],"obtain_stats":[{"downfall:HeartsMalice":0,"YidongShenshe:ReiMu":3,"Bag of Marbles":6,"hexamod:SpiritBrand":0},{"downfall:HeartsMalice":0,"YidongShenshe:ReiMu":1,"Bag of Marbles":3,"hexamod:SpiritBrand":0},{"downfall:HeartsMalice":0,"YidongShenshe:ReiMu":0,"Bag of Marbles":0,"hexamod:SpiritBrand":0}]},"card_choices":[{"not_picked":["hexamod:SpectralAdrenaline","hexamod:FirstSeal","hexamod:EmpoweredFlame"],"picked":"SKIP","floor":2},{"not_picked":["hexamod:BacktrackSmack","hexamod:InspiringFlames"],"picked":"hexamod:Hexaguard","floor":5}],"player_experience":813936,"relics_obtained":[{"floor":6,"key":"Bag of Marbles"}],"event_choices":[{"damage_healed":0,"gold_gain":0,"player_choice":"带走神社","damage_taken":0,"relics_obtained":["YidongShenshe:ReiMu"],"max_hp_gain":0,"max_hp_loss":0,"event_name":"yidonshenshe","floor":3,"gold_loss":0,"cards_obtained":["Poor:ReiMu"]}],"is_beta":false,"boss_relics":[],"items_purged_floors":[],"is_endless":false,"potions_floor_spawned":[6],"killed_by":"Lagavulin","ascension_level":1}}