{"host":"5wf60zc4jjt9ov65","time":1609525977,"event":{"mods":["AchievementEnabler","BaseMod","Beaked The Cultist","Better Altar","Better Match","Better Note","Better Sensory Stone","Better Skull","Better Third Choice","BetterRewards","Colored Map","Colored Powertips","Downfall","Googly Eyes","Halation","Highlight Path","Hubris","Infinite Spire","Minty Spire (QoL Compilation)","Permanent Neow","Quick Restart","Replay The Spire","StSLib","The Bug Knight","The Construct"],"gold_per_floor":[118,193,193,193,210,224,224,224],"floor_reached":7,"playtime":579,"items_purged":["Strike_R"],"score":41,"play_id":"7e506853-0d9c-469e-b46d-e92bb750bfc7","local_time":"20210101133257","is_ascension_mode":false,"campfire_choices":[],"circlet_count":0,"master_deck":["Strike_R","Strike_R","Strike_R","Strike_R","Defend_R","Defend_R","Defend_R","Defend_R","Bash","ReplayReversal","Iron Wave"],"relics":["Burning Blood","hubris:Towel","hubris:EvacipatedBox"],"acts_visited":["Exordium"],"potions_floor_usage":[7],"damage_taken":[{"damage":7.0,"enemies":"2 Louse","floor":1.0,"turns":3.0},{"damage":1.0,"enemies":"Jaw Worm","floor":5.0,"turns":6.0},{"damage":24.0,"enemies":"infinitespire:Voidling","floor":6.0,"turns":5.0},{"damage":55,"enemies":"Lagavulin","floor":7,"turns":8}],"seed_played":"-2391830757864214159","potions_obtained":[{"floor":5.0,"key":"SteroidPotion"}],"is_trial":false,"path_per_floor":["M","?","?","$","M","M","E"],"character_chosen":"IRONCLAD","items_purchased":["hubris:EvacipatedBox"],"campfire_rested":0,"item_purchase_floors":[4],"current_hp_per_floor":[79,68,68,44,49,38,0,0],"gold":224,"neow_bonus":"","is_daily":false,"chose_seed":false,"campfire_upgraded":0,"win_rate":0.0,"timestamp":1609525977,"path_taken":["M","?","?","?","M","M","E"],"items_purchased_type":["Relic"],"build_version":"2020-12-22","purchased_purges":1,"victory":false,"max_hp_per_floor":[80,80,80,80,80,80,80,80],"card_choices":[{"not_picked":["Anger","True Grit"],"picked":"ReplayReversal","floor":1.0},{"not_picked":["Anger","Clash"],"picked":"Iron Wave","floor":5.0},{"not_picked":["ReplayTheSpireMod:Limb From Limb","Intimidate","Searing Blow"],"picked":"SKIP","floor":6.0}],"player_experience":0,"relics_obtained":[],"event_choices":[{"damage_healed":0.0,"max_hp_gain":0.0,"max_hp_loss":0.0,"gold_gain":75.0,"event_name":"betterThird:BetterGoop","player_choice":"Gold","floor":2.0,"gold_loss":0.0,"damage_taken":11.0}],"is_beta":false,"boss_relics":[],"items_purged_floors":[4],"is_endless":false,"potions_floor_spawned":[5],"killed_by":"Lagavulin","ascension_level":0}}