{"host":"i09pxcjttd31eh4q","time":1609524090,"event":{"mods":["AchievementEnabler","BaseMod","Colored Map","Keyboard Shortcuts","Minty Spire (QoL Compilation)","StSLib","SuperFastMode"],"gold_per_floor":[119,136,286,79,89,89,99,130,130,130,143,65,90,11,11,84,84,100,150,169,179,179,179],"floor_reached":22,"playtime":494,"items_purged":["Doubt"],"score":372,"play_id":"514ae9ff-3ea7-4181-b9bb-01c37d40afeb","local_time":"20210102030130","is_ascension_mode":true,"campfire_choices":[{"data":"Defragment","floor":6.0,"key":"SMITH"},{"data":"Heatsinks","floor":10,"key":"SMITH"},{"data":"Defragment","floor":15,"key":"SMITH"}],"circlet_count":0,"master_deck":["AscendersBane","Zap","Dualcast","Defragment+1","Heatsinks+1","Self Repair","Coolheaded","Cold Snap","Darkness","Defragment+1","Double Energy","Capacitor","Biased Cognition","Fusion","Gash","Stack","Echo Form","Hyperbeam","Aggregate","Biased Cognition","Force Field","Static Discharge","White Noise"],"relics":["Cracked Core","NeowsBlessing","Sundial","Odd Mushroom","Pandora\u0027s Box"],"acts_visited":["Exordium","TheCity"],"potions_floor_usage":[16],"damage_taken":[{"damage":0.0,"enemies":"Small Slimes","floor":1.0,"turns":1.0},{"damage":0.0,"enemies":"Jaw Worm","floor":2.0,"turns":1.0},{"damage":0.0,"enemies":"Cultist","floor":5.0,"turns":1.0},{"damage":15.0,"enemies":"Large Slime","floor":7.0,"turns":6.0},{"damage":24.0,"enemies":"Gremlin Nob","floor":8.0,"turns":4.0},{"damage":5,"enemies":"Looter","floor":11,"turns":4},{"damage":22,"enemies":"The Mushroom Lair","floor":13,"turns":7},{"damage":10,"enemies":"Slime Boss","floor":16,"turns":5},{"damage":36,"enemies":"Chosen","floor":18,"turns":6},{"damage":21,"enemies":"3 Byrds","floor":20,"turns":4},{"damage":0,"enemies":"Snecko","floor":21,"turns":4},{"damage":26,"enemies":"Centurion and Healer","floor":22,"turns":5}],"seed_played":"8555863632063884358","potions_obtained":[{"floor":1.0,"key":"FearPotion"},{"floor":5.0,"key":"SkillPotion"},{"floor":16,"key":"SteroidPotion"}],"is_trial":false,"path_per_floor":["M","M","?","$","M","R","M","E","T","R","M","$","?","$","R","B",null,"M","?","M","M","M"],"character_chosen":"DEFECT","items_purchased":["Self Repair","Coolheaded","Defragment","Capacitor"],"campfire_rested":0,"item_purchase_floors":[4,4,12,14],"current_hp_per_floor":[64,64,64,64,64,64,56,39,39,39,41,41,26,26,26,23,59,30,30,9,16,0,0],"gold":179,"neow_bonus":"THREE_ENEMY_KILL","is_daily":false,"chose_seed":false,"campfire_upgraded":3,"win_rate":0.0,"timestamp":1609524090,"path_taken":["M","M","?","$","M","R","M","E","T","R","M","$","?","?","R","BOSS","M","?","?","M","M"],"items_purchased_type":["Card","Card","Card","Card"],"build_version":"2020-12-22","purchased_purges":1,"victory":false,"max_hp_per_floor":[71,71,71,71,71,71,71,71,71,71,71,71,71,71,71,71,71,71,71,71,71,71,71],"card_choices":[{"not_picked":["Capacitor","Sweeping Beam"],"picked":"Defragment","floor":1.0},{"not_picked":["Undo","Redo"],"picked":"Heatsinks","floor":2.0},{"not_picked":["Barrage","Blizzard","Turbo"],"picked":"SKIP","floor":5.0},{"not_picked":["Turbo","Redo"],"picked":"Cold Snap","floor":7.0},{"not_picked":["Skim","Reprogram"],"picked":"Darkness","floor":8},{"not_picked":["Barrage","Redo","Go for the Eyes"],"picked":"SKIP","floor":11},{"not_picked":["Rebound","Turbo"],"picked":"Double Energy","floor":13},{"not_picked":["Thunder Strike","Electrodynamics"],"picked":"Biased Cognition","floor":16},{"not_picked":["Skim+1","Ball Lightning"],"picked":"Static Discharge","floor":18},{"not_picked":["Darkness","Stack"],"picked":"White Noise","floor":20},{"not_picked":["Streamline","Melter","Leap+1"],"picked":"SKIP","floor":21}],"player_experience":817182,"relics_obtained":[{"floor":9,"key":"Sundial"},{"floor":13,"key":"Odd Mushroom"}],"event_choices":[{"damage_healed":0.0,"max_hp_gain":0.0,"max_hp_loss":0.0,"gold_gain":150.0,"event_name":"Liars Game","player_choice":"AGREE","floor":3.0,"gold_loss":0.0,"damage_taken":0.0,"cards_obtained":["Doubt"]},{"damage_healed":0,"gold_gain":0,"player_choice":"Fought Mushrooms","damage_taken":0,"max_hp_gain":0,"max_hp_loss":0,"event_name":"Mushrooms","floor":13,"gold_loss":0},{"damage_healed":0,"gold_gain":100,"player_choice":"Bet on Murderer","damage_taken":0,"max_hp_gain":0,"max_hp_loss":0,"event_name":"The Joust","floor":19,"gold_loss":50}],"is_beta":false,"boss_relics":[{"not_picked":["SlaversCollar","Cursed Key"],"picked":"Pandora\u0027s Box"}],"items_purged_floors":[4],"is_endless":false,"potions_floor_spawned":[1,5,16],"killed_by":"Centurion and Healer","ascension_level":20}}