{"host":"j6locglyv7e0c0tm","time":1609462063,"event":{"mods":["BaseMod","Better Altar","Better Match","Better Note","Better Sensory Stone","Better Skull","Better Third Choice","Better Vampires","BetterRewards","Card Forge","Colored Powertips","Custom Start","DeckTracker","Downfall","Googly Eyes","Hermit","Highlight Path","Jorbs\u0027s Wanderer Trilogy","Marked Mod","Minty Spire (QoL Compilation)","Relic Stats","Replay The Spire","Shade Mod","Shop Mod","StSLib","Swap Starting Deck Mod","The Runesmith","TheFirefly"],"gold_per_floor":[112,112,125,52,72,102,102,116,142,142,153,179,254,269,269,372,372,385,397,414,7,25,57,57,57,57,57,157,171,171,171,81,93,93,189,189,203,203,203,223,240,240,240],"floor_reached":42,"playtime":1892,"items_purged":["stsjorbsmod:Procrastination"],"score":605,"play_id":"deb0338c-7740-4479-81f2-3f2a490236d9","local_time":"20210101114743","is_ascension_mode":false,"campfire_choices":[{"floor":10,"key":"REST"},{"floor":15,"key":"REST"},{"floor":24,"key":"REST"},{"floor":27,"key":"RECALL"},{"floor":34,"key":"REST"}],"circlet_count":0,"master_deck":["thefirefly:Strike","thefirefly:Strike","thefirefly:Defend","thefirefly:Defend","thefirefly:Defend","thefirefly:Defend","thefirefly:StealthMode","thefirefly:PhotonBlast","thefirefly:AuroralDischarge","thefirefly:Lamentation","thefirefly:EnergyShield","expansioncontent:DonusPower","thefirefly:PotentAmmunition+1","thefirefly:LaserMail","thefirefly:Prominence","thefirefly:AuroralDischarge","thefirefly:DecoyShot","thefirefly:StarCinder","Pain","thefirefly:StoredPower","thefirefly:ChargedLaser","thefirefly:CreateClone","thefirefly:NebulaVeil+1","thefirefly:SoulStrike","thefirefly:RerouteCircuit","thefirefly:LustForEternity","thefirefly:ShieldGenerator","thefirefly:ShieldGenerator","thefirefly:Prominence","thefirefly:Unburden"],"relics":["thefirefly:StealthSystem","Hammer of Thor","Seething Fire","Anvil of the Gods","Pear","Lee\u0027s Waffle","Matryoshka","ReplayTheSpireMod:CursedCoin","Replay:Baseball","WarpedTongs","Garlic","Iron Hammer","SacredBark","Replay:WaspNest","Blue Doll","Juzu Bracelet","Singing Bowl","Busted Crown"],"acts_visited":["Exordium","TheCity","TheBeyond"],"potions_floor_usage":[11,12,20,35,35,42],"damage_taken":[{"damage":0,"enemies":"Small Slimes","floor":1,"turns":3},{"damage":0,"enemies":"Jaw Worm","floor":3,"turns":3},{"damage":16,"enemies":"Cultist","floor":5,"turns":3},{"damage":17,"enemies":"3 Sentries","floor":6,"turns":4},{"damage":2,"enemies":"3 Louse","floor":8,"turns":3},{"damage":5,"enemies":"Exordium Thugs","floor":11,"turns":3},{"damage":14,"enemies":"Lagavulin","floor":12,"turns":5},{"damage":0,"enemies":"Blue Slaver","floor":14,"turns":2},{"damage":43,"enemies":"Hexaghost","floor":16,"turns":13},{"damage":7,"enemies":"Spheric Guardian","floor":18,"turns":3},{"damage":3,"enemies":"3 Byrds","floor":19,"turns":4},{"damage":3,"enemies":"Snake Plant","floor":20,"turns":5},{"damage":24,"enemies":"3 Cultists","floor":22,"turns":5},{"damage":35,"enemies":"Slavers","floor":23,"turns":4},{"damage":29,"enemies":"Shelled Parasite and Fungi","floor":29,"turns":4},{"damage":28,"enemies":"Centurion and Healer","floor":33,"turns":7},{"damage":67,"enemies":"Champ","floor":35,"turns":8},{"damage":25,"enemies":"3 Shapes","floor":37,"turns":3},{"damage":3,"enemies":"Orb Walker","floor":40,"turns":5},{"damage":12,"enemies":"4 Shapes","floor":41,"turns":4},{"damage":14,"enemies":"Reptomancer","floor":42,"turns":2}],"seed_played":"4541236423882429003","potions_obtained":[{"floor":3,"key":"ColorlessPotion"},{"floor":5,"key":"Adrenaline Potion"},{"floor":16,"key":"Toxic Potion"},{"floor":20,"key":"Death Potion"},{"floor":22,"key":"ColorlessPotion"},{"floor":35,"key":"LiquidBronze"},{"floor":37,"key":"Fire Potion"},{"floor":40,"key":"Milkshake"}],"is_trial":false,"path_per_floor":["M","?","M","$","M","E","?","M","T","R","M","E","?","M","R","B",null,"M","M","M","$","M","E","R","?","T","R","?","M","PTL","PTL","?","M","R","B",null,"M","?","?","M","M","E"],"character_chosen":"THE_FIREFLY","items_purchased":["Pear","Lee\u0027s Waffle","Matryoshka","thefirefly:AuroralDischarge","thefirefly:Lamentation","thefirefly:EnergyShield","expansioncontent:DonusPower","hexamod:EctoCoolerPotion","ReplayTheSpireMod:CursedCoin","thefirefly:Prominence","thefirefly:AuroralDischarge","Replay:WaspNest","thefirefly:RerouteCircuit"],"campfire_rested":4,"item_purchase_floors":[0,0,0,0,0,0,0,0,4,4,4,21,21],"current_hp_per_floor":[72,72,72,72,56,39,39,37,37,58,53,39,32,32,53,12,74,67,66,65,65,43,10,34,34,34,34,34,7,7,7,7,21,33,10,21,15,15,15,14,6,0,0],"gold":240,"neow_bonus":"","is_daily":false,"chose_seed":false,"campfire_upgraded":0,"win_rate":0.0,"timestamp":1609462063,"path_taken":["M","?","M","$","M","E","?","?","T","R","M","E","?","M","R","BOSS","M","M","M","$","M","E","R","?","T","R","?","M","PTL","PTL","?","M","R","BOSS","M","?","?","M","M","E"],"items_purchased_type":["Relic","Relic","Relic","Card","Card","Card","Card","Potion","Relic","Card","Card","Relic","Card"],"build_version":"2020-12-22","purchased_purges":1,"victory":false,"max_hp_per_floor":[72,72,72,72,72,72,72,72,72,72,72,72,72,72,72,74,74,74,76,78,78,80,82,82,82,82,82,82,84,84,84,84,42,42,21,21,15,15,15,17,21,21,21],"relic_stats":{"Lee\u0027s Waffle":34,"Busted Crown":40,"Singing Bowl":6,"counters":[77,441],"Juzu Bracelet":1,"obtain_stats":[{"Divine Protection":7,"Gremlin Horn":25,"thefirefly:TimeCapsule":43,"CeramicFish":48,"Hammer of Thor":0,"Ring of Searing":4,"Centennial Puzzle":26,"Sundial":9,"Iron Hammer":12,"Kunai":17,"Pear":0,"ReplayTheSpireMod:CursedCoin":4,"ReplayTheSpireMod:Ring of Addiction":4,"Replay:Grab Bag":17,"Replay:Ancient Bell":17,"War Paint":44,"Question Card":6,"WarpedTongs":7,"SlaversCollar":17,"Replay:Baseball":11,"Anvil of the Gods":0,"ReplayTheSpireMod:TigerMarble":17,"Abe\u0027s Treasure":34,"Darkstone Periapt":17,"Singing Bowl":26,"thefirefly:LongRangeScanner":7,"SacredBark":17,"Blue Doll":23,"Juzu Bracelet":37,"Replay:Multitool":17,"Replay:Mystery Machine":0,"PrismaticShard":3,"Smiling Mask":26,"Pet Ghost":9,"Chameleon Ring":4,"Matryoshka":0,"thefirefly:RepairArm":11,"Gambling Chip":22,"Red Mask":37,"thefirefly:StealthSystem":0,"Runesmith:Nanobots":30,"Lee\u0027s Waffle":0,"NeowsBlessing":0,"Quantum Egg":0,"Replay:WaspNest":21,"Omamori":0,"Seething Fire":0,"White Beast Statue":4,"thefirefly:UpgradedSystem":17,"Calling Bell":17,"Pondfish Scales":17,"Busted Crown":17,"ChewingGum":17,"Art of War":19,"Garlic":9,"Bottled Lightning":32},{"Divine Protection":38,"Gremlin Horn":26,"thefirefly:TimeCapsule":51,"CeramicFish":54,"Hammer of Thor":0,"Ring of Searing":17,"Centennial Puzzle":42,"Sundial":38,"Iron Hammer":63,"Kunai":22,"Pear":56,"ReplayTheSpireMod:CursedCoin":58,"ReplayTheSpireMod:Ring of Addiction":17,"Replay:Grab Bag":40,"Replay:Ancient Bell":22,"War Paint":52,"Question Card":4,"WarpedTongs":60,"SlaversCollar":40,"Replay:Baseball":11,"Anvil of the Gods":0,"ReplayTheSpireMod:TigerMarble":40,"Abe\u0027s Treasure":30,"Darkstone Periapt":40,"Singing Bowl":70,"thefirefly:LongRangeScanner":10,"SacredBark":65,"Blue Doll":70,"Juzu Bracelet":32,"Replay:Multitool":40,"Replay:Mystery Machine":15,"PrismaticShard":17,"Smiling Mask":26,"Pet Ghost":10,"Chameleon Ring":17,"Matryoshka":56,"thefirefly:RepairArm":19,"Gambling Chip":41,"Red Mask":47,"thefirefly:StealthSystem":0,"Runesmith:Nanobots":43,"Lee\u0027s Waffle":56,"NeowsBlessing":5,"Quantum Egg":35,"Replay:WaspNest":68,"Omamori":35,"Seething Fire":0,"White Beast Statue":17,"thefirefly:UpgradedSystem":13,"Calling Bell":40,"Pondfish Scales":22,"Busted Crown":40,"ChewingGum":40,"Art of War":14,"Garlic":61,"Bottled Lightning":44},{"Divine Protection":230,"Gremlin Horn":163,"thefirefly:TimeCapsule":305,"CeramicFish":332,"Hammer of Thor":0,"Ring of Searing":105,"Centennial Puzzle":251,"Sundial":230,"Iron Hammer":372,"Kunai":134,"Pear":348,"ReplayTheSpireMod:CursedCoin":354,"ReplayTheSpireMod:Ring of Addiction":105,"Replay:Grab Bag":243,"Replay:Ancient Bell":134,"War Paint":315,"Question Card":25,"WarpedTongs":361,"SlaversCollar":243,"Replay:Baseball":60,"Anvil of the Gods":0,"ReplayTheSpireMod:TigerMarble":243,"Abe\u0027s Treasure":191,"Darkstone Periapt":243,"Singing Bowl":408,"thefirefly:LongRangeScanner":55,"SacredBark":387,"Blue Doll":408,"Juzu Bracelet":203,"Replay:Multitool":243,"Replay:Mystery Machine":95,"PrismaticShard":105,"Smiling Mask":163,"Pet Ghost":55,"Chameleon Ring":105,"Matryoshka":348,"thefirefly:RepairArm":112,"Gambling Chip":247,"Red Mask":279,"thefirefly:StealthSystem":0,"Runesmith:Nanobots":257,"Lee\u0027s Waffle":348,"NeowsBlessing":30,"Quantum Egg":216,"Replay:WaspNest":399,"Omamori":216,"Seething Fire":0,"White Beast Statue":105,"thefirefly:UpgradedSystem":82,"Calling Bell":243,"Pondfish Scales":134,"Busted Crown":243,"ChewingGum":243,"Art of War":90,"Garlic":364,"Bottled Lightning":261}],"WarpedTongs":[65]},"card_choices":[{"not_picked":["thefirefly:DataMiner","thefirefly:ErraticMotions"],"picked":"thefirefly:PotentAmmunition","floor":1},{"not_picked":["thefirefly:FlareScreen","thefirefly:FullProjection"],"picked":"thefirefly:LaserMail","floor":3},{"not_picked":["thefirefly:Distort","thefirefly:FlakCannon"],"picked":"thefirefly:DecoyShot","floor":5},{"not_picked":["thefirefly:Bombardment","thefirefly:EMP"],"picked":"thefirefly:StarCinder","floor":6},{"not_picked":["thefirefly:QuantumTunneling","thefirefly:Rend"],"picked":"thefirefly:StoredPower","floor":8},{"not_picked":["thefirefly:AuroralDischarge","thefirefly:Lamentation"],"picked":"thefirefly:ChargedLaser","floor":11},{"not_picked":["thefirefly:ArtillleryBeam","thefirefly:FullProjection"],"picked":"thefirefly:CreateClone","floor":12},{"not_picked":["thefirefly:DataMiner","thefirefly:MirrorShield"],"picked":"thefirefly:NebulaVeil","floor":14},{"not_picked":["thefirefly:MindControl","thefirefly:RerouteCircuit"],"picked":"thefirefly:SoulStrike","floor":16},{"not_picked":["thefirefly:Bombardment","thefirefly:InterceptingShot","thefirefly:SearingEnigma"],"picked":"SKIP","floor":18},{"not_picked":["thefirefly:Pacify+1","thefirefly:ArtillleryBeam","thefirefly:SteadyAim+1"],"picked":"SKIP","floor":19},{"not_picked":["thefirefly:DecoyShot","thefirefly:FlakCannon","thefirefly:InterceptingShot"],"picked":"SKIP","floor":20},{"not_picked":["thefirefly:Distort","thefirefly:ShieldArray"],"picked":"thefirefly:LustForEternity","floor":22},{"not_picked":["thefirefly:EnergyShield","thefirefly:CoveringFire+1"],"picked":"thefirefly:ShieldGenerator","floor":23},{"not_picked":["thefirefly:EMP","thefirefly:CoveringFire"],"picked":"thefirefly:ShieldGenerator","floor":29},{"not_picked":["thefirefly:EvasiveManeuver+1","thefirefly:RollBack"],"picked":"thefirefly:Prominence","floor":33},{"not_picked":["thefirefly:Kugelblitz","thefirefly:BreachMissile"],"picked":"thefirefly:Unburden","floor":35},{"not_picked":["thefirefly:RollBack+1"],"picked":"Singing Bowl","floor":37},{"not_picked":["thefirefly:NebulaVeil+1"],"picked":"Singing Bowl","floor":40},{"not_picked":["thefirefly:SteadyAim"],"picked":"Singing Bowl","floor":41}],"player_experience":806027,"relics_obtained":[{"floor":6,"key":"Replay:Baseball"},{"floor":9,"key":"Garlic"},{"floor":12,"key":"Iron Hammer"},{"floor":23,"key":"Blue Doll"},{"floor":26,"key":"Juzu Bracelet"},{"floor":26,"key":"Singing Bowl"}],"event_choices":[{"damage_healed":0,"gold_gain":0,"player_choice":"Grow","damage_taken":0,"max_hp_gain":0,"max_hp_loss":0,"event_name":"Living Wall","floor":2,"gold_loss":0,"cards_upgraded":["thefirefly:PotentAmmunition"]},{"damage_healed":0,"gold_gain":0,"player_choice":"Rummage","damage_taken":0,"relics_obtained":["WarpedTongs"],"max_hp_gain":0,"max_hp_loss":0,"event_name":"Accursed Blacksmith","floor":7,"gold_loss":0,"cards_obtained":["Pain"]},{"damage_healed":0,"gold_gain":75,"player_choice":"Touch","damage_taken":7,"max_hp_gain":0,"max_hp_loss":0,"event_name":"FaceTrader","floor":13,"gold_loss":0},{"damage_healed":0,"gold_gain":0,"player_choice":"Got Potions","damage_taken":0,"max_hp_gain":0,"max_hp_loss":0,"event_name":"Lab","floor":25,"gold_loss":0},{"damage_healed":0,"gold_gain":100,"player_choice":"Pray","damage_taken":0,"max_hp_gain":0,"max_hp_loss":0,"event_name":"Golden Shrine","floor":28,"gold_loss":0},{"cards_removed":["thefirefly:Strike"],"damage_healed":0,"gold_gain":0,"player_choice":"Upgrade and Remove","damage_taken":0,"max_hp_gain":0,"max_hp_loss":0,"event_name":"Designer","floor":32,"gold_loss":90,"cards_upgraded":["thefirefly:NebulaVeil"]},{"cards_removed":["thefirefly:Strike"],"damage_healed":0,"gold_gain":0,"player_choice":"Purged","damage_taken":0,"max_hp_gain":0,"max_hp_loss":0,"event_name":"Purifier","floor":38,"gold_loss":0}],"is_beta":false,"boss_relics":[{"not_picked":["Replay:Bronze Core","Honey Jar"],"picked":"SacredBark"},{"not_picked":["Snecko Eye","Runic Dome"],"picked":"Busted Crown"}],"items_purged_floors":[4],"is_endless":false,"potions_floor_spawned":[3,5,8,16,20,22,23,35,37,40],"killed_by":"Reptomancer","ascension_level":0}}