{"host":"jqjg4un1gmm27ngb","time":1609486610,"event":{"mods":["AchievementEnabler","BaseMod","Block Reminder","Colored Map","Colored Powertips","DeckTracker","Minty Spire (QoL Compilation)","Quick Restart","Relic Stats"],"gold_per_floor":[115,128,5,180,191,191,211,211,283,298,315,15,30,105,105,204,204,215,226,0,0,20,20,33,33,33,48,48,48],"floor_reached":28,"playtime":2232,"items_purged":["Defend_B","Strike_B"],"score":214,"play_id":"3c3fa6f5-60af-45f1-96d2-da1f6356c658","local_time":"20210101023650","is_ascension_mode":false,"campfire_choices":[{"data":"Auto Shields","floor":6,"key":"SMITH"},{"floor":8,"key":"REST"},{"floor":15,"key":"REST"},{"floor":23,"key":"REST"},{"floor":25,"key":"REST"}],"circlet_count":0,"master_deck":["Strike_B","Strike_B","Strike_B","Defend_B","Defend_B","Defend_B","Zap","Dualcast","Auto Shields+1","Turbo","Sweeping Beam","Doubt","Chaos","Chill","Gash","Auto Shields+1","Consume+1","Heatsinks+1","Auto Shields+1","Barrage","Rip and Tear","Rebound","Redo"],"relics":["Cracked Core","Letter Opener","Happy Flower","Astrolabe","PreservedInsect","Blue Candle"],"acts_visited":["Exordium","TheCity"],"potions_floor_usage":[7,7,16,19,19,24],"damage_taken":[{"damage":0,"enemies":"Cultist","floor":1,"turns":4},{"damage":7,"enemies":"Jaw Worm","floor":2,"turns":3},{"damage":2,"enemies":"Small Slimes","floor":5,"turns":3},{"damage":20,"enemies":"Exordium Thugs","floor":7,"turns":5},{"damage":6,"enemies":"Red Slaver","floor":10,"turns":4},{"damage":0,"enemies":"2 Fungi Beasts","floor":11,"turns":2},{"damage":21,"enemies":"Exordium Wildlife","floor":13,"turns":3},{"damage":26,"enemies":"Slime Boss","floor":16,"turns":10},{"damage":15,"enemies":"3 Byrds","floor":18,"turns":7},{"damage":20,"enemies":"Shell Parasite","floor":19,"turns":10},{"damage":41,"enemies":"Centurion and Healer","floor":22,"turns":14},{"damage":15,"enemies":"Snecko","floor":24,"turns":6},{"damage":18,"enemies":"3 Cultists","floor":27,"turns":6},{"damage":27,"enemies":"Cultist and Chosen","floor":28,"turns":6}],"seed_played":"5625516678535907732","potions_obtained":[{"floor":0,"key":"Fruit Juice"},{"floor":0,"key":"PotionOfCapacity"},{"floor":0,"key":"DistilledChaos"},{"floor":7,"key":"AttackPotion"},{"floor":13,"key":"BlessingOfTheForge"},{"floor":16,"key":"Fruit Juice"},{"floor":19,"key":"Weak Potion"}],"is_trial":false,"path_per_floor":["M","M","$","?","M","R","M","R","T","M","M","$","M","?","R","B",null,"M","M","$","?","M","R","M","R","T","M","M"],"character_chosen":"DEFECT","items_purchased":["Sweeping Beam","Happy Flower","SteroidPotion","PreservedInsect","Rip and Tear"],"campfire_rested":4,"item_purchase_floors":[3,12,12,20,20],"current_hp_per_floor":[75,68,68,68,66,66,51,75,75,69,69,69,48,37,61,35,80,65,50,50,50,9,34,19,44,44,26,0,0],"gold":48,"neow_bonus":"THREE_SMALL_POTIONS","is_daily":false,"chose_seed":false,"campfire_upgraded":1,"win_rate":0.0,"timestamp":1609486610,"path_taken":["M","?","$","?","M","R","M","R","T","M","M","$","M","?","R","BOSS","M","M","$","?","M","R","?","R","T","M","M"],"items_purchased_type":["Card","Relic","Potion","Relic","Card"],"build_version":"2020-12-22","purchased_purges":2,"victory":false,"max_hp_per_floor":[75,75,75,75,75,75,80,80,80,80,80,80,80,80,80,80,80,80,85,85,85,85,85,85,85,85,85,85,85],"relic_stats":{"Happy Flower":[20],"counters":[14,83],"Astrolabe":["Auto Shields","Consume","Heatsinks"],"Blue Candle":[1],"PreservedInsect":0,"Letter Opener":[155],"obtain_stats":[{"Happy Flower":12,"Astrolabe":17,"Blue Candle":26,"PreservedInsect":20,"Letter Opener":9,"Cracked Core":0},{"Happy Flower":6,"Astrolabe":8,"Blue Candle":12,"PreservedInsect":10,"Letter Opener":4,"Cracked Core":0},{"Happy Flower":21,"Astrolabe":34,"Blue Candle":71,"PreservedInsect":51,"Letter Opener":15,"Cracked Core":0}]},"card_choices":[{"not_picked":["Static Discharge","Steam"],"picked":"Auto Shields","floor":1},{"not_picked":["Gash","Blizzard"],"picked":"Turbo","floor":2},{"not_picked":["Sweeping Beam","Steam"],"picked":"Chaos","floor":5},{"not_picked":["Aggregate","Gash"],"picked":"Chill","floor":7},{"not_picked":["Hologram","Sweeping Beam"],"picked":"Tempest","floor":10},{"not_picked":["Coolheaded","Hologram"],"picked":"Gash","floor":11},{"not_picked":["Sunder","Reinforced Body"],"picked":"Lockon","floor":13},{"not_picked":["All For One","Fission"],"picked":"Electrodynamics","floor":16},{"not_picked":["Chaos","Melter"],"picked":"Auto Shields","floor":18},{"not_picked":["Steam","Melter"],"picked":"Barrage","floor":19},{"not_picked":["Streamline","Storm+1","Recycle"],"picked":"SKIP","floor":22},{"not_picked":["Blizzard","Skim"],"picked":"Rebound","floor":24},{"not_picked":["Fusion","Compile Driver"],"picked":"Redo","floor":27}],"player_experience":159759,"relics_obtained":[{"floor":9,"key":"Letter Opener"},{"floor":26,"key":"Blue Candle"}],"event_choices":[{"damage_healed":0,"gold_gain":175,"player_choice":"AGREE","damage_taken":0,"max_hp_gain":0,"max_hp_loss":0,"event_name":"Liars Game","floor":4,"gold_loss":0,"cards_obtained":["Doubt"]},{"damage_healed":0,"gold_gain":75,"player_choice":"Gather Gold","damage_taken":11,"max_hp_gain":0,"max_hp_loss":0,"event_name":"World of Goop","floor":14,"gold_loss":0},{"damage_healed":0,"gold_gain":0,"player_choice":"Upgraded","damage_taken":0,"max_hp_gain":0,"max_hp_loss":0,"event_name":"Upgrade Shrine","floor":21,"gold_loss":0,"cards_upgraded":["Auto Shields"]}],"is_beta":false,"boss_relics":[{"not_picked":["Runic Pyramid","FrozenCore"],"picked":"Astrolabe"}],"items_purged_floors":[3,12],"is_endless":false,"potions_floor_spawned":[7,13,16,18,19],"killed_by":"Cultist and Chosen","ascension_level":0}}