{"host":"ygfasg9u7olr7skw","time":1609541120,"event":{"mods":["AchievementEnabler","BaseMod","Better Note","Better Vampires","Colored Powertips","Minty Spire (QoL Compilation)","Replay The Spire","Spicy Shops","StSLib","The IronCluck"],"gold_per_floor":[109,109,34,49,60,60,33,45,45,62,75,75,75,95,95,193,193,206,226,3,102,116,116,116],"floor_reached":23,"playtime":1298,"items_purged":["Strike_B"],"score":204,"play_id":"fed3e5f3-1a17-468e-90e8-4d72d31c2e02","local_time":"20210101174520","is_ascension_mode":true,"campfire_choices":[{"data":"Zap","floor":6,"key":"SMITH"},{"floor":13,"key":"REST"}],"circlet_count":0,"master_deck":["Strike_B","Strike_B","Defend_B","Defend_B","Defend_B","Defend_B","Zap+1","Dualcast+1","Static Discharge","Coolheaded","Panic Button","Chaos","Consume","Redo","Electrodynamics","Loop","Lockon"],"relics":["Cracked Core","Iron Hammer","Lee\u0027s Waffle"],"acts_visited":["Exordium","TheCity"],"potions_floor_usage":[16,18],"damage_taken":[{"damage":7,"enemies":"Jaw Worm","floor":1,"turns":3},{"damage":0,"enemies":"Cultist","floor":4,"turns":3},{"damage":5,"enemies":"Small Slimes","floor":5,"turns":3},{"damage":2,"enemies":"Red Slaver","floor":8,"turns":4},{"damage":1,"enemies":"Looter","floor":10,"turns":3},{"damage":17,"enemies":"Gremlin Gang","floor":11,"turns":4},{"damage":3,"enemies":"Exordium Thugs","floor":14,"turns":3},{"damage":9,"enemies":"The Guardian","floor":16,"turns":12},{"damage":7,"enemies":"Shell Parasite","floor":18,"turns":6},{"damage":17,"enemies":"Spheric Guardian","floor":19,"turns":4},{"damage":51,"enemies":"Snecko","floor":22,"turns":6},{"damage":38,"enemies":"Book of Stabbing","floor":23,"turns":4}],"seed_played":"1655167170828912812","potions_obtained":[{"floor":1,"key":"BlessingOfTheForge"},{"floor":10,"key":"LifebloodPotion"},{"floor":14,"key":"Swift Potion"},{"floor":16,"key":"Elixir"}],"is_trial":false,"path_per_floor":["M","?","$","M","M","R","$","M","T","M","M","?","R","M","R","B",null,"M","M","$","?","M","E"],"character_chosen":"DEFECT","items_purchased":["Panic Button","Lee\u0027s Waffle","Loop"],"campfire_rested":1,"item_purchase_floors":[7,20,20],"current_hp_per_floor":[75,75,75,75,70,70,70,68,68,67,50,55,79,76,76,67,82,75,58,89,89,38,0,0],"gold":116,"neow_bonus":"TEN_PERCENT_HP_BONUS","is_daily":false,"chose_seed":false,"campfire_upgraded":1,"win_rate":0.0,"timestamp":1609541120,"path_taken":["M","?","$","?","M","R","$","?","T","M","M","?","R","M","R","BOSS","M","M","$","?","M","E"],"items_purchased_type":["Card","Relic","Card"],"build_version":"2020-12-22","purchased_purges":1,"victory":false,"max_hp_per_floor":[82,82,82,82,82,82,82,82,82,82,82,82,82,82,82,82,82,82,82,89,89,89,89,89],"card_choices":[{"not_picked":["Undo","Panic Button","Turbo"],"picked":"SKIP","floor":1},{"not_picked":["Loop","Ball Lightning"],"picked":"Static Discharge","floor":4},{"not_picked":["Reprogram","Fusion"],"picked":"Coolheaded","floor":5},{"not_picked":["Redo","Steam"],"picked":"Chaos","floor":8},{"not_picked":["Aggregate","Turbo"],"picked":"Barrage","floor":10},{"not_picked":["Aggregate","Turbo","Sunder"],"picked":"SKIP","floor":11},{"not_picked":["Steam","Lockon"],"picked":"Consume","floor":14},{"not_picked":["Amplify","Mirror Shield"],"picked":"Electrodynamics","floor":16},{"not_picked":["Doom and Gloom","BootSequence","Cold Snap"],"picked":"SKIP","floor":18},{"not_picked":["BasicCrystalCard","Beam Cell","Panic Button"],"picked":"SKIP","floor":19},{"not_picked":["Double Energy+1","Ball Lightning"],"picked":"Lockon","floor":22}],"player_experience":198323,"relics_obtained":[{"floor":9,"key":"Iron Hammer"}],"event_choices":[{"damage_healed":0,"gold_gain":0,"player_choice":"Forge","damage_taken":0,"max_hp_gain":0,"max_hp_loss":0,"event_name":"Accursed Blacksmith","floor":2,"gold_loss":0,"cards_upgraded":["Dualcast"]},{"cards_removed":["Barrage"],"damage_healed":5,"gold_gain":0,"player_choice":"Offered Common","damage_taken":0,"max_hp_gain":0,"max_hp_loss":0,"event_name":"Bonfire Elementals","floor":12,"gold_loss":0},{"cards_removed":["Barrage"],"damage_healed":5,"gold_gain":0,"player_choice":"Offered Special","damage_taken":0,"max_hp_gain":0,"max_hp_loss":0,"event_name":"Bonfire Elementals","floor":12,"gold_loss":0},{"damage_healed":0,"gold_gain":99,"player_choice":"Stole From Cult","damage_taken":0,"max_hp_gain":0,"max_hp_loss":0,"event_name":"Nest","floor":21,"gold_loss":0}],"is_beta":false,"boss_relics":[{"not_picked":["Replay:Drink Me","Painkiller Herb","ChewingGum"]}],"items_purged_floors":[3],"is_endless":false,"potions_floor_spawned":[1,10,14,16],"killed_by":"Book of Stabbing","ascension_level":2}}