{"host":"ydujlihd8f5px9gp","time":1609531404,"event":{"mods":["AchievementEnabler","BaseMod","Block Reminder","Colored Map","Minty Spire (QoL Compilation)","ojb\u0027s Info Mod"],"gold_per_floor":[113,113,123,143,143,171,171,186,186,3,20,20,20,31,31,132,132,151,171,86,102,27,27,60,60,60,80,111,111,76,76,76,178,178,189,189,208,208,220,220,252,252,252,252,266,282,116,134,134,134,134],"floor_reached":50,"playtime":3180,"items_purged":["Defend_G"],"score":590,"play_id":"5e86f4df-b00b-4ab8-bd6a-d0d083795246","local_time":"20210101180324","is_ascension_mode":true,"campfire_choices":[{"data":"Blade Dance","floor":7,"key":"SMITH"},{"data":"Dash","floor":13,"key":"SMITH"},{"data":"Backstab","floor":15,"key":"SMITH"},{"data":"A Thousand Cuts","floor":23,"key":"SMITH"},{"data":"Footwork","floor":25,"key":"SMITH"},{"data":"Accuracy","floor":32,"key":"SMITH"},{"data":"Cloak And Dagger","floor":40,"key":"SMITH"},{"floor":42,"key":"REST"},{"data":"Storm of Steel","floor":49,"key":"SMITH"}],"circlet_count":0,"master_deck":["Strike_G","Strike_G","Strike_G","Defend_G","Defend_G+1","Defend_G","Survivor","Neutralize+1","Acrobatics","Masterful Stab+1","Blade Dance+1","Dagger Throw","Footwork+1","Dash+1","Backstab+1","A Thousand Cuts+1","Cloak And Dagger+1","Dash+1","Accuracy+1","Storm of Steel+1","PiercingWail+1","Cloak And Dagger+1","Slice","Burst","Secret Technique","Finisher+1","Secret Technique"],"relics":["Ring of the Snake","Happy Flower","Lantern","White Beast Statue","WristBlade","TungstenRod","Toy Ornithopter","Regal Pillow","Snake Skull","HoveringKite","Mercury Hourglass","Juzu Bracelet"],"acts_visited":["Exordium","TheCity","TheBeyond"],"potions_floor_usage":[6,16,24,28,33,46,50,50,50],"damage_taken":[{"damage":1,"enemies":"Jaw Worm","floor":1,"turns":4},{"damage":0,"enemies":"Small Slimes","floor":3,"turns":3},{"damage":0,"enemies":"2 Louse","floor":4,"turns":2},{"damage":14,"enemies":"3 Sentries","floor":6,"turns":9},{"damage":0,"enemies":"Lots of Slimes","floor":8,"turns":4},{"damage":0,"enemies":"Blue Slaver","floor":11,"turns":1},{"damage":0,"enemies":"3 Louse","floor":14,"turns":1},{"damage":0,"enemies":"Slime Boss","floor":16,"turns":7},{"damage":0,"enemies":"Spheric Guardian","floor":18,"turns":1},{"damage":0,"enemies":"3 Byrds","floor":19,"turns":3},{"damage":0,"enemies":"Snake Plant","floor":21,"turns":3},{"damage":2,"enemies":"Slavers","floor":24,"turns":2},{"damage":0,"enemies":"Snecko","floor":27,"turns":2},{"damage":6,"enemies":"Book of Stabbing","floor":28,"turns":4},{"damage":50,"enemies":"Automaton","floor":33,"turns":10},{"damage":0,"enemies":"Orb Walker","floor":35,"turns":3},{"damage":9,"enemies":"3 Darklings","floor":37,"turns":8},{"damage":3,"enemies":"Spire Growth","floor":39,"turns":4},{"damage":58,"enemies":"Giant Head","floor":41,"turns":9},{"damage":0,"enemies":"4 Shapes","floor":45,"turns":6},{"damage":0,"enemies":"Jaw Worm Horde","floor":46,"turns":1},{"damage":4,"enemies":"Writhing Mass","floor":48,"turns":6},{"damage":71,"enemies":"Awakened One","floor":50,"turns":8}],"seed_played":"5746041497504451048","potions_obtained":[{"floor":4,"key":"SteroidPotion"},{"floor":6,"key":"SmokeBomb"},{"floor":8,"key":"Ancient Potion"},{"floor":11,"key":"LiquidBronze"},{"floor":14,"key":"BlessingOfTheForge"},{"floor":16,"key":"PowerPotion"},{"floor":18,"key":"LiquidMemories"},{"floor":19,"key":"FairyPotion"},{"floor":24,"key":"Swift Potion"},{"floor":28,"key":"Energy Potion"},{"floor":33,"key":"DistilledChaos"},{"floor":35,"key":"Explosive Potion"},{"floor":41,"key":"AttackPotion"},{"floor":46,"key":"Swift Potion"}],"is_trial":false,"path_per_floor":["M","?","M","M","?","E","R","M","T","$","M","?","R","M","R","B",null,"M","M","?","M","?","R","E","R","T","M","E","?","$","$","R","B",null,"M","?","M","?","M","R","E","R","T","?","M","M","$","M","R","B"],"character_chosen":"THE_SILENT","items_purchased":["Footwork","Dash","Accuracy","Secret Technique"],"campfire_rested":1,"item_purchase_floors":[10,10,30,47],"current_hp_per_floor":[69,69,69,69,55,41,41,41,41,41,41,41,41,41,41,41,70,70,70,70,70,70,70,68,68,68,68,64,64,64,64,64,19,70,70,70,61,61,58,58,19,53,53,53,53,58,58,54,54,0,0],"gold":134,"neow_bonus":"RANDOM_COMMON_RELIC","is_daily":false,"chose_seed":false,"campfire_upgraded":8,"win_rate":0.0,"timestamp":1609531404,"path_taken":["M","?","M","M","?","E","R","M","T","?","M","?","R","?","R","BOSS","M","M","?","M","?","R","E","R","T","?","E","?","?","$","R","BOSS","M","?","M","?","M","R","E","R","T","?","M","M","$","M","R","BOSS"],"items_purchased_type":["Card","Card","Card","Card"],"build_version":"2020-12-22","purchased_purges":1,"victory":false,"max_hp_per_floor":[70,70,70,70,70,70,70,70,70,70,70,70,70,70,70,70,70,70,70,70,70,70,70,70,70,70,70,70,70,70,70,70,70,70,70,70,70,66,66,66,66,66,66,66,66,66,66,66,66,66,66],"card_choices":[{"not_picked":["Dodge and Roll","Slice","Poisoned Stab"],"picked":"SKIP","floor":1},{"not_picked":["Slice","Finisher"],"picked":"Acrobatics","floor":3},{"not_picked":["Dodge and Roll","Deflect"],"picked":"Masterful Stab","floor":4},{"not_picked":["Burst","Bane"],"picked":"Blade Dance","floor":6},{"not_picked":["Sucker Punch","Deflect"],"picked":"Dagger Throw","floor":8},{"not_picked":["Blur","Bane","Flying Knee"],"picked":"SKIP","floor":11},{"not_picked":["Sucker Punch","Deadly Poison"],"picked":"Backstab","floor":14},{"not_picked":["Malaise","Unload"],"picked":"A Thousand Cuts","floor":16},{"not_picked":["Dagger Spray","PiercingWail"],"picked":"Cloak And Dagger","floor":18},{"not_picked":["Acrobatics+1","Quick Slash","Sucker Punch+1"],"picked":"SKIP","floor":19},{"not_picked":["Bouncing Flask","Escape Plan","Tactician"],"picked":"SKIP","floor":21},{"not_picked":["Prepared","Masterful Stab"],"picked":"Dash+1","floor":24},{"not_picked":["Predator","Sucker Punch","Heel Hook+1"],"picked":"SKIP","floor":27},{"not_picked":["Crippling Poison","Unload","Outmaneuver"],"picked":"SKIP","floor":28},{"not_picked":["After Image","Glass Knife"],"picked":"Storm of Steel","floor":33},{"not_picked":["Blur+1","Dodge and Roll"],"picked":"PiercingWail+1","floor":35},{"not_picked":["Footwork+1","Dagger Throw+1"],"picked":"Cloak And Dagger+1","floor":37},{"not_picked":["Quick Slash","Poisoned Stab+1"],"picked":"Slice","floor":39},{"not_picked":["Riddle With Holes","Backflip+1"],"picked":"Burst","floor":41},{"not_picked":["Impatience","Trip"],"picked":"Secret Technique","floor":44},{"not_picked":["Poisoned Stab","Catalyst+1"],"picked":"Finisher+1","floor":45},{"not_picked":["PiercingWail","Deadly Poison","Bane+1"],"picked":"SKIP","floor":46},{"not_picked":["Choke+1","Poisoned Stab","Flying Knee"],"picked":"SKIP","floor":48}],"player_experience":91558,"relics_obtained":[{"floor":6,"key":"Lantern"},{"floor":9,"key":"White Beast Statue"},{"floor":24,"key":"Toy Ornithopter"},{"floor":26,"key":"Regal Pillow"},{"floor":28,"key":"Snake Skull"},{"floor":41,"key":"Mercury Hourglass"},{"floor":43,"key":"Juzu Bracelet"}],"event_choices":[{"damage_healed":0,"gold_gain":0,"player_choice":"Grow","damage_taken":0,"max_hp_gain":0,"max_hp_loss":0,"event_name":"Living Wall","floor":2,"gold_loss":0,"cards_upgraded":["Neutralize"]},{"damage_healed":0,"gold_gain":0,"player_choice":"Entered Light","damage_taken":14,"max_hp_gain":0,"max_hp_loss":0,"event_name":"Shining Light","floor":5,"gold_loss":0,"cards_upgraded":["Defend_G","Masterful Stab"]},{"cards_removed":["Defend_G"],"damage_healed":0,"gold_gain":0,"player_choice":"Offered Basic","damage_taken":0,"max_hp_gain":0,"max_hp_loss":0,"event_name":"Bonfire Elementals","floor":12,"gold_loss":0},{"damage_healed":0,"gold_gain":0,"player_choice":"Obtained Relic","damage_taken":0,"relics_obtained":["TungstenRod"],"max_hp_gain":0,"max_hp_loss":0,"event_name":"Addict","floor":20,"gold_loss":85},{"cards_removed":["Strike_G"],"damage_healed":0,"gold_gain":0,"player_choice":"Gave Gold","damage_taken":0,"max_hp_gain":0,"max_hp_loss":0,"event_name":"Beggar","floor":22,"gold_loss":75},{"damage_healed":0,"gold_gain":0,"player_choice":"Ignored","damage_taken":0,"max_hp_gain":0,"max_hp_loss":0,"event_name":"Vampires","floor":29,"gold_loss":0},{"cards_removed":["Strike_G"],"damage_healed":0,"gold_gain":0,"player_choice":"Removed Attack","damage_taken":0,"max_hp_gain":0,"max_hp_loss":0,"event_name":"Falling","floor":36,"gold_loss":0},{"damage_healed":0,"gold_gain":0,"player_choice":"Max HP","damage_taken":0,"max_hp_gain":0,"max_hp_loss":4,"event_name":"Winding Halls","floor":38,"gold_loss":0},{"damage_healed":0,"gold_gain":0,"player_choice":"Memory 1","damage_taken":0,"max_hp_gain":0,"max_hp_loss":0,"event_name":"SensoryStone","floor":44,"gold_loss":0}],"is_beta":false,"boss_relics":[{"not_picked":["Runic Dome","Ring of the Serpent"],"picked":"WristBlade"},{"not_picked":["Pandora\u0027s Box","Coffee Dripper"],"picked":"HoveringKite"}],"items_purged_floors":[10],"is_endless":false,"potions_floor_spawned":[4,6,8,11,14,16,18,19,21,24,27,28,33,35,37,39,41,45,46,48],"killed_by":"Awakened One","ascension_level":1}}