{"host":"df48i9djcn92c5sx","time":1609521879,"event":{"mods":["BaseMod","Downfall","Marisa£®ÏF”Í°°ƒß¿Ì…≥£©","Minty Spire (QoL Compilation)","READ ME - Guardian Mod","READ ME - Snecko Mod","Reimu£®≤©¿ˆ¡È√Œ£©","Remilia£®¿Ÿ√◊¿Ú—«£©","Replay The Spire","Shop Mod","StSLib","The Jungle","The Servant 0.9.4"],"gold_per_floor":[111,111,131,131,147,147,23,23,49,49,63,90,90,117,117,193,193,203,203,203,128,128,128,28,28,28,28,41,60,118,195,195,195,195],"floor_reached":33,"playtime":923,"items_purged":["Looming Evil","Zap"],"score":474,"play_id":"81754761-e8de-425d-a38d-86f0cbdca797","local_time":"20210102012439","is_ascension_mode":true,"campfire_choices":[{"data":"ReplayTheSpireMod:Fabricate Wheel","floor":6.0,"key":"SMITH"},{"data":"Hyperbeam","floor":8.0,"key":"SMITH"},{"data":"Beam Cell","floor":10.0,"key":"SMITH"},{"data":"Conserve Battery","floor":15.0,"key":"SMITH"},{"data":"Go for the Eyes","floor":23,"key":"SMITH"},{"data":"Steam","floor":25,"key":"SMITH"},{"data":"Hologram","floor":27,"key":"SMITH"},{"floor":32,"key":"DIG"}],"circlet_count":0,"master_deck":["AscendersBane","Strike_B","Strike_B","Strike_B","Defend_B","Defend_B","Defend_B","Dualcast","Conserve Battery+1","Hyperbeam+1","Beam Cell+1","Go for the Eyes+1","Turbo","Hologram+1","Leap","All For One","Steam+1","Genetic Algorithm"],"relics":["Cracked Core","Akabeko","Prayer Wheel","Quantum Egg","Pondfish Scales","expansioncontent:StudyCardRelic","MutagenicStrength","ReplayTheSpireMod:Ring of Challenge","Replay:WaspNest","Bag of Preparation","Centennial Puzzle"],"acts_visited":["Exordium","TheCity"],"potions_floor_usage":[29,33],"damage_taken":[{"damage":0.0,"enemies":"2 Louse","floor":1.0,"turns":3.0},{"damage":16.0,"enemies":"Small Slimes","floor":3.0,"turns":4.0},{"damage":0.0,"enemies":"Cultist","floor":5.0,"turns":4.0},{"damage":0.0,"enemies":"2 Fungi Beasts","floor":11.0,"turns":1.0},{"damage":37.0,"enemies":"Gremlin Nob","floor":12.0,"turns":5.0},{"damage":23.0,"enemies":"Lagavulin","floor":14.0,"turns":4.0},{"damage":30.0,"enemies":"Hexaghost","floor":16.0,"turns":9.0},{"damage":6.0,"enemies":"2 Thieves","floor":18.0,"turns":2.0},{"damage":0,"enemies":"Shell Parasite","floor":28,"turns":2},{"damage":0,"enemies":"3 Cultists","floor":29,"turns":2},{"damage":26,"enemies":"Snake Plant","floor":30,"turns":3},{"damage":18,"enemies":"Replay:Snechameleon","floor":31,"turns":5},{"damage":41,"enemies":"Collector","floor":33,"turns":5}],"seed_played":"4877520237588257893","potions_obtained":[{"floor":1.0,"key":"CultistPotion"},{"floor":14.0,"key":"CultistPotion"},{"floor":16.0,"key":"ColorlessPotion"},{"floor":18.0,"key":"Slimebound:ThreeZeroPotion"}],"is_trial":false,"path_per_floor":["M","?","M","?","M","R","$","R","T","R","M","E","?","E","R","B",null,"M","?","?","$","?","R","$","R","T","R","M","M","M","E","R","B"],"character_chosen":"DEFECT","items_purchased":["Beam Cell","Go for the Eyes","Turbo"],"campfire_rested":0,"item_purchase_floors":[7,7,7],"current_hp_per_floor":[64,64,48,48,48,48,48,48,48,48,48,11,81,58,58,28,68,62,62,62,62,78,78,78,78,78,78,78,78,52,34,34,0,0],"gold":195,"neow_bonus":"ONE_RANDOM_RARE_CARD","is_daily":false,"chose_seed":false,"campfire_upgraded":7,"win_rate":0.0,"timestamp":1609521879,"path_taken":["M","?","M","?","?","R","$","R","T","R","M","E","?","E","R","BOSS","M","?","?","$","?","R","$","R","T","R","M","M","?","E","R","BOSS"],"items_purchased_type":["Card","Card","Card"],"build_version":"2020-12-22","purchased_purges":2,"victory":false,"max_hp_per_floor":[71,71,71,71,71,71,71,71,71,71,71,71,81,81,81,81,81,81,81,81,81,81,81,81,81,81,81,81,81,81,81,81,81,81],"card_choices":[{"not_picked":["Double Energy","Recycle"],"picked":"Conserve Battery","floor":1.0},{"not_picked":["Recycle","Turbo","Skim"],"picked":"SKIP","floor":3.0},{"not_picked":["Redo","Recycle"],"picked":"Hyperbeam","floor":5.0},{"not_picked":["BasicCrystalCard","ReplayTheSpireMod:GoodbyeWorld","Go for the Eyes"],"picked":"SKIP","floor":11.0},{"not_picked":["Loop","Redo"],"picked":"Hologram","floor":12.0},{"not_picked":["Undo","Chill"],"picked":"Leap","floor":14.0},{"not_picked":["Core Surge","Reboot"],"picked":"All For One","floor":16.0},{"not_picked":["Redo+1","Beam Cell"],"picked":"Steam","floor":18.0},{"not_picked":["Tempest","ReplayTheSpireMod:Repulse","Chaos"],"picked":"SKIP","floor":18.0},{"not_picked":["Rebound","Darkness","Compile Driver"],"picked":"SKIP","floor":28},{"not_picked":["Compile Driver","Skim+1","Conserve Battery"],"picked":"SKIP","floor":28},{"not_picked":["Turbo","Conserve Battery"],"picked":"Genetic Algorithm","floor":29},{"not_picked":["Double Energy","Sweeping Beam+1","Time Bomb"],"picked":"SKIP","floor":29},{"not_picked":["Redo","BasicCrystalCard","White Noise"],"picked":"SKIP","floor":30},{"not_picked":["Leap+1","Rainbow","Undo"],"picked":"SKIP","floor":30},{"not_picked":["Turbo","Doom and Gloom","ReplayTheSpireMod:System Scan"],"picked":"SKIP","floor":31}],"player_experience":1384616,"relics_obtained":[{"floor":9.0,"key":"Akabeko"},{"floor":12.0,"key":"Quantum Egg"},{"floor":14.0,"key":"Pondfish Scales"},{"floor":20,"key":"ReplayTheSpireMod:Ring of Challenge"},{"floor":26,"key":"Replay:WaspNest"},{"floor":31,"key":"Bag of Preparation"},{"floor":32,"key":"Centennial Puzzle"}],"event_choices":[{"cards_removed":["Strike_B"],"damage_healed":0.0,"max_hp_gain":0.0,"max_hp_loss":0.0,"gold_gain":0.0,"event_name":"Purifier","player_choice":"Purged","floor":4.0,"gold_loss":0.0,"damage_taken":0.0},{"cards_removed":["Buffer"],"damage_healed":60.0,"max_hp_gain":10.0,"max_hp_loss":0.0,"gold_gain":0.0,"event_name":"Bonfire Elementals","player_choice":"Offered Rare","floor":13.0,"gold_loss":0.0,"damage_taken":0.0},{"damage_healed":0.0,"max_hp_gain":0.0,"max_hp_loss":0.0,"gold_gain":0.0,"event_name":"Drug Dealer","player_choice":"Inject Mutagens","floor":19.0,"gold_loss":0.0,"damage_taken":0.0,"relics_obtained":["MutagenicStrength"]},{"damage_healed":16,"gold_gain":0,"player_choice":"Heal","damage_taken":0,"max_hp_gain":0,"max_hp_loss":0,"event_name":"The Library","floor":22,"gold_loss":0}],"is_beta":false,"boss_relics":[{"not_picked":["Black Star","FrozenCore"],"picked":"expansioncontent:StudyCardRelic"}],"items_purged_floors":[21,24],"is_endless":false,"potions_floor_spawned":[1,14,16,18,28],"killed_by":"Collector","ascension_level":15}}