{"host":"07w92xc562nr1xn4","time":1609483935,"event":{"mods":["BaseMod","Colored Map","Colored Powertips","Minty Spire (QoL Compilation)","Quick Restart","Replay The Spire","StSLib","The Servant 0.9.4"],"gold_per_floor":[116,131,142,154,66,99,99,99,99,193,193,228,228,245,245,340,340,360,360,372,134,152,152,164,164,164,264,278,303,320,351,351,453,453,473,473,473,111,161,161,177,205,205,215,215,235,235,248,248,248,248,248,92,125,125],"floor_reached":56,"playtime":6527,"items_purged":["Strike_S","Strike_S"],"score":1602,"play_id":"a5c1c2a1-f787-4426-9dc8-b038d2b23694","local_time":"20210101015215","is_ascension_mode":false,"campfire_choices":[{"data":"Foresight","floor":7.0,"key":"SMITH"},{"data":"Replace","floor":11.0,"key":"SMITH"},{"floor":13.0,"key":"REST"},{"data":"Apotheosis","floor":23.0,"key":"SMITH"},{"data":"WasteNot","floor":25.0,"key":"SMITH"},{"floor":32.0,"key":"DIG"},{"floor":40.0,"key":"DIG"},{"floor":45.0,"key":"RECALL"},{"data":"TimeWarp","floor":47.0,"key":"SMITH"},{"floor":49.0,"key":"DIG"},{"floor":52,"key":"DIG"}],"circlet_count":0,"master_deck":["Defend_S","Defend_S","Defend_S","Defend_S","KidneyShot","Exchange","Spin","Defy","Potential","Rearm","Foresight+1","Potential","SurpressingFire","Alleviate","Replace+1","TheWorld+1","ShatteredReality","PendulumOfEternity","Rewind","TimeWarp+1","Apotheosis+1","Replace","WasteNot+1","Luminosity+1","Starlight","Deny","Parasite","Moondial+1"],"relics":["Uniform","Replay:Wax Seal","Kunai","ReplayTheSpireMod:TigerMarble","Bronze Scales","StoneMask","ReplayTheSpireMod:Ninjato","Ancient Tea Set","Shovel","Strawberry","Busted Crown","Ring of Fury","ReplayTheSpireMod:Ring of Exchange","Replay:WaspNest","Replay:PocketPolymizer","Potion Belt","Toy Ornithopter","Bag of Marbles","Bottled Lightning","Broom","Quantum Egg"],"acts_visited":["Exordium","TheCity","TheBeyond","TheEnding"],"potions_floor_usage":[54,55,55,55,55,55,55],"damage_taken":[{"damage":5.0,"enemies":"Small Slimes","floor":1.0,"turns":5.0},{"damage":0.0,"enemies":"2 Louse","floor":2.0,"turns":1.0},{"damage":1.0,"enemies":"Jaw Worm","floor":3.0,"turns":5.0},{"damage":0.0,"enemies":"Lots of Slimes","floor":4.0,"turns":1.0},{"damage":23.0,"enemies":"Lagavulin","floor":6.0,"turns":10.0},{"damage":18.0,"enemies":"3 Sentries","floor":12.0,"turns":7.0},{"damage":0.0,"enemies":"2 Fungi Beasts","floor":14.0,"turns":2.0},{"damage":18.0,"enemies":"Slime Boss","floor":16.0,"turns":6.0},{"damage":12.0,"enemies":"2 Thieves","floor":18.0,"turns":2.0},{"damage":2.0,"enemies":"Chosen","floor":20.0,"turns":4.0},{"damage":6.0,"enemies":"Snake Plant","floor":22.0,"turns":4.0},{"damage":0.0,"enemies":"Centurion and Healer","floor":24.0,"turns":4.0},{"damage":0.0,"enemies":"Snecko","floor":28.0,"turns":4.0},{"damage":1.0,"enemies":"Gremlin Leader","floor":29.0,"turns":4.0},{"damage":0.0,"enemies":"Snake Plant","floor":30.0,"turns":2.0},{"damage":14.0,"enemies":"Book of Stabbing","floor":31.0,"turns":5.0},{"damage":0.0,"enemies":"Pondfish","floor":33.0,"turns":7.0},{"damage":9.0,"enemies":"3 Darklings","floor":35.0,"turns":2.0},{"damage":0.0,"enemies":"Mind Bloom Boss Battle","floor":39.0,"turns":6.0},{"damage":4.0,"enemies":"3 Shapes","floor":41.0,"turns":3.0},{"damage":0.0,"enemies":"Giant Head","floor":42.0,"turns":5.0},{"damage":1.0,"enemies":"Writhing Mass","floor":44.0,"turns":5.0},{"damage":14.0,"enemies":"Jaw Worm Horde","floor":46.0,"turns":3.0},{"damage":6.0,"enemies":"4 Shapes","floor":48.0,"turns":2.0},{"damage":47,"enemies":"Awakened One","floor":50,"turns":8},{"damage":17,"enemies":"Shield and Spear","floor":54,"turns":4},{"damage":67,"enemies":"The Heart","floor":55,"turns":6}],"seed_played":"554146625968497760","potions_obtained":[{"floor":4.0,"key":"Weak Potion"},{"floor":6.0,"key":"EntropicBrew"},{"floor":18.0,"key":"Elixir"},{"floor":22.0,"key":"LiquidMemories"},{"floor":39.0,"key":"GamblersBrew"},{"floor":44.0,"key":"Weak Potion"},{"floor":48.0,"key":"Languid Potion"},{"floor":54,"key":"Energy Potion"}],"is_trial":false,"path_per_floor":["M","M","M","M","$","E","R","?","T","?","R","E","R","M","R_BF","B",null,"M","?","M","$","M","R","M","R","T","?","M","E","M","E","R","B",null,"M","?","?","$","?","R","M","E","T","M","R","M","R","M","R","B",null,"R","$","E","B",null],"character_chosen":"THE_SERVANT","items_purchased":["Foresight","Potential","Apotheosis","Replay:WaspNest","Broom"],"campfire_rested":1,"item_purchase_floors":[5,5,21,38,53],"current_hp_per_floor":[60,60,59,59,59,36,36,33,33,33,33,15,34,34,53,35,65,59,59,60,60,57,57,63,63,63,63,66,68,71,60,67,73,84,78,78,78,78,81,81,85,88,88,90,90,84,84,90,90,55,102,102,102,96,61],"gold":125,"neow_bonus":"REMOVE_CARD","is_daily":false,"chose_seed":false,"campfire_upgraded":5,"win_rate":0.0,"timestamp":1609483935,"path_taken":["M","M","M","M","$","E","R","?","T","?","R","E","R","M","R_BF","BOSS","M","?","M","$","?","R","M","R","T","?","M","E","M","E","R","BOSS","M","?","?","$","?","R","M","E","T","?","R","M","R","M","R","BOSS","R","$","E","BOSS"],"items_purchased_type":["Card","Card","Card","Relic","Relic"],"build_version":"2020-12-22","purchased_purges":2,"victory":true,"max_hp_per_floor":[65,65,65,65,65,65,65,65,65,65,65,65,65,65,65,65,65,67,67,68,68,69,69,71,71,71,71,72,73,74,75,82,84,84,85,85,85,85,86,86,89,90,90,91,91,94,94,98,98,102,102,102,102,104,105],"card_choices":[{"not_picked":["Ricochet","TimeTheft"],"picked":"Spin","floor":1.0},{"not_picked":["SilverBlades","Advance"],"picked":"Defy","floor":2.0},{"not_picked":["TimeWarp","Unruled"],"picked":"Potential","floor":3.0},{"not_picked":["Ricochet","Unruled"],"picked":"Rearm","floor":4.0},{"not_picked":["Defy","WasteNot","Rearm"],"picked":"SKIP","floor":6.0},{"not_picked":["Desolation","Spin"],"picked":"SurpressingFire","floor":10.0},{"not_picked":["Rewind","DualDimension"],"picked":"Alleviate","floor":10.0},{"not_picked":["Rewind","Collapse"],"picked":"Replace","floor":10.0},{"not_picked":["DoubleEdge","FlawlessForm"],"picked":"TheWorld","floor":12.0},{"not_picked":["Unruled","Advance"],"picked":"ShatteredReality","floor":14.0},{"not_picked":["TrueSight","SilverMatrix"],"picked":"PendulumOfEternity","floor":16.0},{"not_picked":["DualDimension","Moonlight"],"picked":"Rewind","floor":18.0},{"not_picked":["ShatteredReality","Rewind+1"],"picked":"TimeWarp","floor":20.0},{"not_picked":["Rearm","FastForward+1"],"picked":"Replace","floor":22.0},{"not_picked":["Revamp+1","Spin"],"picked":"WasteNot","floor":24.0},{"not_picked":["Replace","WasteNot","Reset"],"picked":"SKIP","floor":28.0},{"not_picked":["Potential+1","MurderousAura"],"picked":"Luminosity+1","floor":29.0},{"not_picked":["TimeTheft","ShatteredReality","DualDimension"],"picked":"SKIP","floor":30.0},{"not_picked":["Misdirection+1","Barrier"],"picked":"Starlight","floor":31.0},{"not_picked":["ForgedInTime","MurderousAura"],"picked":"Deny","floor":33.0},{"not_picked":["TimeWarp+1"],"picked":"SKIP","floor":35.0},{"not_picked":["Hightail"],"picked":"SKIP","floor":41.0},{"not_picked":["Luminosity"],"picked":"SKIP","floor":42.0},{"not_picked":["FastForward+1"],"picked":"SKIP","floor":44.0},{"not_picked":["SilverBlades+1"],"picked":"SKIP","floor":46.0},{"not_picked":[],"picked":"Moondial+1","floor":48.0},{"not_picked":["Shuttle"],"picked":"SKIP","floor":54}],"player_experience":655471,"relics_obtained":[{"floor":6.0,"key":"Replay:Wax Seal"},{"floor":9.0,"key":"ReplayTheSpireMod:TigerMarble"},{"floor":12.0,"key":"Bronze Scales"},{"floor":26.0,"key":"ReplayTheSpireMod:Ninjato"},{"floor":29.0,"key":"Ancient Tea Set"},{"floor":31.0,"key":"Shovel"},{"floor":32.0,"key":"Strawberry"},{"floor":37.0,"key":"Ring of Fury"},{"floor":37.0,"key":"ReplayTheSpireMod:Ring of Exchange"},{"floor":39.0,"key":"Replay:PocketPolymizer"},{"floor":40.0,"key":"Potion Belt"},{"floor":42.0,"key":"Toy Ornithopter"},{"floor":49.0,"key":"Bag of Marbles"},{"floor":52,"key":"Bottled Lightning"},{"floor":54,"key":"Quantum Egg"}],"event_choices":[{"damage_healed":0.0,"max_hp_gain":0.0,"max_hp_loss":0.0,"gold_gain":0.0,"event_name":"Scrap Ooze","player_choice":"Success","floor":8.0,"gold_loss":0.0,"damage_taken":3.0,"relics_obtained":["Kunai"]},{"cards_removed":["Strike_S"],"damage_healed":0.0,"max_hp_gain":0.0,"max_hp_loss":0.0,"gold_gain":0.0,"event_name":"Bonfire Elementals","player_choice":"Offered Basic","floor":19.0,"gold_loss":0.0,"damage_taken":0.0},{"damage_healed":0.0,"max_hp_gain":0.0,"max_hp_loss":0.0,"gold_gain":100.0,"event_name":"Golden Shrine","player_choice":"Pray","floor":27.0,"gold_loss":0.0,"damage_taken":0.0},{"damage_healed":0.0,"max_hp_gain":0.0,"max_hp_loss":0.0,"gold_gain":0.0,"event_name":"Tomb of Lord Red Mask","player_choice":"Ignored","floor":36.0,"gold_loss":0.0,"damage_taken":0.0},{"damage_healed":0.0,"max_hp_gain":0.0,"max_hp_loss":0.0,"gold_gain":0.0,"event_name":"MindBloom","player_choice":"Fight","floor":39.0,"gold_loss":0.0,"damage_taken":0.0}],"is_beta":false,"boss_relics":[{"not_picked":["Pandora\u0027s Box","Replay:Ancient Bell"],"picked":"StoneMask"},{"not_picked":["ReplayTheSpireMod:DimensionalGlitch","Coffee Dripper"],"picked":"Busted Crown"}],"items_purged_floors":[21,38],"is_endless":false,"potions_floor_spawned":[4,6,18,22,28,39,44,48,54],"ascension_level":0}}