{"host":"ygfasg9u7olr7skw","time":1609531099,"event":{"mods":["AchievementEnabler","BaseMod","Better Note","Better Vampires","Colored Powertips","Minty Spire (QoL Compilation)","Replay The Spire","Spicy Shops","StSLib","The IronCluck"],"gold_per_floor":[119,131,151,426,440,440,454,465,488,47,47,47,65,95,95,95,95],"floor_reached":16,"playtime":908,"items_purged":["Regret"],"score":114,"play_id":"8bafabe3-aa24-4a93-9b58-60bb9eb7e0e9","local_time":"20210101145819","is_ascension_mode":true,"campfire_choices":[{"floor":6,"key":"REST"},{"floor":12,"key":"REST"},{"floor":15,"key":"REST"}],"circlet_count":0,"master_deck":["Strike_B","Strike_B","Strike_B","Strike_B","Defend_B","Defend_B","Defend_B","Defend_B","Zap","Dualcast","Redo","Compile Driver","Fusion+1","Tempest","Ball Lightning"],"relics":["Cracked Core","Regal Pillow","Replay:Rubber Ducky","Replay:Wax Seal","Replay:Frozen Program","MealTicket","Letter Opener","Darkstone Periapt"],"acts_visited":["Exordium"],"potions_floor_usage":[16],"damage_taken":[{"damage":1,"enemies":"Cultist","floor":1,"turns":3},{"damage":4,"enemies":"Jaw Worm","floor":2,"turns":3},{"damage":2,"enemies":"2 Louse","floor":3,"turns":2},{"damage":15,"enemies":"Looter","floor":5,"turns":4},{"damage":14,"enemies":"Red Slaver","floor":7,"turns":4},{"damage":16,"enemies":"Exordium Wildlife","floor":8,"turns":6},{"damage":20,"enemies":"Gremlin Gang","floor":13,"turns":4},{"damage":19,"enemies":"Gremlin Nob","floor":14,"turns":4},{"damage":90,"enemies":"Fading Forest","floor":16,"turns":9}],"seed_played":"7994882861315703489","potions_obtained":[{"floor":2,"key":"PotionOfCapacity"},{"floor":3,"key":"BlessingOfTheForge"},{"floor":5,"key":"PotionOfCapacity"},{"floor":7,"key":"Fire Potion"}],"is_trial":false,"path_per_floor":["M","M","M","?","M","R","M","M","T","$","T","R","M","E","R","B"],"character_chosen":"DEFECT","items_purchased":["Fusion+1","Replay:Wax Seal","Replay:Frozen Program","MealTicket"],"campfire_rested":3,"item_purchase_floors":[10,10,10,10],"current_hp_per_floor":[74,70,68,68,53,75,61,45,45,45,45,75,55,36,73,0,0],"gold":95,"neow_bonus":"RANDOM_COMMON_RELIC","is_daily":false,"chose_seed":false,"campfire_upgraded":0,"win_rate":0.0,"timestamp":1609531099,"path_taken":["M","?","M","?","?","R","M","M","T","?","?","R","?","E","R","BOSS"],"items_purchased_type":["Card","Relic","Relic","Relic"],"build_version":"2020-12-22","purchased_purges":1,"victory":false,"max_hp_per_floor":[75,75,75,75,75,75,75,75,75,75,75,75,75,75,75,75,75],"card_choices":[{"not_picked":["Coolheaded","BasicCrystalCard","Stack"],"picked":"SKIP","floor":1},{"not_picked":["Sunder","ReplayTheSpireMod:GoodbyeWorld","FIFO Queue"],"picked":"SKIP","floor":2},{"not_picked":["Reinforced Body","Aggregate","Conserve Battery"],"picked":"SKIP","floor":3},{"not_picked":["Force Field","Go for the Eyes"],"picked":"Redo","floor":5},{"not_picked":["BasicCrystalCard","Turbo","ReplayTheSpireMod:Repulse"],"picked":"SKIP","floor":7},{"not_picked":["Go for the Eyes","Steam Power"],"picked":"Compile Driver","floor":8},{"not_picked":["Panic Button","Go for the Eyes"],"picked":"Tempest","floor":13},{"not_picked":["ReplayTheSpireMod:Fabricate Wheel","Scrape"],"picked":"Ball Lightning","floor":14}],"player_experience":197023,"relics_obtained":[{"floor":9,"key":"Replay:Rubber Ducky"},{"floor":11,"key":"Letter Opener"},{"floor":14,"key":"Darkstone Periapt"}],"event_choices":[{"damage_healed":0,"gold_gain":275,"player_choice":"Desecrate","damage_taken":0,"max_hp_gain":0,"max_hp_loss":0,"event_name":"Golden Shrine","floor":4,"gold_loss":0,"cards_obtained":["Regret"]}],"is_beta":false,"boss_relics":[],"items_purged_floors":[10],"is_endless":false,"potions_floor_spawned":[2,3,5,7,13],"killed_by":"Fading Forest","ascension_level":2}}