{"host":"qy7jow5usmjkdnnq","time":1609464023,"event":{"mods":["BaseMod","Colored Map","Downfall","Minty Spire (QoL Compilation)","Permanent Neow","Relic Stats","StSLib"],"gold_per_floor":[99,112,126,10,10,29,97,123,223,223,248,248,261,272,291,394,394,394,404,119,219,238,263,332,121,148,167,67,101,101,114,132,236,236,236,256,270,322,322,348,430,330,320,320,339,339,371,271,286,286,286,315,35,35,35],"floor_reached":56,"playtime":6551,"items_purged":["bronze:Invalidate","bronze:Strike","bronze:Strike"],"score":1640,"play_id":"755fda61-bee7-4a9f-9cd9-83c06a95e676","local_time":"20210101022023","is_ascension_mode":true,"campfire_choices":[{"data":"bronze:Assembly","floor":1.0,"key":"SMITH"},{"floor":10.0,"key":"REST"},{"data":"bronze:OilSpill","floor":12.0,"key":"SMITH"},{"floor":18.0,"key":"RECALL"},{"floor":28,"key":"REST"},{"data":"Sadistic Nature","floor":30,"key":"SMITH"},{"data":"bronze:OilSpill","floor":35,"key":"SMITH"},{"data":"bronze:OilSpill","floor":42,"key":"SMITH"},{"data":"bronze:CopyPaste","floor":44,"key":"SMITH"},{"data":"bronze:CopyPaste","floor":48,"key":"SMITH"},{"data":"bronze:Goto","floor":54,"key":"SMITH"}],"circlet_count":0,"master_deck":["bronze:Strike+1","bronze:Strike","bronze:Defend+1","bronze:Defend","bronze:Defend","bronze:Defend","bronze:Replicate+1","bronze:Goto+1","bronze:Assembly+1","bronze:DelayedGuard","bronze:GetLatest","bronze:OilSpill+1","bronze:OilSpill+1","bronze:Frontload+1","bronze:Shell","bronze:GetLatest+1","bronze:CopyPaste+1","bronze:OilSpill+1","bronze:Deprecate+1","Sadistic Nature+1","bronze:Branch+1","bronze:FindAndReplace","bronze:DelayedGuard","bronze:OilSpill+1","bronze:Repulsor+1","CurseOfTheBell","bronze:Branch+1","bronze:CopyPaste+1","bronze:HardenedForm+1","bronze:OilSpill+1","bronze:Frontload+1","bronze:CleanCode+1"],"relics":["bronze:BronzeCore","White Beast Statue","Smiling Mask","downfall:GremlinWheel","Tiny Chest","Philosopher\u0027s Stone","Guardian:PocketSentry","Bottled Lightning","Happy Flower","Thread and Needle","downfall:HeartBlessingRed","Frozen Egg 2","Calling Bell","Ice Cream","Mercury Hourglass","sneckomod:BlankCard","StoneCalendar","Mummified Hand","downfall:HeartBlessingBlue","War Paint","bronze:CableSpool","Toxic Egg 2","downfall:HeartBlessingGreen","Nunchaku","Membership Card","Blue Candle"],"acts_visited":["Exordium","TheCity","TheBeyond","TheEnding"],"potions_floor_usage":[23,26,26,55,55],"damage_taken":[{"damage":6.0,"enemies":"Jaw Worm","floor":2.0,"turns":5.0},{"damage":2.0,"enemies":"Small Slimes","floor":3.0,"turns":4.0},{"damage":0.0,"enemies":"downfall:FleeingMerchant","floor":4.0,"turns":4.0},{"damage":2.0,"enemies":"Cultist","floor":6.0,"turns":5.0},{"damage":22.0,"enemies":"Lagavulin","floor":8.0,"turns":8.0},{"damage":18.0,"enemies":"Lagavulin","floor":9.0,"turns":4.0},{"damage":22.0,"enemies":"Gremlin Nob","floor":11.0,"turns":4.0},{"damage":6.0,"enemies":"2 Fungi Beasts","floor":13.0,"turns":3.0},{"damage":1.0,"enemies":"Blue Slaver","floor":14.0,"turns":2.0},{"damage":4.0,"enemies":"Lots of Slimes","floor":15.0,"turns":5.0},{"damage":3.0,"enemies":"downfall:Silent","floor":16.0,"turns":8.0},{"damage":1.0,"enemies":"Chosen","floor":19.0,"turns":4.0},{"damage":18.0,"enemies":"downfall:FleeingMerchant","floor":20.0,"turns":4.0},{"damage":6.0,"enemies":"3 Byrds","floor":22.0,"turns":4.0},{"damage":33,"enemies":"Gremlin Leader","floor":23,"turns":5},{"damage":0,"enemies":"downfall:FleeingMerchant","floor":25,"turns":4},{"damage":8,"enemies":"Book of Stabbing","floor":26,"turns":4},{"damage":0,"enemies":"Centurion and Healer","floor":27,"turns":4},{"damage":0,"enemies":"Slavers","floor":29,"turns":5},{"damage":1,"enemies":"Cultist and Chosen","floor":31,"turns":5},{"damage":0,"enemies":"Chosen and Byrds","floor":32,"turns":3},{"damage":0,"enemies":"downfall:Defect","floor":33,"turns":8},{"damage":0,"enemies":"3 Darklings","floor":36,"turns":3},{"damage":0,"enemies":"Orb Walker","floor":37,"turns":2},{"damage":15,"enemies":"2 Orb Walkers","floor":38,"turns":5},{"damage":0,"enemies":"Nemesis","floor":40,"turns":7},{"damage":0,"enemies":"downfall:FleeingMerchant","floor":43,"turns":3},{"damage":0,"enemies":"Jaw Worm Horde","floor":45,"turns":4},{"damage":7,"enemies":"Reptomancer","floor":47,"turns":6},{"damage":19,"enemies":"Transient","floor":49,"turns":5},{"damage":0,"enemies":"downfall:Ironclad","floor":50,"turns":10},{"damage":0,"enemies":"downfall:CharBossMerchant","floor":52,"turns":3},{"damage":28,"enemies":"downfall:NeowBoss","floor":55,"turns":28}],"seed_played":"1660033406491809129","potions_obtained":[{"floor":3.0,"key":"BlessingOfTheForge"},{"floor":8.0,"key":"SpeedPotion"},{"floor":9.0,"key":"Weak Potion"},{"floor":11.0,"key":"Weak Potion"},{"floor":14.0,"key":"Fire Potion"},{"floor":15.0,"key":"AttackPotion"},{"floor":16.0,"key":"DistilledChaos"},{"floor":19.0,"key":"Guardian:BlockOnCardUsePotion"},{"floor":20.0,"key":"bronze:CleanCodePotion"},{"floor":22.0,"key":"Strength Potion"},{"floor":23,"key":"SkillPotion"},{"floor":26,"key":"LiquidMemories"},{"floor":27,"key":"Swift Potion"},{"floor":29,"key":"DuplicationPotion"},{"floor":33,"key":"bronze:FreeFunctionsPotion"},{"floor":40,"key":"CultistPotion"},{"floor":47,"key":"Dexterity Potion"}],"is_trial":false,"path_per_floor":["R","M","M","$","?","M","T","E","?","R","E","R","M","M","M","B",null,"R","M","$","?","M","E","T","$","E","M","R","E","R","M","M","B",null,"R","M","M","?","?","E","T","R","$","R","M","T","E","R","M","B",null,"E","$","R","B",null],"character_chosen":"THE_AUTOMATON","items_purchased":["Fruit Juice","Sadistic Nature","bronze:ItsAFeature","Happy Flower","bronze:HardenedForm+1","War Paint","Membership Card","Blue Candle"],"campfire_rested":2,"item_purchase_floors":[4,20,20,25,43,43,53,53],"current_hp_per_floor":[70,64,62,62,62,60,60,38,25,47,25,25,19,18,14,11,75,75,74,56,56,50,17,17,17,9,9,31,31,31,30,30,30,75,75,75,75,60,75,75,75,85,85,85,85,85,78,78,59,59,85,85,85,85,57],"gold":35,"neow_bonus":"ONE_RANDOM_RARE_CARD","is_daily":false,"chose_seed":false,"campfire_upgraded":8,"win_rate":0.0,"timestamp":1609464023,"path_taken":["R","M","M","$","?","M","T","E","?","R","E","R","M","M","M","BOSS","R","M","$","?","M","E","T","$","E","M","R","E","R","M","M","BOSS","R","M","M","?","?","E","T","R","$","R","M","?","E","R","M","BOSS","E","$","R","BOSS"],"items_purchased_type":["Potion","Card","Card","Relic","Card","Relic","Relic","Relic"],"build_version":"2020-12-22","purchased_purges":3,"victory":true,"max_hp_per_floor":[70,70,70,70,70,70,70,70,75,75,75,75,75,75,75,75,75,75,75,75,75,75,75,75,75,75,75,75,75,75,75,75,75,75,75,75,75,75,75,75,75,85,85,85,85,85,85,85,85,85,85,85,85,85,85],"relic_stats":{"Nunchaku":[8],"Happy Flower":[35],"counters":[33,177],"Mummified Hand":[14],"Blue Candle":[8],"Tiny Chest":1,"StoneCalendar":[103],"War Paint":["bronze:GetLatest","bronze:Frontload"],"Smiling Mask":150,"obtain_stats":[{"Ice Cream":34,"bronze:BronzeCore":0,"sneckomod:BlankCard":34,"StoneCalendar":38,"downfall:HeartBlessingGreen":48,"Smiling Mask":8,"bronze:CableSpool":46,"Nunchaku":52,"downfall:GremlinWheel":9,"Mummified Hand":40,"downfall:HeartBlessingBlue":42,"Tiny Chest":11,"Philosopher\u0027s Stone":17,"Toxic Egg 2":47,"Happy Flower":25,"downfall:HeartBlessingRed":28,"Blue Candle":53,"Thread and Needle":26,"Guardian:PocketSentry":23,"Frozen Egg 2":29,"War Paint":43,"White Beast Statue":7,"Mercury Hourglass":34,"Calling Bell":34,"Bottled Lightning":24,"Membership Card":53},{"Ice Cream":22,"bronze:BronzeCore":0,"sneckomod:BlankCard":22,"StoneCalendar":25,"downfall:HeartBlessingGreen":29,"Smiling Mask":5,"bronze:CableSpool":28,"Nunchaku":32,"downfall:GremlinWheel":6,"Mummified Hand":26,"downfall:HeartBlessingBlue":26,"Tiny Chest":7,"Philosopher\u0027s Stone":11,"Toxic Egg 2":29,"Happy Flower":16,"downfall:HeartBlessingRed":18,"Blue Candle":32,"Thread and Needle":17,"Guardian:PocketSentry":15,"Frozen Egg 2":19,"War Paint":27,"White Beast Statue":4,"Mercury Hourglass":22,"Calling Bell":22,"Bottled Lightning":15,"Membership Card":32},{"Ice Cream":102,"bronze:BronzeCore":0,"sneckomod:BlankCard":102,"StoneCalendar":111,"downfall:HeartBlessingGreen":131,"Smiling Mask":26,"bronze:CableSpool":125,"Nunchaku":149,"downfall:GremlinWheel":30,"Mummified Hand":118,"downfall:HeartBlessingBlue":118,"Tiny Chest":34,"Philosopher\u0027s Stone":52,"Toxic Egg 2":131,"Happy Flower":73,"downfall:HeartBlessingRed":81,"Blue Candle":149,"Thread and Needle":77,"Guardian:PocketSentry":69,"Frozen Egg 2":86,"War Paint":121,"White Beast Statue":18,"Mercury Hourglass":102,"Calling Bell":102,"Bottled Lightning":69,"Membership Card":149}],"Mercury Hourglass":[206]},"card_choices":[{"not_picked":["bronze:ForLoop","bronze:CutThrough"],"picked":"bronze:DelayedGuard","floor":2.0},{"not_picked":["bronze:NullPointer","bronze:Branch"],"picked":"bronze:Invalidate","floor":3.0},{"not_picked":["bronze:OilSpill","bronze:FineTuning"],"picked":"bronze:GetLatest","floor":4.0},{"not_picked":["bronze:ChildClass","bronze:Deprecate"],"picked":"bronze:OilSpill","floor":6.0},{"not_picked":["bronze:Boost","bronze:Branch"],"picked":"bronze:OilSpill","floor":8.0},{"not_picked":["bronze:DelayedSlice","bronze:Shield","bronze:BuggyMess"],"picked":"SKIP","floor":11.0},{"not_picked":["bronze:ItsAFeature","bronze:ShipIt"],"picked":"bronze:Frontload","floor":13.0},{"not_picked":["bronze:Branch","bronze:Backtrace"],"picked":"bronze:Shell","floor":14.0},{"not_picked":["bronze:BuggyMess","bronze:DelayedSlice"],"picked":"bronze:GetLatest","floor":15.0},{"not_picked":["bronze:ThunderWave","bronze:Mutator"],"picked":"bronze:CopyPaste","floor":16.0},{"not_picked":["bronze:SearingBeam","bronze:Frontload"],"picked":"bronze:OilSpill","floor":19.0},{"not_picked":["bronze:GetLatest","bronze:WhirlingStrike"],"picked":"bronze:Deprecate+1","floor":20.0},{"not_picked":["bronze:Turbo","bronze:NullPointer"],"picked":"bronze:Branch+1","floor":22.0},{"not_picked":["bronze:MaxOutput","bronze:Branch"],"picked":"bronze:FindAndReplace","floor":23},{"not_picked":["bronze:Philosophize+1","bronze:CleanCode"],"picked":"bronze:DelayedGuard","floor":25},{"not_picked":["bronze:WildBeam","bronze:Return","bronze:Philosophize"],"picked":"SKIP","floor":26},{"not_picked":["bronze:FineTuning","bronze:BugBarrage"],"picked":"bronze:OilSpill+1","floor":27},{"not_picked":["bronze:DelayedGuard","bronze:Invalidate","bronze:ThunderWave"],"picked":"SKIP","floor":29},{"not_picked":["bronze:ChildClass","bronze:Invalidate","bronze:WhirlingStrike"],"picked":"SKIP","floor":31},{"not_picked":["bronze:ItsAFeature+1","bronze:BuggyMess"],"picked":"bronze:Repulsor+1","floor":32},{"not_picked":["bronze:Overheat","bronze:Turbo+1"],"picked":"bronze:Branch+1","floor":36},{"not_picked":["bronze:Return+1","bronze:Deprecate","bronze:Repulsor+1"],"picked":"SKIP","floor":37},{"not_picked":["bronze:Turbo","bronze:Philosophize","bronze:WhirlingStrike+1"],"picked":"SKIP","floor":40},{"not_picked":["bronze:Shield+1","bronze:Invalidate+1"],"picked":"bronze:CopyPaste","floor":43},{"not_picked":["bronze:Deprecate","bronze:BugBarrage"],"picked":"bronze:OilSpill+1","floor":45},{"not_picked":["bronze:BronzeOrb","bronze:FollowUp","bronze:CloningBeam+1"],"picked":"SKIP","floor":47},{"not_picked":["bronze:CloningBeam","bronze:Shield+1"],"picked":"bronze:Frontload+1","floor":49},{"not_picked":["bronze:ItsAFeature+1","bronze:BuggyMess+1"],"picked":"bronze:CleanCode+1","floor":52}],"player_experience":574300,"relics_obtained":[{"floor":7.0,"key":"White Beast Statue"},{"floor":8.0,"key":"Smiling Mask"},{"floor":9.0,"key":"downfall:GremlinWheel"},{"floor":11.0,"key":"Tiny Chest"},{"floor":23,"key":"Guardian:PocketSentry"},{"floor":24,"key":"Bottled Lightning"},{"floor":26,"key":"Thread and Needle"},{"floor":29,"key":"Frozen Egg 2"},{"floor":34,"key":"Ice Cream"},{"floor":34,"key":"Mercury Hourglass"},{"floor":34,"key":"sneckomod:BlankCard"},{"floor":38,"key":"StoneCalendar"},{"floor":40,"key":"Mummified Hand"},{"floor":46,"key":"bronze:CableSpool"},{"floor":47,"key":"Toxic Egg 2"},{"floor":52,"key":"Nunchaku"}],"event_choices":[{"cards_removed":["Regret"],"damage_healed":0.0,"max_hp_gain":0.0,"max_hp_loss":0.0,"gold_gain":0.0,"event_name":"Wheel of Change","player_choice":"Card Removal","floor":12.0,"gold_loss":0.0,"damage_taken":0.0},{"damage_healed":0,"gold_gain":0,"player_choice":"Fight","damage_taken":0,"max_hp_gain":0,"max_hp_loss":0,"event_name":"Mysterious Sphere","floor":38,"gold_loss":0},{"cards_removed":["bronze:ItsAFeature"],"damage_healed":15,"gold_gain":0,"player_choice":"Offered Uncommon","damage_taken":0,"max_hp_gain":0,"max_hp_loss":0,"event_name":"Bonfire Elementals","floor":39,"gold_loss":0}],"is_beta":false,"boss_relics":[{"not_picked":["Empty Cage","Busted Crown"],"picked":"Philosopher\u0027s Stone"},{"not_picked":["Black Star","Snecko Eye"],"picked":"Calling Bell"}],"items_purged_floors":[20,25,43],"is_endless":false,"potions_floor_spawned":[3,8,9,11,13,14,15,16,19,20,22,23,25,26,27,29,31,32,33,36,37,38,40,43,45,47,49,52],"ascension_level":2}}