{"host":"89b1o62hw5aqf71h","time":1609465570,"event":{"mods":["Ascension Reborn","Ascension Unlocker","Aspiration","Bard","BaseMod","Bestiary","Better Silent Start","Better-Laid Plans","BetterRewards","CatGirl Mod","Challenge The Spire","Colored Map","Colored Powertips","Conspire","Dio Mod","Dota2Spire","Energized Spire","GungeonMod","Hubris","Infinite Spire","JesterMod","Marisa????????","Mimic Mod","Minty Spire (QoL Compilation)","Potionbrewer","Random Character Button","Random Character Mod","Replay The Spire","Retaliation","Shop Mod","Small Relic Pack","Spicy Shops","Spikes Relics","StSLib","The Alterego","The Bladedancer","The Blue Laboratory","The Druid","The Hierophant","The Poker Player","The Runesmith","The Sage","The Saiyan","The Vixen","TheArtist","TheVelvet","Thieving Mod","Uncapped","Waifu the Spire","everything is the same but u backflip on backflip","vexMod","??????REMEMod"],"gold_per_floor":[12,12,47,79,113,113,339,339,373,453,483,483,483,483,509,538,567,600],"floor_reached":19,"playtime":2035,"items_purged":["Hyperbeam"],"score":420,"play_id":"80b45550-460c-44ab-852d-c4db7695c591","local_time":"20201231204610","daily_mods":["challengethespire:Bronze Difficulty","challengethespire:Elite Rush","Uncertain Future"],"is_ascension_mode":false,"metric_token":3346,"campfire_choices":[{"data":"PokerPlayerMod:Sharpen","floor":2,"key":"SMITH"},{"data":"PokerPlayerMod:BadJoker","floor":13,"key":"SMITH"},{"data":"PokerPlayerMod:Diamond4","floor":14,"key":"SMITH"}],"circlet_count":0,"master_deck":["PokerPlayerMod:Diamond1","PokerPlayerMod:Diamond2","PokerPlayerMod:Diamond3","PokerPlayerMod:Diamond5","PokerPlayerMod:Diamond5","PokerPlayerMod:Spade1","PokerPlayerMod:Spade2","PokerPlayerMod:Spade3","PokerPlayerMod:Spade4","PokerPlayerMod:Club1","PokerPlayerMod:Club2","PokerPlayerMod:Heart2","PokerPlayerMod:TrumpStrike+1","PokerPlayerMod:BadJoker+1","PokerPlayerMod:Mulligan","PokerPlayerMod:Sharpen+1","PokerPlayerMod:Club10+","PokerPlayerMod:CloakAndDiamond","PokerPlayerMod:Manipulation","PokerPlayerMod:Duplicate+1","PokerPlayerMod:Club9","PokerPlayerMod:Heart10+","PokerPlayerMod:Trickery","ReplaySort","PokerPlayerMod:FakeSymbols","Survey Options","Feint","REME_Shoggoth","PokerPlayerMod:Club9","PokerPlayerMod:TheDieIsCast","PokerPlayerMod:Harden","PokerPlayerMod:StackedDeck","Skim","Steam Power","Scrape","Skim"],"relics":["PokerPlayerMod:DeckCase","Black Star","Sling","PreservedInsect","REME_ComplimentaryCards","Dota2Spire:AssaultCuirass","aspiration:Nostalgia","Iron Core","potionbrewer:RamsHorn","Bag of Marbles","REME_LimitBreaker","Happy Flower","Dota2Spire:MagicBottle","relicPack:NeonSign","aspiration:DefectSkillbook","hubris:NiceRug","Magic Flower","infinitespire:BottledMercury","HandDrill","hubris:SlimyHat","Replay:Bottled Eggs","TheAbacus","DemoMod:GnawedKey","hubris:MobiusCoin","DemoMod:LamentConfigurum","conspire:GiftBox","Replay:Bottled Snecko","Ancient Tea Set","hubris:BottledRain","hubris:RunicObelisk","Potion Belt","DemoMod:ClearGuonStone","Dota2Spire:UrnOfShadows","Simple Rune","Dota2Spire:Dagon","relicPack:DarknessArmor","DemoMod:GlassGuonStoneRelic","StrikeDummy","aspiration:AnachronicSnailShell"],"acts_visited":["Exordium"],"potions_floor_usage":[4,7,7,7,7,18],"damage_taken":[{"damage":4,"enemies":"Gremlin Nob","floor":3,"turns":4},{"damage":0,"enemies":"Lagavulin","floor":4,"turns":4},{"damage":15,"enemies":"3 Sentries","floor":5,"turns":3},{"damage":53,"enemies":"hubris:Merchant","floor":7,"turns":20},{"damage":0,"enemies":"Gremlin Leader","floor":9,"turns":4},{"damage":7,"enemies":"Slavers","floor":10,"turns":2},{"damage":0,"enemies":"Book of Stabbing","floor":11,"turns":3},{"damage":39,"enemies":"Nemesis","floor":15,"turns":6},{"damage":6,"enemies":"Giant Head","floor":16,"turns":6},{"damage":7,"enemies":"Reptomancer","floor":17,"turns":4},{"damage":25,"enemies":"Shield and Spear","floor":18,"turns":4}],"seed_played":"8759880527719143478","potions_obtained":[{"floor":4,"key":"Dota2Spire:Clarity"},{"floor":7,"key":"Dexterity Potion"},{"floor":7,"key":"blueLaboratory:FruitPunch"},{"floor":7,"key":"Fruit Juice"},{"floor":9,"key":"Dexterity Potion"},{"floor":15,"key":"blueLaboratory:BubblePotion"}],"is_trial":true,"path_per_floor":["$","R","E","E","E","T","$","$","E","E","E","T","R","R","E","E","E","E",null],"character_chosen":"THE_POKER_PLAYER","items_purchased":["Dota2Spire:AssaultCuirass","aspiration:Nostalgia","PokerPlayerMod:Sharpen","PokerPlayerMod:Club10+","Fruit Juice","ColorlessPotion","Dota2Spire:HealingSalve","DemoMod:LeadSkinPotion"],"campfire_rested":0,"item_purchase_floors":[1,1,1,1,1,1,1,7],"current_hp_per_floor":[52,52,51,56,41,41,34,34,38,51,62,62,62,62,30,51,62,37],"gold":600,"neow_bonus":"","is_daily":false,"chose_seed":false,"campfire_upgraded":3,"win_rate":0.0,"timestamp":1609465570,"path_taken":["$","R","E","E","E","T","$","$","E","E","E","T","R","R","E","E","E","E"],"items_purchased_type":["Relic","Relic","Card","Potion","Potion","Potion","Potion","Potion"],"build_version":"2020-12-22","purchased_purges":1,"victory":true,"max_hp_per_floor":[52,52,52,57,57,57,62,62,62,62,62,62,62,62,62,62,62,62],"card_choices":[{"not_picked":[],"picked":"PokerPlayerMod:Club9","floor":7},{"not_picked":[],"picked":"PokerPlayerMod:Heart10+","floor":7},{"not_picked":[],"picked":"PokerPlayerMod:Trickery","floor":7},{"not_picked":[],"picked":"ReplaySort","floor":7},{"not_picked":[],"picked":"PokerPlayerMod:FakeSymbols","floor":7},{"not_picked":[],"picked":"Survey Options","floor":7},{"not_picked":[],"picked":"Feint","floor":7},{"not_picked":["Biased Cognition","Thunder Strike"],"picked":"PokerPlayerMod:TheDieIsCast","floor":10}],"player_experience":15139,"relics_obtained":[{"floor":3,"key":"potionbrewer:RamsHorn"},{"floor":3,"key":"Bag of Marbles"},{"floor":4,"key":"REME_LimitBreaker"},{"floor":4,"key":"Happy Flower"},{"floor":5,"key":"Dota2Spire:MagicBottle"},{"floor":5,"key":"relicPack:NeonSign"},{"floor":7,"key":"Magic Flower"},{"floor":7,"key":"infinitespire:BottledMercury"},{"floor":7,"key":"HandDrill"},{"floor":7,"key":"hubris:SlimyHat"},{"floor":7,"key":"Replay:Bottled Eggs"},{"floor":7,"key":"TheAbacus"},{"floor":7,"key":"DemoMod:GnawedKey"},{"floor":9,"key":"hubris:MobiusCoin"},{"floor":9,"key":"DemoMod:LamentConfigurum"},{"floor":10,"key":"conspire:GiftBox"},{"floor":10,"key":"Replay:Bottled Snecko"},{"floor":11,"key":"Ancient Tea Set"},{"floor":11,"key":"hubris:BottledRain"},{"floor":15,"key":"Potion Belt"},{"floor":15,"key":"DemoMod:ClearGuonStone"},{"floor":16,"key":"Dota2Spire:UrnOfShadows"},{"floor":16,"key":"Simple Rune"},{"floor":17,"key":"Dota2Spire:Dagon"},{"floor":17,"key":"relicPack:DarknessArmor"},{"floor":18,"key":"StrikeDummy"},{"floor":18,"key":"aspiration:AnachronicSnailShell"}],"event_choices":[],"is_beta":false,"boss_relics":[{"not_picked":["energizedSpire:SpiderWeb","CosmicIsotope"],"picked":"aspiration:DefectSkillbook"},{"not_picked":["potionbrewer:BhaskarasWheel","Replay:Bronze Core"],"picked":"hubris:RunicObelisk"}],"items_purged_floors":[1],"is_endless":false,"potions_floor_spawned":[4,9,15],"ascension_level":0}}