{"host":"q79spna8ofw6hj3r","time":1609471516,"event":{"mods":["Aspiration","Bard","BaseMod","Beaked The Cultist","Bestiary","Better Altar","Better Match","Better Note","Better Sensory Stone","Better Skull","Better Third Choice","Better Vampires","BetterRewards","Block Reminder","Challenge The Spire","Colored Map","Colored Powertips","Conspire","Custom Start","Energized Spire","Friendly Minions","Halation","Hubris","Infinite Spire","Jedi Mod","Mimic Mod","Minty Spire (QoL Compilation)","Permanent Neow","Quick Restart","Relic Filter","Relic Sorter","Replay The Spire","Shop Mod","StSLib","SuperFastMode","Synergy Search","The Cursed","The Hierophant","The Runesmith","slay the spire mod where everything is the same but ironclad has a cowboy hat","vexMod"],"gold_per_floor":[115,134,59,70,83,110,110,137,176,206,166,166,166,179,179,279,279,289,304,304,304,1,33,33,49,49,62,89,89,105,105,105,210,210,210,210],"floor_reached":35,"playtime":2848,"items_purged":["beaked:Strike_Y","beaked:Strike_Y"],"score":417,"play_id":"f4584a9c-abd6-4031-8195-0b797119468a","local_time":"20210101052516","is_ascension_mode":false,"campfire_choices":[{"data":"beaked:WindBringer","floor":12.0,"key":"SMITH"},{"data":"beaked:CheekyTricks","floor":15.0,"key":"SMITH"},{"data":"Pot Of Greed","floor":24.0,"key":"SMITH"}],"circlet_count":0,"master_deck":["beaked:Strike_Y","beaked:Strike_Y","beaked:Strike_Y","beaked:Defend_Y","beaked:Defend_Y","beaked:Defend_Y","beaked:Defend_Y","beaked:Ceremony","beaked:Ceremony","beaked:WindBringer+1","beaked:WarriorEssence","beaked:Foresight","beaked:CheekyTricks+1","beaked:DesperateSwing+1","beaked:ScreechingChant","beaked:MaddeningMurmurs","Pot Of Greed+1","Pot Of Greed","beaked:HuntressSpirit+1","beaked:TuckingFeathers+1","ReplayTheSpireMod:Wings of Steel"],"relics":["beaked:BlessedCoat","hubris:Reverence","hubris:Icosahedron","Painkiller Herb","aspiration:StickyExplosives_weak","Potion Belt","MealTicket","hubris:Metronome","Replay:Bronze Core","Grinning Jar","Strange Spoon","beaked:ThroatLozenge","halation:KoshaPiece","halation:PenCase","Replay:Baseball","halation:LostSnail","Busted Crown","conspire:SpecialSausage"],"acts_visited":["Exordium","TheCity","TheBeyond"],"potions_floor_usage":[],"damage_taken":[{"damage":2.0,"enemies":"2 Louse","floor":1.0,"turns":5.0},{"damage":23.0,"enemies":"Cultist","floor":2.0,"turns":8.0},{"damage":23.0,"enemies":"Jaw Worm","floor":4.0,"turns":9.0},{"damage":24.0,"enemies":"Blue Slaver","floor":5.0,"turns":4.0},{"damage":33.0,"enemies":"3 Sentries","floor":6.0,"turns":7.0},{"damage":20.0,"enemies":"Replay:BlueRogue","floor":8.0,"turns":8.0},{"damage":7.0,"enemies":"3 Louse","floor":9.0,"turns":9.0},{"damage":23.0,"enemies":"3 Sentries","floor":10.0,"turns":6.0},{"damage":18.0,"enemies":"3 Louse","floor":11.0,"turns":6.0},{"damage":11.0,"enemies":"Exordium Wildlife","floor":14.0,"turns":4.0},{"damage":52.0,"enemies":"Fading Forest","floor":16.0,"turns":11.0},{"damage":44.0,"enemies":"Shell Parasite","floor":18.0,"turns":8.0},{"damage":35.0,"enemies":"2 Thieves","floor":19.0,"turns":4.0},{"damage":33.0,"enemies":"Slavers","floor":23.0,"turns":5.0},{"damage":38.0,"enemies":"3 Cultists","floor":25.0,"turns":5.0},{"damage":49.0,"enemies":"Chosen and Byrds","floor":27.0,"turns":9.0},{"damage":36.0,"enemies":"Gremlin Leader","floor":28.0,"turns":7.0},{"damage":8.0,"enemies":"Shelled Parasite and Fungi","floor":30.0,"turns":7.0},{"damage":16.0,"enemies":"Champ","floor":33.0,"turns":8.0},{"damage":72,"enemies":"Orb Walker","floor":35,"turns":7}],"seed_played":"-3975767233928648866","potions_obtained":[{"floor":4.0,"key":"LiquidMemories"},{"floor":10.0,"key":"SkillPotion"},{"floor":11.0,"key":"Death Potion"},{"floor":16.0,"key":"Strength Potion"},{"floor":18.0,"key":"Regen Potion"},{"floor":19.0,"key":"Explosive Potion"},{"floor":23.0,"key":"AttackPotion"},{"floor":27.0,"key":"FearPotion"}],"is_trial":false,"path_per_floor":["?","?","T","?","?","E","?","E","MIM","E","?","T","?","?","T","B",null,"?","?","?","T","T","E","T","?","T","?","E","?","?","AVR","T","B",null,"?"],"character_chosen":"BEAKED_THE_CULTIST","items_purchased":["Strange Spoon","beaked:ThroatLozenge"],"campfire_rested":0,"item_purchase_floors":[22,22],"current_hp_per_floor":[50,35,35,43,28,13,13,24,50,41,45,45,45,50,50,50,50,40,25,25,25,40,50,50,22,22,29,47,47,50,50,50,50,50,0,0],"gold":210,"neow_bonus":"DOUBLE_BOSS_RELIC","is_daily":false,"chose_seed":false,"campfire_upgraded":3,"win_rate":0.0,"timestamp":1609471516,"path_taken":["?","?","T","?","?","E","?","E","MIM","E","?","T","?","?","T","BOSS","?","?","?","?","?","E","T","?","T","?","E","?","?","AVR","T","BOSS","?"],"items_purchased_type":["Relic","Relic"],"build_version":"2020-12-22","purchased_purges":2,"victory":false,"max_hp_per_floor":[50,50,50,50,50,50,50,50,50,50,50,50,50,50,50,50,50,50,50,50,50,50,50,50,50,50,50,50,50,50,50,50,50,50,50,50],"card_choices":[{"not_picked":["beaked:Molting","beaked:Hexing"],"picked":"beaked:TuckingFeathers","floor":1.0},{"not_picked":["beaked:Struggle","beaked:Negation","ReplayTheSpireMod:Wings of Steel"],"picked":"SKIP","floor":2.0},{"not_picked":["beaked:Flinch","beaked:WarriorSpirit"],"picked":"beaked:WindBringer","floor":4.0},{"not_picked":["beaked:WindBringer","beaked:TuckingFeathers"],"picked":"beaked:WarriorEssence","floor":5.0},{"not_picked":["beaked:Daydream","beaked:ShadowFade","beaked:Windmill"],"picked":"SKIP","floor":6.0},{"not_picked":["beaked:Overexert","beaked:DigDeeper"],"picked":"beaked:Foresight","floor":8.0},{"not_picked":["beaked:WindBringer","ReplayTheSpireMod:Prepare the Ceremony"],"picked":"beaked:CheekyTricks","floor":10.0},{"not_picked":["beaked:Recite","beaked:Brace","beaked:VigorBurst"],"picked":"SKIP","floor":11.0},{"not_picked":["beaked:SurvivalInstinct","beaked:Windmill","beaked:FakeOut"],"picked":"SKIP","floor":14.0},{"not_picked":["beaked:DarkPact","beaked:LiftOff"],"picked":"beaked:ScreechingChant","floor":16.0},{"not_picked":["beaked:Replenish","beaked:Brace","beaked:CursingBlood+1"],"picked":"SKIP","floor":18.0},{"not_picked":["beaked:Tradeoff+1","beaked:Redirect"],"picked":"beaked:MaddeningMurmurs","floor":19.0},{"not_picked":["beaked:Tradeoff","beaked:Resilience"],"picked":"beaked:HuntressSpirit+1","floor":23.0},{"not_picked":["beaked:Brace","beaked:Tradeoff"],"picked":"beaked:TuckingFeathers+1","floor":25.0},{"not_picked":["beaked:TuckingFeathers","beaked:DigDeeper","beaked:Windmill+1"],"picked":"SKIP","floor":27.0},{"not_picked":["beaked:Daydream","beaked:MachineEssence"],"picked":"ReplayTheSpireMod:Wings of Steel","floor":28.0},{"not_picked":["beaked:CursingBlood","beaked:Cower+1","beaked:WarriorEssence"],"picked":"SKIP","floor":30.0}],"player_experience":244398,"relics_obtained":[{"floor":6.0,"key":"aspiration:StickyExplosives_weak"},{"floor":8.0,"key":"Potion Belt"},{"floor":9.0,"key":"MealTicket"},{"floor":10.0,"key":"hubris:Metronome"},{"floor":21.0,"key":"Grinning Jar"},{"floor":23.0,"key":"halation:KoshaPiece"},{"floor":26.0,"key":"hubris:Reverence"},{"floor":28.0,"key":"halation:PenCase"}],"event_choices":[{"cards_removed":["beaked:Strike_Y"],"damage_healed":0.0,"max_hp_gain":0.0,"max_hp_loss":0.0,"gold_gain":0.0,"event_name":"Bonfire Elementals","player_choice":"Offered Basic","floor":20.0,"gold_loss":0.0,"damage_taken":0.0},{"cards_removed":["beaked:TuckingFeathers"],"damage_healed":0.0,"max_hp_gain":0.0,"max_hp_loss":0.0,"gold_gain":0.0,"event_name":"WeMeetAgain","player_choice":"Gave Card","floor":29.0,"gold_loss":0.0,"damage_taken":0.0,"relics_obtained":["Replay:Baseball"]}],"is_beta":false,"boss_relics":[{"not_picked":["jedi:battlestandard","aspiration:DefectSkillbook"],"picked":"Replay:Bronze Core"},{"not_picked":["Sozu","energizedSpire:HugeHouse"],"picked":"conspire:SpecialSausage"}],"items_purged_floors":[3,31],"is_endless":false,"potions_floor_spawned":[4,10,11,16,18,19,23,27],"killed_by":"Orb Walker","ascension_level":0}}