{"host":"pvafbce70weqvzks","time":1609542363,"event":{"mods":["BaseMod","Gremlin Mod","Hermit","Minty Spire (QoL Compilation)","StSLib","themimic"],"gold_per_floor":[109,121,133,153,164,197,79,107,107,122,138,149,166,181,181,281,281,300,154,169,181,181,181,212,212,212,212,226,246,261,261,261,261,261],"floor_reached":33,"playtime":2915,"items_purged":[],"score":387,"play_id":"00aebded-39a2-48c5-8324-c5221e272988","local_time":"20210101200603","is_ascension_mode":false,"campfire_choices":[{"floor":15,"key":"REST"},{"floor":23,"key":"REST"},{"floor":25,"key":"REST"},{"data":"Dramatic Entrance","floor":27,"key":"SMITH"},{"floor":32,"key":"REST"}],"circlet_count":0,"master_deck":["Strike_G","Strike_G","Strike_G","Strike_G","Strike_G","Defend_G","Defend_G","Defend_G","Defend_G","Defend_G","Survivor","Neutralize","Dramatic Entrance+1","PiercingWail","Backstab","Endless Agony","Dash","Masterful Stab","Endless Agony","Noxious Fumes","Flying Knee","Poisoned Stab","Deadly Poison","Poisoned Stab","Dagger Spray","Unload","Escape Plan","Die Die Die","Endless Agony","Caltrops","Endless Agony","Blade Dance","Quick Slash+1","Crippling Poison","Eviscerate+1","Slice","Caltrops+1"],"relics":["Ring of the Snake","Paper Crane","StoneCalendar","Unceasing Top","HoveringKite","NlothsMask","FossilizedHelix"],"acts_visited":["Exordium","TheCity"],"potions_floor_usage":[6,13,13,16,16,24,24,30,33],"damage_taken":[{"damage":0,"enemies":"Cultist","floor":1,"turns":5},{"damage":0,"enemies":"Small Slimes","floor":2,"turns":3},{"damage":0,"enemies":"2 Louse","floor":3,"turns":1},{"damage":0,"enemies":"Exordium Wildlife","floor":4,"turns":3},{"damage":0,"enemies":"Blue Slaver","floor":5,"turns":2},{"damage":19,"enemies":"Lagavulin","floor":6,"turns":9},{"damage":13,"enemies":"Gremlin Nob","floor":8,"turns":4},{"damage":0,"enemies":"Gremlin Gang","floor":10,"turns":2},{"damage":0,"enemies":"2 Fungi Beasts","floor":11,"turns":2},{"damage":2,"enemies":"Red Slaver","floor":12,"turns":2},{"damage":1,"enemies":"Large Slime","floor":13,"turns":4},{"damage":0,"enemies":"Blue Slaver","floor":14,"turns":2},{"damage":0,"enemies":"Slime Boss","floor":16,"turns":5},{"damage":0,"enemies":"Chosen","floor":18,"turns":3},{"damage":0,"enemies":"3 Byrds","floor":20,"turns":5},{"damage":35,"enemies":"Snecko","floor":21,"turns":5},{"damage":18,"enemies":"Book of Stabbing","floor":24,"turns":3},{"damage":13,"enemies":"Chosen and Byrds","floor":28,"turns":4},{"damage":17,"enemies":"Centurion and Healer","floor":29,"turns":4},{"damage":0,"enemies":"Shelled Parasite and Fungi","floor":30,"turns":2},{"damage":55,"enemies":"Collector","floor":33,"turns":6}],"seed_played":"-5820632653396350644","potions_obtained":[{"floor":1,"key":"Weak Potion"},{"floor":8,"key":"Poison Potion"},{"floor":11,"key":"Explosive Potion"},{"floor":12,"key":"Poison Potion"},{"floor":13,"key":"CultistPotion"},{"floor":14,"key":"LiquidBronze"},{"floor":18,"key":"SteroidPotion"},{"floor":24,"key":"SpeedPotion"},{"floor":28,"key":"Poison Potion"}],"is_trial":false,"path_per_floor":["M","M","M","M","M","E","$","E","T","M","M","M","M","M","R","B",null,"M","$","M","M","?","R","E","R","T","R","M","M","M","?","R","B"],"character_chosen":"THE_SILENT","items_purchased":["Noxious Fumes","Flying Knee","Caltrops","Endless Agony"],"campfire_rested":4,"item_purchase_floors":[7,7,19,19],"current_hp_per_floor":[70,70,70,70,70,51,51,38,38,38,38,36,35,35,56,56,70,70,70,70,35,35,56,38,59,59,59,46,29,29,29,50,0,0],"gold":261,"neow_bonus":"RANDOM_COLORLESS","is_daily":false,"chose_seed":false,"campfire_upgraded":1,"win_rate":0.0,"timestamp":1609542363,"path_taken":["M","M","M","M","M","E","?","E","T","M","M","M","M","M","R","BOSS","M","$","M","M","?","R","E","R","T","R","M","M","?","?","R","BOSS"],"items_purchased_type":["Card","Card","Card","Card"],"build_version":"2020-12-22","purchased_purges":0,"victory":false,"max_hp_per_floor":[70,70,70,70,70,70,70,70,70,70,70,70,70,70,70,70,70,70,70,70,70,70,70,70,70,70,70,70,70,70,70,70,70,70],"card_choices":[{"not_picked":["Blind","Bandage Up"],"picked":"Dramatic Entrance","floor":0},{"not_picked":["Acrobatics","Underhanded Strike"],"picked":"PiercingWail","floor":1},{"not_picked":["Distraction","Dagger Throw"],"picked":"Backstab","floor":2},{"not_picked":["Underhanded Strike","Acrobatics"],"picked":"Endless Agony","floor":3},{"not_picked":["Sucker Punch","Reflex"],"picked":"Dash","floor":4},{"not_picked":["Eviscerate","PiercingWail"],"picked":"Masterful Stab","floor":5},{"not_picked":["Prepared","Quick Slash"],"picked":"Endless Agony","floor":6},{"not_picked":["Dagger Spray","Distraction"],"picked":"Poisoned Stab","floor":8},{"not_picked":["Underhanded Strike","Backflip"],"picked":"Deadly Poison","floor":10},{"not_picked":["Backflip","Deadly Poison"],"picked":"Poisoned Stab","floor":11},{"not_picked":["Skewer","Footwork"],"picked":"Dagger Spray","floor":12},{"not_picked":["Acrobatics","Outmaneuver"],"picked":"Unload","floor":13},{"not_picked":["Heel Hook","Dodge and Roll"],"picked":"Escape Plan","floor":14},{"not_picked":["After Image","Adrenaline"],"picked":"Die Die Die","floor":16},{"not_picked":["Quick Slash","Outmaneuver"],"picked":"Endless Agony","floor":18},{"not_picked":["Acrobatics","Deadly Poison"],"picked":"Blade Dance","floor":20},{"not_picked":["Dodge and Roll","Noxious Fumes"],"picked":"Quick Slash+1","floor":21},{"not_picked":["Outmaneuver","Reflex+1"],"picked":"Crippling Poison","floor":24},{"not_picked":["Outmaneuver","Acrobatics"],"picked":"Eviscerate+1","floor":28},{"not_picked":["Underhanded Strike","Outmaneuver"],"picked":"Slice","floor":29},{"not_picked":["All Out Attack","Deadly Poison"],"picked":"Caltrops+1","floor":30}],"player_experience":9644,"relics_obtained":[{"floor":6,"key":"Paper Crane"},{"floor":8,"key":"StoneCalendar"},{"floor":9,"key":"Unceasing Top"},{"floor":24,"key":"FossilizedHelix"}],"event_choices":[{"damage_healed":0,"gold_gain":0,"player_choice":"Trade","damage_taken":0,"relics_obtained":["NlothsMask"],"max_hp_gain":0,"max_hp_loss":0,"event_name":"FaceTrader","floor":22,"gold_loss":0},{"damage_healed":0,"gold_gain":0,"player_choice":"Ignored","damage_taken":0,"max_hp_gain":0,"max_hp_loss":0,"event_name":"The Mausoleum","floor":31,"gold_loss":0}],"is_beta":false,"boss_relics":[{"not_picked":["SlaversCollar","Runic Dome"],"picked":"HoveringKite"}],"items_purged_floors":[],"is_endless":false,"potions_floor_spawned":[1,8,11,12,13,14,18,24,28],"killed_by":"Collector","ascension_level":0}}