{"host":"i0m9g0siyue4991n","time":1609462695,"event":{"mods":["ATMod(阿瑾Mod)","Act Like it!","BaseMod","BetterRewards","CapriCore","Challenge The Spire","Custom Start","Decade(王小明)","Friendly Minions","Gensokyo","Marisa（F雨　魔理沙）","Minty Spire (QoL Compilation)","Prisma Mod","Quick Restart","Reimu（博丽灵梦）","Remilia（蕾米莉亚）","RumiaBox-露米娅的神秘盒子","StSLib","The Immortal","The Servant 0.9.4","TheWitcher"],"gold_per_floor":[117,42,42,42,122,122,178,207,207,220,247,247,262,307,307,405,455,488,488,608,669,669,694,694,729,729,756,756,288,342,375,375,477,477,510,510,510,540,540,569,288,288,338,338,338],"floor_reached":44,"playtime":2355,"items_purged":["Strike_RM","Clumsy","Defend_RM"],"score":1076,"play_id":"4d9afed2-3499-47e3-b460-7549185d0cfd","local_time":"20210101085815","is_ascension_mode":true,"campfire_choices":[{"data":"AT_FamilyPortrait","floor":6,"key":"SMITH"},{"data":"EternalNight","floor":15,"key":"SMITH"},{"data":"QueenOfMidnight","floor":24,"key":"SMITH"},{"data":"BloodyMagicSquare","floor":28,"key":"SMITH"},{"data":"BloodyHallows","floor":32,"key":"SMITH"},{"floor":42,"key":"RECALL"}],"circlet_count":0,"master_deck":["Strike_RM","Strike_RM","Defend_RM+1","Defend_RM","RedMoon","ScarletShoot","AT_FamilyPortrait+1","ScarletDevilSign","ScarletSymphony+1","BloodyMagicSquare+1","EternalNight+1","NightLord","FavorOfDestiny","DemonKingCradle","BloodyMagicSquare+1","QueenOfMidnight+1","BloodyHallows+1","Gensokyo:ShootingStar","TransientEternity"],"relics":["ScarletHat","AT_ATBox","Calipers","Blue Candle","AT_TimeSand","Gensokyo:NagashiBinaDoll","AT_SeraphEmbrace","Tiny House","Gensokyo:RedStar","AT_RabadonDeathcap","TungstenRod","Omamori","AntiCross","Girya","Anchor","SSSystem","CrazyTorch:ReiMu","Coffee Dripper","AT_MibuBalloonWealth","Medical Kit","AT_SpeedBoots"],"acts_visited":["Exordium","Gensokyo:Gensokyo","Gensokyo:Gensokyoer"],"potions_floor_usage":[11,21,23,25,27,31,35],"damage_taken":[{"damage":8,"enemies":"Gensokyo:Python","floor":1,"turns":5},{"damage":16,"enemies":"Gensokyo:3_Fairies","floor":7,"turns":5},{"damage":27,"enemies":"Gensokyo:Aya","floor":8,"turns":4},{"damage":0,"enemies":"Gensokyo:Gryphon","floor":10,"turns":3},{"damage":3,"enemies":"Gensokyo:Mamizou","floor":11,"turns":10},{"damage":0,"enemies":"Gensokyo:LivingMonolith","floor":13,"turns":2},{"damage":1,"enemies":"Gensokyo:Aya","floor":14,"turns":5},{"damage":48,"enemies":"Gensokyo:Kokoro","floor":16,"turns":6},{"damage":0,"enemies":"Gensokyo:AngelMirror","floor":18,"turns":3},{"damage":4,"enemies":"Gensokyo:AngelMirror","floor":20,"turns":4},{"damage":7,"enemies":"Gensokyo:Chomper","floor":21,"turns":4},{"damage":66,"enemies":"Gensokyo:Koishi","floor":23,"turns":4},{"damage":9,"enemies":"Gensokyo:Wraith","floor":25,"turns":4},{"damage":14,"enemies":"Gensokyo:Tenshi","floor":27,"turns":2},{"damage":24,"enemies":"Gensokyo:Reisen","floor":30,"turns":3},{"damage":38,"enemies":"Gensokyo:Mirror_and_Dog","floor":31,"turns":3},{"damage":40,"enemies":"Gensokyo:Eternal_Rivals","floor":33,"turns":5},{"damage":54,"enemies":"Gensokyo:3_Boulders","floor":35,"turns":2},{"damage":54,"enemies":"Gensokyo:3_Bats","floor":38,"turns":1},{"damage":61,"enemies":"Gensokyo:Kasen","floor":40,"turns":1},{"damage":100,"enemies":"Gensokyo:Marisa","floor":44,"turns":1}],"seed_played":"-515205084589995335","potions_obtained":[{"floor":1,"key":"CultistPotion"},{"floor":8,"key":"Fire Potion"},{"floor":13,"key":"SteroidPotion"},{"floor":14,"key":"Explosive Potion"},{"floor":16,"key":"Energy Potion"},{"floor":21,"key":"FearPotion"},{"floor":23,"key":"MagicPotion:ReiMu"},{"floor":27,"key":"Weak Potion"},{"floor":30,"key":"LiquidMemories"},{"floor":31,"key":"SteroidPotion"},{"floor":31,"key":"GrandPatriotsElixir:ReiMu"},{"floor":35,"key":"DuplicationPotion"}],"is_trial":false,"path_per_floor":["M","$","?","?","?","R","M","E","T","M","E","?","M","E","R","B",null,"M","?","?","M","?","E","R","M","T","E","R","$","E","M","R","B",null,"M","T","?","M","?","E","$","R","T","E"],"character_chosen":"REMILIA","items_purchased":["Anchor","SSSystem","Regen Potion","Medical Kit"],"campfire_rested":0,"item_purchase_floors":[29,29,29,41],"current_hp_per_floor":[62,62,62,62,62,62,54,56,56,56,60,60,61,61,61,26,63,65,65,70,69,69,10,10,18,18,34,34,34,45,55,55,73,73,73,73,73,73,73,73,73,73,73,0,0],"gold":338,"neow_bonus":"REMOVE_TWO","is_daily":false,"chose_seed":false,"campfire_upgraded":5,"win_rate":0.0,"timestamp":1609462695,"path_taken":["M","?","?","?","?","R","M","E","T","M","E","?","M","E","R","BOSS","M","?","?","M","?","E","R","M","T","E","R","$","E","?","R","BOSS","M","?","?","?","?","E","$","R","T","E"],"items_purchased_type":["Relic","Relic","Potion","Relic"],"build_version":"2020-12-22","purchased_purges":3,"victory":false,"max_hp_per_floor":[68,68,68,68,68,68,68,68,68,68,68,68,68,68,68,68,73,73,73,73,73,73,73,73,73,73,73,73,73,73,73,73,73,73,73,73,73,73,73,73,73,73,73,73,73],"card_choices":[{"not_picked":["EndlessAdversity","BombardNight"],"picked":"ScarletDevilSign","floor":1},{"not_picked":["ScarletImprint","FavorOfDestiny"],"picked":"BloodyMagicSquare","floor":7},{"not_picked":["ScarletDevil","BombardNight","MiserableFate"],"picked":"SKIP","floor":8},{"not_picked":["BlasphemousPunishment","CeilingFear"],"picked":"EternalNight","floor":10},{"not_picked":["ScarletImprint","CharismaGuard"],"picked":"NightLord","floor":11},{"not_picked":["VampireKiss","UnstableMagic"],"picked":"FavorOfDestiny","floor":13},{"not_picked":["ReincarnationDial","RedNightlessCastle","NightDance"],"picked":"SKIP","floor":14},{"not_picked":["CurseOfVladTepes","BloodyCatastrophe"],"picked":"DemonKingCradle","floor":16},{"not_picked":["VampireSweep+1","BombardNight"],"picked":"BloodyMagicSquare","floor":18},{"not_picked":["ScarletImprint","BombardNight","StarOfDavid"],"picked":"SKIP","floor":21},{"not_picked":["GlobalNightmare","RedNightlessCastle"],"picked":"QueenOfMidnight","floor":23},{"not_picked":["UnstableMagic","Stigmanizer+1","ScarletDevilSign"],"picked":"SKIP","floor":25},{"not_picked":["EternalNight","BombardNight","EndlessAdversity"],"picked":"SKIP","floor":27},{"not_picked":["DiffusionOfMisfortune+1","MiserableFate","RedRainbow"],"picked":"SKIP","floor":30},{"not_picked":["ScarletImprint+1","StarOfDavid"],"picked":"BloodyHallows","floor":31},{"not_picked":[],"picked":"Gensokyo:ShootingStar","floor":33},{"not_picked":["CurseOfVladTepes","HellCatastrophe"],"picked":"TransientEternity","floor":33},{"not_picked":["StarOfDavid","RedRainbow+1","Stigmanizer+1"],"picked":"SKIP","floor":35},{"not_picked":["CharismaGuard+1","BombardNight+1","RedRainbow+1"],"picked":"SKIP","floor":38},{"not_picked":["ChainGang+1","ScarletDream+1","BloodySeventeenLaser"],"picked":"SKIP","floor":40}],"player_experience":678204,"relics_obtained":[{"floor":8,"key":"Calipers"},{"floor":9,"key":"Blue Candle"},{"floor":11,"key":"AT_TimeSand"},{"floor":14,"key":"AT_ArchangelStaff"},{"floor":20,"key":"AT_RabadonDeathcap"},{"floor":20,"key":"TungstenRod"},{"floor":23,"key":"Omamori"},{"floor":26,"key":"AntiCross"},{"floor":27,"key":"Girya"},{"floor":30,"key":"CrazyTorch:ReiMu"},{"floor":40,"key":"AT_MibuBalloonWealth"},{"floor":43,"key":"AT_SpeedBoots"}],"event_choices":[],"is_beta":false,"boss_relics":[{"not_picked":["Runic Dome","Busted Crown"],"picked":"Tiny House"},{"not_picked":["SlaversCollar","APieceOfRedMist"],"picked":"Coffee Dripper"}],"items_purged_floors":[2,29,41],"is_endless":false,"potions_floor_spawned":[1,8,13,14,16,23,30,31,40],"killed_by":"Gensokyo:Marisa","ascension_level":8}}