{"host":"qgru5siit3fz0wh9","time":1609529509,"event":{"mods":["AchievementEnabler","BaseMod","Highlight Path","Minty Spire (QoL Compilation)"],"gold_per_floor":[111,111,32,52,52,103,103,133,133,149,178,178,197,20,20,20,20],"floor_reached":16,"playtime":779,"items_purged":[],"score":142,"play_id":"fb0b034c-d011-4ec4-9db3-af922ca1457c","local_time":"20210101203149","is_ascension_mode":true,"campfire_choices":[{"floor":7,"key":"REST"},{"floor":12,"key":"REST"},{"floor":15,"key":"REST"}],"circlet_count":0,"master_deck":["Strike_B+1","Strike_B","Strike_B","Strike_B","Defend_B+1","Defend_B","Defend_B","Defend_B","Zap","Dualcast","Magnetism+1","Tempest","BootSequence","Sweeping Beam","Heatsinks","Capacitor","Capacitor","Redo","Rebound","Self Repair"],"relics":["Cracked Core","Mummified Hand","Gremlin Horn","The Courier","Ancient Tea Set","PreservedInsect"],"acts_visited":["Exordium"],"potions_floor_usage":[6,8,11],"damage_taken":[{"damage":1,"enemies":"Cultist","floor":1,"turns":4},{"damage":0,"enemies":"Small Slimes","floor":4,"turns":2},{"damage":22,"enemies":"3 Sentries","floor":6,"turns":6},{"damage":10,"enemies":"Lagavulin","floor":8,"turns":6},{"damage":2,"enemies":"Jaw Worm","floor":10,"turns":2},{"damage":34,"enemies":"3 Sentries","floor":11,"turns":7},{"damage":12,"enemies":"Exordium Thugs","floor":13,"turns":4},{"damage":37,"enemies":"Slime Boss","floor":16,"turns":5}],"seed_played":"-910900861897764777","potions_obtained":[{"floor":1,"key":"LiquidMemories"},{"floor":6,"key":"FearPotion"},{"floor":8,"key":"Block Potion"}],"is_trial":false,"path_per_floor":["M","?","$","M","?","E","R","E","T","M","E","R","M","$","R","B"],"character_chosen":"DEFECT","items_purchased":["BootSequence","PreservedInsect","Self Repair"],"campfire_rested":3,"item_purchase_floors":[3,14,14],"current_hp_per_floor":[67,53,53,53,53,31,51,41,41,39,5,25,13,13,33,0,0],"gold":20,"neow_bonus":"RANDOM_COLORLESS_2","is_daily":false,"chose_seed":false,"campfire_upgraded":0,"win_rate":0.0,"timestamp":1609529509,"path_taken":["M","?","$","M","?","E","R","E","T","?","E","R","M","$","R","BOSS"],"items_purchased_type":["Card","Relic","Card"],"build_version":"2020-12-22","purchased_purges":0,"victory":false,"max_hp_per_floor":[68,68,68,68,68,68,68,68,68,68,68,68,68,68,68,68,68],"card_choices":[{"not_picked":["Mayhem","Violence"],"picked":"Magnetism","floor":0},{"not_picked":["Redo","Conserve Battery"],"picked":"Tempest","floor":1},{"not_picked":["Reprogram","Coolheaded"],"picked":"Sweeping Beam","floor":4},{"not_picked":["Ball Lightning","Hologram"],"picked":"Heatsinks","floor":6},{"not_picked":["Conserve Battery","Glacier"],"picked":"Capacitor","floor":8},{"not_picked":["Undo","Rebound"],"picked":"Capacitor","floor":10},{"not_picked":["Sunder","Conserve Battery"],"picked":"Redo","floor":11},{"not_picked":["Static Discharge","Rip and Tear"],"picked":"Rebound","floor":13}],"player_experience":373377,"relics_obtained":[{"floor":6,"key":"Mummified Hand"},{"floor":8,"key":"Gremlin Horn"},{"floor":9,"key":"The Courier"},{"floor":11,"key":"Ancient Tea Set"}],"event_choices":[{"damage_healed":0,"gold_gain":0,"player_choice":"Entered Light","damage_taken":14,"max_hp_gain":0,"max_hp_loss":0,"event_name":"Shining Light","floor":2,"gold_loss":0,"cards_upgraded":["Strike_B","Defend_B"]},{"damage_healed":0,"gold_gain":0,"player_choice":"Forge","damage_taken":0,"max_hp_gain":0,"max_hp_loss":0,"event_name":"Accursed Blacksmith","floor":5,"gold_loss":0,"cards_upgraded":["Magnetism"]}],"is_beta":false,"boss_relics":[],"items_purged_floors":[],"is_endless":false,"potions_floor_spawned":[1,6,8],"killed_by":"Slime Boss","ascension_level":4}}