{"host":"07w92xc562nr1xn4","time":1609475730,"event":{"mods":["BaseMod","Colored Map","Colored Powertips","Minty Spire (QoL Compilation)","Quick Restart","Replay The Spire","StSLib","The Servant 0.9.4"],"gold_per_floor":[110,129,145,164,164,190,190,19,45,45,101,118,118,163,163,266,266,281,322,247,257,356,356,412,412,435,435,470,470,470],"floor_reached":29,"playtime":1260,"items_purged":["Strike_B"],"score":332,"play_id":"31c012e2-ab0e-48be-a8c9-7aa457740fd2","local_time":"20201231233530","is_ascension_mode":true,"campfire_choices":[{"data":"Static Discharge","floor":7.0,"key":"SMITH"},{"floor":13.0,"key":"REST"},{"data":"Echo Form","floor":15.0,"key":"SMITH"},{"floor":23.0,"key":"REST"},{"floor":25.0,"key":"REST"},{"data":"Electrodynamics","floor":27.0,"key":"SMITH"}],"circlet_count":0,"master_deck":["Strike_B","Strike_B","Strike_B","Defend_B","Defend_B","Defend_B","Defend_B","Zap","Dualcast","Static Discharge+1","Sweeping Beam","Cold Snap","BootSequence","Echo Form+1","HandOfGreed+1","Go for the Eyes","Leap","Electrodynamics+1","CurseOfTheBell","Coolheaded","Seek","Leap","FTL"],"relics":["Cracked Core","Vajra","Oddly Smooth Stone","Pen Nib","Calling Bell","Ancient Tea Set","Shuriken","Lizard Tail","Orichalcum","Nunchaku"],"acts_visited":[],"potions_floor_usage":[],"damage_taken":[{"damage":1.0,"enemies":"Cultist","floor":1.0,"turns":4.0},{"damage":4.0,"enemies":"Jaw Worm","floor":2.0,"turns":3.0},{"damage":2.0,"enemies":"2 Louse","floor":3.0,"turns":3.0},{"damage":6.0,"enemies":"Exordium Thugs","floor":4.0,"turns":4.0},{"damage":20.0,"enemies":"3 Sentries","floor":6.0,"turns":6.0},{"damage":18.0,"enemies":"Lagavulin","floor":11.0,"turns":6.0},{"damage":2.0,"enemies":"Large Slime","floor":12.0,"turns":4.0},{"damage":0.0,"enemies":"Lots of Slimes","floor":14.0,"turns":2.0},{"damage":7.0,"enemies":"Hexaghost","floor":16.0,"turns":9.0},{"damage":23.0,"enemies":"Spheric Guardian","floor":18.0,"turns":4.0},{"damage":14.0,"enemies":"2 Thieves","floor":19.0,"turns":3.0},{"damage":12.0,"enemies":"3 Cultists","floor":21.0,"turns":2.0},{"damage":23.0,"enemies":"Gremlin Leader","floor":24.0,"turns":6.0},{"damage":16.0,"enemies":"Chosen and Byrds","floor":28.0,"turns":8.0},{"damage":0,"enemies":"Snake Plant","floor":29,"turns":1}],"seed_played":"8398241458313351003","potions_obtained":[{"floor":3.0,"key":"Dexterity Potion"},{"floor":4.0,"key":"SpeedPotion"},{"floor":14.0,"key":"PotionOfCapacity"},{"floor":18.0,"key":"LiquidMemories"},{"floor":24.0,"key":"LiquidMemories"},{"floor":28.0,"key":"Weak Potion"}],"is_trial":false,"path_per_floor":["M","M","M","M","?","E","R","$","T","?","E","M","R","M","R","B",null,"M","M","$","M","?","R","E","R","T","R","M","M"],"character_chosen":"DEFECT","items_purchased":["HandOfGreed"],"campfire_rested":3,"item_purchase_floors":[8],"current_hp_per_floor":[74,70,68,62,62,42,42,42,42,42,24,22,46,46,46,39,71,48,34,34,22,22,46,23,47,47,47,31,31,31],"gold":470,"neow_bonus":"TEN_PERCENT_HP_BONUS","is_daily":false,"chose_seed":false,"campfire_upgraded":3,"win_rate":0.0,"timestamp":1609475730,"path_taken":["M","?","M","M","?","E","R","?","T","?","E","M","R","M","R","BOSS","M","M","$","M","?","R","E","R","T","R","M","M"],"items_purchased_type":["Card"],"build_version":"2020-12-22","purchased_purges":1,"victory":false,"max_hp_per_floor":[82,82,82,82,82,82,82,82,82,82,82,82,82,82,82,82,82,82,82,82,82,82,82,82,82,82,82,82,82,82],"card_choices":[{"not_picked":["Cold Snap","Doom and Gloom"],"picked":"Static Discharge","floor":1.0},{"not_picked":["Turbo","Streamline"],"picked":"Sweeping Beam","floor":2.0},{"not_picked":["Hologram","Compile Driver"],"picked":"Cold Snap","floor":3.0},{"not_picked":["Rebound","Lockon"],"picked":"BootSequence","floor":4.0},{"not_picked":["Conserve Battery","Reinforced Body"],"picked":"Echo Form","floor":6.0},{"not_picked":["Recycle","Ball Lightning"],"picked":"Go for the Eyes","floor":11.0},{"not_picked":["Streamline","Compile Driver"],"picked":"Leap","floor":12.0},{"not_picked":["Go for the Eyes","Blizzard","Stack"],"picked":"SKIP","floor":14.0},{"not_picked":["Fission","Thunder Strike"],"picked":"Electrodynamics","floor":16.0},{"not_picked":["Recycle","Barrage"],"picked":"Coolheaded","floor":18.0},{"not_picked":["Sweeping Beam","Streamline","Melter"],"picked":"SKIP","floor":19.0},{"not_picked":["Sweeping Beam+1","Fusion"],"picked":"Seek","floor":21.0},{"not_picked":["BootSequence","Tempest"],"picked":"Leap","floor":24.0},{"not_picked":["Coolheaded","Blizzard"],"picked":"FTL","floor":28.0}],"player_experience":649358,"relics_obtained":[{"floor":6.0,"key":"Vajra"},{"floor":9.0,"key":"Oddly Smooth Stone"},{"floor":11.0,"key":"Pen Nib"},{"floor":17.0,"key":"Ancient Tea Set"},{"floor":17.0,"key":"Shuriken"},{"floor":17.0,"key":"Lizard Tail"},{"floor":24.0,"key":"Orichalcum"},{"floor":26.0,"key":"Nunchaku"}],"event_choices":[{"damage_healed":0.0,"max_hp_gain":0.0,"max_hp_loss":0.0,"gold_gain":0.0,"event_name":"The Woman in Blue","player_choice":"Bought 0 Potions","floor":5.0,"gold_loss":0.0,"damage_taken":0.0},{"damage_healed":0.0,"max_hp_gain":0.0,"max_hp_loss":0.0,"gold_gain":0.0,"event_name":"Upgrade Shrine","player_choice":"Upgraded","floor":10.0,"gold_loss":0.0,"damage_taken":0.0,"cards_upgraded":["HandOfGreed"]},{"damage_healed":0.0,"max_hp_gain":0.0,"max_hp_loss":0.0,"gold_gain":99.0,"event_name":"Nest","player_choice":"Stole From Cult","floor":22.0,"gold_loss":0.0,"damage_taken":0.0}],"is_beta":false,"boss_relics":[{"not_picked":["Pandora\u0027s Box","Snecko Eye"],"picked":"Calling Bell"}],"items_purged_floors":[20],"is_endless":false,"potions_floor_spawned":[3,4,14,18,24,28],"killed_by":"Snake Plant","ascension_level":6}}