{"host":"sabve5zmqufxyc5o","time":1609495032,"event":{"mods":["2.2 Compatiblity","AchievementEnabler","Act Like it!","BaseMod","Block Reminder","Colored Map","Colored Powertips","DeckTracker","KOR Keyword Fix","Keyboard Shortcuts","Minty Spire (QoL Compilation)","Quick Restart","Rare Cards Sparkle","Relic Stats","StSLib","SuperFastMode"],"gold_per_floor":[118,118,129,17,28,28,48,82,82,94,94,53,53,66,66,140,140,158,137,3,3,22,22,53,53,53,53,68,95,95,95,95],"floor_reached":31,"playtime":678,"items_purged":["Strike_B"],"score":550,"play_id":"9abd2635-6018-452b-b923-a380bb053ed5","local_time":"20210101185712","is_ascension_mode":true,"campfire_choices":[{"data":"Chill","floor":6.0,"key":"SMITH"},{"floor":11.0,"key":"REST"},{"data":"Defragment","floor":13.0,"key":"SMITH"},{"data":"Hologram","floor":15.0,"key":"SMITH"},{"floor":23.0,"key":"REST"},{"floor":25.0,"key":"REST"},{"floor":27.0,"key":"REST"}],"circlet_count":0,"master_deck":["AscendersBane","Strike_B","Strike_B","Defend_B","Defend_B","Defend_B","Defend_B","Zap+1","Dualcast","Streamline","Melter","Self Repair","Stack","Chill+1","Barrage","Genetic Algorithm","FTL","Defragment+1","Hologram+1","Thunder Strike","Beam Cell","Compile Driver","Barrage","Rebound","Cold Snap","Gash+1","Self Repair"],"relics":["Cracked Core","Mango","CaptainsWheel","Fusion Hammer","Question Card","Matryoshka","Meat on the Bone"],"acts_visited":["Exordium","TheCity"],"potions_floor_usage":[29,30],"damage_taken":[{"damage":12.0,"enemies":"Small Slimes","floor":1.0,"turns":3.0},{"damage":6.0,"enemies":"Cultist","floor":3.0,"turns":3.0},{"damage":8.0,"enemies":"Jaw Worm","floor":5.0,"turns":3.0},{"damage":19.0,"enemies":"Large Slime","floor":7.0,"turns":6.0},{"damage":28.0,"enemies":"Lagavulin","floor":8.0,"turns":7.0},{"damage":4.0,"enemies":"Looter","floor":10.0,"turns":4.0},{"damage":0.0,"enemies":"3 Louse","floor":14.0,"turns":3.0},{"damage":55.0,"enemies":"Hexaghost","floor":16.0,"turns":10.0},{"damage":16.0,"enemies":"Shell Parasite","floor":18.0,"turns":5.0},{"damage":9.0,"enemies":"2 Thieves","floor":19.0,"turns":4.0},{"damage":8.0,"enemies":"Snecko","floor":22.0,"turns":6.0},{"damage":67.0,"enemies":"Book of Stabbing","floor":24.0,"turns":6.0},{"damage":30,"enemies":"Snake Plant","floor":28,"turns":5},{"damage":40,"enemies":"Slavers","floor":29,"turns":10},{"damage":12,"enemies":"Colosseum Slavers","floor":30,"turns":6},{"damage":27,"enemies":"Gremlin Leader","floor":31,"turns":7}],"seed_played":"-1999924483298191154","potions_obtained":[{"floor":5.0,"key":"EssenceOfDarkness"},{"floor":7.0,"key":"FairyPotion"},{"floor":16.0,"key":"SpeedPotion"},{"floor":19.0,"key":"EssenceOfSteel"},{"floor":24.0,"key":"SteroidPotion"},{"floor":28,"key":"FocusPotion"}],"is_trial":false,"path_per_floor":["M","?","M","$","M","R","M","E","T","M","R","$","R","M","R","B",null,"M","M","$","?","M","R","E","R","T","R","M","E","?","E"],"character_chosen":"DEFECT","items_purchased":["Self Repair","Stack","Defragment","Barrage"],"campfire_rested":4,"item_purchase_floors":[4,4,12,20],"current_hp_per_floor":[52,52,46,46,45,45,33,26,26,29,54,54,54,54,54,32,72,63,61,61,61,60,85,25,50,50,75,52,19,33,6,6],"gold":95,"neow_bonus":"REMOVE_CARD","is_daily":false,"chose_seed":false,"campfire_upgraded":3,"win_rate":0.0,"timestamp":1609495032,"path_taken":["M","?","M","$","M","R","M","E","T","M","R","$","R","?","R","BOSS","M","M","$","?","M","R","E","R","T","R","M","E","?","E"],"items_purchased_type":["Card","Card","Card","Card"],"build_version":"2020-12-22","purchased_purges":1,"victory":false,"max_hp_per_floor":[71,71,71,71,71,71,71,85,85,85,85,85,85,85,85,85,85,85,85,85,85,85,85,85,85,85,85,85,85,85,85,85],"relic_stats":{"counters":[16,88],"Question Card":2,"obtain_stats":[{"CaptainsWheel":9,"Matryoshka":26,"Mango":8,"Fusion Hammer":17,"Cracked Core":0,"Question Card":24,"Meat on the Bone":29},{"CaptainsWheel":5,"Matryoshka":12,"Mango":5,"Fusion Hammer":8,"Cracked Core":0,"Question Card":12,"Meat on the Bone":14},{"CaptainsWheel":22,"Matryoshka":60,"Mango":22,"Fusion Hammer":39,"Cracked Core":0,"Question Card":60,"Meat on the Bone":75}],"Meat on the Bone":12},"card_choices":[{"not_picked":["Barrage","Redo"],"picked":"Streamline","floor":1.0},{"not_picked":["White Noise","Leap"],"picked":"Melter","floor":3.0},{"not_picked":["Steam","Doom and Gloom"],"picked":"Chill","floor":5.0},{"not_picked":["Streamline","Amplify"],"picked":"Barrage","floor":7.0},{"not_picked":["Leap","Chill"],"picked":"Genetic Algorithm","floor":8.0},{"not_picked":["White Noise","Barrage"],"picked":"FTL","floor":10.0},{"not_picked":["Leap","Barrage"],"picked":"Hologram","floor":14.0},{"not_picked":["Rainbow","Multi-Cast"],"picked":"Thunder Strike","floor":16.0},{"not_picked":["Recycle","Streamline"],"picked":"Beam Cell","floor":18.0},{"not_picked":["Reprogram","Fusion"],"picked":"Compile Driver","floor":19.0},{"not_picked":["Sunder","White Noise"],"picked":"Rebound","floor":22.0},{"not_picked":["Blizzard","Go for the Eyes"],"picked":"Cold Snap","floor":24.0},{"not_picked":["Reinforced Body","Streamline+1","Coolheaded"],"picked":"Gash+1","floor":28},{"not_picked":["Consume","Streamline","Lockon+1"],"picked":"Self Repair","floor":29}],"player_experience":814431,"relics_obtained":[{"floor":8.0,"key":"Mango"},{"floor":9.0,"key":"CaptainsWheel"},{"floor":24.0,"key":"Question Card"},{"floor":26.0,"key":"Matryoshka"},{"floor":29,"key":"Meat on the Bone"}],"event_choices":[{"damage_healed":0.0,"max_hp_gain":0.0,"max_hp_loss":0.0,"gold_gain":0.0,"event_name":"Accursed Blacksmith","player_choice":"Forge","floor":2.0,"gold_loss":0.0,"damage_taken":0.0,"cards_upgraded":["Zap"]},{"damage_healed":0.0,"max_hp_gain":0.0,"max_hp_loss":0.0,"gold_gain":0.0,"event_name":"The Mausoleum","player_choice":"Ignored","floor":21.0,"gold_loss":0.0,"damage_taken":0.0},{"damage_healed":0,"gold_gain":0,"player_choice":"Fight","damage_taken":0,"max_hp_gain":0,"max_hp_loss":0,"event_name":"Colosseum","floor":30,"gold_loss":0},{"damage_healed":0,"gold_gain":0,"player_choice":"Fled From Nobs","damage_taken":0,"max_hp_gain":0,"max_hp_loss":0,"event_name":"Colosseum","floor":30,"gold_loss":0}],"is_beta":false,"boss_relics":[{"not_picked":["Ectoplasm","Busted Crown"],"picked":"Fusion Hammer"}],"items_purged_floors":[20],"is_endless":false,"potions_floor_spawned":[5,7,16,19,24,28],"killed_by":"Gremlin Leader","ascension_level":20}}