{"host":"3a1ypf1irl30q4k8","time":1609504083,"event":{"mods":["AchievementEnabler","BaseMod","Bestiary","Colored Map","Minty Spire (QoL Compilation)","Relic Stats"],"gold_per_floor":[12,22,36,52,2,2,33,33,33,33,52,67,85,97,97,199,199,212,225,48,48,63,63,83,83,110,110,35,54,67,86,86,189,189,204,204,204,204,222,222,272,302,327,327,327,327,345,374,374,374,374],"floor_reached":50,"playtime":2264,"items_purged":["Strike_R"],"score":559,"play_id":"3be816c2-a95a-41be-b030-642972029b33","local_time":"20210101122803","is_ascension_mode":true,"campfire_choices":[{"data":"Bash","floor":6,"key":"SMITH"},{"data":"Whirlwind","floor":8,"key":"SMITH"},{"floor":15,"key":"REST"},{"floor":23,"key":"REST"},{"floor":32,"key":"REST"},{"data":"Feel No Pain","floor":40,"key":"SMITH"},{"floor":44,"key":"REST"},{"floor":49,"key":"REST"}],"circlet_count":0,"master_deck":["Strike_R","Strike_R","Defend_R","Defend_R","Bash+1","Wild Strike","Whirlwind+1","Iron Wave","Corruption+1","Intimidate","Shrug It Off","Armaments","Pommel Strike","Inflame","Immolate","CurseOfTheBell","Fire Breathing+1","True Grit+1","Feel No Pain+1","Battle Trance","Rage+1","Reckless Charge","Inflame+1","Juggernaut","Uppercut","Feel No Pain+1","Sever Soul+1","Spot Weakness+1","Parasite","Dark Embrace"],"relics":["Burning Blood","Question Card","Matryoshka","Calling Bell","Pen Nib","Eternal Feather","Incense Burner","Ornamental Fan","Regal Pillow","PreservedInsect","Paper Frog","Bottled Tornado","Cursed Key","Turnip","Nunchaku","Pear"],"acts_visited":["Exordium","TheCity","TheBeyond"],"potions_floor_usage":[16,16,30,33,45,50],"damage_taken":[{"damage":6,"enemies":"Cultist","floor":1,"turns":3},{"damage":3,"enemies":"Jaw Worm","floor":2,"turns":4},{"damage":0,"enemies":"Small Slimes","floor":3,"turns":2},{"damage":14,"enemies":"Blue Slaver","floor":4,"turns":4},{"damage":39,"enemies":"3 Sentries","floor":7,"turns":7},{"damage":0,"enemies":"3 Louse","floor":11,"turns":1},{"damage":19,"enemies":"Large Slime","floor":12,"turns":6},{"damage":2,"enemies":"2 Fungi Beasts","floor":13,"turns":4},{"damage":10,"enemies":"3 Louse","floor":14,"turns":3},{"damage":30,"enemies":"Slime Boss","floor":16,"turns":8},{"damage":22,"enemies":"Spheric Guardian","floor":18,"turns":4},{"damage":26,"enemies":"Chosen","floor":19,"turns":5},{"damage":11,"enemies":"Shelled Parasite and Fungi","floor":22,"turns":6},{"damage":7,"enemies":"Cultist and Chosen","floor":24,"turns":5},{"damage":14,"enemies":"Snake Plant","floor":29,"turns":5},{"damage":20,"enemies":"Chosen and Byrds","floor":30,"turns":5},{"damage":27,"enemies":"Centurion and Healer","floor":31,"turns":5},{"damage":57,"enemies":"Automaton","floor":33,"turns":10},{"damage":0,"enemies":"3 Shapes","floor":35,"turns":2},{"damage":26,"enemies":"3 Darklings","floor":39,"turns":4},{"damage":1,"enemies":"Mind Bloom Boss Battle","floor":41,"turns":6},{"damage":73,"enemies":"Reptomancer","floor":42,"turns":6},{"damage":0,"enemies":"Maw","floor":45,"turns":2},{"damage":2,"enemies":"Jaw Worm Horde","floor":47,"turns":2},{"damage":73,"enemies":"Nemesis","floor":48,"turns":5},{"damage":115,"enemies":"Awakened One","floor":50,"turns":5}],"seed_played":"-4548217454303666311","potions_obtained":[{"floor":3,"key":"FairyPotion"},{"floor":4,"key":"Strength Potion"},{"floor":12,"key":"Weak Potion"},{"floor":13,"key":"BloodPotion"},{"floor":22,"key":"SmokeBomb"},{"floor":24,"key":"Ancient Potion"},{"floor":29,"key":"PowerPotion"},{"floor":31,"key":"Strength Potion"},{"floor":35,"key":"SpeedPotion"},{"floor":48,"key":"Fire Potion"}],"is_trial":false,"path_per_floor":["M","M","M","M","?","R","E","R","T","?","M","M","M","M","R","B",null,"M","M","$","?","M","R","M","?","T","T","?","M","M","M","R","B",null,"M","?","?","?","M","R","?","E","T","R","M","?","M","E","R","B"],"character_chosen":"IRONCLAD","items_purchased":["Feel No Pain","Battle Trance"],"campfire_rested":5,"item_purchase_floors":[20,20],"current_hp_per_floor":[80,80,80,72,72,72,39,39,39,39,45,32,36,32,56,48,80,64,44,44,44,39,75,74,59,59,59,59,51,37,16,68,17,85,85,85,85,81,61,76,81,14,14,71,77,77,81,24,84,0,0],"gold":374,"neow_bonus":"REMOVE_TWO","is_daily":false,"chose_seed":false,"campfire_upgraded":3,"win_rate":0.0,"timestamp":1609504083,"path_taken":["M","M","?","M","?","R","E","R","T","?","M","?","M","M","R","BOSS","M","?","$","?","M","R","M","?","T","?","?","M","M","M","R","BOSS","M","?","?","?","M","R","?","E","T","R","M","?","M","E","R","BOSS"],"items_purchased_type":["Card","Card"],"build_version":"2020-12-22","purchased_purges":1,"victory":false,"max_hp_per_floor":[80,80,80,80,80,80,80,80,80,80,80,80,80,80,80,80,80,80,80,80,80,80,80,80,85,85,85,85,85,85,85,85,85,85,85,85,85,81,81,81,81,81,81,81,81,81,81,91,91,91,91],"relic_stats":{"Regal Pillow":45,"Nunchaku":[1],"counters":[26,119],"Ornamental Fan":[12],"Eternal Feather":75,"Pen Nib":[9],"PreservedInsect":108,"Turnip":[3],"Question Card":20,"Cursed Key":1,"obtain_stats":[{"Regal Pillow":26,"Pear":48,"Eternal Feather":17,"Pen Nib":17,"PreservedInsect":26,"Incense Burner":17,"Bottled Tornado":27,"Question Card":7,"Cursed Key":34,"Burning Blood":0,"Calling Bell":17,"Nunchaku":42,"Matryoshka":9,"Ornamental Fan":21,"Turnip":41,"Paper Frog":27},{"Regal Pillow":14,"Pear":25,"Eternal Feather":10,"Pen Nib":10,"PreservedInsect":14,"Incense Burner":10,"Bottled Tornado":14,"Question Card":5,"Cursed Key":18,"Burning Blood":0,"Calling Bell":10,"Nunchaku":22,"Matryoshka":5,"Ornamental Fan":12,"Turnip":21,"Paper Frog":14},{"Regal Pillow":62,"Pear":114,"Eternal Feather":42,"Pen Nib":42,"PreservedInsect":62,"Incense Burner":42,"Bottled Tornado":62,"Question Card":20,"Cursed Key":87,"Burning Blood":0,"Calling Bell":42,"Nunchaku":105,"Matryoshka":20,"Ornamental Fan":51,"Turnip":99,"Paper Frog":62}],"Burning Blood":135},"card_choices":[{"not_picked":["Clash","Armaments"],"picked":"Wild Strike","floor":1},{"not_picked":["Burning Pact","Perfected Strike"],"picked":"Whirlwind","floor":2},{"not_picked":["Warcry","Cleave"],"picked":"Iron Wave","floor":3},{"not_picked":["Sever Soul","Pommel Strike"],"picked":"Corruption","floor":4},{"not_picked":["Perfected Strike","Sword Boomerang"],"picked":"Intimidate","floor":7},{"not_picked":["Armaments","Evolve","Thunderclap"],"picked":"Shrug It Off","floor":11},{"not_picked":["Iron Wave","Reckless Charge","True Grit"],"picked":"Armaments","floor":12},{"not_picked":["Searing Blow","Combust","Rupture"],"picked":"Pommel Strike","floor":13},{"not_picked":["Ghostly Armor","Fire Breathing","Hemokinesis"],"picked":"Inflame","floor":14},{"not_picked":["Brutality","Exhume","Berserk"],"picked":"Immolate","floor":16},{"not_picked":["Havoc","Thunderclap","Clash"],"picked":"Fire Breathing+1","floor":18},{"not_picked":["Shrug It Off+1","Entrench","Havoc+1"],"picked":"True Grit+1","floor":19},{"not_picked":["Thunderclap+1","Body Slam+1","Evolve"],"picked":"Rage+1","floor":22},{"not_picked":["Anger","Entrench","Cleave"],"picked":"Reckless Charge","floor":24},{"not_picked":["Rampage","Armaments","Twin Strike"],"picked":"Spot Weakness","floor":29},{"not_picked":["Heavy Blade","Blood for Blood","Cleave+1","Thunderclap+1"],"picked":"SKIP","floor":30},{"not_picked":["Warcry","Berserk","Havoc+1"],"picked":"Inflame+1","floor":31},{"not_picked":["Immolate","Demon Form","Barricade"],"picked":"Juggernaut","floor":33},{"not_picked":["Metallicize","Wild Strike+1","Combust"],"picked":"Uppercut","floor":35},{"not_picked":["Warcry+1","Havoc+1","Shrug It Off"],"picked":"Feel No Pain+1","floor":39},{"not_picked":["Immolate","Perfected Strike","Rage+1"],"picked":"Sever Soul+1","floor":41},{"not_picked":["Battle Trance+1","Carnage+1","Reckless Charge"],"picked":"Spot Weakness+1","floor":42},{"not_picked":["Pommel Strike","Fire Breathing","Whirlwind+1","Wild Strike"],"picked":"SKIP","floor":47},{"not_picked":["Whirlwind","Havoc","Shrug It Off"],"picked":"Dark Embrace","floor":48}],"player_experience":927114,"relics_obtained":[{"floor":7,"key":"Question Card"},{"floor":9,"key":"Matryoshka"},{"floor":17,"key":"Pen Nib"},{"floor":17,"key":"Eternal Feather"},{"floor":17,"key":"Incense Burner"},{"floor":26,"key":"Regal Pillow"},{"floor":26,"key":"PreservedInsect"},{"floor":27,"key":"Paper Frog"},{"floor":27,"key":"Bottled Tornado"},{"floor":41,"key":"Turnip"},{"floor":42,"key":"Nunchaku"},{"floor":48,"key":"Pear"}],"event_choices":[{"cards_removed":["Strike_R"],"damage_healed":0,"gold_gain":0,"player_choice":"Card Removal","damage_taken":0,"max_hp_gain":0,"max_hp_loss":0,"event_name":"The Cleric","floor":5,"gold_loss":50},{"damage_healed":0,"gold_gain":0,"player_choice":"Forge","damage_taken":0,"max_hp_gain":0,"max_hp_loss":0,"event_name":"Accursed Blacksmith","floor":10,"gold_loss":0,"cards_upgraded":["Corruption"]},{"damage_healed":0,"gold_gain":0,"player_choice":"Opened","damage_taken":0,"relics_obtained":["Ornamental Fan"],"max_hp_gain":0,"max_hp_loss":0,"event_name":"The Mausoleum","floor":21,"gold_loss":0},{"damage_healed":0,"gold_gain":0,"player_choice":"Shed Blood","damage_taken":20,"max_hp_gain":5,"max_hp_loss":0,"event_name":"Forgotten Altar","floor":25,"gold_loss":0},{"cards_removed":["Strike_R"],"damage_healed":0,"gold_gain":0,"player_choice":"Gave Gold","damage_taken":0,"max_hp_gain":0,"max_hp_loss":0,"event_name":"Beggar","floor":28,"gold_loss":75},{"damage_healed":0,"gold_gain":0,"player_choice":"Ignored","damage_taken":0,"max_hp_gain":0,"max_hp_loss":0,"event_name":"Mysterious Sphere","floor":36,"gold_loss":0},{"damage_healed":0,"gold_gain":0,"player_choice":"Ignored","damage_taken":0,"max_hp_gain":0,"max_hp_loss":0,"event_name":"Tomb of Lord Red Mask","floor":37,"gold_loss":0},{"damage_healed":0,"gold_gain":0,"player_choice":"Max HP","damage_taken":0,"max_hp_gain":0,"max_hp_loss":4,"event_name":"Winding Halls","floor":38,"gold_loss":0},{"damage_healed":0,"gold_gain":0,"player_choice":"Fight","damage_taken":0,"max_hp_gain":0,"max_hp_loss":0,"event_name":"MindBloom","floor":41,"gold_loss":0},{"cards_removed":["Spot Weakness"],"damage_healed":0,"gold_gain":0,"player_choice":"Removed Skill","damage_taken":0,"max_hp_gain":0,"max_hp_loss":0,"event_name":"Falling","floor":46,"gold_loss":0}],"is_beta":false,"boss_relics":[{"not_picked":["Runic Dome","SacredBark"],"picked":"Calling Bell"},{"not_picked":["Runic Pyramid","Philosopher\u0027s Stone"],"picked":"Cursed Key"}],"items_purged_floors":[20],"is_endless":false,"potions_floor_spawned":[3,4,12,13,22,24,29,31,35,39,48],"killed_by":"Awakened One","ascension_level":2}}