{"host":"3y33rrrkia6pkpow","time":1609536649,"event":{"mods":["2.2 Compatiblity","AchievementEnabler","Act Like it!","BaseMod","BetterRewards","Colored Map","Gensokyo","Minty Spire (QoL Compilation)","Quick Restart","Replay The Spire","Shop Mod","Spicy Shops","StSLib","Synergy Search","The Animator"],"gold_per_floor":[131,61,61,6,6,32,32,74,126,126,161,188,218,248,260,369,381,412,424,316,345,370,382,644,674,686,726,738,778,790,802,802],"floor_reached":31,"playtime":3141,"items_purged":[],"score":434,"play_id":"67e74917-0277-4c0a-8ad6-fdb322c72754","local_time":"20210101153049","is_ascension_mode":true,"campfire_choices":[{"floor":7.0,"key":"REST"},{"data":"animator:Bozes","floor":10.0,"key":"SMITH"},{"data":"animator:Fredrika","floor":15.0,"key":"SMITH"},{"floor":23.0,"key":"REST"}],"circlet_count":0,"master_deck":["AscendersBane","animator:Strike_OnePunchMan","animator:Defend_OnePunchMan","animator:Strike+1","animator:Defend+1","animator:Defend+1","animator:Genos+1","animator:MumenRider","animator:Gillette+1","animator:ChaikaBohdan","animator:ChaikaBohdan","animator:Bozes+1","animator:Boros","animator:Viivi","animator:Fredrika+1","animator:Benimaru","animator:HighElfArcher","animator:Rimuru","animator:ChaikaBohdan","animator:ChaikaBohdan","animator:AcuraAkari","animator:Fredrika","animator:Sonic+1","animator:Shion+1","animator:Benimaru+1","animator:SilverFang","animator:Gillette","Shame","animator:Kazuma"],"relics":["animator:LivingPicture","animator:TheMissingPiece","animator:PurgingStone","War Paint","Replay:Bottled Flurry","ReplayTheSpireMod:Lightbulb","Paper Crane","Potion Belt","Iron Hammer","MawBank","animator:RacePiece","Gensokyo:SpiderMask","Bottled Flame","Incense Burner","The Courier","Bottled Tornado"],"acts_visited":["Exordium","Gensokyo:Gensokyo"],"potions_floor_usage":[29],"damage_taken":[{"damage":4.0,"enemies":"Gensokyo:Gryphon","floor":1.0,"turns":3.0},{"damage":12.0,"enemies":"Gensokyo:Aya","floor":6.0,"turns":5.0},{"damage":12.0,"enemies":"Gensokyo:Cirno","floor":8.0,"turns":5.0},{"damage":12.0,"enemies":"Gensokyo:Aya","floor":11.0,"turns":5.0},{"damage":0.0,"enemies":"Gensokyo:3_Fairies","floor":12.0,"turns":2.0},{"damage":4.0,"enemies":"Gensokyo:Mamizou","floor":13.0,"turns":7.0},{"damage":0.0,"enemies":"Gensokyo:Python","floor":14.0,"turns":2.0},{"damage":24.0,"enemies":"Gensokyo:Yukari","floor":16.0,"turns":7.0},{"damage":17.0,"enemies":"Gensokyo:3_Dogs","floor":18.0,"turns":5.0},{"damage":0.0,"enemies":"Gensokyo:2_Gloops","floor":21.0,"turns":2.0},{"damage":19.0,"enemies":"Gensokyo:Slime_Group","floor":22.0,"turns":5.0},{"damage":35.0,"enemies":"Gensokyo:Swordslinger","floor":25.0,"turns":4.0},{"damage":17.0,"enemies":"Gensokyo:Tenshi","floor":27.0,"turns":5.0},{"damage":8,"enemies":"Gensokyo:Koishi","floor":29,"turns":4},{"damage":21,"enemies":"Gensokyo:Wraith","floor":31,"turns":3}],"seed_played":"3810602057066711546","potions_obtained":[{"floor":1.0,"key":"Regen Potion"},{"floor":11.0,"key":"Weak Potion"},{"floor":13.0,"key":"EssenceOfSteel"},{"floor":16.0,"key":"CultistPotion"},{"floor":22.0,"key":"SkillPotion"},{"floor":29,"key":"Strength Potion"}],"is_trial":false,"path_per_floor":["M","?","T","$","?","E","R","E","T","R","E","M","E","M","R","B",null,"M","?","?","M","M","R","?","M","T","E","?","E","T","M"],"character_chosen":"THE_ANIMATOR","items_purchased":["animator:ChaikaBohdan"],"campfire_rested":2,"item_purchase_floors":[4],"current_hp_per_floor":[55,55,55,55,61,49,70,58,58,58,50,50,52,52,52,34,63,49,49,49,49,35,56,56,34,34,23,23,15,15,0,0],"gold":802,"neow_bonus":"RANDOM_COMMON_RELIC","is_daily":false,"chose_seed":false,"campfire_upgraded":2,"win_rate":0.0,"timestamp":1609536649,"path_taken":["M","?","?","?","?","E","R","E","T","R","E","M","E","M","R","BOSS","M","?","?","M","?","R","?","M","T","E","?","E","?","M"],"items_purchased_type":["Card"],"build_version":"2020-12-22","purchased_purges":0,"victory":false,"max_hp_per_floor":[66,66,66,66,72,72,72,72,72,72,73,73,73,73,73,73,73,73,73,73,73,73,73,69,70,70,70,70,70,70,70,70],"card_choices":[{"not_picked":["animator:Bozes","animator:Hakurou"],"picked":"animator:Gillette","floor":1.0},{"not_picked":["animator:Guy","animator:CowGirl"],"picked":"animator:Bozes","floor":6.0},{"not_picked":["animator:Souei","animator:Kazuma"],"picked":"animator:Boros","floor":8.0},{"not_picked":["animator:ChaikaBohdan","animator:Guy"],"picked":"animator:Viivi","floor":11.0},{"not_picked":["animator:Hitei","animator:Souei"],"picked":"animator:Fredrika","floor":12.0},{"not_picked":["animator:Shalltear","animator:ElricEdward"],"picked":"animator:Benimaru","floor":13.0},{"not_picked":["animator:WinryRockbell","animator:Konayuki"],"picked":"animator:HighElfArcher","floor":14.0},{"not_picked":["animator:Eris","animator:Wiz"],"picked":"animator:Rimuru","floor":16.0},{"not_picked":["animator:Viivi","animator:ChaikaBohdan"],"picked":"animator:Fredrika","floor":18.0},{"not_picked":["animator:TukaLunaMarceau","animator:ChaikaBohdan"],"picked":"animator:Shion+1","floor":21.0},{"not_picked":["animator:UneriGinkaku","animator:Evileye"],"picked":"animator:Benimaru","floor":22.0},{"not_picked":["animator:Tyuule","animator:Spearman"],"picked":"animator:SilverFang","floor":25.0},{"not_picked":["animator:Layla","animator:Guy"],"picked":"animator:Gillette","floor":27.0},{"not_picked":["animator:Benimaru","animator:Spearman"],"picked":"animator:Kazuma","floor":29}],"player_experience":817554,"relics_obtained":[{"floor":3.0,"key":"Replay:Bottled Flurry"},{"floor":6.0,"key":"ReplayTheSpireMod:Lightbulb"},{"floor":8.0,"key":"Paper Crane"},{"floor":9.0,"key":"Potion Belt"},{"floor":11.0,"key":"Iron Hammer"},{"floor":13.0,"key":"MawBank"},{"floor":26.0,"key":"Bottled Flame"},{"floor":27.0,"key":"Incense Burner"},{"floor":29,"key":"The Courier"},{"floor":30,"key":"Bottled Tornado"}],"event_choices":[],"is_beta":false,"boss_relics":[{"not_picked":["Busted Crown","animator:HolyGrailRelic"],"picked":"animator:RacePiece"}],"items_purged_floors":[],"is_endless":false,"potions_floor_spawned":[1,11,13,16,18,22,29],"killed_by":"Gensokyo:Wraith","ascension_level":10}}