{"host":"p7j7o00jacnw7qzt","time":1609488437,"event":{"mods":["BaseMod","Colored Map","Colored Powertips","DeckTracker","Highlight Path","Minty Spire (QoL Compilation)","Relic Stats"],"gold_per_floor":[119,119,119,130,140,140,140,175,200,200,231,251,251,152,152,152,152],"floor_reached":16,"playtime":456,"items_purged":["Strike_G"],"score":216,"play_id":"e20096b3-138c-4700-b654-116ae1389447","local_time":"20210101030717","is_ascension_mode":true,"campfire_choices":[{"data":"Blade Dance","floor":6.0,"key":"SMITH"},{"floor":10.0,"key":"REST"},{"data":"Tactician","floor":13.0,"key":"SMITH"},{"data":"Blade Dance","floor":15.0,"key":"SMITH"}],"circlet_count":0,"master_deck":["AscendersBane","Strike_G","Strike_G","Strike_G","Defend_G","Defend_G","Defend_G","Defend_G","Defend_G","Survivor","Neutralize","Blade Dance+1","Acrobatics+1","Masterful Stab","Tactician+1","Prepared","Blade Dance+1"],"relics":["Ring of the Snake","NeowsBlessing","Orichalcum","Vajra","Blue Candle"],"acts_visited":["Exordium"],"potions_floor_usage":[],"damage_taken":[{"damage":0.0,"enemies":"Jaw Worm","floor":1.0,"turns":1.0},{"damage":0.0,"enemies":"Cultist","floor":4.0,"turns":1.0},{"damage":0.0,"enemies":"Small Slimes","floor":5.0,"turns":1.0},{"damage":47.0,"enemies":"Lagavulin","floor":8.0,"turns":8.0},{"damage":10.0,"enemies":"3 Sentries","floor":11.0,"turns":8.0},{"damage":9.0,"enemies":"Exordium Thugs","floor":12.0,"turns":3.0},{"damage":22,"enemies":"Slime Boss","floor":16,"turns":5}],"seed_played":"-6062047731598391734","potions_obtained":[{"floor":4.0,"key":"GamblersBrew"},{"floor":5.0,"key":"Explosive Potion"},{"floor":12.0,"key":"SpeedPotion"}],"is_trial":false,"path_per_floor":["M","?","?","M","M","R","?","E","T","R","E","M","R","$","R","B"],"character_chosen":"THE_SILENT","items_purchased":["Blade Dance"],"campfire_rested":1,"item_purchase_floors":[14],"current_hp_per_floor":[59,59,59,59,59,59,59,12,12,31,21,12,12,12,12,0,0],"gold":152,"neow_bonus":"THREE_ENEMY_KILL","is_daily":false,"chose_seed":false,"campfire_upgraded":3,"win_rate":0.0,"timestamp":1609488437,"path_taken":["M","?","?","M","?","R","?","E","T","R","E","M","R","?","R","BOSS"],"items_purchased_type":["Card"],"build_version":"2020-12-22","purchased_purges":1,"victory":false,"max_hp_per_floor":[66,66,66,66,66,66,66,66,66,66,66,66,66,66,66,66,66],"relic_stats":{"counters":[7,27],"Blue Candle":[0],"Orichalcum":[48],"obtain_stats":[{"NeowsBlessing":0,"Blue Candle":11,"Vajra":9,"Orichalcum":8,"Ring of the Snake":0},{"NeowsBlessing":0,"Blue Candle":5,"Vajra":4,"Orichalcum":4,"Ring of the Snake":0},{"NeowsBlessing":0,"Blue Candle":19,"Vajra":11,"Orichalcum":11,"Ring of the Snake":0}],"Ring of the Snake":[14]},"card_choices":[{"not_picked":["Cloak And Dagger","Acrobatics"],"picked":"Blade Dance","floor":1.0},{"not_picked":["Prepared","Heel Hook"],"picked":"Acrobatics","floor":4.0},{"not_picked":["Backflip","PiercingWail"],"picked":"Masterful Stab","floor":5.0},{"not_picked":["Deadly Poison","Masterful Stab"],"picked":"Tactician","floor":8.0},{"not_picked":["Deadly Poison","Slice"],"picked":"Prepared","floor":11.0},{"not_picked":["Storm of Steel","Prepared","Flying Knee"],"picked":"SKIP","floor":12.0}],"player_experience":905249,"relics_obtained":[{"floor":8.0,"key":"Orichalcum"},{"floor":9.0,"key":"Vajra"},{"floor":11.0,"key":"Blue Candle"}],"event_choices":[{"damage_healed":0.0,"max_hp_gain":0.0,"max_hp_loss":0.0,"gold_gain":0.0,"event_name":"Liars Game","player_choice":"Ignored","floor":2.0,"gold_loss":0.0,"damage_taken":0.0},{"cards_removed":["Strike_G"],"damage_healed":0.0,"max_hp_gain":0.0,"max_hp_loss":0.0,"gold_gain":0.0,"event_name":"Bonfire Elementals","player_choice":"Offered Basic","floor":3.0,"gold_loss":0.0,"damage_taken":0.0},{"damage_healed":0.0,"max_hp_gain":0.0,"max_hp_loss":0.0,"gold_gain":0.0,"event_name":"Accursed Blacksmith","player_choice":"Forge","floor":7.0,"gold_loss":0.0,"damage_taken":0.0,"cards_upgraded":["Acrobatics"]}],"is_beta":false,"boss_relics":[],"items_purged_floors":[14],"is_endless":false,"potions_floor_spawned":[4,5,12],"killed_by":"Slime Boss","ascension_level":20}}