{"host":"qy1e0kd24tpj3i2m","time":1609536005,"event":{"mods":["Act Like it!","Alarm Clock","BaseMod","Better Skull","Better Vampires","Colored Map","Colored Powertips","Custom Start","Faster Ascension Climbing","Friendly Minions","GifTheSpireLib","Gremlin Skip","Highlight Path","Minty Spire (QoL Compilation)","Permanent Neow","Quick Restart","Red Circlet Mod","Relic Sorter","Reorder Act Four","SacredBarkPlus","Shop Mod","StSLib","SuperFastMode","Transform Curses","没有小屋子和绿帽子啦"],"gold_per_floor":[114,133,58,70,70,70,104,104,104,123,163,163,206,131,131,131,131],"floor_reached":16,"playtime":692,"items_purged":["Injury"],"score":236,"play_id":"eb338499-32c3-4f83-9d96-fda1e05298a0","local_time":"20210102062005","is_ascension_mode":true,"campfire_choices":[{"data":"Whirlwind","floor":6.0,"key":"SMITH"},{"data":"True Grit","floor":12,"key":"SMITH"},{"data":"Seeing Red","floor":15,"key":"SMITH"}],"circlet_count":0,"master_deck":["AscendersBane","Strike_R","Strike_R","Strike_R","Strike_R","Strike_R","Defend_R","Defend_R","Defend_R","Defend_R","Whirlwind+1","Reckless Charge","True Grit+1","Wild Strike","Seeing Red+1","Thunderclap","Power Through+1"],"relics":["Burning Blood","Blue Candle","Self Forming Clay","Golden Idol","MealTicket","PreservedInsect","Toxic Egg 2"],"acts_visited":["Exordium"],"potions_floor_usage":[],"damage_taken":[{"damage":6.0,"enemies":"Cultist","floor":1.0,"turns":3.0},{"damage":2.0,"enemies":"Jaw Worm","floor":2.0,"turns":3.0},{"damage":0.0,"enemies":"2 Louse","floor":4.0,"turns":2.0},{"damage":32.0,"enemies":"Gremlin Nob","floor":7.0,"turns":4.0},{"damage":5.0,"enemies":"Looter","floor":10.0,"turns":3.0},{"damage":26,"enemies":"3 Sentries","floor":11,"turns":7},{"damage":9,"enemies":"Gremlin Nob","floor":13,"turns":3},{"damage":41,"enemies":"Hexaghost","floor":16,"turns":9}],"seed_played":"1832485556633173327","potions_obtained":[{"floor":4.0,"key":"Energy Potion"},{"floor":11,"key":"LiquidMemories"}],"is_trial":false,"path_per_floor":["M","M","?","M","?","R","E","?","T","M","E","R","E","$","R","B"],"character_chosen":"IRONCLAD","items_purchased":[],"campfire_rested":0,"item_purchase_floors":[],"current_hp_per_floor":[68,72,72,75,70,70,44,44,44,45,25,25,22,37,37,0,0],"gold":131,"neow_bonus":"THREE_CARDS","is_daily":false,"chose_seed":false,"campfire_upgraded":3,"win_rate":0.0,"timestamp":1609536005,"path_taken":["M","M","?","M","?","R","E","?","T","M","E","R","E","?","R","BOSS"],"items_purchased_type":[],"build_version":"2020-12-22","purchased_purges":1,"victory":false,"max_hp_per_floor":[75,75,75,75,75,75,75,75,75,75,75,75,75,75,75,75,75],"card_choices":[{"not_picked":["Iron Wave","Clothesline"],"picked":"Whirlwind","floor":0.0},{"not_picked":["Perfected Strike","Pummel"],"picked":"Reckless Charge","floor":1.0},{"not_picked":["Whirlwind","Perfected Strike"],"picked":"True Grit","floor":2.0},{"not_picked":["Twin Strike","Pommel Strike"],"picked":"Wild Strike","floor":4.0},{"not_picked":["Offering","True Grit","Searing Blow"],"picked":"SKIP","floor":7.0},{"not_picked":["Offering","True Grit","Searing Blow"],"picked":"SKIP","floor":7.0},{"not_picked":["Shockwave","Wild Strike"],"picked":"Seeing Red","floor":10.0},{"not_picked":["Offering","Havoc"],"picked":"Thunderclap","floor":11},{"not_picked":["Shrug It Off+1","Clothesline"],"picked":"Power Through+1","floor":13}],"player_experience":919505,"relics_obtained":[{"floor":7.0,"key":"Self Forming Clay"},{"floor":9.0,"key":"MealTicket"},{"floor":11,"key":"PreservedInsect"},{"floor":13,"key":"Toxic Egg 2"}],"event_choices":[{"cards_removed":["Bash"],"damage_healed":0.0,"max_hp_gain":0.0,"max_hp_loss":0.0,"gold_gain":0.0,"event_name":"The Cleric","player_choice":"Card Removal","floor":3.0,"gold_loss":75.0,"damage_taken":0.0},{"damage_healed":0.0,"max_hp_gain":0.0,"max_hp_loss":0.0,"gold_gain":0.0,"event_name":"Scrap Ooze","player_choice":"Success","floor":5.0,"gold_loss":0.0,"damage_taken":5.0,"relics_obtained":["Blue Candle"]},{"damage_healed":0.0,"max_hp_gain":0.0,"max_hp_loss":0.0,"gold_gain":0.0,"event_name":"Golden Idol","player_choice":"Take Wound","floor":8.0,"gold_loss":0.0,"damage_taken":0.0,"relics_obtained":["Golden Idol"],"cards_obtained":["Injury"]}],"is_beta":false,"boss_relics":[],"items_purged_floors":[14],"is_endless":false,"potions_floor_spawned":[4,11],"killed_by":"Hexaghost","ascension_level":20}}