{"host":"klzxa3457b6fcx00","time":1609477952,"event":{"mods":["AchievementEnabler","BaseMod","Downfall","Minty Spire (QoL Compilation)","Replay The Spire","StSLib"],"gold_per_floor":[111,111,43,43,56,56,87,101,101,119,119,145,145,161,161,258,258,273,80,80,64,64,64,97,97,120,138,138,96,96,96],"floor_reached":30,"playtime":1523,"items_purged":[],"score":256,"play_id":"e255b3a7-99cf-41f1-bdf5-fd9b6285fe7c","local_time":"20210101121232","is_ascension_mode":false,"campfire_choices":[{"data":"Noxious Fumes","floor":6.0,"key":"SMITH"},{"floor":11.0,"key":"REST"},{"floor":13,"key":"REST"},{"floor":15,"key":"REST"},{"floor":23,"key":"REST"},{"floor":28,"key":"REST"}],"circlet_count":0,"master_deck":["Strike_G","Strike_G","Strike_G","Strike_G","Strike_G","Defend_G","Defend_G","Defend_G","Defend_G","Defend_G","Survivor","Neutralize","Bane","Noxious Fumes+1","Flying Knee","Crippling Poison","PiercingWail","Flying Knee","Bane","Poisoned Stab","Deadly Poison","Bane+1","Hallucinations","All Out Attack","Poisoned Stab+1","ReplayTheSpireMod:IOU","ReplayTheSpireMod:IOU"],"relics":["Ring of the Snake","Toy Ornithopter","ReplayTheSpireMod:Ninjato","Art of War","Replay:Accelerometer","Dream Catcher","Ring of Chaos","ClockworkSouvenir","Replay:Wax Seal","Blue Doll","Ring of Peace","ReplayTheSpireMod:Ring of Challenge","Orichalcum","Snack Pack"],"acts_visited":["Exordium","TheCity"],"potions_floor_usage":[16,16,24,24,27],"damage_taken":[{"damage":2.0,"enemies":"2 Louse","floor":1.0,"turns":3.0},{"damage":0.0,"enemies":"Small Slimes","floor":5.0,"turns":3.0},{"damage":25.0,"enemies":"3 Sentries","floor":7.0,"turns":7.0},{"damage":3.0,"enemies":"Jaw Worm","floor":8.0,"turns":3.0},{"damage":7.0,"enemies":"Blue Slaver","floor":10.0,"turns":3.0},{"damage":28.0,"enemies":"Lagavulin","floor":12.0,"turns":6.0},{"damage":11,"enemies":"Lots of Slimes","floor":14,"turns":3},{"damage":52,"enemies":"Fading Forest","floor":16,"turns":11},{"damage":10,"enemies":"Chosen","floor":18,"turns":6},{"damage":20,"enemies":"2 Thieves","floor":21,"turns":4},{"damage":54,"enemies":"Gremlin Leader","floor":24,"turns":6},{"damage":16,"enemies":"Snake Plant","floor":27,"turns":6},{"damage":32,"enemies":"3 Cultists","floor":30,"turns":5}],"seed_played":"1524135740286798851","potions_obtained":[{"floor":5.0,"key":"Languid Potion"},{"floor":12,"key":"sneckomod:MuddlingPotion"},{"floor":14,"key":"SkillPotion"},{"floor":16,"key":"Languid Potion"},{"floor":21,"key":"SkillPotion"}],"is_trial":false,"path_per_floor":["M","?","$","?","M","R","E","M","T","M","R","E","R","M","R","B",null,"M","$","?","M","?","R","E","?","T","M","R","$","M"],"character_chosen":"THE_SILENT","items_purchased":["Noxious Fumes","ClockworkSouvenir","Poisoned Stab","Snack Pack"],"campfire_rested":5,"item_purchase_floors":[3,19,19,29],"current_hp_per_floor":[68,68,68,65,65,65,40,37,37,30,51,23,44,33,54,12,70,60,60,60,40,40,61,17,17,17,6,27,27,0,0],"gold":96,"neow_bonus":"RANDOM_COMMON_RELIC","is_daily":false,"chose_seed":false,"campfire_upgraded":1,"win_rate":0.0,"timestamp":1609477952,"path_taken":["M","?","$","?","M","R","E","M","T","M","R","E","R","M","R","BOSS","M","$","?","?","?","R","E","?","T","M","R","$","M"],"items_purchased_type":["Card","Relic","Card","Relic"],"build_version":"2020-12-22","purchased_purges":0,"victory":false,"max_hp_per_floor":[70,70,70,70,70,70,70,70,70,70,70,70,70,70,70,70,70,70,70,70,70,70,70,70,70,70,70,70,70,70,70],"card_choices":[{"not_picked":["Underhanded Strike","Quick Slash"],"picked":"Bane","floor":1.0},{"not_picked":["ReplayTheSpireMod:Speed Training","ReplayTheSpireMod:The Works"],"picked":"Flying Knee","floor":5.0},{"not_picked":["ReplayTheSpireMod:The Works","PiercingWail"],"picked":"Crippling Poison","floor":7.0},{"not_picked":["Cloak And Dagger","Dagger Throw","ReplayTheSpireMod:Shiv Toss"],"picked":"SKIP","floor":8.0},{"not_picked":["Prepared","Backflip"],"picked":"PiercingWail","floor":10.0},{"not_picked":["Endless Agony","Distraction","Choke"],"picked":"SKIP","floor":12},{"not_picked":["Sucker Punch","Setup"],"picked":"Flying Knee","floor":13},{"not_picked":["Concentrate","Caltrops","Masterful Stab"],"picked":"SKIP","floor":14},{"not_picked":["Backflip","Eviscerate"],"picked":"Bane","floor":15},{"not_picked":["Blade Dance","Dagger Spray","Deflect"],"picked":"SKIP","floor":18},{"not_picked":["Bane","Replay:Bag of Tricks"],"picked":"Deadly Poison","floor":21},{"not_picked":["Poisoned Stab","Noxious Fumes"],"picked":"Bane+1","floor":24},{"not_picked":["Storm of Steel","Backflip"],"picked":"All Out Attack","floor":27},{"not_picked":["Sucker Punch","Calculated Gamble+1"],"picked":"Poisoned Stab+1","floor":28}],"player_experience":226478,"relics_obtained":[{"floor":7.0,"key":"Art of War"},{"floor":9.0,"key":"Replay:Accelerometer"},{"floor":12,"key":"Dream Catcher"},{"floor":24,"key":"Blue Doll"},{"floor":25,"key":"Ring of Peace"},{"floor":25,"key":"ReplayTheSpireMod:Ring of Challenge"},{"floor":26,"key":"Orichalcum"}],"event_choices":[{"damage_healed":0.0,"max_hp_gain":0.0,"max_hp_loss":0.0,"gold_gain":0.0,"event_name":"Golden Wing","player_choice":"Ignored","floor":2.0,"gold_loss":0.0,"damage_taken":0.0},{"damage_healed":0.0,"max_hp_gain":0.0,"max_hp_loss":0.0,"gold_gain":0.0,"event_name":"Scrap Ooze","player_choice":"Success","floor":4.0,"gold_loss":0.0,"damage_taken":3.0,"relics_obtained":["ReplayTheSpireMod:Ninjato"]},{"damage_healed":0,"gold_gain":0,"player_choice":"Opened","damage_taken":0,"relics_obtained":["Replay:Wax Seal"],"max_hp_gain":0,"max_hp_loss":0,"event_name":"The Mausoleum","floor":20,"gold_loss":0}],"is_beta":false,"boss_relics":[{"not_picked":["Honey Jar","SlaversCollar"],"picked":"Ring of Chaos"}],"items_purged_floors":[],"is_endless":false,"potions_floor_spawned":[5,12,14,16,21],"killed_by":"3 Cultists","ascension_level":0}}