{"host":"oeeu8njhzvf3llor","time":1609462826,"event":{"mods":["BaseMod","Better Match","Better Note","Better Skull","Better Third Choice","Hubris","Minty Spire (QoL Compilation)","Rare Cards Sparkle","Replay The Spire","Shop Mod","Spicy Shops","StSLib","Swap Starting Deck Mod"],"gold_per_floor":[113,127,142,317,166,201,201,236,236,236,3,3,14,14,14,110,110,130,144,220,237,237,237,265,282,282,316,340,30,30,44,44,143,143,159,177,189,204,0,32,32,59,128,128,128,146,146,146,215,215,215,215,69,101,101,101],"floor_reached":55,"playtime":2000,"items_purged":["Doubt"],"score":885,"play_id":"c6e75be4-511e-4469-bd0e-9b885a9585da","local_time":"20201231200026","is_ascension_mode":true,"campfire_choices":[{"floor":10,"key":"RECALL"},{"data":"Infinite Blades","floor":12,"key":"SMITH"},{"data":"After Image","floor":15,"key":"SMITH"},{"data":"ReplayTheSpireMod:Shiv Toss","floor":23,"key":"SMITH"},{"data":"Backstab","floor":32,"key":"SMITH"},{"data":"Storm of Steel","floor":41,"key":"SMITH"},{"data":"Unload","floor":45,"key":"SMITH"},{"data":"Blade Dance","floor":47,"key":"SMITH"},{"data":"Quick Slash","floor":52,"key":"SMITH"}],"circlet_count":0,"master_deck":["Slice+1","Slice","Slice","Slice","Finisher+1","Cloak And Dagger+1","Cloak And Dagger","Cloak And Dagger","Cloak And Dagger+1","Infinite Blades+1","Blade Dance+1","Finisher+1","Backflip","Slice","After Image+1","ReplayTheSpireMod:Shiv Toss+1","Quick Slash","Backstab+1","Blade Dance+1","Flying Knee","Backstab+1","Dagger Throw","Storm of Steel+1","ReplayTheSpireMod:Shiv Toss","Sucker Punch","Unload+1","Quick Slash+1","Panache+1"],"relics":["Ring of the Snake","Tiny Chest","MealTicket","Ornamental Fan","hubris:TenFootPole","Ring of Chaos","Pen Nib","Replay:Bottled Eggs","Sundial","Blood Vial","War Paint","Replay:Baseball","Replay:Wax Seal","WristBlade","Red Mask","Tough Bandages","Snake Skull","Golden Egg","The Courier","hubris:MysteriousPyramids"],"acts_visited":["Exordium","TheCity","TheBeyond","TheEnding"],"potions_floor_usage":[19,55,55],"damage_taken":[{"damage":0,"enemies":"Cultist","floor":1,"turns":1},{"damage":0,"enemies":"Small Slimes","floor":2,"turns":1},{"damage":0,"enemies":"2 Louse","floor":3,"turns":1},{"damage":6,"enemies":"Lagavulin","floor":6,"turns":3},{"damage":0,"enemies":"3 Sentries","floor":8,"turns":3},{"damage":0,"enemies":"Gremlin Gang","floor":13,"turns":3},{"damage":0,"enemies":"Fading Forest","floor":16,"turns":11},{"damage":0,"enemies":"Chosen","floor":18,"turns":4},{"damage":0,"enemies":"Spheric Guardian","floor":19,"turns":2},{"damage":0,"enemies":"Cultist and Chosen","floor":21,"turns":4},{"damage":6,"enemies":"Gremlin Leader","floor":24,"turns":4},{"damage":2,"enemies":"Sentry and Sphere","floor":25,"turns":3},{"damage":21,"enemies":"Slavers","floor":27,"turns":4},{"damage":4,"enemies":"Snake Plant","floor":31,"turns":2},{"damage":18,"enemies":"hubris:MusketHawk","floor":33,"turns":6},{"damage":2,"enemies":"3 Darklings","floor":35,"turns":2},{"damage":0,"enemies":"3 Shapes","floor":36,"turns":2},{"damage":0,"enemies":"3 Darklings","floor":37,"turns":2},{"damage":8,"enemies":"Jaw Worm Horde","floor":38,"turns":2},{"damage":0,"enemies":"Reptomancer","floor":40,"turns":1},{"damage":0,"enemies":"R_Hoarder","floor":42,"turns":4},{"damage":3,"enemies":"Maw","floor":46,"turns":5},{"damage":4,"enemies":"Replay:Hell Engine","floor":50,"turns":7},{"damage":31,"enemies":"Shield and Spear","floor":54,"turns":4},{"damage":44,"enemies":"The Heart","floor":55,"turns":2}],"seed_played":"3811857524487615674","potions_obtained":[{"floor":1,"key":"LiquidMemories"},{"floor":2,"key":"Death Potion"},{"floor":3,"key":"Elixir"},{"floor":19,"key":"Fruit Juice"},{"floor":21,"key":"SteroidPotion"},{"floor":24,"key":"CultistPotion"}],"is_trial":false,"path_per_floor":["M","M","M","?","$","E","?","E","T","R","$","R","M","?","R","B",null,"M","M","T","M","T","R","E","M","T","E","T","$","T","M","R","B",null,"M","M","M","M","?","E","R","E","T","?","R","M","R","T","R","B",null,"R","$","E","B"],"character_chosen":"THE_SILENT","items_purchased":["Tiny Chest","After Image","hubris:TenFootPole","Backstab+1","Replay:Baseball","Panache"],"campfire_rested":0,"item_purchase_floors":[5,11,11,29,29,53],"current_hp_per_floor":[53,53,53,53,53,47,47,47,47,47,53,53,53,53,53,53,53,53,58,58,58,58,58,52,50,50,29,29,44,44,42,42,26,58,56,58,58,50,50,52,52,54,54,54,54,53,53,53,53,51,58,58,58,27,0,0],"gold":101,"neow_bonus":"","is_daily":false,"chose_seed":false,"campfire_upgraded":8,"win_rate":0.0,"timestamp":1609462826,"path_taken":["M","?","?","?","$","E","?","E","T","R","$","R","?","?","R","BOSS","M","M","?","M","?","R","E","?","T","E","?","$","?","M","R","BOSS","M","M","?","M","?","E","R","E","T","?","R","M","R","?","R","BOSS","R","$","E","BOSS"],"items_purchased_type":["Relic","Card","Relic","Card","Relic","Card"],"build_version":"2020-12-22","purchased_purges":1,"victory":false,"max_hp_per_floor":[53,53,53,53,53,53,53,53,53,53,53,53,53,53,53,53,53,53,58,58,58,58,58,58,58,58,58,58,58,58,58,58,58,58,58,58,58,58,58,58,58,58,58,58,58,58,58,58,58,58,58,58,58,58,58,58],"card_choices":[{"not_picked":["Heel Hook","Expertise"],"picked":"Infinite Blades","floor":1},{"not_picked":["Sucker Punch","Reflex"],"picked":"Blade Dance","floor":2},{"not_picked":["Deadly Poison","Infinite Blades"],"picked":"Finisher","floor":3},{"not_picked":["Acrobatics","Bane"],"picked":"Backflip","floor":6},{"not_picked":["Dodge and Roll","ReplayTheSpireMod:Exploit Weakness"],"picked":"Slice","floor":8},{"not_picked":["Flying Knee","ReplayTheSpireMod:Exploit Weakness"],"picked":"ReplayTheSpireMod:Shiv Toss","floor":13},{"not_picked":["Prepared+1","hubris:SlightOfHand"],"picked":"Quick Slash","floor":18},{"not_picked":["hubris:Counter","Dagger Throw"],"picked":"Backstab","floor":19},{"not_picked":["hubris:SlightOfHand","Draining Mist","Flechettes+1"],"picked":"SKIP","floor":21},{"not_picked":["Riddle With Holes+1","Poisoned Stab+1"],"picked":"Blade Dance+1","floor":24},{"not_picked":["Flechettes","Deadly Poison"],"picked":"Flying Knee","floor":25},{"not_picked":["Deflect","Backflip","Noxious Fumes"],"picked":"SKIP","floor":27},{"not_picked":["Dagger Spray","Doppelganger"],"picked":"Dagger Throw","floor":31},{"not_picked":["Glass Knife","Doppelganger"],"picked":"Storm of Steel","floor":33},{"not_picked":["ReplayTheSpireMod:The Works","Dagger Throw+1"],"picked":"ReplayTheSpireMod:Shiv Toss","floor":35},{"not_picked":["Prepared","Outmaneuver"],"picked":"Sucker Punch","floor":36},{"not_picked":["Bane+1","All Out Attack","PiercingWail+1"],"picked":"SKIP","floor":37},{"not_picked":["Eviscerate+1","Outmaneuver+1","Heel Hook"],"picked":"SKIP","floor":38},{"not_picked":["Quick Slash+1","hubris:Sniper+1","PiercingWail"],"picked":"SKIP","floor":40},{"not_picked":["Draining Mist+1","Deadly Poison"],"picked":"Unload","floor":42},{"not_picked":["Dodge and Roll","ReplayTheSpireMod:Speed Training+1"],"picked":"Quick Slash","floor":46},{"not_picked":["Endless Agony+1","Prepared","Backflip+1"],"picked":"SKIP","floor":54}],"player_experience":484715,"relics_obtained":[{"floor":6,"key":"MealTicket"},{"floor":9,"key":"Ornamental Fan"},{"floor":22,"key":"Pen Nib"},{"floor":24,"key":"Replay:Bottled Eggs"},{"floor":26,"key":"Sundial"},{"floor":27,"key":"Blood Vial"},{"floor":28,"key":"War Paint"},{"floor":30,"key":"Replay:Wax Seal"},{"floor":40,"key":"Tough Bandages"},{"floor":42,"key":"Snake Skull"},{"floor":43,"key":"Golden Egg"},{"floor":48,"key":"The Courier"},{"floor":54,"key":"hubris:MysteriousPyramids"}],"event_choices":[{"damage_healed":0,"gold_gain":175,"player_choice":"AGREE","damage_taken":142,"max_hp_gain":0,"max_hp_loss":0,"event_name":"betterThird:BetterSerpent","floor":4,"gold_loss":0},{"damage_healed":0,"gold_gain":0,"player_choice":"Ignored","damage_taken":0,"max_hp_gain":0,"max_hp_loss":0,"event_name":"Transmorgrifier","floor":7,"gold_loss":0},{"damage_healed":0,"gold_gain":0,"player_choice":"Paid","damage_taken":0,"relics_obtained":["Red Mask"],"max_hp_gain":0,"max_hp_loss":0,"event_name":"Tomb of Lord Red Mask","floor":39,"gold_loss":204},{"cards_removed":["Blade Dance"],"damage_healed":0,"gold_gain":0,"player_choice":"Removed Skill","damage_taken":0,"max_hp_gain":0,"max_hp_loss":0,"event_name":"Falling","floor":44,"gold_loss":0}],"is_beta":false,"boss_relics":[{"not_picked":["Replay:Drink Me","Replay:Bronze Core"],"picked":"Ring of Chaos"},{"not_picked":["hubris:ScarierMask","Tiny House"],"picked":"WristBlade"}],"items_purged_floors":[5],"is_endless":false,"potions_floor_spawned":[1,2,3,19,21,24,25,27,35,36,42],"killed_by":"The Heart","ascension_level":1}}