{"host":"lvhfn8l5bvc4nolx","time":1609474724,"event":{"mods":["AchievementEnabler","BaseMod","Colored Map","Keyboard Shortcuts","Minty Spire (QoL Compilation)","Permanent Neow","Quick Restart","SuperFastMode"],"gold_per_floor":[115,135,66,82,102,102,27,27,50,50,50,64,90,109,109,206,206,206],"floor_reached":17,"playtime":4065,"items_purged":["Strike_P","Defend_P"],"score":206,"play_id":"03858f29-2b12-4837-aae6-d89a071c5bf6","local_time":"20210101131844","is_ascension_mode":true,"campfire_choices":[{"data":"Eruption","floor":6,"key":"SMITH"},{"floor":10,"key":"REST"},{"floor":15,"key":"REST"}],"circlet_count":0,"master_deck":["Strike_P","Strike_P","Defend_P","Defend_P","Eruption+1","Vigilance","MentalFortress","Adaptation","Adaptation","Consecrate","Vault","InnerPeace","Scrawl"],"relics":["PureWater","Darkstone Periapt","Lantern","Cursed Key"],"acts_visited":["Exordium","TheCity"],"potions_floor_usage":[16],"damage_taken":[{"damage":0.0,"enemies":"Cultist","floor":1.0,"turns":3.0},{"damage":0.0,"enemies":"Small Slimes","floor":2.0,"turns":2.0},{"damage":0.0,"enemies":"Jaw Worm","floor":4.0,"turns":3.0},{"damage":22,"enemies":"Red Slaver","floor":5,"turns":8},{"damage":13,"enemies":"Blue Slaver","floor":12,"turns":4},{"damage":15,"enemies":"Gremlin Gang","floor":14,"turns":4},{"damage":22,"enemies":"Slime Boss","floor":16,"turns":7}],"seed_played":"-542566193234547547","potions_obtained":[{"floor":1.0,"key":"LiquidBronze"},{"floor":12,"key":"FearPotion"},{"floor":16,"key":"DistilledChaos"}],"is_trial":false,"path_per_floor":["M","M","$","M","M","R","$","T","T","R","?","M","$","M","R","B",null],"character_chosen":"WATCHER","items_purchased":["Adaptation","InnerPeace"],"campfire_rested":2,"item_purchase_floors":[3,13],"current_hp_per_floor":[51,51,51,51,29,29,29,29,29,50,50,37,37,22,43,21,72,72],"gold":206,"neow_bonus":"REMOVE_TWO","is_daily":false,"chose_seed":false,"campfire_upgraded":1,"win_rate":0.0,"timestamp":1609474724,"path_taken":["M","M","$","M","?","R","$","?","T","R","?","M","?","M","R","BOSS"],"items_purchased_type":["Card","Card"],"build_version":"2020-12-22","purchased_purges":2,"victory":false,"max_hp_per_floor":[72,72,72,72,72,72,72,72,72,72,72,72,72,72,72,72,72,72],"card_choices":[{"not_picked":["Tantrum","EmptyBody"],"picked":"MentalFortress","floor":1.0},{"not_picked":["ClearTheMind","BowlingBash"],"picked":"Adaptation","floor":2.0},{"not_picked":["Perseverance","WaveOfTheHand","Prostrate"],"picked":"SKIP","floor":4.0},{"not_picked":["Sanctity","Halt"],"picked":"Consecrate","floor":5},{"not_picked":["FlurryOfBlows","SashWhip"],"picked":"Vault","floor":12},{"not_picked":["PathToVictory","ThirdEye","FollowUp"],"picked":"SKIP","floor":14},{"not_picked":["Blasphemy","ConjureBlade"],"picked":"Scrawl","floor":16}],"player_experience":358643,"relics_obtained":[{"floor":8,"key":"Darkstone Periapt"},{"floor":9,"key":"Lantern"}],"event_choices":[{"damage_healed":0,"gold_gain":0,"player_choice":"Ignored","damage_taken":0,"max_hp_gain":0,"max_hp_loss":0,"event_name":"Liars Game","floor":11,"gold_loss":0}],"is_beta":false,"boss_relics":[{"not_picked":["Tiny House","Black Star"],"picked":"Cursed Key"}],"items_purged_floors":[7,13],"is_endless":false,"potions_floor_spawned":[1,12,16],"ascension_level":4}}