{"host":"t7mx8yfj1no5p62f","time":1609531938,"event":{"mods":["BaseMod","Colored Map","Colored Powertips","Minty Spire (QoL Compilation)","Relic Stats","StSLib"],"gold_per_floor":[369,389,354,429,48,48,74,85,110,122,164,193,205,217,229,314,326,351,363,375,397,427,468,498,510,522,561,593,605,279,295,295,371,371,382,401,421,421,321,356,356,356,382,400,400,400],"floor_reached":45,"playtime":1447,"items_purged":["Strike_R+1","Strike_R+1"],"score":1061,"play_id":"39d7d76c-05ac-4e27-961a-fe3ecfadf5bf","local_time":"20210101151218","is_ascension_mode":true,"campfire_choices":[{"data":"Carnage","floor":6.0,"key":"SMITH"},{"data":"Inflame","floor":10.0,"key":"SMITH"},{"data":"Anger","floor":13.0,"key":"SMITH"},{"data":"Cleave","floor":15.0,"key":"SMITH"},{"data":"Immolate","floor":25.0,"key":"SMITH"},{"data":"Dual Wield","floor":32.0,"key":"SMITH"},{"floor":42.0,"key":"RECALL"}],"circlet_count":0,"master_deck":["AscendersBane","Strike_R+1","Strike_R+1","Defend_R+1","Defend_R+1","Defend_R+1","Defend_R+1","Bash","Anger+1","Inflame+1","Carnage+1","Cleave+1","Intimidate","Shrug It Off","Immolate+1","Dual Wield+1","Shrug It Off+1","Entrench","Feel No Pain","Headbutt","Enlightenment","Carnage+1","Demon Form","Flame Barrier+1","Sword Boomerang"],"relics":["Burning Blood","Gambling Chip","PreservedInsect","MawBank","Lantern","Snecko Eye","Vajra","TungstenRod","Du-Vu Doll","DollysMirror","Fusion Hammer","Omamori"],"acts_visited":["Exordium","TheCity","TheBeyond"],"potions_floor_usage":[],"damage_taken":[{"damage":1.0,"enemies":"Small Slimes","floor":1.0,"turns":4.0},{"damage":12.0,"enemies":"Jaw Worm","floor":2.0,"turns":4.0},{"damage":32.0,"enemies":"Gremlin Nob","floor":7.0,"turns":4.0},{"damage":2.0,"enemies":"2 Louse","floor":8.0,"turns":2.0},{"damage":5.0,"enemies":"3 Sentries","floor":11.0,"turns":3.0},{"damage":0.0,"enemies":"2 Fungi Beasts","floor":12.0,"turns":3.0},{"damage":18.0,"enemies":"Slime Boss","floor":16.0,"turns":9.0},{"damage":0.0,"enemies":"Spheric Guardian","floor":18.0,"turns":2.0},{"damage":0.0,"enemies":"Shell Parasite","floor":21.0,"turns":1.0},{"damage":13.0,"enemies":"Shelled Parasite and Fungi","floor":22.0,"turns":2.0},{"damage":1.0,"enemies":"Gremlin Leader","floor":23.0,"turns":4.0},{"damage":17.0,"enemies":"Centurion and Healer","floor":24.0,"turns":7.0},{"damage":0.0,"enemies":"Slavers","floor":27.0,"turns":1.0},{"damage":0.0,"enemies":"Snake Plant","floor":28.0,"turns":2.0},{"damage":0.0,"enemies":"3 Cultists","floor":31.0,"turns":1.0},{"damage":51.0,"enemies":"Automaton","floor":33.0,"turns":7.0},{"damage":0.0,"enemies":"3 Darklings","floor":35.0,"turns":1.0},{"damage":0.0,"enemies":"3 Shapes","floor":36.0,"turns":4.0},{"damage":0.0,"enemies":"Sphere and 2 Shapes","floor":37.0,"turns":1.0},{"damage":30.0,"enemies":"Reptomancer","floor":40.0,"turns":5.0},{"damage":7.0,"enemies":"Maw","floor":44.0,"turns":7.0},{"damage":93,"enemies":"Nemesis","floor":45,"turns":8}],"seed_played":"1992685356116532925","potions_obtained":[{"floor":2.0,"key":"SneckoOil"},{"floor":7.0,"key":"DistilledChaos"},{"floor":11.0,"key":"Dexterity Potion"},{"floor":16.0,"key":"SpeedPotion"},{"floor":18.0,"key":"AttackPotion"},{"floor":23.0,"key":"GamblersBrew"},{"floor":35.0,"key":"AttackPotion"}],"is_trial":false,"path_per_floor":["M","M","?","?","$","R","E","M","T","R","E","M","R","?","R","B",null,"M","?","?","M","M","E","M","R","T","E","M","?","$","M","R","B",null,"M","M","M","?","$","E","?","R","T","M","E"],"character_chosen":"IRONCLAD","items_purchased":["Gambling Chip","Carnage","Enlightenment","DollysMirror"],"campfire_rested":0,"item_purchase_floors":[5,5,30,30],"current_hp_per_floor":[55,49,67,56,56,56,30,34,34,34,35,41,41,34,34,22,62,68,68,68,74,67,72,61,61,61,67,73,53,53,59,59,14,64,70,76,80,76,76,52,52,52,52,51,0,0],"gold":400,"neow_bonus":"TWO_FIFTY_GOLD","is_daily":false,"chose_seed":false,"campfire_upgraded":6,"win_rate":0.0,"timestamp":1609531938,"path_taken":["M","M","?","?","$","R","E","M","T","R","E","M","R","?","R","BOSS","M","?","?","M","M","E","M","R","T","E","M","?","$","M","R","BOSS","M","M","M","?","$","E","?","R","T","M","E"],"items_purchased_type":["Relic","Card","Card","Relic"],"build_version":"2020-12-22","purchased_purges":2,"victory":false,"max_hp_per_floor":[75,75,75,75,75,75,75,75,75,75,75,75,75,75,75,75,75,75,75,75,75,75,75,75,75,75,75,75,80,80,80,80,80,80,80,80,80,76,76,76,76,76,76,76,76,76],"relic_stats":{"counters":[22,82],"Gambling Chip":[99],"Snecko Eye":[105,113,116,113],"PreservedInsect":234,"MawBank":252,"obtain_stats":[{"Du-Vu Doll":27,"Lantern":11,"DollysMirror":30,"Gambling Chip":5,"Snecko Eye":17,"Vajra":23,"PreservedInsect":7,"Fusion Hammer":34,"Omamori":40,"MawBank":9,"Burning Blood":0,"TungstenRod":26},{"Du-Vu Doll":13,"Lantern":5,"DollysMirror":14,"Gambling Chip":2,"Snecko Eye":7,"Vajra":11,"PreservedInsect":3,"Fusion Hammer":16,"Omamori":20,"MawBank":4,"Burning Blood":0,"TungstenRod":12},{"Du-Vu Doll":46,"Lantern":17,"DollysMirror":48,"Gambling Chip":8,"Snecko Eye":29,"Vajra":38,"PreservedInsect":12,"Fusion Hammer":56,"Omamori":67,"MawBank":14,"Burning Blood":0,"TungstenRod":45}],"Burning Blood":124,"TungstenRod":18},"card_choices":[{"not_picked":["Sword Boomerang","Shockwave"],"picked":"Anger","floor":1.0},{"not_picked":["Perfected Strike","Cleave"],"picked":"Inflame","floor":2.0},{"not_picked":["Flame Barrier","Entrench"],"picked":"Cleave","floor":7.0},{"not_picked":["Combust","Seeing Red"],"picked":"Intimidate","floor":8.0},{"not_picked":["Flex","Combust","Body Slam"],"picked":"SKIP","floor":11.0},{"not_picked":["Body Slam","Armaments"],"picked":"Shrug It Off","floor":12.0},{"not_picked":["Berserk","Barricade"],"picked":"Immolate","floor":16.0},{"not_picked":["Dark Embrace","Warcry"],"picked":"Dual Wield","floor":18.0},{"not_picked":["Iron Wave","Clothesline","Thunderclap"],"picked":"SKIP","floor":21.0},{"not_picked":["Clothesline","Pummel"],"picked":"Shrug It Off+1","floor":22.0},{"not_picked":["Havoc","Clothesline+1"],"picked":"Entrench","floor":23.0},{"not_picked":["Sword Boomerang","Headbutt"],"picked":"Feel No Pain","floor":24.0},{"not_picked":["Blood for Blood","Warcry","Clothesline"],"picked":"SKIP","floor":27.0},{"not_picked":["Heavy Blade","Offering"],"picked":"Headbutt","floor":28.0},{"not_picked":["Cleave","Hemokinesis","Pommel Strike"],"picked":"SKIP","floor":31.0},{"not_picked":["Brutality","Juggernaut"],"picked":"Demon Form","floor":33.0},{"not_picked":["Headbutt","Flex"],"picked":"Flame Barrier+1","floor":35.0},{"not_picked":["Cleave","Armaments","Perfected Strike"],"picked":"SKIP","floor":36.0},{"not_picked":["Anger+1","Rampage","Combust+1"],"picked":"SKIP","floor":37.0},{"not_picked":["Metallicize","Pommel Strike","Sword Boomerang"],"picked":"SKIP","floor":40.0},{"not_picked":["Metallicize","Pommel Strike"],"picked":"Sword Boomerang","floor":40.0},{"not_picked":["Perfected Strike","Metallicize","Thunderclap+1"],"picked":"SKIP","floor":44.0}],"player_experience":1627517,"relics_obtained":[{"floor":7.0,"key":"PreservedInsect"},{"floor":9.0,"key":"MawBank"},{"floor":11.0,"key":"Lantern"},{"floor":23.0,"key":"Vajra"},{"floor":26.0,"key":"TungstenRod"},{"floor":27.0,"key":"Du-Vu Doll"},{"floor":40.0,"key":"Omamori"}],"event_choices":[{"damage_healed":18.0,"max_hp_gain":0.0,"max_hp_loss":0.0,"gold_gain":0.0,"event_name":"The Cleric","player_choice":"Healed","floor":3.0,"gold_loss":35.0,"damage_taken":0.0},{"damage_healed":0.0,"max_hp_gain":0.0,"max_hp_loss":0.0,"gold_gain":75.0,"event_name":"World of Goop","player_choice":"Gather Gold","floor":4.0,"gold_loss":0.0,"damage_taken":11.0},{"cards_removed":["Strike_R"],"damage_healed":0.0,"max_hp_gain":0.0,"max_hp_loss":0.0,"gold_gain":0.0,"event_name":"Golden Wing","player_choice":"Card Removal","floor":14.0,"gold_loss":0.0,"damage_taken":7.0},{"damage_healed":0.0,"max_hp_gain":0.0,"max_hp_loss":0.0,"gold_gain":0.0,"event_name":"Back to Basics","player_choice":"Simplicity","floor":19.0,"gold_loss":0.0,"damage_taken":0.0,"cards_upgraded":["Strike_R","Strike_R","Strike_R","Strike_R","Defend_R","Defend_R","Defend_R","Defend_R"]},{"damage_healed":0.0,"max_hp_gain":0.0,"max_hp_loss":0.0,"gold_gain":0.0,"event_name":"Vampires","player_choice":"Ignored","floor":20.0,"gold_loss":0.0,"damage_taken":0.0},{"damage_healed":0.0,"max_hp_gain":5.0,"max_hp_loss":0.0,"gold_gain":0.0,"event_name":"Forgotten Altar","player_choice":"Shed Blood","floor":29.0,"gold_loss":0.0,"damage_taken":26.0},{"damage_healed":0.0,"max_hp_gain":0.0,"max_hp_loss":4.0,"gold_gain":0.0,"event_name":"Winding Halls","player_choice":"Max HP","floor":38.0,"gold_loss":0.0,"damage_taken":0.0},{"damage_healed":0.0,"max_hp_gain":0.0,"max_hp_loss":0.0,"gold_gain":0.0,"event_name":"Tomb of Lord Red Mask","player_choice":"Ignored","floor":41.0,"gold_loss":0.0,"damage_taken":0.0}],"is_beta":false,"boss_relics":[{"not_picked":["Runic Dome","Philosopher\u0027s Stone"],"picked":"Snecko Eye"},{"not_picked":["Calling Bell","Sozu"],"picked":"Fusion Hammer"}],"items_purged_floors":[30,39],"is_endless":false,"potions_floor_spawned":[2,7,11,16,18,23,24,27,35,36],"killed_by":"Nemesis","ascension_level":20}}