{"host":"q79spna8ofw6hj3r","time":1609483998,"event":{"mods":["Aspiration","Bard","BaseMod","Beaked The Cultist","Bestiary","Better Altar","Better Match","Better Note","Better Sensory Stone","Better Skull","Better Third Choice","Better Vampires","BetterRewards","Block Reminder","Challenge The Spire","Colored Map","Colored Powertips","Conspire","Custom Start","Energized Spire","Friendly Minions","Hubris","Infinite Spire","Jedi Mod","Mimic Mod","Minty Spire (QoL Compilation)","Permanent Neow","Quick Restart","Relic Filter","Relic Sorter","Replay The Spire","Shop Mod","StSLib","SuperFastMode","Synergy Search","The Cursed","The Hierophant","The Runesmith","slay the spire mod where everything is the same but ironclad has a cowboy hat","vexMod"],"gold_per_floor":[114,128,138,138,154,154,168,42,72,83,83,33,49,67,67,163,163,175,115,115],"floor_reached":19,"playtime":742,"items_purged":["beaked:Strike_Y"],"score":179,"play_id":"2a2b1f22-071a-4634-ada1-5a56d4aa37a6","local_time":"20210101085318","is_ascension_mode":true,"campfire_choices":[{"data":"beaked:Ceremony","floor":6,"key":"SMITH"},{"data":"beaked:Ceremony","floor":11,"key":"SMITH"},{"data":"beaked:Ceremony","floor":15,"key":"SMITH"}],"circlet_count":0,"master_deck":["beaked:Strike_Y","beaked:Strike_Y","beaked:Strike_Y","beaked:Strike_Y","beaked:Defend_Y","beaked:Defend_Y","beaked:Defend_Y","beaked:Defend_Y","beaked:Ceremony+1","beaked:Ceremony+1","beaked:Ceremony+1","beaked:BraceForImpact","ReplayTheSpireMod:Prepare the Ceremony","beaked:BounceBack","beaked:BraceForImpact","beaked:Insight","beaked:Windmill","beaked:Windmill","beaked:TuckingFeathers","beaked:Windmill"],"relics":["beaked:MendingPlumage","NeowsBlessing","Bag of Preparation","aspiration:RandomNobGenerator"],"acts_visited":["Exordium","TheCity"],"potions_floor_usage":[19,19,19],"damage_taken":[{"damage":0,"enemies":"2 Louse","floor":1,"turns":1},{"damage":0,"enemies":"Cultist","floor":2,"turns":1},{"damage":0,"enemies":"Jaw Worm","floor":3,"turns":1},{"damage":45,"enemies":"Lots of Slimes","floor":5,"turns":7},{"damage":12,"enemies":"Blue Slaver","floor":7,"turns":6},{"damage":3,"enemies":"Large Slime","floor":9,"turns":10},{"damage":26,"enemies":"Large Slime","floor":10,"turns":7},{"damage":11,"enemies":"Red Slaver","floor":13,"turns":3},{"damage":11,"enemies":"Looter","floor":14,"turns":2},{"damage":46,"enemies":"The Guardian","floor":16,"turns":12},{"damage":31,"enemies":"3 Byrds","floor":18,"turns":4},{"damage":60,"enemies":"2 Thieves","floor":19,"turns":3}],"seed_played":"-8927048862344730622","potions_obtained":[{"floor":1,"key":"SpeedPotion"},{"floor":10,"key":"jedi:holywater"},{"floor":13,"key":"SkillPotion"},{"floor":16,"key":"EssenceOfSteel"}],"is_trial":false,"path_per_floor":["M","M","M","?","M","R","M","$","MIM","M","R","$","M","M","R","B",null,"M","M"],"character_chosen":"BEAKED_THE_CULTIST","items_purchased":["beaked:Insight","beaked:Windmill"],"campfire_rested":0,"item_purchase_floors":[8,12],"current_hp_per_floor":[50,50,50,50,30,30,40,40,50,48,48,48,47,45,45,47,50,38,0,0],"gold":115,"neow_bonus":"THREE_ENEMY_KILL","is_daily":false,"chose_seed":false,"campfire_upgraded":3,"win_rate":0.0,"timestamp":1609483998,"path_taken":["M","M","M","?","M","R","?","$","MIM","M","R","$","M","M","R","BOSS","M","M"],"items_purchased_type":["Card","Card"],"build_version":"2020-12-22","purchased_purges":1,"victory":false,"max_hp_per_floor":[50,50,50,50,50,50,50,50,50,50,50,50,50,50,50,50,50,50,50,50],"card_choices":[{"not_picked":["beaked:Redirect","beaked:Resilience"],"picked":"beaked:BraceForImpact","floor":1},{"not_picked":["beaked:HuntressEssence","beaked:MimicWarrior","beaked:Poke"],"picked":"SKIP","floor":2},{"not_picked":["beaked:Tradeoff","beaked:DigDeep"],"picked":"ReplayTheSpireMod:Prepare the Ceremony","floor":3},{"not_picked":["beaked:Cower","beaked:WindBringer","beaked:MimicWarrior"],"picked":"SKIP","floor":5},{"not_picked":["beaked:Cower","beaked:WindBringer","beaked:MimicWarrior"],"picked":"SKIP","floor":5},{"not_picked":["beaked:Daydream","beaked:LiftOff"],"picked":"beaked:BraceForImpact","floor":7},{"not_picked":["beaked:Cower","beaked:Flinch","beaked:Devastation"],"picked":"SKIP","floor":10},{"not_picked":["beaked:Evade","beaked:RuinSticks"],"picked":"beaked:Windmill","floor":13},{"not_picked":["beaked:Cower","beaked:Brace"],"picked":"beaked:TuckingFeathers","floor":14},{"not_picked":["beaked:BloodForTheGods","beaked:StickSmack+1"],"picked":"beaked:Windmill","floor":18}],"player_experience":255279,"relics_obtained":[{"floor":9,"key":"Bag of Preparation"}],"event_choices":[{"damage_healed":0,"gold_gain":0,"cards_transformed":["beaked:Strike_Y"],"player_choice":"Transformed","damage_taken":0,"max_hp_gain":0,"max_hp_loss":0,"event_name":"Transmorgrifier","floor":4,"gold_loss":0,"cards_obtained":["beaked:BounceBack"]}],"is_beta":false,"boss_relics":[{"not_picked":["Pandora\u0027s Box","Ring of Chaos"],"picked":"aspiration:RandomNobGenerator"}],"items_purged_floors":[8],"is_endless":false,"potions_floor_spawned":[1,10,13,16],"killed_by":"2 Thieves","ascension_level":2}}