{"host":"minbhrtlkaoly5f0","time":1609513113,"event":{"mods":["Act Like it!","BaseMod","Colored Map","Minty Spire (QoL Compilation)","Quick Restart","StSLib"],"gold_per_floor":[111,111,123,73,43,43,58,87,87,117,117,117,117,140,140,268,268,286,36,36,36,50,50,50],"floor_reached":23,"playtime":671,"items_purged":["Injury"],"score":212,"play_id":"09878238-253b-4d67-9e35-21ee49a4a096","local_time":"20210101225833","is_ascension_mode":false,"campfire_choices":[{"data":"Twin Strike","floor":6,"key":"SMITH"},{"floor":11,"key":"REST"},{"floor":13,"key":"REST"},{"floor":15,"key":"REST"}],"circlet_count":0,"master_deck":["Defend_R","Defend_R","Defend_R","Bash+1","Blood for Blood","Twin Strike+1","Flex","Warcry","Combust","Feed","Second Wind","Warcry","Bite","Bite","Bite","Bite","Bite","Flex"],"relics":["Empty Cage","Charon\u0027s Ashes","InkBottle","Bloody Idol","Mark of Pain","Bronze Scales"],"acts_visited":["Exordium","TheCity"],"potions_floor_usage":[8,16,16],"damage_taken":[{"damage":8,"enemies":"2 Louse","floor":1,"turns":3},{"damage":2,"enemies":"Small Slimes","floor":3,"turns":3},{"damage":6,"enemies":"Cultist","floor":7,"turns":3},{"damage":30,"enemies":"3 Sentries","floor":8,"turns":7},{"damage":9,"enemies":"Blue Slaver","floor":14,"turns":3},{"damage":43,"enemies":"Hexaghost","floor":16,"turns":7},{"damage":44,"enemies":"Shell Parasite","floor":18,"turns":6},{"damage":43,"enemies":"2 Thieves","floor":22,"turns":4},{"damage":28,"enemies":"Shelled Parasite and Fungi","floor":23,"turns":2}],"seed_played":"-2930026897326816113","potions_obtained":[{"floor":3,"key":"ColorlessPotion"},{"floor":8,"key":"FearPotion"},{"floor":14,"key":"FearPotion"}],"is_trial":false,"path_per_floor":["M","?","M","?","?","R","M","E","T","?","R","?","R","M","R","B",null,"M","$","?","?","M","M"],"character_chosen":"IRONCLAD","items_purchased":["Bronze Scales","Warcry"],"campfire_rested":3,"item_purchase_floors":[19,19],"current_hp_per_floor":[72,56,54,54,54,54,48,18,18,18,42,42,66,57,80,37,80,39,39,39,39,14,0,0],"gold":50,"neow_bonus":"BOSS_RELIC","is_daily":false,"chose_seed":false,"campfire_upgraded":1,"win_rate":0.0,"timestamp":1609513113,"path_taken":["M","?","M","?","?","R","?","E","T","?","R","?","R","M","R","BOSS","M","$","?","?","?","M"],"items_purchased_type":["Relic","Card"],"build_version":"2020-12-22","purchased_purges":1,"victory":false,"max_hp_per_floor":[80,80,80,80,80,80,80,80,80,80,80,80,80,80,80,80,80,83,83,83,58,58,58,58],"card_choices":[{"not_picked":["Sword Boomerang","Clash"],"picked":"Blood for Blood","floor":1},{"not_picked":["Body Slam","Feel No Pain"],"picked":"Twin Strike","floor":3},{"not_picked":["Body Slam","Dark Embrace"],"picked":"Flex","floor":7},{"not_picked":["Headbutt","Sword Boomerang"],"picked":"Warcry","floor":8},{"not_picked":["Thunderclap","Body Slam"],"picked":"Combust","floor":14},{"not_picked":["Offering","Juggernaut"],"picked":"Feed","floor":16},{"not_picked":["Iron Wave","Shrug It Off"],"picked":"Second Wind","floor":18},{"not_picked":["Body Slam","Headbutt"],"picked":"Flex","floor":22}],"player_experience":8452,"relics_obtained":[{"floor":8,"key":"Charon\u0027s Ashes"},{"floor":9,"key":"InkBottle"}],"event_choices":[{"damage_healed":0,"gold_gain":0,"player_choice":"Entered Light","damage_taken":16,"max_hp_gain":0,"max_hp_loss":0,"event_name":"Shining Light","floor":2,"gold_loss":0,"cards_upgraded":["Strike_R","Bash"]},{"cards_removed":["Strike_R"],"damage_healed":0,"gold_gain":0,"player_choice":"Card Removal","damage_taken":0,"max_hp_gain":0,"max_hp_loss":0,"event_name":"The Cleric","floor":4,"gold_loss":50},{"damage_healed":0,"gold_gain":0,"player_choice":"Bought 2 Potions","damage_taken":0,"max_hp_gain":0,"max_hp_loss":0,"event_name":"The Woman in Blue","floor":5,"gold_loss":0},{"damage_healed":0,"gold_gain":30,"player_choice":"Searched \u00271\u0027 times","damage_taken":0,"max_hp_gain":0,"max_hp_loss":0,"event_name":"Dead Adventurer","floor":10,"gold_loss":0},{"damage_healed":0,"gold_gain":0,"player_choice":"Take Wound","damage_taken":0,"relics_obtained":["Golden Idol"],"max_hp_gain":0,"max_hp_loss":0,"event_name":"Golden Idol","floor":12,"gold_loss":0,"cards_obtained":["Injury"]},{"damage_healed":0,"gold_gain":0,"player_choice":"Gave Idol","damage_taken":0,"relics_obtained":["Bloody Idol"],"max_hp_gain":0,"max_hp_loss":0,"event_name":"Forgotten Altar","floor":20,"relics_lost":["Golden Idol"],"gold_loss":0},{"damage_healed":0,"gold_gain":0,"player_choice":"Became a vampire","damage_taken":0,"max_hp_gain":0,"max_hp_loss":25,"event_name":"Vampires","floor":21,"gold_loss":0,"cards_obtained":["Bite","Bite","Bite","Bite","Bite"]}],"is_beta":false,"boss_relics":[{"not_picked":["Tiny House","Busted Crown"],"picked":"Mark of Pain"}],"items_purged_floors":[19],"is_endless":false,"potions_floor_spawned":[3,8,14],"killed_by":"Shelled Parasite and Fungi","ascension_level":0}}