{"host":"0cm5wy4nhuju7tij","time":1609466215,"event":{"mods":["2.2 Compatiblity","AchievementEnabler","Arknights The Spire","Aspiration","BaseMod","Better Third Choice","BetterRewards","CCEM","CapriCore","Colored Powertips","Custom Start","Displayed Cursed Tome","Downfall","Energized Spire","Evolution","Filter the Spire","Fireblade Mod","Highlight Path","Jess\u0027s Bottle","Minty Spire (QoL Compilation)","Permanent Neow","Relic Stats","Shop Mod","Spicy Shops","StSLib","The Servant 0.9.4"],"gold_per_floor":[111,111,127,147,163,163,176,176,176,207,226,226,226,236,236,236,236],"floor_reached":16,"playtime":916,"items_purged":[],"score":104,"play_id":"18deea5c-ab5b-45ec-bb62-99da82cd27d0","local_time":"20201231205655","is_ascension_mode":false,"campfire_choices":[{"data":"ats:Overload","floor":6,"key":"SMITH"},{"data":"ats:Overload","floor":8,"key":"SMITH"},{"floor":13,"key":"REST"},{"data":"ats:Childhood Dance","floor":15,"key":"SMITH"}],"circlet_count":0,"master_deck":["ats:Strike C","ats:Strike S","ats:Armor Crushing Shot","ats:Defend","ats:Defend","ats:Defend","ats:Emotion Absorption","ats:Shell Defense","Heel Hook","Choke","Phantasmal Killer","ats:Poison Spread","ats:Overload+1","ats:Overload+1","ats:Poison Spread","ats:Thorns","ats:Explosion Area Strengthen","ats:Childhood Dance+1"],"relics":["ats:Sanity","EVO:Axolotl","aspiration:Nostalgia","hexamod:SpiritBrand","Bottled Lightning","ats:Originium","Thread and Needle"],"acts_visited":["Exordium"],"potions_floor_usage":[],"damage_taken":[{"damage":6,"enemies":"Jaw Worm","floor":1,"turns":6},{"damage":2,"enemies":"2 Louse","floor":3,"turns":3},{"damage":0,"enemies":"Cultist","floor":4,"turns":3},{"damage":5,"enemies":"3 Louse","floor":5,"turns":3},{"damage":0,"enemies":"Large Slime","floor":7,"turns":3},{"damage":19,"enemies":"3 Sentries","floor":10,"turns":6},{"damage":9,"enemies":"Red Slaver","floor":11,"turns":2},{"damage":9,"enemies":"Lots of Slimes","floor":14,"turns":3},{"damage":53,"enemies":"The Guardian","floor":16,"turns":6}],"seed_played":"-6663925441730207423","potions_obtained":[{"floor":3,"key":"Strength Potion"},{"floor":10,"key":"Guardian:BlockOnCardUsePotion"},{"floor":14,"key":"Guardian:BlockOnCardUsePotion"}],"is_trial":false,"path_per_floor":["M","?","M","M","M","R","M","R","T","E","M","?","R","M","R","B"],"character_chosen":"DOCTOR_CLASS","items_purchased":[],"campfire_rested":1,"item_purchase_floors":[],"current_hp_per_floor":[66,66,66,68,65,65,65,65,65,49,42,35,56,47,47,0,0],"gold":236,"neow_bonus":"NOSTALGIA","is_daily":false,"chose_seed":false,"campfire_upgraded":3,"win_rate":0.0,"timestamp":1609466215,"path_taken":["M","?","M","M","M","R","M","R","T","E","M","?","R","M","R","BOSS"],"items_purchased_type":[],"build_version":"2020-12-22","purchased_purges":0,"victory":false,"max_hp_per_floor":[72,72,72,72,72,72,72,72,72,72,72,72,72,72,72,72,72],"relic_stats":{"counters":[9,35],"obtain_stats":[{"ats:Originium":10,"aspiration:Nostalgia":0,"Thread and Needle":10,"EVO:Axolotl":0,"ats:Sanity":0,"Bottled Lightning":9,"hexamod:SpiritBrand":0},{"ats:Originium":6,"aspiration:Nostalgia":0,"Thread and Needle":6,"EVO:Axolotl":0,"ats:Sanity":0,"Bottled Lightning":5,"hexamod:SpiritBrand":0},{"ats:Originium":24,"aspiration:Nostalgia":0,"Thread and Needle":24,"EVO:Axolotl":0,"ats:Sanity":0,"Bottled Lightning":18,"hexamod:SpiritBrand":0}]},"card_choices":[{"not_picked":["ats:Apocalypse","ats:Leaping Hammer"],"picked":"ats:Shell Defense","floor":1},{"not_picked":["ats:Apocalypse","ats:Demon Strength"],"picked":"ats:Poison Spread","floor":3},{"not_picked":["ats:Sunburst","ats:Support Order"],"picked":"ats:Overload","floor":4},{"not_picked":["ats:Revitalization","ats:Spore Proliferation"],"picked":"ats:Overload","floor":5},{"not_picked":["ats:Curse Doll","ats:Revitalization"],"picked":"ats:Poison Spread","floor":7},{"not_picked":["ats:True Silver Slash","ats:Shell Defense"],"picked":"ats:Thorns","floor":10},{"not_picked":["ats:Steam Pump","ats:Poison Spread"],"picked":"ats:Explosion Area Strengthen","floor":11},{"not_picked":["ats:Soul Absorption","ats:Counter Healing Mode"],"picked":"ats:Childhood Dance","floor":14}],"player_experience":222311,"relics_obtained":[{"floor":9,"key":"Bottled Lightning"},{"floor":10,"key":"ats:Originium"},{"floor":10,"key":"Thread and Needle"}],"event_choices":[{"damage_healed":0,"gold_gain":0,"player_choice":"Damaged","damage_taken":7,"max_hp_gain":0,"max_hp_loss":0,"event_name":"Wheel of Change","floor":12,"gold_loss":0}],"is_beta":false,"boss_relics":[],"items_purged_floors":[],"is_endless":false,"potions_floor_spawned":[3,10,14],"killed_by":"The Guardian","ascension_level":0}}