{"host":"omv42op7s93bjjql","time":1609527126,"event":{"mods":["BaseMod","Colored Map","Colored Powertips","DeckTracker","Keyboard Shortcuts","Minty Spire (QoL Compilation)","StSLib","SuperFastMode"],"gold_per_floor":[110,260,260,260,272,272,284,310,310,158,171,182,211,227,227,304,304,323,338,348,362,362,362],"floor_reached":22,"playtime":807,"items_purged":["Doubt"],"score":475,"play_id":"a52d79f5-2615-4639-8609-afc8bc75430a","local_time":"20210102035206","is_ascension_mode":true,"campfire_choices":[{"data":"Poisoned Stab","floor":6.0,"key":"SMITH"},{"data":"Neutralize","floor":15,"key":"SMITH"}],"circlet_count":0,"master_deck":["AscendersBane","Strike_G","Strike_G+1","Strike_G","Strike_G","Strike_G","Defend_G","Defend_G","Defend_G","Defend_G","Defend_G","Survivor+1","Neutralize+1","Masterful Stab","Poisoned Stab+1","Venomology","Caltrops","Backflip","Footwork","Calculated Gamble","Corpse Explosion","Bane","After Image","Eviscerate"],"relics":["Ring of the Snake","Bottled Flame","Pear","Bottled Tornado","Coffee Dripper"],"acts_visited":["Exordium","TheCity"],"potions_floor_usage":[16,16,16,18,19,20,20,20,21],"damage_taken":[{"damage":0.0,"enemies":"Cultist","floor":1.0,"turns":4.0},{"damage":0.0,"enemies":"2 Louse","floor":5.0,"turns":3.0},{"damage":1.0,"enemies":"Small Slimes","floor":7.0,"turns":3.0},{"damage":46.0,"enemies":"Gremlin Nob","floor":8.0,"turns":5.0},{"damage":2.0,"enemies":"Exordium Thugs","floor":11.0,"turns":4.0},{"damage":20.0,"enemies":"Large Slime","floor":12.0,"turns":7.0},{"damage":23.0,"enemies":"Lagavulin","floor":13.0,"turns":8.0},{"damage":4,"enemies":"3 Louse","floor":14,"turns":2},{"damage":17,"enemies":"The Guardian","floor":16,"turns":15},{"damage":2,"enemies":"Shell Parasite","floor":18,"turns":6},{"damage":0,"enemies":"3 Byrds","floor":19,"turns":3},{"damage":28,"enemies":"Shelled Parasite and Fungi","floor":20,"turns":5},{"damage":26,"enemies":"Snake Plant","floor":21,"turns":4}],"seed_played":"8970189134844153638","potions_obtained":[{"floor":8.0,"key":"PowerPotion"},{"floor":12.0,"key":"BlessingOfTheForge"},{"floor":14,"key":"DistilledChaos"},{"floor":16,"key":"GhostInAJar"},{"floor":19,"key":"EssenceOfSteel"}],"is_trial":false,"path_per_floor":["M","?","?","?","M","R","M","E","T","$","M","M","E","M","R","B",null,"M","M","M","M","?"],"character_chosen":"THE_SILENT","items_purchased":["Caltrops"],"campfire_rested":0,"item_purchase_floors":[10],"current_hp_per_floor":[59,59,39,76,76,76,75,29,39,39,37,17,25,21,21,4,66,64,64,36,10,0,0],"gold":362,"neow_bonus":"ONE_RANDOM_RARE_CARD","is_daily":false,"chose_seed":false,"campfire_upgraded":2,"win_rate":0.0,"timestamp":1609527126,"path_taken":["M","?","?","?","?","R","M","E","T","$","M","M","E","M","R","BOSS","M","M","M","M","?"],"items_purchased_type":["Card"],"build_version":"2020-12-22","purchased_purges":1,"victory":false,"max_hp_per_floor":[66,66,66,76,76,76,76,76,86,86,86,86,86,86,86,86,86,86,86,86,86,91,91],"card_choices":[{"not_picked":["Dodge and Roll","Bane"],"picked":"Masterful Stab","floor":1.0},{"not_picked":["PiercingWail","Flying Knee"],"picked":"Poisoned Stab","floor":5.0},{"not_picked":["Dodge and Roll","Blade Dance","Slice"],"picked":"SKIP","floor":7.0},{"not_picked":["Expertise","Finisher"],"picked":"Venomology","floor":8.0},{"not_picked":["Caltrops","Deflect"],"picked":"Backflip","floor":11.0},{"not_picked":["Poisoned Stab","Underhanded Strike","Quick Slash"],"picked":"SKIP","floor":12.0},{"not_picked":["Reflex","Cloak And Dagger"],"picked":"Footwork","floor":13},{"not_picked":["Backflip","Blade Dance"],"picked":"Calculated Gamble","floor":14},{"not_picked":["Doppelganger","Grand Finale"],"picked":"Corpse Explosion","floor":16},{"not_picked":["Cloak And Dagger","Backflip"],"picked":"Bane","floor":18},{"not_picked":["Backstab","Sucker Punch","Prepared"],"picked":"SKIP","floor":19},{"not_picked":["Slice","Dagger Spray"],"picked":"After Image","floor":20},{"not_picked":["Reflex","Underhanded Strike"],"picked":"Eviscerate","floor":21}],"player_experience":841555,"relics_obtained":[{"floor":8.0,"key":"Bottled Flame"},{"floor":9.0,"key":"Pear"},{"floor":13,"key":"Bottled Tornado"}],"event_choices":[{"damage_healed":0.0,"max_hp_gain":0.0,"max_hp_loss":0.0,"gold_gain":150.0,"event_name":"Liars Game","player_choice":"AGREE","floor":2.0,"gold_loss":0.0,"damage_taken":0.0,"cards_obtained":["Doubt"]},{"damage_healed":0.0,"max_hp_gain":0.0,"max_hp_loss":0.0,"gold_gain":0.0,"event_name":"Shining Light","player_choice":"Entered Light","floor":3.0,"gold_loss":0.0,"damage_taken":20.0,"cards_upgraded":["Survivor","Strike_G"]},{"cards_removed":["Phantasmal Killer"],"damage_healed":27.0,"max_hp_gain":10.0,"max_hp_loss":0.0,"gold_gain":0.0,"event_name":"Bonfire Elementals","player_choice":"Offered Rare","floor":4.0,"gold_loss":0.0,"damage_taken":0.0}],"is_beta":false,"boss_relics":[{"not_picked":["Calling Bell","Busted Crown"],"picked":"Coffee Dripper"}],"items_purged_floors":[10],"is_endless":false,"potions_floor_spawned":[8,12,14,16,18,19],"ascension_level":20}}