{"host":"dhlnk6yox2l1s6up","time":1609474915,"event":{"mods":["BaseMod","Colored Map","Highlight Path","Minty Spire (QoL Compilation)","Relic Stats","StSLib"],"gold_per_floor":[111,111,49,67,84,110,110,210,210,238,251,276,5,22,22,119,119,132,132,8,28,48,77,77,10,36,36,53,85,85,112,112,214,214,225,225,225,240,88,116,128,128,128,154,169,224,224,258,258,258,258,258,3,31,31],"floor_reached":56,"playtime":4209,"items_purged":["Strike_G","Writhe"],"score":1865,"play_id":"9bdb79ef-9873-425a-a83f-0c467e634ba9","local_time":"20201231222155","is_ascension_mode":true,"campfire_choices":[{"floor":7.0,"key":"REST"},{"data":"Dagger Spray","floor":15.0,"key":"SMITH"},{"data":"Footwork","floor":24.0,"key":"SMITH"},{"data":"Cloak And Dagger","floor":32.0,"key":"SMITH"},{"floor":42.0,"key":"RECALL"},{"floor":47.0,"key":"REST"},{"data":"Blur","floor":49.0,"key":"SMITH"},{"floor":52,"key":"REST"}],"circlet_count":0,"master_deck":["Strike_G+1","Strike_G+1","Strike_G+1","Strike_G+1","Defend_G+1","Defend_G+1","Defend_G+1","Defend_G+1","Survivor","Neutralize","Predator","Escape Plan","Dagger Spray+1","Caltrops","Blur+1","Infinite Blades","Blade Dance","After Image","Cloak And Dagger+1","Footwork+1","Dagger Spray+1","Skewer+1","Accuracy","Accuracy+1","Deflect+1","After Image","Night Terror","Backflip+1","Backflip","Backflip+1","Tools of the Trade","Predator","Accuracy+1","Calculated Gamble+1","Escape Plan+1"],"relics":["Ring of the Snake","Shuriken","Lantern","HornCleat","Mummified Hand","Akabeko","The Specimen","Oddly Smooth Stone","Philosopher\u0027s Stone","Art of War","Centennial Puzzle","Whetstone","Orichalcum","SlaversCollar","Dream Catcher","Juzu Bracelet","Incense Burner","Regal Pillow","InkBottle","Bag of Preparation"],"acts_visited":["Exordium","TheCity","TheBeyond","TheEnding"],"potions_floor_usage":[55,55,55,55,55,55],"damage_taken":[{"damage":0.0,"enemies":"Jaw Worm","floor":1.0,"turns":5.0},{"damage":0.0,"enemies":"2 Louse","floor":4.0,"turns":4.0},{"damage":0.0,"enemies":"Cultist","floor":5.0,"turns":3.0},{"damage":24.0,"enemies":"3 Sentries","floor":6.0,"turns":7.0},{"damage":10.0,"enemies":"Gremlin Nob","floor":10.0,"turns":4.0},{"damage":1.0,"enemies":"Exordium Wildlife","floor":11.0,"turns":3.0},{"damage":0.0,"enemies":"Lagavulin","floor":12.0,"turns":5.0},{"damage":0.0,"enemies":"Lots of Slimes","floor":14.0,"turns":3.0},{"damage":2.0,"enemies":"Hexaghost","floor":16.0,"turns":9.0},{"damage":0.0,"enemies":"Spheric Guardian","floor":18.0,"turns":3.0},{"damage":0.0,"enemies":"Shell Parasite","floor":21.0,"turns":3.0},{"damage":2.0,"enemies":"Snake Plant","floor":22.0,"turns":5.0},{"damage":14.0,"enemies":"Slavers","floor":23.0,"turns":3.0},{"damage":0.0,"enemies":"Shelled Parasite and Fungi","floor":28.0,"turns":3.0},{"damage":10.0,"enemies":"Book of Stabbing","floor":29.0,"turns":4.0},{"damage":0.0,"enemies":"Gremlin Leader","floor":31.0,"turns":4.0},{"damage":0.0,"enemies":"Automaton","floor":33.0,"turns":7.0},{"damage":5.0,"enemies":"3 Shapes","floor":35.0,"turns":2.0},{"damage":0.0,"enemies":"Orb Walker","floor":38.0,"turns":4.0},{"damage":6.0,"enemies":"Nemesis","floor":40.0,"turns":5.0},{"damage":0.0,"enemies":"Transient","floor":41.0,"turns":5.0},{"damage":0.0,"enemies":"Reptomancer","floor":44.0,"turns":6.0},{"damage":2.0,"enemies":"3 Darklings","floor":45.0,"turns":4.0},{"damage":23.0,"enemies":"2 Orb Walkers","floor":46.0,"turns":4.0},{"damage":0.0,"enemies":"Nemesis","floor":48.0,"turns":5.0},{"damage":53,"enemies":"Time Eater","floor":50,"turns":15},{"damage":61,"enemies":"Shield and Spear","floor":54,"turns":8},{"damage":3,"enemies":"The Heart","floor":55,"turns":9}],"seed_played":"550814495200427525","potions_obtained":[{"floor":0.0,"key":"DuplicationPotion"},{"floor":0.0,"key":"Strength Potion"},{"floor":0.0,"key":"Fire Potion"},{"floor":5.0,"key":"Fire Potion"},{"floor":6.0,"key":"ColorlessPotion"},{"floor":14.0,"key":"Ancient Potion"},{"floor":16.0,"key":"CultistPotion"},{"floor":31.0,"key":"EntropicBrew"},{"floor":33.0,"key":"CunningPotion"},{"floor":44.0,"key":"Explosive Potion"},{"floor":45.0,"key":"Ancient Potion"}],"is_trial":false,"path_per_floor":["M","?","?","M","M","E","R","?","T","E","M","E","$","M","R","B",null,"M","?","$","M","M","E","R","$","T","?","M","E","?","E","R","B",null,"M","$","?","M","$","E","M","R","T","E","M","?","R","E","R","B",null,"R","$","E","B",null],"character_chosen":"THE_SILENT","items_purchased":["Oddly Smooth Stone","Energy Potion","Footwork","Dagger Spray","Accuracy","Backflip","InkBottle"],"campfire_rested":3,"item_purchase_floors":[13,13,20,20,25,39,53],"current_hp_per_floor":[63,51,51,51,51,27,48,48,48,38,37,37,37,37,37,35,61,61,61,61,61,59,45,45,45,45,45,45,35,35,35,35,35,61,56,56,70,70,70,64,64,64,64,64,62,39,60,60,60,7,54,70,70,9,6],"gold":31,"neow_bonus":"THREE_SMALL_POTIONS","is_daily":false,"chose_seed":false,"campfire_upgraded":4,"win_rate":0.0,"timestamp":1609474915,"path_taken":["M","?","?","?","M","E","R","?","T","E","M","E","$","?","R","BOSS","M","?","?","M","M","E","R","$","T","?","M","E","?","E","R","BOSS","M","?","?","?","$","E","M","R","T","E","M","?","R","E","R","BOSS","R","$","E","BOSS"],"items_purchased_type":["Relic","Potion","Card","Card","Card","Card","Relic"],"build_version":"2020-12-22","purchased_purges":2,"victory":true,"max_hp_per_floor":[70,70,70,70,70,70,70,70,70,70,70,70,70,70,70,70,70,70,70,70,70,70,70,70,70,70,70,70,70,70,70,70,70,70,70,70,70,70,70,70,70,70,70,70,70,70,70,70,70,70,70,70,70,70,70],"relic_stats":{"Regal Pillow":0,"counters":[28,142],"Juzu Bracelet":1,"Bag of Preparation":[2],"Whetstone":["Skewer","Dagger Spray"],"Orichalcum":[6],"Centennial Puzzle":[24],"Dream Catcher":2,"Shuriken":[101],"Mummified Hand":[150],"Art of War":[5],"obtain_stats":[{"Lantern":3,"Regal Pillow":48,"The Specimen":12,"Oddly Smooth Stone":13,"Juzu Bracelet":44,"Incense Burner":46,"Bag of Preparation":54,"Whetstone":29,"Orichalcum":31,"Akabeko":10,"SlaversCollar":34,"Centennial Puzzle":26,"Dream Catcher":40,"HornCleat":6,"Shuriken":2,"Mummified Hand":9,"Philosopher\u0027s Stone":17,"Art of War":23,"InkBottle":53,"Ring of the Snake":0},{"Lantern":1,"Regal Pillow":25,"The Specimen":7,"Oddly Smooth Stone":7,"Juzu Bracelet":22,"Incense Burner":24,"Bag of Preparation":27,"Whetstone":15,"Orichalcum":16,"Akabeko":5,"SlaversCollar":17,"Centennial Puzzle":13,"Dream Catcher":20,"HornCleat":4,"Shuriken":1,"Mummified Hand":4,"Philosopher\u0027s Stone":9,"Art of War":13,"InkBottle":26,"Ring of the Snake":0},{"Lantern":5,"Regal Pillow":110,"The Specimen":31,"Oddly Smooth Stone":31,"Juzu Bracelet":97,"Incense Burner":105,"Bag of Preparation":133,"Whetstone":64,"Orichalcum":68,"Akabeko":23,"SlaversCollar":75,"Centennial Puzzle":57,"Dream Catcher":86,"HornCleat":19,"Shuriken":5,"Mummified Hand":19,"Philosopher\u0027s Stone":43,"Art of War":57,"InkBottle":125,"Ring of the Snake":0}],"InkBottle":[13],"Ring of the Snake":[56]},"card_choices":[{"not_picked":["Dagger Throw","Flechettes"],"picked":"Predator","floor":1.0},{"not_picked":["Bane","Deadly Poison"],"picked":"Escape Plan","floor":4.0},{"not_picked":["Noxious Fumes","Underhanded Strike"],"picked":"Dagger Spray","floor":5.0},{"not_picked":["Poisoned Stab","Outmaneuver","Quick Slash"],"picked":"SKIP","floor":6.0},{"not_picked":["Prepared","Doppelganger"],"picked":"Caltrops","floor":10.0},{"not_picked":["Prepared","Dagger Spray"],"picked":"Blur","floor":11.0},{"not_picked":["Deflect","Sucker Punch"],"picked":"Infinite Blades","floor":12.0},{"not_picked":["PiercingWail","Prepared"],"picked":"Blade Dance","floor":14.0},{"not_picked":["Envenom","Storm of Steel"],"picked":"After Image","floor":16.0},{"not_picked":["Prepared","Bane"],"picked":"Cloak And Dagger","floor":18.0},{"not_picked":["Outmaneuver+1","Slice","Tactician"],"picked":"SKIP","floor":21.0},{"not_picked":["Dodge and Roll","Outmaneuver"],"picked":"Skewer","floor":22.0},{"not_picked":["Dagger Throw+1","Quick Slash","Venomology"],"picked":"SKIP","floor":23.0},{"not_picked":["Reflex","Bouncing Flask"],"picked":"Accuracy+1","floor":28.0},{"not_picked":["Infinite Blades","Quick Slash"],"picked":"Deflect+1","floor":29.0},{"not_picked":["Dodge and Roll","Reflex","Underhanded Strike"],"picked":"SKIP","floor":31.0},{"not_picked":["Unload","A Thousand Cuts"],"picked":"Night Terror","floor":33.0},{"not_picked":["Dodge and Roll+1","Dagger Throw+1"],"picked":"Backflip+1","floor":35.0},{"not_picked":["Expertise","Flying Knee+1","Poisoned Stab"],"picked":"SKIP","floor":38.0},{"not_picked":["Deflect+1","Dodge and Roll"],"picked":"Backflip+1","floor":40.0},{"not_picked":["Riddle With Holes+1","Bane","Sucker Punch+1"],"picked":"SKIP","floor":41.0},{"not_picked":["Sucker Punch","Flying Knee"],"picked":"Tools of the Trade","floor":44.0},{"not_picked":["Bouncing Flask+1","Masterful Stab+1"],"picked":"Predator","floor":45.0},{"not_picked":["Catalyst","Dodge and Roll"],"picked":"Accuracy+1","floor":46.0},{"not_picked":["Deadly Poison+1","Quick Slash"],"picked":"Calculated Gamble+1","floor":47.0},{"not_picked":["Crippling Poison","Distraction","Underhanded Strike"],"picked":"SKIP","floor":48.0},{"not_picked":["Deadly Poison+1","Flechettes+1"],"picked":"Escape Plan+1","floor":52},{"not_picked":["Deadly Poison+1","Masterful Stab","Outmaneuver+1"],"picked":"SKIP","floor":54}],"player_experience":5690400,"relics_obtained":[{"floor":6.0,"key":"HornCleat"},{"floor":9.0,"key":"Mummified Hand"},{"floor":10.0,"key":"Akabeko"},{"floor":12.0,"key":"The Specimen"},{"floor":23.0,"key":"Art of War"},{"floor":26.0,"key":"Centennial Puzzle"},{"floor":29.0,"key":"Whetstone"},{"floor":31.0,"key":"Orichalcum"},{"floor":40.0,"key":"Dream Catcher"},{"floor":44.0,"key":"Juzu Bracelet"},{"floor":46.0,"key":"Incense Burner"},{"floor":48.0,"key":"Regal Pillow"},{"floor":54,"key":"Bag of Preparation"}],"event_choices":[{"damage_healed":0.0,"max_hp_gain":0.0,"max_hp_loss":0.0,"gold_gain":0.0,"event_name":"Scrap Ooze","player_choice":"Success","floor":2.0,"gold_loss":0.0,"damage_taken":12.0,"relics_obtained":["Shuriken"]},{"damage_healed":0.0,"max_hp_gain":0.0,"max_hp_loss":0.0,"gold_gain":0.0,"event_name":"WeMeetAgain","player_choice":"Paid Gold","floor":3.0,"gold_loss":62.0,"damage_taken":0.0,"relics_obtained":["Lantern"]},{"damage_healed":0.0,"max_hp_gain":0.0,"max_hp_loss":0.0,"gold_gain":100.0,"event_name":"Golden Shrine","player_choice":"Pray","floor":8.0,"gold_loss":0.0,"damage_taken":0.0},{"cards_removed":["Defend_G"],"damage_healed":0.0,"max_hp_gain":0.0,"max_hp_loss":0.0,"gold_gain":0.0,"event_name":"Bonfire Elementals","player_choice":"Offered Basic","floor":19.0,"gold_loss":0.0,"damage_taken":0.0},{"damage_healed":0.0,"max_hp_gain":0.0,"max_hp_loss":0.0,"gold_gain":0.0,"event_name":"Back to Basics","player_choice":"Simplicity","floor":27.0,"gold_loss":0.0,"damage_taken":0.0,"cards_upgraded":["Strike_G","Strike_G","Strike_G","Strike_G","Defend_G","Defend_G","Defend_G","Defend_G"]},{"damage_healed":0.0,"max_hp_gain":0.0,"max_hp_loss":0.0,"gold_gain":0.0,"event_name":"Match and Keep!","player_choice":"1 cards matched","floor":30.0,"gold_loss":0.0,"damage_taken":0.0,"cards_obtained":["After Image"]},{"damage_healed":18.0,"max_hp_gain":0.0,"max_hp_loss":0.0,"gold_gain":0.0,"event_name":"Winding Halls","player_choice":"Writhe","floor":37.0,"gold_loss":0.0,"damage_taken":0.0,"cards_obtained":["Writhe"]},{"damage_healed":0.0,"max_hp_gain":0.0,"max_hp_loss":0.0,"gold_gain":0.0,"event_name":"Mysterious Sphere","player_choice":"Fight","floor":46.0,"gold_loss":0.0,"damage_taken":0.0}],"is_beta":false,"boss_relics":[{"not_picked":["Busted Crown","Astrolabe"],"picked":"Philosopher\u0027s Stone"},{"not_picked":["Pandora\u0027s Box","Fusion Hammer"],"picked":"SlaversCollar"}],"items_purged_floors":[13,39],"is_endless":false,"potions_floor_spawned":[5,6,10,14,16,22,23,28,31,33,35,44,45,46],"ascension_level":8}}