{"host":"d1za9dvx43o9v494","time":1609537621,"event":{"mods":["2.2 Compatiblity","BaseMod","Better-Laid Plans","Colored Map","Downfall","Emptier Cage","Minty Spire (QoL Compilation)","Permanent Neow","StSLib"],"gold_per_floor":[99,115,131,131,131,131,186,219,219,230,130,167,167,86,114,218,218,218,233,250,259,459,474,528,558,358,243,270,296,309,320,343,447,447,447,472,461,487,506,564,564,586,613,622,534,534,563,367,386,386,386,386],"floor_reached":50,"playtime":3913,"items_purged":["downfall:Malfunctioning","Guardian:Strike_Guardian","Guardian:Defend_Guardian"],"score":601,"play_id":"fc416e6b-e9c7-4a26-95f3-866d8a915091","local_time":"20210102004701","is_ascension_mode":true,"campfire_choices":[{"data":"Guardian:CurlUp","floor":1.0,"key":"SMITH"},{"data":"Guardian:Recover","floor":6.0,"key":"SMITH"},{"floor":9.0,"key":"RECALL"},{"data":"Guardian:DecasProtection","floor":11.0,"key":"SMITH"},{"data":"Guardian:RollAttack","floor":13.0,"key":"SMITH"},{"data":"Guardian:GatlingBeam","floor":18,"key":"SMITH"},{"data":"Guardian:SpikerProtocol","floor":26,"key":"SMITH"},{"data":"Guardian:FuturePlans","floor":35,"key":"SMITH"},{"floor":46,"key":"REST"}],"circlet_count":0,"master_deck":["Guardian:Strike_Guardian+1","Guardian:Strike_Guardian+1","Guardian:Defend_Guardian+1","Guardian:Defend_Guardian","Guardian:CurlUp+1","Guardian:TwinSlam","Guardian:RollAttack+1","Guardian:Recover+1","Guardian:BronzeOrb","Guardian:DecasProtection+1","Guardian:SpikerProtocol+1","Guardian:Incinerate","Guardian:GatlingBeam+1","Guardian:FuturePlans+1","Guardian:TemporalShield+1","Guardian:PiercingHide+1","Guardian:MultiBeam+1","Guardian:SpikerProtocol","Guardian:TemporalShield+1","Guardian:ArmoredProtocol","Guardian:ShieldCharger+1","expansioncontent:DefensiveStance","Guardian:ShieldSpikes+1","Guardian:PrimingBeam"],"relics":["Guardian:ModeShifter","Dream Catcher","PreservedInsect","Vajra","downfall:HeartBlessingRed","CeramicFish","Busted Crown","Regal Pillow","downfall:HeartBlessingGreen","downfall:HeartBlessingBlue","Bronze Scales","Sozu","Guardian:StasisUpgradeRelic","Ice Cream","Boot","Bird Faced Urn","War Paint"],"acts_visited":["Exordium","TheCity","TheBeyond"],"potions_floor_usage":[],"damage_taken":[{"damage":1.0,"enemies":"Jaw Worm","floor":2.0,"turns":5.0},{"damage":2.0,"enemies":"Small Slimes","floor":3.0,"turns":4.0},{"damage":4.0,"enemies":"Gremlin Nob","floor":8.0,"turns":5.0},{"damage":0.0,"enemies":"2 Louse","floor":10.0,"turns":3.0},{"damage":13.0,"enemies":"3 Sentries","floor":12.0,"turns":8.0},{"damage":5.0,"enemies":"downfall:FleeingMerchant","floor":14.0,"turns":4.0},{"damage":0,"enemies":"2 Fungi Beasts","floor":15,"turns":3},{"damage":27,"enemies":"downfall:Defect","floor":16,"turns":10},{"damage":0,"enemies":"Spheric Guardian","floor":19,"turns":3},{"damage":8,"enemies":"Shelled Parasite and Fungi","floor":20,"turns":4},{"damage":0,"enemies":"Centurion and Healer","floor":23,"turns":6},{"damage":6,"enemies":"Book of Stabbing","floor":25,"turns":4},{"damage":0,"enemies":"downfall:FleeingMerchant","floor":27,"turns":4},{"damage":0,"enemies":"Cultist and Chosen","floor":28,"turns":4},{"damage":0,"enemies":"Gremlin Leader","floor":29,"turns":7},{"damage":10,"enemies":"Snake Plant","floor":30,"turns":2},{"damage":4,"enemies":"Centurion and Healer","floor":31,"turns":4},{"damage":0,"enemies":"Chosen and Byrds","floor":32,"turns":4},{"damage":42,"enemies":"downfall:Silent","floor":33,"turns":11},{"damage":10,"enemies":"3 Darklings","floor":36,"turns":3},{"damage":10,"enemies":"downfall:FleeingMerchant","floor":37,"turns":3},{"damage":1,"enemies":"3 Shapes","floor":38,"turns":5},{"damage":0,"enemies":"Maw","floor":39,"turns":6},{"damage":20,"enemies":"2 Orb Walkers","floor":40,"turns":4},{"damage":8,"enemies":"Jaw Worm Horde","floor":42,"turns":4},{"damage":17,"enemies":"Reptomancer","floor":43,"turns":5},{"damage":1,"enemies":"3 Darklings","floor":47,"turns":4},{"damage":0,"enemies":"Spire Growth","floor":49,"turns":5},{"damage":96,"enemies":"downfall:Ironclad","floor":50,"turns":12}],"seed_played":"-7898008513227252524","potions_obtained":[{"floor":3.0,"key":"LiquidBronze"},{"floor":10.0,"key":"EssenceOfSteel"},{"floor":12.0,"key":"sneckomod:MuddlingPotion"},{"floor":28,"key":"Regen Potion"},{"floor":30,"key":"DuplicationPotion"}],"is_trial":false,"path_per_floor":["R","M","M","?","?","R","T","E","R","M","R","E","R","$","M","B",null,"R","M","M","?","?","M","T","E","R","$","M","E","M","M","M","B",null,"R","M","$","M","M","?","T","M","E","?","$","R","M","$","M","B"],"character_chosen":"GUARDIAN","items_purchased":["Guardian:StasisUpgradeRelic","Guardian:SpikerProtocol","expansioncontent:DefensiveStance","War Paint","Guardian:PrimingBeam"],"campfire_rested":1,"item_purchase_floors":[37,37,45,48,48],"current_hp_per_floor":[80,79,77,77,77,77,77,73,73,73,73,60,60,55,55,28,80,80,80,72,72,72,72,72,66,76,76,76,76,66,62,62,20,90,90,80,70,69,69,49,49,41,24,24,24,66,71,71,83,0,0,0],"gold":386,"neow_bonus":"RANDOM_COMMON_RELIC","is_daily":false,"chose_seed":false,"campfire_upgraded":7,"win_rate":0.0,"timestamp":1609537621,"path_taken":["R","M","M","?","?","R","T","E","R","M","R","E","R","?","M","BOSS","R","M","M","?","?","M","T","E","R","$","M","E","M","M","M","BOSS","R","M","?","M","M","?","T","?","E","?","$","R","M","$","M","BOSS"],"items_purchased_type":["Relic","Card","Card","Relic","Card"],"build_version":"2020-12-22","purchased_purges":3,"victory":false,"max_hp_per_floor":[80,80,80,80,80,80,80,80,80,80,80,80,80,80,80,80,80,80,80,80,80,80,80,80,80,90,90,90,90,90,90,90,90,90,90,90,90,90,90,90,90,90,90,90,90,90,90,90,90,90,90,90],"card_choices":[{"not_picked":["Guardian:WalkerClaw","Guardian:ShieldCharger"],"picked":"Guardian:RollAttack","floor":2.0},{"not_picked":["Guardian:VentSteam","Guardian:TimeCapacitor"],"picked":"Guardian:Recover","floor":3.0},{"not_picked":["Guardian:VentSteam","Guardian:TemporalShield"],"picked":"Guardian:BronzeOrb","floor":8.0},{"not_picked":["Guardian:RollAttack","Guardian:Gem_Red"],"picked":"Guardian:DecasProtection","floor":10.0},{"not_picked":["Guardian:RefractedBeam","Guardian:TemporalStrike"],"picked":"Guardian:Gem_Fragmented","floor":12.0},{"not_picked":["Guardian:BaubleBeam","Guardian:EvasiveProtocol"],"picked":"Guardian:SpikerProtocol","floor":14.0},{"not_picked":["Guardian:Reroute","Guardian:Gem_Cyan"],"picked":"Guardian:Incinerate","floor":15},{"not_picked":["Guardian:StasisEngine","Guardian:Gem_Synthetic"],"picked":"Guardian:GatlingBeam","floor":16},{"not_picked":["Guardian:PrismaticBarrier"],"picked":"SKIP","floor":19},{"not_picked":["Guardian:RollAttack"],"picked":"SKIP","floor":20},{"not_picked":["Guardian:Repulse"],"picked":"SKIP","floor":23},{"not_picked":["Guardian:Reroute"],"picked":"SKIP","floor":25},{"not_picked":["Guardian:Gem_Red"],"picked":"SKIP","floor":27},{"not_picked":[],"picked":"Guardian:TemporalShield","floor":28},{"not_picked":["Guardian:PrismaticBarrier"],"picked":"SKIP","floor":29},{"not_picked":["Guardian:Planning"],"picked":"SKIP","floor":30},{"not_picked":["Guardian:Suspension"],"picked":"SKIP","floor":31},{"not_picked":[],"picked":"Guardian:PiercingHide","floor":32},{"not_picked":[],"picked":"Guardian:Gem_Yellow","floor":36},{"not_picked":[],"picked":"Guardian:MultiBeam+1","floor":37},{"not_picked":[],"picked":"Guardian:TemporalShield+1","floor":38},{"not_picked":[],"picked":"Guardian:ArmoredProtocol","floor":39},{"not_picked":[],"picked":"Guardian:ShieldCharger+1","floor":40},{"not_picked":["Guardian:Gem_Lightblue"],"picked":"SKIP","floor":42},{"not_picked":[],"picked":"Guardian:Gem_Lightblue","floor":42},{"not_picked":["Guardian:PrismaticBeam+1"],"picked":"SKIP","floor":43},{"not_picked":[],"picked":"Guardian:ShieldSpikes+1","floor":47},{"not_picked":["Guardian:PrimingBeam"],"picked":"SKIP","floor":49}],"player_experience":601253,"relics_obtained":[{"floor":7.0,"key":"PreservedInsect"},{"floor":8.0,"key":"Vajra"},{"floor":12.0,"key":"CeramicFish"},{"floor":25,"key":"Regal Pillow"},{"floor":29,"key":"Bronze Scales"},{"floor":40,"key":"Ice Cream"},{"floor":41,"key":"Boot"},{"floor":43,"key":"Bird Faced Urn"}],"event_choices":[{"damage_healed":0,"gold_gain":0,"player_choice":"Read","damage_taken":0,"max_hp_gain":0,"max_hp_loss":0,"event_name":"The Library","floor":21,"gold_loss":0,"cards_obtained":["Guardian:FuturePlans"]},{"damage_healed":0,"gold_gain":200,"player_choice":"Gold","damage_taken":0,"max_hp_gain":0,"max_hp_loss":0,"event_name":"Wheel of Change","floor":22,"gold_loss":0},{"damage_healed":0,"gold_gain":0,"player_choice":"Fight","damage_taken":0,"max_hp_gain":0,"max_hp_loss":0,"event_name":"Mysterious Sphere","floor":40,"gold_loss":0}],"is_beta":false,"boss_relics":[{"not_picked":["bronze:MakeshiftBattery","Cursed Key"],"picked":"Busted Crown"},{"not_picked":["Runic Pyramid","Snecko Eye"],"picked":"Sozu"}],"items_purged_floors":[14,27,37],"is_endless":false,"potions_floor_spawned":[3,10,12,20,23,28,29,30,33,38,42,43,47],"killed_by":"downfall:Ironclad","ascension_level":1}}