{"host":"sc0o2qwpf9j16a4i","time":1609520820,"event":{"mods":["AchievementEnabler","BaseMod","BetterRewards","Block Reminder","Colored Map","Colored Powertips","Custom Start","Highlight Path","Minty Spire (QoL Compilation)","Relic Stats"],"gold_per_floor":[118,118,136,152,50,50,79,94,94,105,105,139,214,234,234,308,308,327,356,356,356],"floor_reached":20,"playtime":559,"items_purged":[],"score":368,"play_id":"d9fac300-a0d3-4c88-913f-bfc4c314c8bb","local_time":"20210101190700","is_ascension_mode":true,"campfire_choices":[{"floor":6,"key":"REST"},{"floor":11,"key":"REST"},{"data":"Defragment","floor":15,"key":"SMITH"}],"circlet_count":0,"master_deck":["AscendersBane","Strike_B","Strike_B","Defend_B","Defend_B","Defend_B","Zap+1","Dualcast","CurseOfTheBell","Rebound+1","Electrodynamics","Steam","Cold Snap+1","Ball Lightning+1","Seek","Defragment+1","Hologram","Defragment","Sweeping Beam+1","Machine Learning","Loop+1","Genetic Algorithm+1","Redo+1","Barrage+1","Defragment"],"relics":["Calling Bell","Pen Nib","Molten Egg 2","Thread and Needle","Matryoshka","Potion Belt","Symbiotic Virus","Juzu Bracelet","Astrolabe","Red Mask"],"acts_visited":["Exordium","TheCity"],"potions_floor_usage":[8,19,19,19,20],"damage_taken":[{"damage":5,"enemies":"Cultist","floor":1,"turns":5},{"damage":2,"enemies":"2 Louse","floor":3,"turns":3},{"damage":9,"enemies":"Small Slimes","floor":4,"turns":3},{"damage":16,"enemies":"3 Sentries","floor":7,"turns":5},{"damage":8,"enemies":"3 Louse","floor":8,"turns":2},{"damage":0,"enemies":"Looter","floor":10,"turns":2},{"damage":4,"enemies":"Gremlin Nob","floor":12,"turns":3},{"damage":5,"enemies":"Large Slime","floor":14,"turns":3},{"damage":27,"enemies":"Slime Boss","floor":16,"turns":9},{"damage":20,"enemies":"Shell Parasite","floor":18,"turns":5},{"damage":30,"enemies":"Masked Bandits","floor":19,"turns":4},{"damage":9,"enemies":"Spheric Guardian","floor":20,"turns":3}],"seed_played":"7719645340241335700","potions_obtained":[{"floor":3,"key":"SteroidPotion"},{"floor":7,"key":"Block Potion"},{"floor":10,"key":"Ancient Potion"},{"floor":16,"key":"SpeedPotion"},{"floor":19,"key":"GamblersBrew"}],"is_trial":false,"path_per_floor":["M","?","M","M","$","R","E","M","T","M","R","E","?","M","R","B",null,"M","?","M"],"character_chosen":"DEFECT","items_purchased":["Cold Snap+1","Ball Lightning+1"],"campfire_rested":2,"item_purchase_floors":[5,5],"current_hp_per_floor":[59,59,57,48,48,69,53,45,45,45,66,62,51,46,46,19,58,38,8,0,0],"gold":356,"neow_bonus":"BOSS_RELIC","is_daily":false,"chose_seed":false,"campfire_upgraded":1,"win_rate":0.0,"timestamp":1609520820,"path_taken":["M","?","M","M","$","R","E","?","T","M","R","E","?","M","R","BOSS","M","?","M"],"items_purchased_type":["Card","Card"],"build_version":"2020-12-22","purchased_purges":0,"victory":false,"max_hp_per_floor":[71,71,71,71,71,71,71,71,71,71,71,71,71,71,71,71,71,71,71,71,71],"relic_stats":{"counters":[12,47],"Astrolabe":["Loop","Genetic Algorithm","Redo"],"Pen Nib":[4],"Juzu Bracelet":0,"obtain_stats":[{"Calling Bell":0,"Potion Belt":9,"Matryoshka":7,"Astrolabe":17,"Molten Egg 2":0,"Thread and Needle":0,"Pen Nib":0,"Juzu Bracelet":12,"Red Mask":19,"Cracked Core":0,"Symbiotic Virus":9},{"Calling Bell":0,"Potion Belt":5,"Matryoshka":4,"Astrolabe":9,"Molten Egg 2":0,"Thread and Needle":0,"Pen Nib":0,"Juzu Bracelet":7,"Red Mask":11,"Cracked Core":0,"Symbiotic Virus":5},{"Calling Bell":0,"Potion Belt":18,"Matryoshka":16,"Astrolabe":35,"Molten Egg 2":0,"Thread and Needle":0,"Pen Nib":0,"Juzu Bracelet":23,"Red Mask":44,"Cracked Core":0,"Symbiotic Virus":18}]},"card_choices":[{"not_picked":["Redo","Barrage+1"],"picked":"Rebound+1","floor":1},{"not_picked":["Redo","Cold Snap+1"],"picked":"Electrodynamics","floor":3},{"not_picked":["Gash+1","Recycle"],"picked":"Steam","floor":4},{"not_picked":["Cold Snap+1","Hologram"],"picked":"Seek","floor":7},{"not_picked":["Tempest","Cold Snap+1"],"picked":"Defragment","floor":8},{"not_picked":["Go for the Eyes+1","Redo"],"picked":"Hologram","floor":10},{"not_picked":["Ball Lightning+1","Conserve Battery"],"picked":"Defragment","floor":12},{"not_picked":["Sunder+1","White Noise"],"picked":"Sweeping Beam+1","floor":14},{"not_picked":["Amplify","Meteor Strike+1"],"picked":"Machine Learning","floor":16},{"not_picked":["Sweeping Beam+1","Gash+1"],"picked":"Barrage+1","floor":18},{"not_picked":["Consume","Ball Lightning+1"],"picked":"Defragment","floor":19}],"player_experience":483444,"relics_obtained":[{"floor":0.0,"key":"Pen Nib"},{"floor":0.0,"key":"Molten Egg 2"},{"floor":0.0,"key":"Thread and Needle"},{"floor":7,"key":"Matryoshka"},{"floor":9,"key":"Potion Belt"},{"floor":9,"key":"Symbiotic Virus"},{"floor":12,"key":"Juzu Bracelet"},{"floor":19,"key":"Red Mask"}],"event_choices":[{"damage_healed":0,"gold_gain":0,"player_choice":"Upgraded","damage_taken":0,"max_hp_gain":0,"max_hp_loss":0,"event_name":"Upgrade Shrine","floor":2,"gold_loss":0,"cards_upgraded":["Zap"]},{"damage_healed":0,"gold_gain":75,"player_choice":"Gather Gold","damage_taken":11,"max_hp_gain":0,"max_hp_loss":0,"event_name":"World of Goop","floor":13,"gold_loss":0},{"damage_healed":0,"gold_gain":0,"player_choice":"Fought Bandits","damage_taken":0,"max_hp_gain":0,"max_hp_loss":0,"event_name":"Masked Bandits","floor":19,"gold_loss":0}],"is_beta":false,"boss_relics":[{"not_picked":["Coffee Dripper","Sozu"],"picked":"Astrolabe"}],"items_purged_floors":[],"is_endless":false,"potions_floor_spawned":[3,7,10,16,19],"killed_by":"Spheric Guardian","ascension_level":20}}