{"host":"0dsi8ju7ih3zb7n8","time":1609522199,"event":{"mods":["2.2 Compatiblity","Act Like it!","BaseMod","Downfall","Hermit","Minty Spire (QoL Compilation)","Robot Space Explorer","Spicy Shops","StSLib","The Marked"],"gold_per_floor":[415,415,428,603,603,639,41,41,41],"floor_reached":8,"playtime":299,"items_purged":[],"score":54,"play_id":"7a250b84-0a0f-404e-a0c7-1505910488d2","local_time":"20210101182959","daily_mods":["Heirloom","Flight"],"is_ascension_mode":false,"campfire_choices":[],"circlet_count":0,"master_deck":["theMarked:Strike","theMarked:Strike","theMarked:Strike","theMarked:Strike","theMarked:Strike","theMarked:Defend","theMarked:Defend","theMarked:Defend","theMarked:Defend","theMarked:SoldierOfQuellstein","theMarked:GodGivenPower","theMarked:Parkour","theMarked:BindingBlade"],"relics":["theMarked:ArtifactOfAir","Old Coin","Omamori","Golden Idol","Bronze Scales","champ:DuelingGlove","Dead Branch"],"acts_visited":["Exordium"],"potions_floor_usage":[],"damage_taken":[{"damage":0.0,"enemies":"Small Slimes","floor":1.0,"turns":4.0},{"damage":0.0,"enemies":"Cultist","floor":3.0,"turns":3.0},{"damage":26,"enemies":"Lagavulin","floor":6,"turns":7},{"damage":4,"enemies":"Gremlin Nob","floor":8,"turns":3}],"seed_played":"-8103368736027138850","potions_obtained":[{"floor":6,"key":"Explosive Potion"}],"is_trial":true,"path_per_floor":["M","?","M","?","?","E","$","E"],"character_chosen":"THE_DEFAULT","items_purchased":["champ:DuelingGlove","Dead Branch"],"campfire_rested":0,"item_purchase_floors":[7,7],"current_hp_per_floor":[70,58,58,58,41,15,15,11,11],"gold":41,"neow_bonus":"","is_daily":false,"chose_seed":false,"campfire_upgraded":0,"win_rate":0.0,"timestamp":1609522199,"path_taken":["M","?","M","?","?","E","$","E"],"items_purchased_type":["Relic","Relic"],"build_version":"2020-12-22","purchased_purges":0,"victory":false,"max_hp_per_floor":[70,70,70,70,70,70,70,70,70],"card_choices":[{"not_picked":["theMarked:TwofoldDefense","theMarked:PowerFlow"],"picked":"theMarked:GodGivenPower","floor":1.0},{"not_picked":["theMarked:BanishingStrike","theMarked:WastefulDefense"],"picked":"theMarked:Parkour","floor":3.0},{"not_picked":["theMarked:WardOff","theMarked:Aftermath"],"picked":"theMarked:BindingBlade","floor":6}],"player_experience":814080,"relics_obtained":[{"floor":6,"key":"Bronze Scales"}],"event_choices":[{"damage_healed":0.0,"max_hp_gain":0.0,"max_hp_loss":0.0,"gold_gain":0.0,"event_name":"Scrap Ooze","player_choice":"Success","floor":2.0,"gold_loss":0.0,"damage_taken":12.0,"relics_obtained":["Omamori"]},{"damage_healed":0.0,"max_hp_gain":0.0,"max_hp_loss":0.0,"gold_gain":175.0,"event_name":"Liars Game","player_choice":"AGREE","floor":4.0,"gold_loss":0.0,"damage_taken":0.0,"cards_obtained":["Doubt"]},{"damage_healed":0,"gold_gain":0,"player_choice":"Take Damage","damage_taken":17,"relics_obtained":["Golden Idol"],"max_hp_gain":0,"max_hp_loss":0,"event_name":"Golden Idol","floor":5,"gold_loss":0}],"is_beta":false,"boss_relics":[],"items_purged_floors":[],"is_endless":false,"potions_floor_spawned":[6],"killed_by":"Gremlin Nob","ascension_level":0}}