{"host":"64h6jdpsiwrne03s","time":1609476891,"event":{"mods":["Act Like it!","BaseMod","Bestiary","Colored Powertips","Gensokyo","Marisa£®ÏF”Í°°ƒß¿Ì…≥£©","Minty Spire (QoL Compilation)","Reimu£®≤©¿ˆ¡È√Œ£©","Remilia£®¿Ÿ√◊¿Ú—«£©","StSLib","The Servant 0.9.4","Youmu£®ªÍ∆«—˝√Œ£©"],"gold_per_floor":[110,1,1,16,30,59,59,88,139,151,163,196,215,249,249,346,346,362,380,399,649,400,400,427,153,153,153,153,9,21,47,47,298,298,309,319,334,334,352,352,383,383,406,406,189,189,204,234,234,234,234,234,48,74,74],"floor_reached":56,"playtime":4437,"items_purged":["Strike_Lin:ReiMu","Pain","Injury","Strike_Lin:ReiMu"],"score":1916,"play_id":"dc244ced-0ddf-4932-bcf5-56baaca778c9","local_time":"20210101125451","is_ascension_mode":true,"campfire_choices":[{"data":"FoulBorder2:ReiMu","floor":15.0,"key":"SMITH"},{"data":"Determination:ReiMu","floor":23.0,"key":"SMITH"},{"data":"KamiRite:ReiMu","floor":27.0,"key":"SMITH"},{"floor":32.0,"key":"RECALL"},{"data":"Free:ReiMu","floor":40.0,"key":"SMITH"},{"data":"SubAcupoint:ReiMu","floor":42.0,"key":"SMITH"},{"data":"OctopathBindingBorder2:ReiMu","floor":44.0,"key":"SMITH"},{"data":"OctopathBindingBorder2:ReiMu","floor":49.0,"key":"SMITH"},{"data":"TightArray:ReiMu","floor":52.0,"key":"SMITH"}],"circlet_count":0,"master_deck":["Strike_Lin:ReiMu","Strike_Lin:ReiMu","Defend_Lin:ReiMu","Defend_Lin:ReiMu","Defend_Lin:ReiMu","Defend_Lin:ReiMu","NB:ReiMu","Stagnation:ReiMu","TightArray:ReiMu+1","OctopathBindingBorder2:ReiMu+1","KamiRite:ReiMu+1","Determination:ReiMu+1","YinYang:ReiMu","CurseOfTheBell","SealNeedle:ReiMu+1","Revelation:ReiMu","PhosphorusFlame:ReiMu+1","Determination:ReiMu","PrayRite:ReiMu","RainPray2:ReiMu","OctopathBindingBorder2:ReiMu+1","Free:ReiMu+1","PrepareRite:ReiMu+1","FantasyBorder:ReiMu","PassingAway:ReiMu","SubAcupoint:ReiMu+1","PassingAway:ReiMu+1","Gensokyo:PrivateSquare+1","RainPray2:ReiMu+1","Mayhem","TightArray:ReiMu"],"relics":["FlyPower:ReiMu","NeowsBlessing","Meat on the Bone","RuthlessExorcism:ReiMu","Gensokyo:LunaticRedEyes","StrikeDummy","Incense Burner","Salt:ReiMu","Calling Bell","Pear","Strawberry","Thread and Needle","Omamori","Orichalcum","Lantern","White Beast Statue","Turnip","RedLine:ReiMu","Ice Cream","Gensokyo:EmptyGrave","Toxic Egg 2","Toy Ornithopter","Pantograph"],"acts_visited":["Gensokyo:Gensokyo","Gensokyo:Gensokyoer","Gensokyo:Gensokyoest","TheEnding"],"potions_floor_usage":[55,55,55],"damage_taken":[{"damage":0.0,"enemies":"Gensokyo:2_Kodama","floor":1.0,"turns":1.0},{"damage":0.0,"enemies":"Gensokyo:Gryphon","floor":4.0,"turns":1.0},{"damage":0.0,"enemies":"Gensokyo:Python","floor":5.0,"turns":1.0},{"damage":17.0,"enemies":"Gensokyo:Aya","floor":6.0,"turns":7.0},{"damage":6.0,"enemies":"Gensokyo:Mamizou","floor":8.0,"turns":9.0},{"damage":9.0,"enemies":"Gensokyo:LivingMonolith","floor":10.0,"turns":5.0},{"damage":11.0,"enemies":"Gensokyo:Kitsune","floor":11.0,"turns":4.0},{"damage":5.0,"enemies":"Gensokyo:Cirno","floor":12.0,"turns":7.0},{"damage":7.0,"enemies":"Gensokyo:VengefulSpirit","floor":13.0,"turns":4.0},{"damage":3.0,"enemies":"Gensokyo:Mamizou","floor":14.0,"turns":9.0},{"damage":14.0,"enemies":"Gensokyo:Yukari","floor":16.0,"turns":8.0},{"damage":2.0,"enemies":"Gensokyo:2_Gloops","floor":18.0,"turns":6.0},{"damage":9.0,"enemies":"Gensokyo:AngelMirror","floor":19.0,"turns":3.0},{"damage":5.0,"enemies":"Gensokyo:Slime_Group","floor":20.0,"turns":4.0},{"damage":10.0,"enemies":"Gensokyo:Koishi","floor":24.0,"turns":6.0},{"damage":0.0,"enemies":"Gensokyo:Chomper_and_Gloop","floor":30.0,"turns":4.0},{"damage":0.0,"enemies":"Gensokyo:Tenshi","floor":31.0,"turns":4.0},{"damage":0.0,"enemies":"Gensokyo:Kaguya","floor":33.0,"turns":11.0},{"damage":0.0,"enemies":"Gensokyo:AncientGuardian","floor":35.0,"turns":6.0},{"damage":0.0,"enemies":"Gensokyo:3_Bats","floor":36.0,"turns":2.0},{"damage":4.0,"enemies":"Gensokyo:AtlasGolem","floor":37.0,"turns":6.0},{"damage":0.0,"enemies":"Gensokyo:Dusk_and_Dawn","floor":39.0,"turns":3.0},{"damage":0.0,"enemies":"Gensokyo:Doremy","floor":41.0,"turns":6.0},{"damage":0.0,"enemies":"Gensokyo:4_Bats","floor":47.0,"turns":3.0},{"damage":4.0,"enemies":"Gensokyo:Marisa","floor":48.0,"turns":6.0},{"damage":0.0,"enemies":"Gensokyo:Yuyuko","floor":50.0,"turns":6.0},{"damage":15.0,"enemies":"Shield and Spear","floor":54.0,"turns":6.0},{"damage":47,"enemies":"The Heart","floor":55,"turns":8}],"seed_played":"9102146304534725263","potions_obtained":[{"floor":5.0,"key":"Block Potion"},{"floor":11.0,"key":"Strength Potion"},{"floor":12.0,"key":"PinkPotion:ReiMu"},{"floor":13.0,"key":"ColorlessPotion"},{"floor":14.0,"key":"EssenceOfSteel"},{"floor":19.0,"key":"Dexterity Potion"},{"floor":36.0,"key":"HakureiPotion:ReiMu"},{"floor":37.0,"key":"ZuzhouPotion:ReiMu"},{"floor":47.0,"key":"DuplicationPotion"},{"floor":54.0,"key":"AttackPotion"}],"is_trial":false,"path_per_floor":["M","$","?","M","M","E","?","E","T","M","M","E","M","E","R","B",null,"M","M","M","?","$","R","E","$","T","R","?","COS","M","E","R","B",null,"M","M","M","?","M","R","E","R","T","R","$","?","M","E","R","B",null,"R","$","E","B",null],"character_chosen":"REIMU","items_purchased":["OctopathBindingBorder2:ReiMu","Omamori","Lantern","PassingAway:ReiMu+1","Mayhem"],"campfire_rested":0,"item_purchase_floors":[2,22,25,45,53],"current_hp_per_floor":[59,59,59,59,59,42,42,36,36,39,40,35,40,37,37,35,75,73,64,59,59,59,59,49,49,49,49,49,49,49,49,49,49,71,71,71,67,67,67,67,72,72,72,72,72,72,72,68,68,68,71,71,71,56,42],"gold":74,"neow_bonus":"THREE_ENEMY_KILL","is_daily":false,"chose_seed":false,"campfire_upgraded":8,"win_rate":0.0,"timestamp":1609476891,"path_taken":["M","$","?","?","?","E","?","E","T","M","M","E","M","E","R","BOSS","M","?","M","?","$","R","E","$","T","R","?","COS","M","E","R","BOSS","M","M","M","?","M","R","E","R","T","R","$","?","?","E","R","BOSS","R","$","E","BOSS"],"items_purchased_type":["Card","Relic","Relic","Card","Card"],"build_version":"2020-12-22","purchased_purges":4,"victory":true,"max_hp_per_floor":[65,65,65,65,65,65,65,65,65,65,65,65,65,65,65,65,82,82,82,82,78,78,78,78,78,78,78,78,78,78,78,78,78,78,78,78,78,72,72,72,72,72,72,72,72,72,72,72,72,72,72,72,72,72,72],"card_choices":[{"not_picked":["InherentArray:ReiMu","Intuition:ReiMu"],"picked":"TightArray:ReiMu","floor":1.0},{"not_picked":["WonderfulDomain:ReiMu","KamiSacrifice:ReiMu","SpreadBorder2:ReiMu"],"picked":"SKIP","floor":4.0},{"not_picked":["Amulet:ReiMu","SafetyPray:ReiMu","EmergencyTakeOff:ReiMu"],"picked":"SKIP","floor":5.0},{"not_picked":["AirStrike:ReiMu","FineLineFantasy:ReiMu"],"picked":"KamiRite:ReiMu","floor":6.0},{"not_picked":["OrbThrow:ReiMu","SpreadBorder2:ReiMu","AirStrike:ReiMu"],"picked":"SKIP","floor":8.0},{"not_picked":["TakeOff:ReiMu","Conquer:ReiMu"],"picked":"FoulBorder2:ReiMu","floor":10.0},{"not_picked":["SubcavityInstant:ReiMu","Amulet:ReiMu","Gathering:ReiMu"],"picked":"SKIP","floor":11.0},{"not_picked":["Enchanting:ReiMu","Meditation:ReiMu"],"picked":"RainPray2:ReiMu","floor":12.0},{"not_picked":["SpreadBorder2:ReiMu","Enchanting:ReiMu","MikOfLucky:ReiMu"],"picked":"SKIP","floor":13.0},{"not_picked":["BarrageOfMoneybags:ReiMu","SubAcupoint:ReiMu"],"picked":"Determination:ReiMu","floor":14.0},{"not_picked":["CeremonyResonance:ReiMu","KyokaiOfKami:ReiMu"],"picked":"YinYang:ReiMu","floor":16.0},{"not_picked":["Conquer:ReiMu","FantasyBorder:ReiMu+1"],"picked":"SealNeedle:ReiMu+1","floor":18.0},{"not_picked":["PrepareRite:ReiMu+1","Enchanting:ReiMu"],"picked":"Revelation:ReiMu","floor":19.0},{"not_picked":["TightArray:ReiMu","SubAcupoint:ReiMu"],"picked":"PhosphorusFlame:ReiMu+1","floor":20.0},{"not_picked":["SpreadBorder2:ReiMu","LearningPray:ReiMu"],"picked":"Determination:ReiMu","floor":24.0},{"not_picked":["Enchanting:ReiMu","DoubleButterfly:ReiMu"],"picked":"RainPray2:ReiMu","floor":30.0},{"not_picked":["AirManeuver:ReiMu+1","BarrageOfMoneybags:ReiMu+1","Enchanting:ReiMu+1"],"picked":"SKIP","floor":30.0},{"not_picked":["CollectionFlower2:ReiMu","OrbThrow:ReiMu"],"picked":"OctopathBindingBorder2:ReiMu","floor":31.0},{"not_picked":["HakureiPhantom:ReiMu","Dreaming:ReiMu"],"picked":"Free:ReiMu","floor":33.0},{"not_picked":["SubcavityInstant:ReiMu","TakeOff:ReiMu"],"picked":"PrepareRite:ReiMu+1","floor":35.0},{"not_picked":["Gathering:ReiMu+1","EmergencyTakeOff:ReiMu+1"],"picked":"FantasyBorder:ReiMu","floor":36.0},{"not_picked":["Meditation:ReiMu+1","AirStrike:ReiMu","InherentArray:ReiMu"],"picked":"SKIP","floor":37.0},{"not_picked":["OrbThrow:ReiMu+1","Meditation:ReiMu+1"],"picked":"PassingAway:ReiMu","floor":39.0},{"not_picked":["BarrageOfMoneybags:ReiMu","InherentArray:ReiMu"],"picked":"SubAcupoint:ReiMu","floor":41.0},{"not_picked":["AlertArray:ReiMu+1","BarrageOfMoneybags:ReiMu+1","Enchanting:ReiMu+1"],"picked":"SKIP","floor":47.0},{"not_picked":["Gathering:ReiMu","UpKicking:ReiMu"],"picked":"RainPray2:ReiMu+1","floor":48.0},{"not_picked":["LovePray:ReiMu+1","AirManeuver:ReiMu+1"],"picked":"TightArray:ReiMu","floor":54.0}],"player_experience":342487,"relics_obtained":[{"floor":6.0,"key":"RuthlessExorcism:ReiMu"},{"floor":8.0,"key":"StrikeDummy"},{"floor":12.0,"key":"Incense Burner"},{"floor":14.0,"key":"Salt:ReiMu"},{"floor":17.0,"key":"Pear"},{"floor":17.0,"key":"Strawberry"},{"floor":17.0,"key":"Thread and Needle"},{"floor":24.0,"key":"Orichalcum"},{"floor":26.0,"key":"White Beast Statue"},{"floor":31.0,"key":"Turnip"},{"floor":41.0,"key":"Toxic Egg 2"},{"floor":43.0,"key":"Toy Ornithopter"},{"floor":54.0,"key":"Pantograph"}],"event_choices":[],"is_beta":false,"boss_relics":[{"not_picked":["Fusion Hammer","Snecko Eye"],"picked":"Calling Bell"},{"not_picked":["Busted Crown","DonationBox:ReiMu"],"picked":"RedLine:ReiMu"}],"items_purged_floors":[2,22,25,45],"is_endless":false,"potions_floor_spawned":[5,11,12,13,14,19,20,30,31,33,35,36,37,39,41,47,48,54],"ascension_level":9}}