{"host":"vumwfieg2b2mnrfl","time":1609530392,"event":{"mods":["AchievementEnabler","BaseMod","Minty Spire (QoL Compilation)","Rare Cards Sparkle","Relic Stats"],"gold_per_floor":[119,41,60,135,135,166,166,200,225,259,281,92,121,158,158,239,239,251,149,149,149,167,167,182,218,218,218,218],"floor_reached":27,"playtime":899,"items_purged":["Defend_G"],"score":483,"play_id":"f347b043-d28c-4cc4-9acc-f0525728d9de","local_time":"20210101134632","is_ascension_mode":true,"campfire_choices":[{"floor":7,"key":"REST"},{"floor":15,"key":"REST"},{"floor":23,"key":"REST"}],"circlet_count":0,"master_deck":["AscendersBane","Strike_G","Strike_G","Strike_G","Strike_G","Defend_G","Defend_G","Defend_G","Defend_G","Survivor","Neutralize","Noxious Fumes","Bouncing Flask","Quick Slash","Calculated Gamble","Dash","Deadly Poison","Dagger Throw","Burst","Prepared","Noxious Fumes","Acrobatics"],"relics":["Ring of the Snake","NeowsBlessing","Potion Belt","CeramicFish","Bronze Scales","Mercury Hourglass","Membership Card","Shovel","HoveringKite","Art of War","Ornamental Fan","PreservedInsect","Pear"],"acts_visited":["Exordium","TheCity"],"potions_floor_usage":[10,22,27],"damage_taken":[{"damage":0,"enemies":"Cultist","floor":1,"turns":1},{"damage":0,"enemies":"Small Slimes","floor":3,"turns":1},{"damage":0,"enemies":"Gremlin Nob","floor":6,"turns":1},{"damage":32,"enemies":"3 Sentries","floor":8,"turns":11},{"damage":9,"enemies":"Gremlin Nob","floor":10,"turns":4},{"damage":0,"enemies":"Jaw Worm","floor":11,"turns":3},{"damage":0,"enemies":"Large Slime","floor":13,"turns":4},{"damage":9,"enemies":"3 Sentries","floor":14,"turns":6},{"damage":3,"enemies":"Hexaghost","floor":16,"turns":8},{"damage":26,"enemies":"2 Thieves","floor":18,"turns":4},{"damage":14,"enemies":"Shell Parasite","floor":22,"turns":5},{"damage":5,"enemies":"Cultist and Chosen","floor":24,"turns":6},{"damage":23,"enemies":"Gremlin Leader","floor":25,"turns":6},{"damage":25,"enemies":"Book of Stabbing","floor":27,"turns":3}],"seed_played":"110319714333663109","potions_obtained":[{"floor":1,"key":"Ancient Potion"},{"floor":3,"key":"GhostInAJar"},{"floor":8,"key":"GamblersBrew"},{"floor":10,"key":"Explosive Potion"},{"floor":16,"key":"SteroidPotion"},{"floor":25,"key":"Swift Potion"}],"is_trial":false,"path_per_floor":["M","$","M","?","?","E","R","E","T","E","M","$","M","E","R","B",null,"M","$","?","?","M","R","M","E","T","E"],"character_chosen":"THE_SILENT","items_purchased":["Noxious Fumes","Membership Card","Prepared","Noxious Fumes","Art of War"],"campfire_rested":3,"item_purchase_floors":[2,12,19,19,19],"current_hp_per_floor":[59,59,59,48,48,48,66,34,34,25,25,25,25,16,35,32,58,32,32,32,32,18,37,32,9,19,0,0],"gold":218,"neow_bonus":"THREE_ENEMY_KILL","is_daily":false,"chose_seed":false,"campfire_upgraded":0,"win_rate":0.0,"timestamp":1609530392,"path_taken":["M","$","M","?","?","E","R","E","T","E","M","$","M","E","R","BOSS","M","$","?","?","M","R","M","E","T","E"],"items_purchased_type":["Card","Relic","Card","Card","Relic"],"build_version":"2020-12-22","purchased_purges":1,"victory":false,"max_hp_per_floor":[66,66,66,66,66,66,66,66,66,66,66,66,66,66,66,66,66,66,66,66,66,66,66,66,66,76,76,76],"relic_stats":{"Shovel":0,"counters":[14,63],"Ornamental Fan":[8],"CeramicFish":72,"Bronze Scales":[144],"HoveringKite":[15],"PreservedInsect":42,"Art of War":[4],"obtain_stats":[{"Potion Belt":6,"Pear":26,"NeowsBlessing":0,"CeramicFish":8,"HoveringKite":17,"PreservedInsect":25,"Mercury Hourglass":10,"Shovel":14,"Ornamental Fan":21,"Bronze Scales":9,"Art of War":19,"Membership Card":12,"Ring of the Snake":0},{"Potion Belt":3,"Pear":13,"NeowsBlessing":0,"CeramicFish":4,"HoveringKite":9,"PreservedInsect":13,"Mercury Hourglass":5,"Shovel":8,"Ornamental Fan":10,"Bronze Scales":4,"Art of War":10,"Membership Card":6,"Ring of the Snake":0},{"Potion Belt":3,"Pear":60,"NeowsBlessing":0,"CeramicFish":14,"HoveringKite":39,"PreservedInsect":60,"Mercury Hourglass":18,"Shovel":31,"Ornamental Fan":43,"Bronze Scales":14,"Art of War":43,"Membership Card":21,"Ring of the Snake":0}],"Ring of the Snake":[28],"Mercury Hourglass":[181]},"card_choices":[{"not_picked":["Cloak And Dagger","Underhanded Strike","Riddle With Holes"],"picked":"SKIP","floor":1},{"not_picked":["Blur","Underhanded Strike"],"picked":"Bouncing Flask","floor":3},{"not_picked":["Reflex","Prepared"],"picked":"Quick Slash","floor":6},{"not_picked":["Sucker Punch","PiercingWail"],"picked":"Calculated Gamble","floor":8},{"not_picked":["Slice","Concentrate","Bullet Time"],"picked":"SKIP","floor":10},{"not_picked":["Cloak And Dagger","Prepared"],"picked":"Dash","floor":11},{"not_picked":["Dodge and Roll","Bane"],"picked":"Deadly Poison","floor":13},{"not_picked":["Dagger Spray","Underhanded Strike"],"picked":"Dagger Throw","floor":14},{"not_picked":["Bullet Time","Wraith Form v2"],"picked":"Burst","floor":16},{"not_picked":["Bane","Dagger Throw","Poisoned Stab"],"picked":"SKIP","floor":18},{"not_picked":["Bane","Dagger Throw","Poisoned Stab"],"picked":"SKIP","floor":18},{"not_picked":["Outmaneuver","Deadly Poison","PiercingWail"],"picked":"SKIP","floor":22},{"not_picked":["Sucker Punch","PiercingWail","Expertise"],"picked":"SKIP","floor":24},{"not_picked":["Underhanded Strike","Dodge and Roll"],"picked":"Acrobatics","floor":25}],"player_experience":336133,"relics_obtained":[{"floor":6,"key":"Potion Belt"},{"floor":8,"key":"CeramicFish"},{"floor":9,"key":"Bronze Scales"},{"floor":10,"key":"Mercury Hourglass"},{"floor":14,"key":"Shovel"},{"floor":25,"key":"PreservedInsect"},{"floor":26,"key":"Pear"}],"event_choices":[{"damage_healed":0,"gold_gain":75,"player_choice":"Gather Gold","damage_taken":11,"max_hp_gain":0,"max_hp_loss":0,"event_name":"World of Goop","floor":4,"gold_loss":0},{"cards_removed":["Strike_G"],"damage_healed":0,"gold_gain":0,"player_choice":"Purged","damage_taken":0,"max_hp_gain":0,"max_hp_loss":0,"event_name":"Purifier","floor":5,"gold_loss":0},{"damage_healed":0,"gold_gain":0,"player_choice":"Ignored","damage_taken":0,"max_hp_gain":0,"max_hp_loss":0,"event_name":"Vampires","floor":20,"gold_loss":0},{"damage_healed":0,"gold_gain":0,"player_choice":"Opened","damage_taken":0,"relics_obtained":["Ornamental Fan"],"max_hp_gain":0,"max_hp_loss":0,"event_name":"The Mausoleum","floor":21,"gold_loss":0}],"is_beta":false,"boss_relics":[{"not_picked":["Runic Dome","Runic Pyramid"],"picked":"HoveringKite"}],"items_purged_floors":[12],"is_endless":false,"potions_floor_spawned":[1,3,8,10,16,25],"killed_by":"Book of Stabbing","ascension_level":14}}