{"host":"2gugywxuw0nvjb3h","time":1609485706,"event":{"mods":["AchievementEnabler","BaseMod","Better Altar","Better Match","Better Note","Better Sensory Stone","Better Skull","Better Third Choice","BetterRewards","Colored Map","Colored Powertips","Curses Come First","Evolution","Filter the Spire","GifTheSpireLib","Key Reminder","Minty Spire (QoL Compilation)","Rare Cards Sparkle","Relic Sorter","Spicy Shops","StSLib"],"gold_per_floor":[119,119,119,135,135,147,181,193,505,362,126,137,137,173,173,268,268,286,228,246,265,278,278,305,305,332,23,41,41,53,72,72,173,173,183,0,15,29,29,29,59,59,141,159,159,159,175,191,191,191,191],"floor_reached":50,"playtime":5435,"items_purged":[],"score":696,"play_id":"6e4dabba-d498-4c9c-8164-cca6c1fd365c","local_time":"20210101002146","is_ascension_mode":false,"campfire_choices":[{"data":"Regret","floor":8,"key":"PURGE"},{"floor":13,"key":"REST"},{"data":"Establishment","floor":15,"key":"SMITH"},{"data":"Weave","floor":23,"key":"SMITH"},{"floor":32,"key":"REST"},{"floor":40,"key":"REST"},{"floor":42,"key":"REST"},{"floor":46,"key":"REST"},{"floor":49,"key":"REST"}],"circlet_count":0,"master_deck":["SashWhip+1","SashWhip+1","SashWhip+1","Defend_P+1","Defend_P+1","Defend_P","Defend_P+1","Eruption+1","Vigilance+1","JustLucky+1","Conclude","Perseverance+1","Consecrate","Establishment+1","FlurryOfBlows","ClearTheMind+1","Weave+1","LessonLearned+1","FollowUp","Vengeance+1","CutThroughFate","ThirdEye+1","Collect+1","Halt+1","MentalFortress","DeceiveReality","Alpha","Wallop+1","BowlingBash+1","JustLucky+1","PathToVictory+1","Tantrum","Wireheading+1"],"relics":["PureWater","EVO:Axolotl","PreservedInsect","Toolbox","Peace Pipe","Mango","MawBank","Old Coin","Anchor","Omamori","Sozu","HandDrill","Whetstone","Ornamental Fan","Orichalcum","Chemical X","War Paint","Philosopher\u0027s Stone","Red Mask","Toxic Egg 2","Darkstone Periapt"],"acts_visited":["Exordium","TheCity","TheBeyond"],"potions_floor_usage":[21],"damage_taken":[{"damage":2,"enemies":"Jaw Worm","floor":1,"turns":5},{"damage":0,"enemies":"2 Louse","floor":4,"turns":1},{"damage":3,"enemies":"Cultist","floor":6,"turns":3},{"damage":5,"enemies":"Gremlin Nob","floor":7,"turns":2},{"damage":0,"enemies":"2 Fungi Beasts","floor":12,"turns":2},{"damage":0,"enemies":"Exordium Wildlife","floor":14,"turns":2},{"damage":64,"enemies":"The Guardian","floor":16,"turns":10},{"damage":5,"enemies":"Shell Parasite","floor":18,"turns":6},{"damage":2,"enemies":"Chosen","floor":20,"turns":4},{"damage":3,"enemies":"Snake Plant","floor":21,"turns":4},{"damage":14,"enemies":"Centurion and Healer","floor":22,"turns":4},{"damage":2,"enemies":"Book of Stabbing","floor":24,"turns":3},{"damage":2,"enemies":"Snecko","floor":28,"turns":3},{"damage":1,"enemies":"Chosen and Byrds","floor":30,"turns":6},{"damage":9,"enemies":"Sentry and Sphere","floor":31,"turns":4},{"damage":44,"enemies":"Champ","floor":33,"turns":13},{"damage":29,"enemies":"3 Shapes","floor":35,"turns":5},{"damage":0,"enemies":"Orb Walker","floor":37,"turns":3},{"damage":6,"enemies":"4 Shapes","floor":38,"turns":4},{"damage":17,"enemies":"Giant Head","floor":41,"turns":7},{"damage":9,"enemies":"3 Darklings","floor":44,"turns":5},{"damage":26,"enemies":"Writhing Mass","floor":47,"turns":7},{"damage":37,"enemies":"Transient","floor":48,"turns":5},{"damage":62,"enemies":"Time Eater","floor":50,"turns":4}],"seed_played":"7052300349035211838","potions_obtained":[{"floor":12,"key":"Regen Potion"}],"is_trial":false,"path_per_floor":["M","?","?","M","?","M","E","R","T","$","$","M","R","M","R","B",null,"M","$","M","M","M","R","E","?","T","$","M","?","M","M","R","B",null,"M","?","M","M","$","R","E","R","T","M","?","R","M","M","R","B"],"character_chosen":"WATCHER","items_purchased":["PreservedInsect","Toolbox","JustLucky","Anchor","Omamori","FlurryOfBlows","HandDrill","Chemical X","War Paint"],"campfire_rested":6,"item_purchase_floors":[0,0,0,10,11,11,19,27,27],"current_hp_per_floor":[70,84,84,84,67,64,59,59,59,59,59,59,84,84,84,20,86,81,81,79,86,72,72,70,70,70,70,68,68,67,58,83,39,86,57,57,57,51,51,76,59,84,84,75,75,86,60,23,48,0,0],"gold":191,"neow_bonus":"","is_daily":false,"chose_seed":false,"campfire_upgraded":2,"win_rate":0.0,"timestamp":1609485706,"path_taken":["M","?","?","?","?","M","E","R","T","?","$","M","R","M","R","BOSS","M","$","M","M","M","R","E","?","T","$","M","?","?","M","R","BOSS","M","?","M","M","$","R","E","R","T","M","?","R","M","M","R","BOSS"],"items_purchased_type":["Relic","Relic","Card","Relic","Relic","Card","Relic","Relic","Relic"],"build_version":"2020-12-22","purchased_purges":0,"victory":false,"max_hp_per_floor":[72,86,86,86,86,86,86,86,86,86,86,86,86,86,86,86,86,86,86,86,86,86,86,86,86,86,86,86,86,86,86,86,86,86,86,86,86,86,86,86,86,86,86,86,86,86,86,86,86,86,86],"card_choices":[{"not_picked":["Fasting2","WaveOfTheHand"],"picked":"Conclude","floor":1},{"not_picked":["Protect","Prostrate"],"picked":"Perseverance","floor":4},{"not_picked":["Sanctity","Protect"],"picked":"Consecrate","floor":6},{"not_picked":["Halt","PathToVictory"],"picked":"Establishment","floor":7},{"not_picked":["BattleHymn","Halt"],"picked":"ClearTheMind","floor":12},{"not_picked":["Pray","SashWhip"],"picked":"Weave","floor":14},{"not_picked":["Blasphemy","Brilliance"],"picked":"LessonLearned","floor":16},{"not_picked":["Prostrate","BattleHymn"],"picked":"FollowUp","floor":18},{"not_picked":["Protect","SashWhip+1"],"picked":"Vengeance+1","floor":20},{"not_picked":["Swivel+1","Protect"],"picked":"CutThroughFate","floor":21},{"not_picked":["Swivel","EmptyFist"],"picked":"ThirdEye+1","floor":22},{"not_picked":["Halt","EmptyFist"],"picked":"Collect","floor":24},{"not_picked":["BowlingBash","CrushJoints"],"picked":"Halt+1","floor":28},{"not_picked":["CarveReality","ClearTheMind"],"picked":"MentalFortress","floor":30},{"not_picked":["Pray","ReachHeaven"],"picked":"DeceiveReality","floor":31},{"not_picked":["Establishment","Blasphemy"],"picked":"Alpha","floor":33},{"not_picked":["Halt+1","Sanctity+1"],"picked":"Wallop+1","floor":35},{"not_picked":["Collect+1","SashWhip"],"picked":"BattleHymn+1","floor":37},{"not_picked":["ReachHeaven+1","Conclude+1"],"picked":"BowlingBash+1","floor":38},{"not_picked":["Halt+1","CutThroughFate+1"],"picked":"JustLucky+1","floor":41},{"not_picked":["Conclude+1","ClearTheMind+1"],"picked":"PathToVictory+1","floor":44},{"not_picked":["CutThroughFate","Collect+1"],"picked":"Tantrum","floor":47},{"not_picked":["SandsOfTime+1","JustLucky+1"],"picked":"Wireheading+1","floor":48}],"player_experience":135280,"relics_obtained":[{"floor":7,"key":"MawBank"},{"floor":9,"key":"Old Coin"},{"floor":24,"key":"Whetstone"},{"floor":26,"key":"Orichalcum"},{"floor":41,"key":"Toxic Egg 2"},{"floor":43,"key":"Darkstone Periapt"}],"event_choices":[{"damage_healed":0,"gold_gain":0,"player_choice":"Box","damage_taken":0,"relics_obtained":["Mango"],"max_hp_gain":0,"max_hp_loss":0,"event_name":"Big Fish","floor":2,"gold_loss":0,"cards_obtained":["Regret"]},{"damage_healed":0,"gold_gain":0,"player_choice":"Bought 0 Potions","damage_taken":0,"max_hp_gain":0,"max_hp_loss":0,"event_name":"The Woman in Blue","floor":3,"gold_loss":0},{"damage_healed":84,"gold_gain":0,"player_choice":"Upgrade","damage_taken":17,"max_hp_gain":0,"max_hp_loss":86,"event_name":"betterThird:BetterShining","floor":5,"gold_loss":0,"cards_upgraded":["Defend_P","SashWhip"]},{"cards_removed":["SashWhip"],"damage_healed":0,"gold_gain":0,"player_choice":"Gave Card","damage_taken":0,"relics_obtained":["Ornamental Fan"],"max_hp_gain":0,"max_hp_loss":0,"event_name":"WeMeetAgain","floor":25,"gold_loss":0},{"damage_healed":0,"gold_gain":0,"player_choice":"Ignored","damage_taken":0,"max_hp_gain":0,"max_hp_loss":0,"event_name":"betterNote:BetterNote","floor":29,"gold_loss":0,"cards_obtained":["Strike_P"]},{"damage_healed":0,"gold_gain":0,"player_choice":"Paid","damage_taken":0,"relics_obtained":["Red Mask"],"max_hp_gain":0,"max_hp_loss":0,"event_name":"Tomb of Lord Red Mask","floor":36,"gold_loss":183},{"cards_removed":["BattleHymn"],"damage_healed":0,"gold_gain":0,"player_choice":"Removed Power","damage_taken":0,"max_hp_gain":0,"max_hp_loss":0,"event_name":"Falling","floor":45,"gold_loss":0}],"is_beta":false,"boss_relics":[{"not_picked":["Busted Crown","Coffee Dripper"],"picked":"Sozu"},{"not_picked":["Snecko Eye","Velvet Choker"],"picked":"Philosopher\u0027s Stone"}],"items_purged_floors":[],"is_endless":false,"potions_floor_spawned":[12,21,22,24,30,31,33,38,41,44,47,48],"killed_by":"Time Eater","ascension_level":0}}