{"host":"erwxnntsfyc3037l","time":1609532121,"event":{"mods":["AchievementEnabler","BaseMod","Colored Powertips","Conspire","Downfall","Hermit","Hubris","Minty Spire (QoL Compilation)","Quick Restart","Replay The Spire","StSLib","The Bladedancer","The Cursed"],"gold_per_floor":[110,110,125,141,157,157,191,191,215,241,87,87,87,37,37,140,140,152,165,179,23,23,56,56,67,67,67,67,94,205,130,130,130,130],"floor_reached":33,"playtime":3597,"items_purged":[],"score":318,"play_id":"67c219cd-072b-4930-9e1d-e3f071213358","local_time":"20210101231521","is_ascension_mode":false,"campfire_choices":[{"floor":6,"key":"REST"},{"data":"Barricade","floor":15,"key":"SMITH"},{"data":"Demon Form","floor":24,"key":"SMITH"},{"floor":28,"key":"REST"},{"floor":32,"key":"REST"}],"circlet_count":0,"master_deck":["Strike_R","Strike_R","Strike_R","Strike_R","Strike_R","Defend_R","Defend_R","Defend_R","Defend_R","Bash","conspire:ExplosiveBarrier+1","Run Through+1","Iron Wave","Flex+1","Cleave","ReplayTheSpireMod:Limb From Limb","Barricade+1","Demon Form+1","Rampage","Inflame","Perfected Strike","ReplayTheSpireMod:Limb From Limb+1"],"relics":["Burning Blood","Anchor","hubris:SlimyHat","Oddly Smooth Stone","Replay:Wax Seal","War Paint","King of Hearts","Cursed Key","Regal Pillow","Juzu Bracelet","Pocketwatch","hubris:Icosahedron","ReplayTheSpireMod:Spearhead"],"acts_visited":["Exordium","TheCity"],"potions_floor_usage":[7,7,16,23,25,29],"damage_taken":[{"damage":2,"enemies":"Small Slimes","floor":1,"turns":4},{"damage":1,"enemies":"Cultist","floor":3,"turns":3},{"damage":1,"enemies":"2 Louse","floor":4,"turns":2},{"damage":20,"enemies":"Gremlin Gang","floor":5,"turns":7},{"damage":14,"enemies":"Lagavulin","floor":7,"turns":6},{"damage":21,"enemies":"Gremlin Nob","floor":10,"turns":4},{"damage":19,"enemies":"Slime Boss","floor":16,"turns":16},{"damage":18,"enemies":"Chosen","floor":18,"turns":5},{"damage":18,"enemies":"Shell Parasite","floor":19,"turns":6},{"damage":0,"enemies":"Cultist and Chosen","floor":20,"turns":5},{"damage":0,"enemies":"Replay:Snechameleon","floor":23,"turns":7},{"damage":41,"enemies":"3 Cultists","floor":25,"turns":6},{"damage":53,"enemies":"Book of Stabbing","floor":29,"turns":6},{"damage":20,"enemies":"Chosen and Byrds","floor":30,"turns":8},{"damage":58,"enemies":"conspire:MysteriousRune","floor":33,"turns":10}],"seed_played":"-825257523054028227","potions_obtained":[{"floor":3,"key":"Guardian:BlockOnCardUsePotion"},{"floor":5,"key":"Fire Potion"},{"floor":10,"key":"EssenceOfSteel"},{"floor":19,"key":"EssenceOfSteel"},{"floor":23,"key":"BloodPotion"},{"floor":25,"key":"GamblersBrew"}],"is_trial":false,"path_per_floor":["M","?","M","M","M","R","E","T","T","E","$","?","?","$","R","B",null,"M","M","M","$","$","E","R","M","T","?","R","E","M","?","R","B"],"character_chosen":"IRONCLAD","items_purchased":["War Paint","Block Potion","Regal Pillow"],"campfire_rested":3,"item_purchase_floors":[11,14,21],"current_hp_per_floor":[80,80,80,80,66,80,72,72,72,57,57,57,57,57,57,44,80,68,56,62,62,62,80,80,45,45,45,80,33,19,19,58,0,0],"gold":130,"neow_bonus":"THREE_CARDS","is_daily":false,"chose_seed":false,"campfire_upgraded":2,"win_rate":0.0,"timestamp":1609532121,"path_taken":["M","?","M","M","?","R","E","?","T","E","$","?","?","$","R","BOSS","M","?","M","?","$","E","R","M","T","?","R","E","M","?","R","BOSS"],"items_purchased_type":["Relic","Potion","Relic"],"build_version":"2020-12-22","purchased_purges":0,"victory":false,"max_hp_per_floor":[80,80,80,80,80,80,80,80,80,80,80,80,80,80,80,80,80,80,80,80,80,80,80,80,80,80,80,80,80,80,80,80,80,80],"card_choices":[{"not_picked":["conspire:Charge","Flex"],"picked":"conspire:ExplosiveBarrier","floor":0},{"not_picked":["Clothesline","Sever Soul"],"picked":"Run Through","floor":1},{"not_picked":["Shrug It Off","Anger"],"picked":"Iron Wave","floor":3},{"not_picked":["Sever Soul","Blood for Blood"],"picked":"Flex","floor":4},{"not_picked":["Body Slam","Shrug It Off"],"picked":"Cleave","floor":5},{"not_picked":["Clothesline","True Grit"],"picked":"ReplayTheSpireMod:Limb From Limb","floor":7},{"not_picked":["ReplayTheSpireMod:Limb From Limb","Clash"],"picked":"Barricade","floor":10},{"not_picked":["Bludgeon","Demonic Infusion"],"picked":"Demon Form","floor":16},{"not_picked":["Clash","True Grit"],"picked":"Rampage","floor":18},{"not_picked":["Body Slam","Clothesline","Entrench"],"picked":"SKIP","floor":19},{"not_picked":["Pummel","Body Slam"],"picked":"Inflame","floor":20},{"not_picked":["hubris:ReadiedAction","Rampage","Replay:Undeath\u0027s Touch"],"picked":"SKIP","floor":23},{"not_picked":["hubris:CleavingFinish","Burning Pact"],"picked":"Perfected Strike","floor":25},{"not_picked":["Dual Wield","Burning Pact+1","Fire Breathing"],"picked":"SKIP","floor":29},{"not_picked":["Dual Wield","Abandon"],"picked":"ReplayTheSpireMod:Limb From Limb+1","floor":30}],"player_experience":26339,"relics_obtained":[{"floor":7,"key":"Anchor"},{"floor":8,"key":"hubris:SlimyHat"},{"floor":9,"key":"Oddly Smooth Stone"},{"floor":10,"key":"Replay:Wax Seal"},{"floor":23,"key":"Juzu Bracelet"},{"floor":26,"key":"Pocketwatch"},{"floor":29,"key":"ReplayTheSpireMod:Spearhead"}],"event_choices":[{"damage_healed":0,"gold_gain":0,"player_choice":"Upgraded","damage_taken":0,"max_hp_gain":0,"max_hp_loss":0,"event_name":"Upgrade Shrine","floor":2,"gold_loss":0,"cards_upgraded":["Run Through"]},{"damage_healed":0,"gold_gain":0,"player_choice":"Ignored","damage_taken":0,"max_hp_gain":0,"max_hp_loss":0,"event_name":"Golden Idol","floor":12,"gold_loss":0},{"damage_healed":0,"gold_gain":0,"player_choice":"Gave Potion","damage_taken":0,"relics_obtained":["King of Hearts"],"max_hp_gain":0,"max_hp_loss":0,"event_name":"WeMeetAgain","floor":13,"gold_loss":0},{"cards_removed":["Replay:Hysterical Blindness"],"damage_healed":0,"gold_gain":0,"player_choice":"Gave Gold","damage_taken":0,"max_hp_gain":0,"max_hp_loss":0,"event_name":"Beggar","floor":31,"gold_loss":75}],"is_beta":false,"boss_relics":[{"not_picked":["Replay:Ancient Bell","hubris:TerracottaHorce"],"picked":"Cursed Key"}],"items_purged_floors":[],"is_endless":false,"potions_floor_spawned":[3,5,10,19,23,25],"killed_by":"conspire:MysteriousRune","ascension_level":0}}