{"host":"sav7uxregyirlf69","time":1609495858,"event":{"mods":["AchievementEnabler","BaseMod","Colored Map","DeckTracker","Keyboard Shortcuts","Minty Spire (QoL Compilation)","READ ME - Guardian Mod","StSLib","SuperFastMode"],"gold_per_floor":[111,128,145,165,165,165,165,198,246,278,337,12,27,27,27,134,134,155,65,75,86,11,51,51,78,78,28,28,28,54,67,67,181,181,196,196,196,27,27,59,94,123,147,157,192,192,232,99,99,99,99,99,10,42,42],"floor_reached":56,"playtime":1466,"items_purged":["Strike_B","Defend_B"],"score":1572,"play_id":"528b53b9-8659-4786-aacb-983486907dee","local_time":"20210101191058","daily_mods":["Heirloom"],"is_ascension_mode":true,"campfire_choices":[{"data":"Zap","floor":6,"key":"SMITH"},{"data":"Defragment","floor":15,"key":"SMITH"},{"data":"Capacitor","floor":24,"key":"SMITH"},{"data":"Loop","floor":28,"key":"SMITH"},{"data":"Dualcast","floor":32,"key":"SMITH"},{"floor":49,"key":"RECALL"},{"data":"Consume","floor":52,"key":"SMITH"}],"circlet_count":0,"master_deck":["Defend_B","Zap+1","Dualcast+1","Genetic Algorithm+1","Cold Snap","Glacier+1","Capacitor+1","Defragment+1","Core Surge","Loop+1","Glacier+1","Coolheaded+1","Electrodynamics","Barrage","Hologram+1","Creative AI","Consume+1","Compile Driver"],"relics":["Cracked Core","Shovel","Singing Bowl","War Paint","CeramicFish","Smiling Mask","Question Card","Matryoshka","Empty Cage","Mango","Ancient Tea Set","Mercury Hourglass","White Beast Statue","Busted Crown","TheAbacus","Happy Flower","Meat on the Bone","WingedGreaves","Blood Vial","Pantograph","Strawberry","HornCleat"],"acts_visited":["Exordium","TheCity","TheBeyond","TheEnding"],"potions_floor_usage":[10,11,30,33,33,41,42,42,47,50,54,55,55,55],"damage_taken":[{"damage":1,"enemies":"Cultist","floor":1,"turns":4},{"damage":0,"enemies":"2 Louse","floor":2,"turns":3},{"damage":0,"enemies":"Small Slimes","floor":3,"turns":3},{"damage":5,"enemies":"Looter","floor":4,"turns":2},{"damage":15,"enemies":"Gremlin Nob","floor":8,"turns":5},{"damage":11,"enemies":"Lagavulin","floor":10,"turns":8},{"damage":14,"enemies":"Lagavulin Event","floor":11,"turns":6},{"damage":0,"enemies":"Red Slaver","floor":13,"turns":3},{"damage":0,"enemies":"The Guardian","floor":16,"turns":12},{"damage":4,"enemies":"Spheric Guardian","floor":18,"turns":5},{"damage":0,"enemies":"Chosen","floor":20,"turns":4},{"damage":1,"enemies":"Centurion and Healer","floor":21,"turns":9},{"damage":0,"enemies":"Book of Stabbing","floor":23,"turns":7},{"damage":0,"enemies":"Snake Plant","floor":25,"turns":4},{"damage":4,"enemies":"Slavers","floor":30,"turns":5},{"damage":0,"enemies":"Sentry and Sphere","floor":31,"turns":6},{"damage":0,"enemies":"Champ","floor":33,"turns":11},{"damage":0,"enemies":"Orb Walker","floor":35,"turns":4},{"damage":2,"enemies":"Giant Head","floor":40,"turns":12},{"damage":9,"enemies":"Reptomancer","floor":41,"turns":5},{"damage":0,"enemies":"Giant Head","floor":42,"turns":10},{"damage":0,"enemies":"3 Darklings","floor":44,"turns":3},{"damage":5,"enemies":"Reptomancer","floor":45,"turns":7},{"damage":44,"enemies":"Nemesis","floor":47,"turns":21},{"damage":22,"enemies":"Time Eater","floor":50,"turns":10},{"damage":29,"enemies":"Shield and Spear","floor":54,"turns":10},{"damage":46,"enemies":"The Heart","floor":55,"turns":12}],"seed_played":"-844715256277981362","potions_obtained":[{"floor":2,"key":"Weak Potion"},{"floor":3,"key":"Energy Potion"},{"floor":4,"key":"DuplicationPotion"},{"floor":10,"key":"LiquidMemories"},{"floor":16,"key":"DuplicationPotion"},{"floor":18,"key":"PowerPotion"},{"floor":31,"key":"Energy Potion"},{"floor":33,"key":"ColorlessPotion"},{"floor":35,"key":"Dexterity Potion"},{"floor":41,"key":"SteroidPotion"},{"floor":42,"key":"LiquidMemories"},{"floor":44,"key":"LiquidBronze"},{"floor":45,"key":"Strength Potion"},{"floor":47,"key":"Strength Potion"},{"floor":54,"key":"Weak Potion"}],"is_trial":true,"path_per_floor":["M","M","M","M","?","R","?","E","T","E","?","$","M","?","R","B",null,"M","?","M","M","?","E","R","M","T","$","R","?","E","M","R","B",null,"M","?","?","$","T","E","E","E","T","M","E","?","E","$","R","B",null,"R","$","E","B",null],"character_chosen":"DEFECT","items_purchased":["Defragment","Question Card","TheAbacus","Barrage","Creative AI","Consume","Compile Driver","ColorlessPotion"],"campfire_rested":0,"item_purchase_floors":[12,12,38,38,48,48,53,53],"current_hp_per_floor":[74,74,74,69,74,74,67,52,52,43,31,31,33,30,30,30,86,82,82,84,85,85,99,99,99,99,99,99,99,97,99,99,99,108,110,110,104,104,104,104,97,101,101,105,111,111,69,69,69,74,121,121,121,94,75],"gold":42,"neow_bonus":"","is_daily":false,"chose_seed":false,"campfire_upgraded":6,"win_rate":0.0,"timestamp":1609495858,"path_taken":["M","M","M","M","?","R","?","E","T","E","?","$","M","?","R","BOSS","M","?","?","?","?","E","R","M","T","$","R","?","E","M","R","BOSS","M","?","?","$","?","E","E","E","T","M","E","?","E","$","R","BOSS","R","$","E","BOSS"],"items_purchased_type":["Card","Relic","Relic","Card","Card","Card","Card","Potion"],"build_version":"2020-12-22","purchased_purges":2,"victory":true,"max_hp_per_floor":[75,75,75,75,80,80,80,80,80,82,84,84,86,86,86,86,86,86,86,88,90,90,104,104,104,104,104,104,104,106,108,108,108,108,110,110,104,104,104,106,108,110,110,112,121,121,121,121,121,121,121,121,121,123,123],"card_choices":[{"not_picked":["Coolheaded","Skim"],"picked":"Genetic Algorithm","floor":1},{"not_picked":["Stack","Redo"],"picked":"Cold Snap","floor":2},{"not_picked":["Sweeping Beam","Streamline"],"picked":"Ball Lightning","floor":3},{"not_picked":["Skim","Amplify"],"picked":"Glacier","floor":4},{"not_picked":["Compile Driver","Redo"],"picked":"Capacitor","floor":8},{"not_picked":["Capacitor","Blizzard","Chill"],"picked":"Singing Bowl","floor":10},{"not_picked":["Ball Lightning","Redo","Steam"],"picked":"Singing Bowl","floor":11},{"not_picked":["White Noise","Steam Power","Meteor Strike","Go for the Eyes"],"picked":"Singing Bowl","floor":13},{"not_picked":["Rainbow","Meteor Strike","Seek"],"picked":"Core Surge","floor":16},{"not_picked":["Go for the Eyes+1","Sweeping Beam","Conserve Battery+1"],"picked":"Loop","floor":18},{"not_picked":["Beam Cell+1","Double Energy","Fusion","Rebound+1"],"picked":"Singing Bowl","floor":20},{"not_picked":["Beam Cell","Redo","Heatsinks+1","Storm"],"picked":"Singing Bowl","floor":21},{"not_picked":["Melter","Sunder","Rainbow"],"picked":"Glacier+1","floor":23},{"not_picked":["Rebound","Rip and Tear","Beam Cell"],"picked":"Coolheaded+1","floor":25},{"not_picked":["Chaos+1","Sweeping Beam+1","Tempest","Stack+1"],"picked":"Singing Bowl","floor":30},{"not_picked":["Conserve Battery+1","Steam","Loop","Leap"],"picked":"Singing Bowl","floor":31},{"not_picked":["Seek","Rainbow","Fission"],"picked":"Electrodynamics","floor":33},{"not_picked":["Stack","Go for the Eyes"],"picked":"Singing Bowl","floor":35},{"not_picked":["Heatsinks","Sweeping Beam+1"],"picked":"Singing Bowl","floor":40},{"not_picked":["BootSequence","Cold Snap"],"picked":"Singing Bowl","floor":41},{"not_picked":["Go for the Eyes","Coolheaded+1"],"picked":"Singing Bowl","floor":42},{"not_picked":["Reprogram+1","Chill"],"picked":"Singing Bowl","floor":44},{"not_picked":["Stack","Darkness"],"picked":"Singing Bowl","floor":45},{"not_picked":["Ball Lightning"],"picked":"Hologram+1","floor":47},{"not_picked":["FTL+1","Creative AI"],"picked":"Singing Bowl","floor":54}],"player_experience":1097478,"relics_obtained":[{"floor":8,"key":"Singing Bowl"},{"floor":9,"key":"War Paint"},{"floor":10,"key":"CeramicFish"},{"floor":11,"key":"Smiling Mask"},{"floor":23,"key":"Mango"},{"floor":26,"key":"Ancient Tea Set"},{"floor":26,"key":"Mercury Hourglass"},{"floor":30,"key":"White Beast Statue"},{"floor":39,"key":"Happy Flower"},{"floor":39,"key":"Meat on the Bone"},{"floor":40,"key":"WingedGreaves"},{"floor":41,"key":"Blood Vial"},{"floor":42,"key":"Pantograph"},{"floor":45,"key":"Strawberry"},{"floor":47,"key":"HornCleat"}],"event_choices":[{"damage_healed":0,"gold_gain":0,"player_choice":"Donut","damage_taken":0,"max_hp_gain":5,"max_hp_loss":0,"event_name":"Big Fish","floor":5,"gold_loss":0},{"cards_removed":["Strike_B"],"damage_healed":0,"gold_gain":0,"player_choice":"Card Removal","damage_taken":7,"max_hp_gain":0,"max_hp_loss":0,"event_name":"Golden Wing","floor":7,"gold_loss":0},{"damage_healed":0,"gold_gain":30,"player_choice":"Searched \u00272\u0027 times","damage_taken":0,"max_hp_gain":0,"max_hp_loss":0,"event_name":"Dead Adventurer","floor":11,"gold_loss":0},{"damage_healed":0,"gold_gain":0,"player_choice":"Success","damage_taken":3,"relics_obtained":["Matryoshka"],"max_hp_gain":0,"max_hp_loss":0,"event_name":"Scrap Ooze","floor":14,"gold_loss":0},{"cards_removed":["Defend_B"],"damage_healed":0,"gold_gain":0,"player_choice":"Upgrade and Remove","damage_taken":0,"max_hp_gain":0,"max_hp_loss":0,"event_name":"Designer","floor":19,"gold_loss":90,"cards_upgraded":["Ball Lightning"]},{"cards_removed":["Defend_B"],"damage_healed":0,"gold_gain":0,"player_choice":"Gave Gold","damage_taken":0,"max_hp_gain":0,"max_hp_loss":0,"event_name":"Beggar","floor":22,"gold_loss":75},{"damage_healed":0,"gold_gain":0,"player_choice":"Ignored","damage_taken":0,"max_hp_gain":0,"max_hp_loss":0,"event_name":"Ghosts","floor":29,"gold_loss":0},{"cards_removed":["Ball Lightning"],"damage_healed":0,"gold_gain":0,"player_choice":"Removed Attack","damage_taken":0,"max_hp_gain":0,"max_hp_loss":0,"event_name":"Falling","floor":36,"gold_loss":0},{"damage_healed":0,"gold_gain":0,"player_choice":"Max HP","damage_taken":0,"max_hp_gain":0,"max_hp_loss":6,"event_name":"Winding Halls","floor":37,"gold_loss":0},{"damage_healed":0,"gold_gain":0,"player_choice":"Ignored","damage_taken":0,"max_hp_gain":0,"max_hp_loss":0,"event_name":"Tomb of Lord Red Mask","floor":46,"gold_loss":0}],"is_beta":false,"boss_relics":[{"not_picked":["Calling Bell","Nuclear Battery"],"picked":"Empty Cage"},{"not_picked":["Astrolabe","Pandora\u0027s Box"],"picked":"Busted Crown"}],"items_purged_floors":[12,27],"is_endless":false,"potions_floor_spawned":[2,3,4,10,16,18,20,23,25,31,33,35,40,41,42,44,45,47,54],"ascension_level":1}}