{"host":"9tzam4717zt8ei1o","time":1609533522,"event":{"mods":["BaseMod","Colored Map","Keyboard Shortcuts","Minty Spire (QoL Compilation)","Quick Restart","StSLib","SuperFastMode"],"gold_per_floor":[116,67,67,77,2,2,31,50,50,78,78,90,118,118,118,214,214,229,78,93,13,31,31,31,62,62,80,80,91,91,91,91],"floor_reached":31,"playtime":792,"items_purged":["Strike_B"],"score":327,"play_id":"d825e04c-1b98-4160-99d5-d1f74b0ab6df","local_time":"20210102053842","is_ascension_mode":true,"campfire_choices":[{"data":"Ball Lightning","floor":6,"key":"SMITH"},{"floor":11,"key":"REST"},{"data":"Creative AI","floor":15,"key":"SMITH"},{"floor":23,"key":"REST"},{"floor":28,"key":"DIG"},{"floor":30,"key":"DIG"}],"circlet_count":0,"master_deck":["Strike_B+1","Strike_B","Strike_B","Defend_B","Defend_B","Defend_B","Defend_B+1","Zap","Dualcast","Hologram","Coolheaded","Ball Lightning+1","Gash","Compile Driver","All For One","Sweeping Beam","Creative AI+1","Reboot","Glacier+1","Capacitor","Coolheaded","Gash+1"],"relics":["Cracked Core","NeowsBlessing","Shovel","White Beast Statue","Odd Mushroom","Bag of Preparation","SlaversCollar","OrangePellets","Lizard Tail","Mango","Smiling Mask","PreservedInsect"],"acts_visited":["Exordium","TheCity"],"potions_floor_usage":[25,25],"damage_taken":[{"damage":0,"enemies":"Cultist","floor":1,"turns":1},{"damage":0,"enemies":"2 Louse","floor":4,"turns":1},{"damage":0,"enemies":"3 Sentries","floor":7,"turns":1},{"damage":6,"enemies":"Jaw Worm","floor":8,"turns":2},{"damage":30,"enemies":"The Mushroom Lair","floor":10,"turns":4},{"damage":0,"enemies":"Blue Slaver","floor":12,"turns":3},{"damage":11,"enemies":"Lagavulin","floor":13,"turns":5},{"damage":31,"enemies":"Hexaghost","floor":16,"turns":11},{"damage":20,"enemies":"Chosen","floor":18,"turns":6},{"damage":16,"enemies":"Shell Parasite","floor":20,"turns":8},{"damage":27,"enemies":"Snake Plant","floor":22,"turns":8},{"damage":67,"enemies":"Book of Stabbing","floor":25,"turns":6},{"damage":38,"enemies":"Centurion and Healer","floor":27,"turns":11},{"damage":16,"enemies":"Shelled Parasite and Fungi","floor":29,"turns":11},{"damage":17,"enemies":"Snecko","floor":31,"turns":6}],"seed_played":"39137588178774977","potions_obtained":[{"floor":7,"key":"PotionOfCapacity"},{"floor":10,"key":"Explosive Potion"},{"floor":12,"key":"FairyPotion"},{"floor":18,"key":"DistilledChaos"},{"floor":25,"key":"SmokeBomb"},{"floor":27,"key":"Dexterity Potion"},{"floor":29,"key":"PowerPotion"}],"is_trial":false,"path_per_floor":["M","$","?","M","$","R","E","M","T","?","R","M","E","?","R","B",null,"M","$","M","$","M","R","?","E","T","M","R","M","R","M"],"character_chosen":"DEFECT","items_purchased":["Coolheaded","OrangePellets","Capacitor"],"campfire_rested":2,"item_purchase_floors":[2,19,21],"current_hp_per_floor":[75,75,60,60,60,60,60,54,54,24,46,46,35,40,40,9,80,60,60,44,44,17,41,41,6,20,29,29,13,13,0,0],"gold":91,"neow_bonus":"THREE_ENEMY_KILL","is_daily":false,"chose_seed":false,"campfire_upgraded":2,"win_rate":0.0,"timestamp":1609533522,"path_taken":["M","$","?","M","$","R","E","M","T","?","R","M","E","?","R","BOSS","M","$","M","$","M","R","?","E","T","M","R","M","R","M"],"items_purchased_type":["Card","Relic","Card"],"build_version":"2020-12-22","purchased_purges":1,"victory":false,"max_hp_per_floor":[75,75,75,75,75,75,75,75,75,75,75,75,75,80,80,80,80,80,80,80,80,80,80,80,80,94,94,94,94,94,94,94],"card_choices":[{"not_picked":["Rebound","Chaos"],"picked":"Hologram","floor":1},{"not_picked":["Beam Cell","Leap"],"picked":"Ball Lightning","floor":4},{"not_picked":["Steam","Stack"],"picked":"Gash","floor":7},{"not_picked":["Conserve Battery","Stack"],"picked":"Compile Driver","floor":8},{"not_picked":["Conserve Battery","Redo"],"picked":"All For One","floor":10},{"not_picked":["Streamline","Steam"],"picked":"Sweeping Beam","floor":12},{"not_picked":["Ball Lightning","Sweeping Beam"],"picked":"Creative AI","floor":13},{"not_picked":["All For One","Biased Cognition"],"picked":"Reboot","floor":16},{"not_picked":["Melter","Stack"],"picked":"Glacier+1","floor":18},{"not_picked":["Stack","Conserve Battery+1","Doom and Gloom"],"picked":"SKIP","floor":20},{"not_picked":["Steam","Leap","Beam Cell+1"],"picked":"SKIP","floor":22},{"not_picked":["Cold Snap","Go for the Eyes"],"picked":"Coolheaded","floor":25},{"not_picked":["Chill","Fission"],"picked":"Gash+1","floor":27},{"not_picked":["Undo","Darkness","Compile Driver"],"picked":"SKIP","floor":29}],"player_experience":142088,"relics_obtained":[{"floor":7,"key":"Shovel"},{"floor":9,"key":"White Beast Statue"},{"floor":10,"key":"Odd Mushroom"},{"floor":13,"key":"Bag of Preparation"},{"floor":25,"key":"Lizard Tail"},{"floor":26,"key":"Mango"},{"floor":28,"key":"Smiling Mask"},{"floor":30,"key":"PreservedInsect"}],"event_choices":[{"damage_healed":0,"gold_gain":0,"player_choice":"Entered Light","damage_taken":15,"max_hp_gain":0,"max_hp_loss":0,"event_name":"Shining Light","floor":3,"gold_loss":0,"cards_upgraded":["Strike_B","Defend_B"]},{"damage_healed":0,"gold_gain":0,"player_choice":"Fought Mushrooms","damage_taken":0,"max_hp_gain":0,"max_hp_loss":0,"event_name":"Mushrooms","floor":10,"gold_loss":0},{"damage_healed":0,"gold_gain":0,"player_choice":"Donut","damage_taken":0,"max_hp_gain":5,"max_hp_loss":0,"event_name":"Big Fish","floor":14,"gold_loss":0},{"damage_healed":0,"gold_gain":0,"player_choice":"Ignored","damage_taken":0,"max_hp_gain":0,"max_hp_loss":0,"event_name":"Cursed Tome","floor":24,"gold_loss":0}],"is_beta":false,"boss_relics":[{"not_picked":["Runic Pyramid","Fusion Hammer"],"picked":"SlaversCollar"}],"items_purged_floors":[5],"is_endless":false,"potions_floor_spawned":[7,10,12,13,16,18,20,22,25,27,29],"killed_by":"Snecko","ascension_level":1}}