{"host":"yiit85oc4oi3nqs8","time":1609522629,"event":{"mods":["AchievementEnabler","BaseMod","Better Third Choice","Block Reminder","Card Forge","DeckTracker","Highlight Path","Keyboard Shortcuts","Minty Spire (QoL Compilation)","MonsterHotkey","Quick Restart","Random Character Button","Relic Stats","StSLib"],"gold_per_floor":[213,213,213,228,244,275,275,375,375,375,375],"floor_reached":10,"playtime":655,"items_purged":[],"score":91,"play_id":"4643e4d3-8b56-4d1f-8ad6-025f106f09a1","local_time":"20210102023709","is_ascension_mode":false,"campfire_choices":[{"floor":7.0,"key":"DIG"}],"circlet_count":0,"master_deck":["Capacitor+1","Meteor Strike+1","Double Energy+1","Meteor Strike+1","Double Energy+1","Double Energy+1","Meteor Strike+1","Capacitor+1","Capacitor+1"],"relics":["Cracked Core","Hammer of Thor","Seething Fire","Anvil of the Gods","Shovel","Regal Pillow","Calipers"],"acts_visited":["Exordium"],"potions_floor_usage":[10],"damage_taken":[{"damage":11.0,"enemies":"Jaw Worm","floor":1.0,"turns":2.0},{"damage":0.0,"enemies":"Small Slimes","floor":4.0,"turns":1.0},{"damage":0.0,"enemies":"Cultist","floor":5.0,"turns":2.0},{"damage":0.0,"enemies":"Gremlin Nob","floor":6.0,"turns":2.0},{"damage":0,"enemies":"3 Sentries","floor":10,"turns":1}],"seed_played":"5289775837076328989","potions_obtained":[{"floor":5.0,"key":"Fire Potion"},{"floor":6.0,"key":"DistilledChaos"}],"is_trial":false,"path_per_floor":["M","?","?","M","M","E","R","?","T","E"],"character_chosen":"DEFECT","items_purchased":[],"campfire_rested":0,"item_purchase_floors":[],"current_hp_per_floor":[64,64,64,64,64,64,64,64,64,64,64],"gold":375,"neow_bonus":"HUNDRED_GOLD","is_daily":false,"chose_seed":false,"campfire_upgraded":0,"win_rate":0.0,"timestamp":1609522629,"path_taken":["M","?","?","?","M","E","R","?","T","E"],"items_purchased_type":[],"build_version":"2020-12-22","purchased_purges":0,"victory":false,"max_hp_per_floor":[75,75,75,75,75,75,75,75,75,75,75],"relic_stats":{"Regal Pillow":0,"Shovel":1,"counters":[5,8],"obtain_stats":[{"Regal Pillow":7,"Shovel":6,"Calipers":9,"Anvil of the Gods":0,"Hammer of Thor":0,"Seething Fire":0,"Cracked Core":0},{"Regal Pillow":4,"Shovel":4,"Calipers":4,"Anvil of the Gods":0,"Hammer of Thor":0,"Seething Fire":0,"Cracked Core":0},{"Regal Pillow":7,"Shovel":7,"Calipers":7,"Anvil of the Gods":0,"Hammer of Thor":0,"Seething Fire":0,"Cracked Core":0}]},"card_choices":[{"not_picked":["Turbo","Cold Snap","Ball Lightning"],"picked":"SKIP","floor":1.0},{"not_picked":["Reinforced Body","Coolheaded","Barrage"],"picked":"SKIP","floor":4.0},{"not_picked":["Hologram","Coolheaded","Tempest"],"picked":"SKIP","floor":5.0},{"not_picked":["Hologram","Coolheaded","Tempest"],"picked":"SKIP","floor":5.0},{"not_picked":["Conserve Battery","Storm","Loop"],"picked":"SKIP","floor":6.0}],"player_experience":432007,"relics_obtained":[{"floor":6.0,"key":"Shovel"},{"floor":7.0,"key":"Regal Pillow"},{"floor":9.0,"key":"Calipers"}],"event_choices":[{"damage_healed":0.0,"max_hp_gain":0.0,"max_hp_loss":0.0,"gold_gain":0.0,"event_name":"Golden Idol","player_choice":"Ignored","floor":2.0,"gold_loss":0.0,"damage_taken":0.0},{"damage_healed":0.0,"max_hp_gain":0.0,"max_hp_loss":0.0,"gold_gain":0.0,"event_name":"Upgrade Shrine","player_choice":"Ignored","floor":3.0,"gold_loss":0.0,"damage_taken":0.0},{"damage_healed":0.0,"max_hp_gain":0.0,"max_hp_loss":0.0,"gold_gain":100.0,"event_name":"Golden Shrine","player_choice":"Pray","floor":8.0,"gold_loss":0.0,"damage_taken":0.0}],"is_beta":false,"boss_relics":[],"items_purged_floors":[],"is_endless":false,"potions_floor_spawned":[4,5,6],"killed_by":"3 Sentries","ascension_level":0}}