{"host":"bf9sa99gaumonoeu","time":1609511366,"event":{"mods":["AchievementEnabler","Act Like it!","BaseMod","Colored Map","Colored Powertips","Downfall","Friendly Minions","Gensokyo","Hallownest","Hermit","Jorbs\u0027s Wanderer Trilogy","Lobotomy","Marisa????????","Minty Spire (QoL Compilation)","Remilia??????","Replay The Spire","Shop Mod","StSLib","The Animator","The Bug Knight","The Cursed","The Disciple","The Hierophant","The Jungle","The Senshi","The Servant 0.9.4"],"gold_per_floor":[114,125,143,163,177,177,177],"floor_reached":6,"playtime":908,"items_purged":[],"score":40,"play_id":"0550f9bc-142a-48b4-98b7-e3056433b4aa","local_time":"20210101122926","is_ascension_mode":false,"campfire_choices":[],"circlet_count":0,"master_deck":["theSenshi:SailorKick","theSenshi:SailorKick","theSenshi:SailorKick","theSenshi:SailorKick","theSenshi:SailorBlock","theSenshi:SailorBlock","theSenshi:SailorBlock","theSenshi:SailorBlock","theSenshi:RoseThrow","theSenshi:MoonPrismPowerMakeUp","ShyLook","theSenshi:TuxedoMaskAssists","WallGazer","theSenshi:IWillPunishYou","MHz","OldLady","theSenshi:MoonCrisisMakeUp","Scorched"],"relics":["theSenshi:TransformationBroochRelic","CogitoBucket"],"acts_visited":["Exordium"],"potions_floor_usage":[6],"damage_taken":[{"damage":0,"enemies":"Gensokyo:3_Fairies","floor":1,"turns":6},{"damage":11,"enemies":"Gensokyo:2_Kodama","floor":2,"turns":4},{"damage":2,"enemies":"Gensokyo:Gryphon","floor":3,"turns":3},{"damage":7,"enemies":"Gensokyo:Kitsune","floor":4,"turns":6},{"damage":25,"enemies":"Gensokyo:Gryphon_and_Rabbit","floor":5,"turns":7},{"damage":36,"enemies":"Gensokyo:Aya","floor":6,"turns":6}],"seed_played":"3839810213616200185","potions_obtained":[{"floor":3,"key":"DistilledChaos"}],"is_trial":false,"path_per_floor":["M","M","M","M","M","E"],"character_chosen":"THE_SENSHI","items_purchased":[],"campfire_rested":0,"item_purchase_floors":[],"current_hp_per_floor":[75,64,62,55,30,0,0],"gold":177,"neow_bonus":"","is_daily":false,"chose_seed":false,"campfire_upgraded":0,"win_rate":0.0,"timestamp":1609511366,"path_taken":["M","M","M","?","M","E"],"items_purchased_type":[],"build_version":"2020-12-22","purchased_purges":0,"victory":false,"max_hp_per_floor":[75,75,75,75,75,75,75],"card_choices":[{"not_picked":["Wellcheers","Alriune"],"picked":"ShyLook","floor":1},{"not_picked":["theSenshi:MoonKick","theSenshi:YouCanTalk"],"picked":"theSenshi:TuxedoMaskAssists","floor":1},{"not_picked":["BeautyBeast","BlackSwan"],"picked":"WallGazer","floor":2},{"not_picked":["theSenshi:SailorChibiMoonAssists","theSenshi:MoonPunch"],"picked":"theSenshi:IWillPunishYou","floor":2},{"not_picked":["Bloodbath","SnowQueen"],"picked":"MHz","floor":3},{"not_picked":["theSenshi:SailorChibiMoonAssists","theSenshi:SailorStarFighterAssists","theSenshi:MoonsReflection"],"picked":"SKIP","floor":3},{"not_picked":["Porccubus","HeroicMonk"],"picked":"OldLady","floor":4},{"not_picked":["theSenshi:MoonHealingEscalation","theSenshi:SteeledNerves"],"picked":"theSenshi:MoonCrisisMakeUp","floor":4},{"not_picked":["SilentOrchestra","FairyFestival"],"picked":"Scorched","floor":5},{"not_picked":["theSenshi:MoonTiaraMagic","theSenshi:TuxedoMaskAssists","theSenshi:OdangoHead"],"picked":"SKIP","floor":5}],"player_experience":668310,"relics_obtained":[],"event_choices":[],"is_beta":false,"boss_relics":[],"items_purged_floors":[],"is_endless":false,"potions_floor_spawned":[3],"killed_by":"Gensokyo:Aya","ascension_level":0}}