{"host":"sc0o2qwpf9j16a4i","time":1609524583,"event":{"mods":["AchievementEnabler","BaseMod","BetterRewards","Block Reminder","Colored Map","Colored Powertips","Custom Start","Highlight Path","Minty Spire (QoL Compilation)","Relic Stats"],"gold_per_floor":[117,117,132,97,107,107,141,141,141,52,1,16,16,0,0,71,71,82,100,100,100],"floor_reached":20,"playtime":721,"items_purged":[],"score":544,"play_id":"f1a8ae5b-d57f-45c4-a6ab-8b71f3c70ff4","local_time":"20210101200943","is_ascension_mode":true,"campfire_choices":[{"data":"Deadly Poison","floor":6,"key":"SMITH"},{"floor":8,"key":"REST"},{"floor":13,"key":"REST"},{"data":"Noxious Fumes","floor":15,"key":"SMITH"}],"circlet_count":0,"master_deck":["AscendersBane","Strike_G","Strike_G","Strike_G","Strike_G","Strike_G","Defend_G","Defend_G","Defend_G","Defend_G","Defend_G","Survivor","Neutralize","Infinite Blades","Deadly Poison+1","Endless Agony","Deadly Poison","Deflect","Finisher","Noxious Fumes+1","Dodge and Roll","Corpse Explosion","CurseOfTheBell","Blade Dance","PiercingWail"],"relics":["Ring of the Snake","Juzu Bracelet","Sundial","Pen Nib","Calling Bell","Akabeko","Mercury Hourglass","Ginger"],"acts_visited":["Exordium","TheCity"],"potions_floor_usage":[7,12],"damage_taken":[{"damage":7,"enemies":"Small Slimes","floor":1,"turns":5},{"damage":6,"enemies":"Cultist","floor":3,"turns":5},{"damage":0,"enemies":"Jaw Worm","floor":5,"turns":4},{"damage":23,"enemies":"3 Sentries","floor":7,"turns":11},{"damage":41,"enemies":"Gremlin Gang","floor":12,"turns":6},{"damage":21,"enemies":"Hexaghost","floor":16,"turns":9},{"damage":32,"enemies":"2 Thieves","floor":18,"turns":4},{"damage":16,"enemies":"Chosen","floor":19,"turns":4},{"damage":14,"enemies":"Centurion and Healer","floor":20,"turns":1}],"seed_played":"-7458927500487058940","potions_obtained":[{"floor":1,"key":"Fruit Juice"},{"floor":3,"key":"Block Potion"}],"is_trial":false,"path_per_floor":["M","?","M","?","M","R","E","R","T","$","?","M","R","?","R","B",null,"M","M","M"],"character_chosen":"THE_SILENT","items_purchased":["Juzu Bracelet","Infinite Blades","Noxious Fumes"],"campfire_rested":2,"item_purchase_floors":[0,0,10],"current_hp_per_floor":[41,41,35,51,51,51,28,47,47,47,47,11,32,32,32,11,56,24,8,0,0],"gold":100,"neow_bonus":"","is_daily":false,"chose_seed":false,"campfire_upgraded":2,"win_rate":0.0,"timestamp":1609524583,"path_taken":["M","?","M","?","M","R","E","R","T","$","?","M","R","?","R","BOSS","M","M","M"],"items_purchased_type":["Relic","Card","Card"],"build_version":"2020-12-22","purchased_purges":0,"victory":false,"max_hp_per_floor":[66,66,66,66,66,66,66,66,66,66,66,71,71,71,71,71,71,71,71,71,71],"relic_stats":{"counters":[21,97],"Sundial":[2],"Pen Nib":[4],"Juzu Bracelet":2,"Ginger":[3],"obtain_stats":[{"Lantern":13,"Pen Nib":11,"Juzu Bracelet":0,"Ginger":17,"Frozen Egg 2":2,"Akabeko":17,"Mercury Hourglass":17,"Calling Bell":17,"Centennial Puzzle":8,"Sundial":7,"MutagenicStrength":20,"Philosopher\u0027s Stone":17,"InkBottle":9,"Ring of the Snake":0,"Runic Pyramid":0},{"Lantern":7,"Pen Nib":16,"Juzu Bracelet":12,"Ginger":18,"Frozen Egg 2":1,"Akabeko":18,"Mercury Hourglass":18,"Calling Bell":18,"Centennial Puzzle":5,"Sundial":16,"MutagenicStrength":10,"Philosopher\u0027s Stone":9,"InkBottle":5,"Ring of the Snake":0,"Runic Pyramid":0},{"Lantern":25,"Pen Nib":73,"Juzu Bracelet":48,"Ginger":88,"Frozen Egg 2":5,"Akabeko":88,"Mercury Hourglass":88,"Calling Bell":88,"Centennial Puzzle":19,"Sundial":73,"MutagenicStrength":41,"Philosopher\u0027s Stone":37,"InkBottle":19,"Ring of the Snake":0,"Runic Pyramid":0}],"Ring of the Snake":[19],"Mercury Hourglass":[39]},"card_choices":[{"not_picked":["Poisoned Stab","Slice"],"picked":"Deadly Poison","floor":1},{"not_picked":["Calculated Gamble","Blade Dance"],"picked":"Deadly Poison","floor":3},{"not_picked":["Flying Knee","Dagger Spray"],"picked":"Deflect","floor":5},{"not_picked":["Backflip","Calculated Gamble"],"picked":"Finisher","floor":7},{"not_picked":["Poisoned Stab","Quick Slash"],"picked":"Dodge and Roll","floor":12},{"not_picked":["Malaise","Night Terror"],"picked":"Corpse Explosion","floor":16},{"not_picked":["Predator","Accuracy"],"picked":"Blade Dance","floor":18},{"not_picked":["Slice","Underhanded Strike"],"picked":"PiercingWail","floor":19}],"player_experience":486899,"relics_obtained":[{"floor":7,"key":"Sundial"},{"floor":17,"key":"Akabeko"},{"floor":17,"key":"Mercury Hourglass"},{"floor":17,"key":"Ginger"}],"event_choices":[{"damage_healed":0,"gold_gain":0,"player_choice":"1 cards matched","damage_taken":0,"max_hp_gain":0,"max_hp_loss":0,"event_name":"Match and Keep!","floor":2,"gold_loss":0,"cards_obtained":["Endless Agony"]},{"damage_healed":16,"gold_gain":0,"player_choice":"Healed","damage_taken":0,"max_hp_gain":0,"max_hp_loss":0,"event_name":"The Cleric","floor":4,"gold_loss":35},{"damage_healed":0,"gold_gain":0,"player_choice":"Paid Gold","damage_taken":0,"relics_obtained":["Pen Nib"],"max_hp_gain":0,"max_hp_loss":0,"event_name":"WeMeetAgain","floor":11,"gold_loss":51},{"damage_healed":0,"gold_gain":0,"player_choice":"Left Gold","damage_taken":0,"max_hp_gain":0,"max_hp_loss":0,"event_name":"World of Goop","floor":14,"gold_loss":16}],"is_beta":false,"boss_relics":[{"not_picked":["Black Star","SacredBark"],"picked":"Calling Bell"}],"items_purged_floors":[],"is_endless":false,"potions_floor_spawned":[1,3],"killed_by":"Centurion and Healer","ascension_level":20}}