{"host":"f0dbpmn0khgeoqc0","time":1609538659,"event":{"mods":["2.2 Compatiblity","AchievementEnabler","Act Like it!","Ascension Unlocker","Aspiration","BaseMod","Better Altar","Better Match","Better Sensory Stone","Better Skull","Better Third Choice","BetterRewards","Block Reminder","Colored Map","Colored Powertips","Conspire","DNKmod","Disable Question Mark Monsters","Displayed Cursed Tome","Downfall","Evolution","Friendly Minions","Hermit","Highlight Path","Humility","Infinite Spire","Jorbs\u0027s Wanderer Trilogy","Koishi","Marisa????????","Minty Spire (QoL Compilation)","MostiFishMod","Permanent Neow","Random Character Button","Relic Filter","Relic Stats","Spicy Shops","StSLib","Td1madao Mod","The Gatherer","Treasure Hunter","Wandering Minibosses","??????REMEMod"],"gold_per_floor":[133,144,161,161,177,203,203,203,203,213,213,63,63,97,97,169,169,189,189,199,149,163,163,75,106,132,132,144,144,124,150,150,229,229,244,262,137,192,212,239,239,251,251,268,298,298,310,330,330,301,301],"floor_reached":52,"playtime":3516,"items_purged":["Defend_G","Regret","Strike_G","Defend_G","Strike_G","Strike_G","Strike_G","Strike_G"],"score":2224,"play_id":"c23f260d-f683-42b8-96df-26f7d7e16351","local_time":"20210101170419","is_ascension_mode":true,"campfire_choices":[{"data":"Apotheosis","floor":8,"key":"SMITH"},{"data":"expansioncontent:QuickStudy","floor":13,"key":"SMITH"},{"data":"Malaise","floor":15,"key":"SMITH"},{"floor":23,"key":"REST"},{"data":"Prepared","floor":27,"key":"SMITH"},{"data":"Envenom","floor":32,"key":"SMITH"},{"data":"MostiFishMod:Neurotoxin","floor":41,"key":"SMITH"},{"data":"Well Laid Plans","floor":49,"key":"SMITH"}],"circlet_count":0,"master_deck":["AscendersBane","Defend_G","Defend_G","Defend_G","Survivor","Neutralize","Infinite Blades","Flying Knee","Dagger Spray","Dagger Spray","Apotheosis+1","MostiFishMod:FrostNova+1","Dodge and Roll","Flying Knee","PiercingWail","TH:CursedSword","Sucker Punch","Accuracy","Doppelganger+1","expansioncontent:QuickStudy+1","PiercingWail","Flying Knee","TH:PixieDust","Malaise+1","Outmaneuver","Finisher","TH:CursedSword","Flying Knee","TH:CursedSword","Envenom+1","All Out Attack","infinitespire:UltimateForm+1","Leg Sweep","Outmaneuver","Footwork","conspire:PoisonWeapons","Heel Hook","TH:CursedSword","Prepared+1","TH:CursedSword","Blade Dance","Well Laid Plans+1","Concentrate","Calculated Gamble","A Thousand Cuts","Blade Dance+1","Outmaneuver","Doppelganger","TH:CopperCoins","conspire:PoisonWeapons+1","TH:PixieDust","After Image","MostiFishMod:Neurotoxin+1","Backflip","expansioncontent:DefensiveStance","MostiFishMod:JungleRules","PiercingWail","Outmaneuver","Underhanded Strike","Corpse Explosion","Distraction+1","TH:CopperCoins","MostiFishMod:FrostNova","Blade Dance","TH:CursedSword","Blade Dance","TH:CursedSword","Poisoned Stab","Parasite"],"relics":["Ring of the Snake","EVO:Axolotl","DaveBox","REME_ComplimentaryCards","DiscerningMonocle","aspiration:Nostalgia","PureWater","SynthV:TestCard","Snake Skull","Ancient Tea Set","DaCapo","infinitespire:PuzzleCube","DollysMirror","ChiLing","Chi","Ling","Lantern","REME_PoisonedDagger","Gambling Chip","Chemical X","Medical Kit","Eternal Feather","REME_LimitBreaker","Torii","Potion Belt","aspiration:FrozenJewel","Pen Nib","Toolbox","aspiration:StickyExplosives_weak","Mango","HaiYi:Twilight","Membership Card","REME_HandOfSuture","Thread and Needle","Letter Opener","aspiration:VileToxins","TwistedFunnel","infinitespire:Satchel","PreservedInsect","Turnip","Strawberry","HandDrill","Bottled Tornado","War Paint","Orrery","aspiration:ChemicalBlood","aspiration:FutureDiary","wanderingMiniBosses:AbyssPearl","aspiration:StickyExplosives","Blood Vial","infinitespire:WardingShard","TheAbacus","aspiration:SeaSaltIceCream","Chemical X","conspire:Boomerang","StrikeDummy","Meat on the Bone","Regal Pillow"],"acts_visited":["Exordium","TheCity","TheBeyond"],"potions_floor_usage":[2,5,5,5,5,5,6,37,38,38,40,45,50,50,51,51],"damage_taken":[{"damage":0,"enemies":"Cultist","floor":1,"turns":4},{"damage":7,"enemies":"Jaw Worm","floor":2,"turns":6},{"damage":11,"enemies":"Small Slimes","floor":3,"turns":8},{"damage":0,"enemies":"Exordium Thugs","floor":5,"turns":2},{"damage":17,"enemies":"3 Sentries","floor":6,"turns":2},{"damage":0,"enemies":"3 Louse","floor":10,"turns":1},{"damage":0,"enemies":"Gremlin Nob","floor":14,"turns":3},{"damage":2,"enemies":"Slime Boss","floor":16,"turns":7},{"damage":2,"enemies":"Chosen","floor":18,"turns":4},{"damage":21,"enemies":"Shell Parasite","floor":20,"turns":5},{"damage":1,"enemies":"Cultist and Chosen","floor":22,"turns":4},{"damage":0,"enemies":"conspire:SneckoGhost","floor":25,"turns":3},{"damage":0,"enemies":"Chosen and Byrds","floor":28,"turns":2},{"damage":1,"enemies":"Slavers","floor":31,"turns":2},{"damage":10,"enemies":"Champ","floor":33,"turns":7},{"damage":30,"enemies":"3 Shapes","floor":35,"turns":5},{"damage":6,"enemies":"3 Darklings","floor":36,"turns":3},{"damage":8,"enemies":"2 Orb Walkers","floor":38,"turns":3},{"damage":2,"enemies":"Transient","floor":39,"turns":7},{"damage":8,"enemies":"Reptomancer","floor":40,"turns":4},{"damage":10,"enemies":"Jaw Worm Horde","floor":42,"turns":3},{"damage":0,"enemies":"4 Shapes","floor":44,"turns":2},{"damage":2,"enemies":"Giant Head","floor":45,"turns":6},{"damage":1,"enemies":"Writhing Mass","floor":47,"turns":2},{"damage":0,"enemies":"Jaw Worm Horde","floor":48,"turns":1},{"damage":84,"enemies":"conspire:OrnateMirror","floor":50,"turns":5},{"damage":62,"enemies":"infinitespire:MassOfShapes","floor":51,"turns":9}],"seed_played":"5602004527159069814","potions_obtained":[{"floor":1,"key":"LiquidMemories"},{"floor":3,"key":"CunningPotion"},{"floor":10,"key":"SteroidPotion"},{"floor":28,"key":"conspire:TimeTravelPotion"},{"floor":31,"key":"infinitespire:BlackPotion"},{"floor":40,"key":"PowerPotion"},{"floor":45,"key":"Fire Potion"},{"floor":50,"key":"FearPotion"},{"floor":50,"key":"FairyPotion"}],"is_trial":false,"path_per_floor":["M","M","M","$","M","E","$","R","T","M","?","$","R","E","R","B",null,"M","?","M","?","M","R","$","E","T","R","M","$","?","E","R","B",null,"M","M","$","?","M","E","R","M","T","M","E","?","M","M","R","B","B",null],"character_chosen":"THE_SILENT","items_purchased":["Snake Skull","Ancient Tea Set","DaCapo","infinitespire:PuzzleCube","Dagger Spray","Apotheosis","infinitespire:BlackPotion","MostiFishMod:FrostNova","Dodge and Roll","DollysMirror","EntropicBrew","ChiLing","REME_PoisonedDagger","Gambling Chip","Chemical X","Medical Kit","Eternal Feather","REME_LimitBreaker","Accuracy","Doppelganger","expansioncontent:QuickStudy","PiercingWail","Flying Knee","ColorlessPotion","FearPotion","Potion Belt","aspiration:FrozenJewel","Pen Nib","Toolbox","Outmaneuver","aspiration:StickyExplosives_weak","Finisher","Membership Card","REME_HandOfSuture","Thread and Needle","Letter Opener","aspiration:VileToxins","TwistedFunnel","Footwork","conspire:PoisonWeapons","DistilledChaos","SkillPotion","Heel Hook","Turnip","Strawberry","HandDrill","Bottled Tornado","War Paint","Orrery","Outmaneuver","Doppelganger","DuplicationPotion","aspiration:StickyExplosives","Blood Vial","infinitespire:WardingShard","TheAbacus","Fruit Juice","FairyPotion","aspiration:SeaSaltIceCream","expansioncontent:DefensiveStance","MostiFishMod:JungleRules","PiercingWail","Outmaneuver","Underhanded Strike"],"campfire_rested":1,"item_purchase_floors":[4,4,4,4,4,4,4,4,4,4,4,4,7,7,7,7,7,7,7,7,7,7,7,7,7,12,12,12,12,12,12,12,24,24,24,24,24,24,24,24,24,24,24,29,29,29,29,29,29,29,29,29,37,37,37,37,37,37,37,37,37,37,37,37],"current_hp_per_floor":[59,52,41,41,41,24,24,39,39,39,66,66,66,80,80,78,80,78,58,37,37,36,80,80,80,80,80,80,87,87,86,87,77,85,55,49,54,58,63,57,92,82,82,84,84,84,85,87,92,72,24],"gold":301,"neow_bonus":"NOSTALGIA","is_daily":false,"chose_seed":false,"campfire_upgraded":7,"win_rate":0.0,"timestamp":1609538659,"path_taken":["M","M","M","$","?","E","$","R","T","M","?","$","R","E","R","BOSS","M","?","M","?","?","R","?","E","T","R","M","$","?","E","R","BOSS","M","M","$","?","M","E","R","M","T","M","E","?","M","M","R","BOSS","BOSS"],"items_purchased_type":["Relic","Relic","Relic","Relic","Card","Card","Potion","Card","Card","Relic","Potion","Relic","Relic","Relic","Relic","Relic","Relic","Relic","Card","Card","Card","Card","Card","Potion","Potion","Relic","Relic","Relic","Relic","Card","Relic","Card","Relic","Relic","Relic","Relic","Relic","Relic","Card","Card","Potion","Potion","Card","Relic","Relic","Relic","Relic","Relic","Relic","Card","Card","Potion","Relic","Relic","Relic","Relic","Potion","Potion","Relic","Card","Card","Card","Card","Card"],"build_version":"2020-12-22","purchased_purges":8,"victory":true,"max_hp_per_floor":[66,66,66,66,66,66,66,66,66,66,66,66,66,80,80,80,80,80,80,80,80,80,80,80,80,80,80,80,87,87,87,87,87,87,87,87,92,92,92,92,92,92,92,92,92,92,92,92,92,92,92],"relic_stats":{"Regal Pillow":0,"Torii":31,"counters":[27,109],"Eternal Feather":77,"Snake Skull":[150],"Pen Nib":[18],"PreservedInsect":232,"Letter Opener":[188],"War Paint":["Doppelganger","MostiFishMod:FrostNova"],"Medical Kit":[6],"Blood Vial":16,"TheAbacus":[0],"Gambling Chip":[23],"Turnip":[4],"HandDrill":[40],"Chemical X":[18],"obtain_stats":[{"TwistedFunnel":24,"Chi":4,"EVO:Axolotl":0,"Bottled Tornado":29,"Blood Vial":37,"DollysMirror":4,"Strawberry":29,"DaCapo":4,"HandDrill":29,"hexamod:SpiritBrand":0,"aspiration:StickyExplosives":37,"aspiration:Nostalgia":0,"Eternal Feather":7,"Pen Nib":12,"conspire:Boomerang":38,"Letter Opener":24,"aspiration:SeaSaltIceCream":37,"REME_LimitBreaker":7,"War Paint":29,"aspiration:FrozenJewel":12,"Ling":4,"StrikeDummy":40,"infinitespire:PuzzleCube":4,"ChiLing":4,"Meat on the Bone":43,"Lantern":6,"Regal Pillow":45,"DaveBox":0,"Torii":9,"DiscerningMonocle":0,"Mango":14,"Snake Skull":4,"wanderingMiniBosses:AbyssPearl":35,"Ancient Tea Set":4,"aspiration:StickyExplosives_weak":12,"TheAbacus":37,"Gambling Chip":7,"Toolbox":12,"Chemical X":7,"aspiration:FutureDiary":34,"Ring of the Snake":0,"aspiration:ChemicalBlood":31,"Potion Belt":12,"aspiration:VileToxins":24,"Thread and Needle":24,"PreservedInsect":26,"REME_PoisonedDagger":7,"Medical Kit":7,"SynthV:TestCard":1,"HaiYi:Twilight":17,"infinitespire:WardingShard":37,"infinitespire:Satchel":25,"Orrery":29,"REME_HandOfSuture":24,"Turnip":29,"Membership Card":24,"PureWater":0,"REME_ComplimentaryCards":0},{"TwistedFunnel":11,"Chi":3,"EVO:Axolotl":0,"Bottled Tornado":13,"Blood Vial":17,"DollysMirror":3,"Strawberry":13,"DaCapo":3,"HandDrill":13,"hexamod:SpiritBrand":0,"aspiration:StickyExplosives":17,"aspiration:Nostalgia":0,"Eternal Feather":5,"Pen Nib":6,"conspire:Boomerang":18,"Letter Opener":11,"aspiration:SeaSaltIceCream":17,"REME_LimitBreaker":5,"War Paint":13,"aspiration:FrozenJewel":6,"Ling":3,"StrikeDummy":20,"infinitespire:PuzzleCube":3,"ChiLing":3,"Meat on the Bone":21,"Lantern":5,"Regal Pillow":23,"DaveBox":0,"Torii":5,"DiscerningMonocle":0,"Mango":7,"Snake Skull":3,"wanderingMiniBosses:AbyssPearl":16,"Ancient Tea Set":3,"aspiration:StickyExplosives_weak":6,"TheAbacus":17,"Gambling Chip":5,"Toolbox":6,"Chemical X":5,"aspiration:FutureDiary":15,"Ring of the Snake":0,"aspiration:ChemicalBlood":14,"Potion Belt":6,"aspiration:VileToxins":11,"Thread and Needle":11,"PreservedInsect":12,"REME_PoisonedDagger":5,"Medical Kit":5,"SynthV:TestCard":1,"HaiYi:Twilight":8,"infinitespire:WardingShard":17,"infinitespire:Satchel":12,"Orrery":13,"REME_HandOfSuture":11,"Turnip":13,"Membership Card":11,"PureWater":0,"REME_ComplimentaryCards":0},{"TwistedFunnel":45,"Chi":18,"EVO:Axolotl":0,"Bottled Tornado":50,"Blood Vial":67,"DollysMirror":18,"Strawberry":50,"DaCapo":18,"HandDrill":50,"hexamod:SpiritBrand":0,"aspiration:StickyExplosives":67,"aspiration:Nostalgia":0,"Eternal Feather":22,"Pen Nib":23,"conspire:Boomerang":70,"Letter Opener":45,"aspiration:SeaSaltIceCream":67,"REME_LimitBreaker":22,"War Paint":50,"aspiration:FrozenJewel":23,"Ling":18,"StrikeDummy":81,"infinitespire:PuzzleCube":18,"ChiLing":18,"Meat on the Bone":84,"Lantern":22,"Regal Pillow":92,"DaveBox":0,"Torii":22,"DiscerningMonocle":0,"Mango":26,"Snake Skull":18,"wanderingMiniBosses:AbyssPearl":64,"Ancient Tea Set":18,"aspiration:StickyExplosives_weak":23,"TheAbacus":67,"Gambling Chip":22,"Toolbox":23,"Chemical X":22,"aspiration:FutureDiary":59,"Ring of the Snake":0,"aspiration:ChemicalBlood":52,"Potion Belt":23,"aspiration:VileToxins":45,"Thread and Needle":45,"PreservedInsect":48,"REME_PoisonedDagger":22,"Medical Kit":22,"SynthV:TestCard":4,"HaiYi:Twilight":33,"infinitespire:WardingShard":67,"infinitespire:Satchel":48,"Orrery":50,"REME_HandOfSuture":45,"Turnip":50,"Membership Card":45,"PureWater":0,"REME_ComplimentaryCards":0}],"Ring of the Snake":[54],"Meat on the Bone":12},"card_choices":[{"not_picked":["Finisher","Underhanded Strike"],"picked":"Infinite Blades","floor":1},{"not_picked":["Dodge and Roll","Poisoned Stab","MostiFishMod:PerfectParry","REME_GreenPollution"],"picked":"Flying Knee","floor":2},{"not_picked":["Deflect","Concentrate","Backflip","conspire:PoisonWeapons"],"picked":"Dagger Spray","floor":3},{"not_picked":["Quick Slash","Blade Dance","Blur","Poisoned Stab"],"picked":"PiercingWail","floor":5},{"not_picked":["TH:ArmorSpikes","TH:PixieDust","TH:Mimic"],"picked":"TH:CursedSword","floor":6},{"not_picked":["REME_SpectralBlade","Underhanded Strike","REME_GreenPollution","Calculated Gamble"],"picked":"Sucker Punch","floor":6},{"not_picked":["TH:DeckOfManyThings","TH:Mimic","TH:BikiniMail"],"picked":"TH:PixieDust","floor":9},{"not_picked":["Slice","Poisoned Stab","Bane","Flying Knee"],"picked":"Malaise","floor":10},{"not_picked":["TH:DeckOfManyThings","TH:ElvenBoots","TH:ArmorSpikes"],"picked":"TH:CursedSword","floor":14},{"not_picked":["Infinite Blades","MostiFishMod:PoisonShield","Dagger Throw","MostiFishMod:PerfectParry"],"picked":"Flying Knee","floor":14},{"not_picked":["TH:TreasureMap","TH:ElvenBoots","TH:DeckOfManyThings"],"picked":"TH:CursedSword","floor":16},{"not_picked":["MostiFishMod:Opportunism","Glass Knife","MostiFishMod:Wind","MostiFishMod:FullyArmed"],"picked":"Envenom","floor":16},{"not_picked":["Deflect","Dagger Throw","Flying Knee","Bane"],"picked":"All Out Attack","floor":18},{"not_picked":["infinitespire:FinalStrike","infinitespire:Oblivion"],"picked":"infinitespire:UltimateForm","floor":19},{"not_picked":["REME_ShadowStrike","Poisoned Stab","Flying Knee","MostiFishMod:PerfectParry"],"picked":"Leg Sweep","floor":20},{"not_picked":["MostiFishMod:ThornCasing","Reflex","MostiFishMod:PerfectParry","Dagger Throw"],"picked":"Outmaneuver","floor":22},{"not_picked":["TH:CopperCoins","TH:EnergyPotion","TH:ElvenBoots"],"picked":"TH:CursedSword","floor":25},{"not_picked":["Leg Sweep","conspire:PoisonWeapons","Grand Finale","Flying Knee"],"picked":"Prepared","floor":25},{"not_picked":["TH:ArmorSpikes","TH:BikiniMail","TH:PixieDust"],"picked":"TH:CursedSword","floor":26},{"not_picked":["Dodge and Roll","MostiFishMod:PerfectParry","Finisher","Quick Slash"],"picked":"Blade Dance","floor":28},{"not_picked":["Flying Knee","All Out Attack","Skewer","Prepared"],"picked":"Well Laid Plans","floor":29},{"not_picked":["MostiFishMod:PerfectParry","Caltrops","MostiFishMod:PreservedThorns+1","Prepared"],"picked":"Concentrate","floor":29},{"not_picked":["Blur","Cloak And Dagger","Deadly Poison","Caltrops"],"picked":"Calculated Gamble","floor":29},{"not_picked":["Bane+1","Dagger Spray","Underhanded Strike","Deflect"],"picked":"A Thousand Cuts","floor":29},{"not_picked":["Eviscerate","Dodge and Roll","Slice","Prepared"],"picked":"Blade Dance+1","floor":29},{"not_picked":["TH:ArmorSpikes","TH:ElvenBoots","TH:DeckOfManyThings"],"picked":"TH:CopperCoins","floor":31},{"not_picked":["Sucker Punch","Riddle With Holes","Flying Knee+1","Dagger Spray"],"picked":"conspire:PoisonWeapons+1","floor":31},{"not_picked":["TH:TreasureMap","TH:ArmorSpikes","TH:Mimic"],"picked":"TH:PixieDust","floor":33},{"not_picked":["Glass Knife","aspiration:Lunge","infinitespire:Neurotoxin","Night Terror"],"picked":"After Image","floor":33},{"not_picked":["MostiFishMod:PerfectParry","Reflex","Calculated Gamble","Dodge and Roll"],"picked":"MostiFishMod:Neurotoxin","floor":35},{"not_picked":["Terror","Slice","Eviscerate+1","Caltrops"],"picked":"Backflip","floor":36},{"not_picked":["PiercingWail","Infinite Blades","Outmaneuver","REME_ShadowStrike"],"picked":"Corpse Explosion","floor":38},{"not_picked":["Bane","Deflect","Flechettes","Tactician"],"picked":"Distraction+1","floor":39},{"not_picked":["TH:EnergyPotion","TH:ArmorSpikes","TH:ElvenBoots"],"picked":"TH:CopperCoins","floor":40},{"not_picked":["Dash+1","Riddle With Holes","Acrobatics","MostiFishMod:Listen"],"picked":"MostiFishMod:FrostNova","floor":40},{"not_picked":["Dodge and Roll","Flying Knee+1","Prepared","Choke"],"picked":"Blade Dance","floor":42},{"not_picked":["TH:DeckOfManyThings","TH:Mimic","TH:CopperCoins"],"picked":"TH:CursedSword","floor":43},{"not_picked":["Deadly Poison","Calculated Gamble","Acrobatics","Setup+1"],"picked":"Blade Dance","floor":44},{"not_picked":["TH:ElvenBoots","TH:CopperCoins","TH:TreasureMap"],"picked":"TH:CursedSword","floor":45},{"not_picked":["Footwork","Outmaneuver","Prepared","Predator"],"picked":"Poisoned Stab","floor":45},{"not_picked":["Blur","Sucker Punch","MostiFishMod:ThornCasing","Prepared","Flechettes"],"picked":"SKIP","floor":47},{"not_picked":["Choke","Outmaneuver","Dagger Spray","Setup+1","Quick Slash"],"picked":"SKIP","floor":48}],"player_experience":554548,"relics_obtained":[{"floor":1,"key":"SynthV:TestCard"},{"floor":6,"key":"Lantern"},{"floor":9,"key":"Torii"},{"floor":14,"key":"Mango"},{"floor":25,"key":"infinitespire:Satchel"},{"floor":26,"key":"PreservedInsect"},{"floor":31,"key":"aspiration:ChemicalBlood"},{"floor":35,"key":"wanderingMiniBosses:AbyssPearl"},{"floor":38,"key":"conspire:Boomerang"},{"floor":40,"key":"StrikeDummy"},{"floor":43,"key":"Meat on the Bone"},{"floor":45,"key":"Regal Pillow"}],"event_choices":[{"cards_removed":["Madness"],"damage_healed":27,"gold_gain":0,"player_choice":"Offered Uncommon","damage_taken":0,"max_hp_gain":0,"max_hp_loss":0,"event_name":"Bonfire Elementals","floor":11,"gold_loss":0},{"damage_healed":0,"gold_gain":0,"player_choice":"Upgrade","damage_taken":0,"max_hp_gain":0,"max_hp_loss":0,"event_name":"Designer","floor":21,"gold_loss":50,"cards_upgraded":["infinitespire:UltimateForm"]},{"damage_healed":0,"gold_gain":0,"player_choice":"Bought 1 Potion","damage_taken":0,"max_hp_gain":0,"max_hp_loss":0,"event_name":"The Woman in Blue","floor":30,"gold_loss":0},{"damage_healed":0,"gold_gain":0,"player_choice":"Fight","damage_taken":0,"max_hp_gain":0,"max_hp_loss":0,"event_name":"Mysterious Sphere","floor":38,"gold_loss":0},{"damage_healed":0,"gold_gain":0,"player_choice":"Ignored","damage_taken":0,"max_hp_gain":0,"max_hp_loss":0,"event_name":"Purifier","floor":46,"gold_loss":0}],"is_beta":false,"boss_relics":[{"not_picked":["REME_DemonsWealth","Coffee Dripper"],"picked":"HaiYi:Twilight"},{"not_picked":["aspiration:RitualDagger","aspiration:PoetsPen_weak"],"picked":"aspiration:FutureDiary"}],"items_purged_floors":[4,7,12,12,24,29,37,37],"is_endless":false,"potions_floor_spawned":[1,3,10,25,28,31,33,35,36,40,45],"ascension_level":20}}