{"host":"g9y2ptialarrkhtq","time":1609512139,"event":{"mods":["BaseMod","Conspire","Jedi Mod","Minty Spire (QoL Compilation)","Replay The Spire","SIMod","StSLib"],"gold_per_floor":[116,116,116,116,144,177,191,220,243,255,265,284,296,94,94,194,194,114,114,128,128,128],"floor_reached":21,"playtime":1956,"items_purged":[],"score":216,"play_id":"225cf76a-0687-417d-aa4e-a25b0d36b499","local_time":"20210101224219","is_ascension_mode":false,"campfire_choices":[{"floor":15,"key":"REST"}],"circlet_count":0,"master_deck":["Strike_RD","Defend_PP","Defend_FS","Defend_AJ+1","ConcertedEfforts","HarmonyShield","DynamicVision","ServeMeal+1","TasteRainbow","InspirationRecovery","Honesty","ThrowingApples","FriendOfNature","CheerUp","Generousity","RunningOfTheLeaves","FriendOfNature","Laughter","PartyCana","SonicRainbow","CowboySkills+1","PinkieSense+1","ServeMeal+1","GemstoneDetection","Necronomicurse","CleanLibrary+1"],"relics":["The_element_of_harmony","NeowsBlessing","Replay:Wax Seal","jedi:gremlinknob","Boot","Hyacinth","Durian","Astrolabe","Necronomicon"],"acts_visited":["Exordium","TheCity"],"potions_floor_usage":[],"damage_taken":[{"damage":2,"enemies":"conspire:RoseBush","floor":1,"turns":1},{"damage":0,"enemies":"conspire:MimicChest","floor":5,"turns":1},{"damage":0,"enemies":"Lagavulin","floor":6,"turns":1},{"damage":13,"enemies":"Small Slimes","floor":7,"turns":5},{"damage":23,"enemies":"Replay:BlueRogue","floor":8,"turns":8},{"damage":4,"enemies":"2 Louse","floor":10,"turns":3},{"damage":20,"enemies":"Gremlin Gang","floor":11,"turns":5},{"damage":8,"enemies":"Large Slime","floor":12,"turns":8},{"damage":17,"enemies":"Looter","floor":13,"turns":3},{"damage":20,"enemies":"The Guardian","floor":16,"turns":17},{"damage":14,"enemies":"Chosen","floor":18,"turns":6},{"damage":42,"enemies":"2 Thieves","floor":20,"turns":4},{"damage":46,"enemies":"Cultist and Chosen","floor":21,"turns":6}],"seed_played":"-1422964969207775058","potions_obtained":[{"floor":5,"key":"Venom Potion"},{"floor":6,"key":"CultistPotion"},{"floor":7,"key":"SpeedPotion"},{"floor":13,"key":"Energy Potion"}],"is_trial":false,"path_per_floor":["M","?","?","?","?","E","M","E","T","M","M","M","M","$","R","B",null,"M","?","M","M"],"character_chosen":"TWI_CLASS","items_purchased":["Durian"],"campfire_rested":1,"item_purchase_floors":[14],"current_hp_per_floor":[80,80,80,80,80,80,67,44,44,40,26,24,10,15,41,33,87,77,61,19,0,0],"gold":128,"neow_bonus":"THREE_ENEMY_KILL","is_daily":false,"chose_seed":false,"campfire_upgraded":0,"win_rate":0.0,"timestamp":1609512139,"path_taken":["M","?","?","?","?","E","M","E","T","?","M","?","M","$","R","BOSS","M","?","M","M"],"items_purchased_type":["Relic"],"build_version":"2020-12-22","purchased_purges":0,"victory":false,"max_hp_per_floor":[82,82,82,82,82,82,82,82,82,82,82,82,82,87,87,87,87,87,87,87,87,87],"card_choices":[{"not_picked":["Return_To_Past"],"picked":"RashStunts","floor":1},{"not_picked":["KillingWithKindness","Dear_Princess"],"picked":"SKIP","floor":1},{"not_picked":["Charge"],"picked":"TasteRainbow","floor":5},{"not_picked":["ThrowingApples"],"picked":"InspirationRecovery","floor":6},{"not_picked":["ISayNo"],"picked":"Honesty","floor":6},{"not_picked":["Tornado"],"picked":"ThrowingApples","floor":7},{"not_picked":["AppleFeast","Charge"],"picked":"SKIP","floor":7},{"not_picked":["PartyAlone"],"picked":"FriendOfNature","floor":8},{"not_picked":["Lasso","Louder"],"picked":"SKIP","floor":8},{"not_picked":["HideCarefully"],"picked":"CheerUp","floor":10},{"not_picked":["RashStunts","ISayNo"],"picked":"SKIP","floor":10},{"not_picked":["ServeMeal","Charge"],"picked":"SKIP","floor":11},{"not_picked":["ServeMeal","ThrowingApples"],"picked":"SKIP","floor":11},{"not_picked":["Perfectionism"],"picked":"Generousity","floor":12},{"not_picked":["Boundary"],"picked":"RunningOfTheLeaves","floor":12},{"not_picked":["TenInstruments"],"picked":"FriendOfNature","floor":13},{"not_picked":["BigDeal"],"picked":"Laughter","floor":13},{"not_picked":["PinkieSense"],"picked":"PartyCana","floor":16},{"not_picked":["MirrorLake"],"picked":"SonicRainbow","floor":16},{"not_picked":["AppleFever+1"],"picked":"GemstoneDetection","floor":18},{"not_picked":["Return_To_Past","Louder+1"],"picked":"SKIP","floor":18},{"not_picked":["Boundary+1"],"picked":"CleanLibrary+1","floor":20},{"not_picked":["Lasso+1","CowboySkills"],"picked":"SKIP","floor":20}],"player_experience":103354,"relics_obtained":[{"floor":5,"key":"Replay:Wax Seal"},{"floor":6,"key":"jedi:gremlinknob"},{"floor":8,"key":"Boot"},{"floor":9,"key":"Hyacinth"},{"floor":19,"key":"Necronomicon"}],"event_choices":[{"damage_healed":0,"gold_gain":0,"cards_transformed":["Defend_TS"],"player_choice":"Change","damage_taken":0,"max_hp_gain":0,"max_hp_loss":0,"event_name":"Living Wall","floor":3,"gold_loss":0,"cards_obtained":["DynamicVision"]},{"damage_healed":0,"gold_gain":0,"player_choice":"Obtained Book","damage_taken":16,"max_hp_gain":0,"max_hp_loss":0,"event_name":"Cursed Tome","floor":19,"gold_loss":0}],"is_beta":false,"boss_relics":[{"not_picked":["jedi:hotpepper","Philosopher\u0027s Stone"],"picked":"Astrolabe"}],"items_purged_floors":[],"is_endless":false,"potions_floor_spawned":[5,6,7,13,16,18],"killed_by":"Cultist and Chosen","ascension_level":0}}