{"host":"u4pncpybdtxxvw4r","time":1609536979,"event":{"mods":["AchievementEnabler","BaseMod","Block Reminder","Colored Powertips","Downfall","Marisa£®ÏF”Í°°ƒß¿Ì…≥£©","Minty Spire (QoL Compilation)","Permanent Neow","Potion Indicator Mod","Rare Cards Sparkle","StSLib","SuperFastMode"],"gold_per_floor":[99,99,99,109,120,45,45,56,83,14,14,31,31,57,68,172,172,97,109,9,22,42,27,27,40,40,40,40],"floor_reached":26,"playtime":1643,"items_purged":[],"score":233,"play_id":"55219b5a-a528-494d-ba9e-94b07e683fb6","local_time":"20210102053619","is_ascension_mode":false,"campfire_choices":[{"floor":1,"key":"RECALL"},{"data":"Guardian:TimeCapacitor","floor":6,"key":"SMITH"},{"data":"Guardian:SentryBeam","floor":11,"key":"SMITH"},{"data":"Guardian:PiercingHide","floor":13,"key":"SMITH"},{"data":"Guardian:Recover","floor":18,"key":"SMITH"}],"circlet_count":0,"master_deck":["Guardian:Strike_Guardian","Guardian:Strike_Guardian","Guardian:Strike_Guardian","Guardian:Strike_Guardian","Guardian:Defend_Guardian","Guardian:Defend_Guardian","Guardian:Defend_Guardian","Guardian:Defend_Guardian+1","Guardian:CurlUp","Guardian:TwinSlam+1","Guardian:TimeSifter","Guardian:RollAttack","Guardian:TimeCapacitor+1","Guardian:DecasProtection","Guardian:SentryBeam+1","Guardian:PiercingHide+1","Guardian:Recover+1","Guardian:SphericShield","Guardian:Recover","Guardian:PrimingBeam+1","Guardian:Gem_Cyan","Guardian:Clone","Guardian:PiercingHide+1","Guardian:TemporalShield","Guardian:Gem_Lightblue","Guardian:ShieldSpikes+1"],"relics":["Guardian:ModeShifter","downfall:HeartBlessingRed","Blood Vial","Strawberry","SacredBark","downfall:HeartBlessingBlue","War Paint"],"acts_visited":["Exordium","TheCity"],"potions_floor_usage":[],"damage_taken":[{"damage":6,"enemies":"Jaw Worm","floor":4,"turns":3},{"damage":0,"enemies":"Cultist","floor":5,"turns":3},{"damage":0,"enemies":"Small Slimes","floor":8,"turns":3},{"damage":10,"enemies":"downfall:FleeingMerchant","floor":10,"turns":4},{"damage":9,"enemies":"Blue Slaver","floor":12,"turns":3},{"damage":16,"enemies":"Lagavulin","floor":14,"turns":6},{"damage":0,"enemies":"2 Fungi Beasts","floor":15,"turns":3},{"damage":11,"enemies":"downfall:Watcher","floor":16,"turns":9},{"damage":10,"enemies":"Shell Parasite","floor":19,"turns":8},{"damage":0,"enemies":"downfall:FleeingMerchant","floor":20,"turns":4},{"damage":5,"enemies":"Spheric Guardian","floor":21,"turns":5},{"damage":12,"enemies":"Snake Plant","floor":22,"turns":4},{"damage":12,"enemies":"downfall:FleeingMerchant","floor":23,"turns":4},{"damage":36,"enemies":"Sentry and Sphere","floor":25,"turns":10},{"damage":90,"enemies":"Colosseum Nobs","floor":26,"turns":5}],"seed_played":"8731498348283186419","potions_obtained":[{"floor":8,"key":"EssenceOfSteel"},{"floor":15,"key":"SmokeBomb"},{"floor":19,"key":"Block Potion"},{"floor":25,"key":"DuplicationPotion"}],"is_trial":false,"path_per_floor":["R","?","?","M","M","R","T","M","T","$","R","M","R","E","M","B",null,"R","M","$","M","M","$","T","M","?"],"character_chosen":"GUARDIAN","items_purchased":["Guardian:Gem_Cyan","Guardian:Gem_Cyan","Guardian:Clone"],"campfire_rested":0,"item_purchase_floors":[10,20,20],"current_hp_per_floor":[80,85,85,79,79,79,79,79,79,71,71,64,64,57,59,50,92,102,92,94,91,81,71,71,37,0,0,0],"gold":40,"neow_bonus":"ONE_RANDOM_RARE_CARD","is_daily":false,"chose_seed":false,"campfire_upgraded":4,"win_rate":0.0,"timestamp":1609536979,"path_taken":["R","?","?","M","?","R","T","M","?","$","R","M","R","E","M","BOSS","R","M","$","M","M","$","T","M","?"],"items_purchased_type":["Card","Card","Card"],"build_version":"2020-12-22","purchased_purges":0,"victory":false,"max_hp_per_floor":[80,85,85,85,85,85,85,85,85,85,85,85,85,92,92,92,92,102,102,102,102,102,102,102,102,102,102,102],"card_choices":[{"not_picked":["Guardian:ShieldCharger","Guardian:BronzeOrb"],"picked":"Guardian:RollAttack","floor":4},{"not_picked":["Guardian:Gem_Fragmented","Guardian:Gem_Red"],"picked":"Guardian:TimeCapacitor","floor":5},{"not_picked":["Guardian:Gem_Lightblue","Guardian:PrismaticBarrier"],"picked":"Guardian:DecasProtection","floor":8},{"not_picked":["Guardian:Gem_Fragmented","Guardian:Gem_Cyan"],"picked":"Guardian:SentryBeam","floor":10},{"not_picked":["Guardian:GuardianWhirl","Guardian:CrystalBeam"],"picked":"Guardian:PiercingHide","floor":12},{"not_picked":["Guardian:CrystalBeam","Guardian:Repulse"],"picked":"Guardian:Gem_Cyan","floor":14},{"not_picked":["Guardian:VentSteam","Guardian:ExploitGems"],"picked":"Guardian:Recover","floor":15},{"not_picked":["Guardian:BaubleBeam","Guardian:Gem_Synthetic"],"picked":"Guardian:SphericShield","floor":16},{"not_picked":["Guardian:VentSteam+1","Guardian:ChargeUp"],"picked":"Guardian:Recover","floor":19},{"not_picked":["Guardian:Gem_Cyan","Guardian:TemporalShield"],"picked":"Guardian:PrimingBeam+1","floor":20},{"not_picked":["Guardian:PolyBeam","Guardian:Planning"],"picked":"Guardian:PiercingHide","floor":21},{"not_picked":["Guardian:DecasProtection","Guardian:Gem_Red"],"picked":"Guardian:TemporalShield","floor":22},{"not_picked":["Guardian:PrismaticBeam+1","Guardian:Gem_Orange"],"picked":"Guardian:Gem_Lightblue","floor":23},{"not_picked":["Guardian:TemporalStrike","Guardian:RollAttack"],"picked":"Guardian:ShieldSpikes+1","floor":25}],"player_experience":4521,"relics_obtained":[{"floor":9,"key":"Blood Vial"},{"floor":14,"key":"Strawberry"},{"floor":24,"key":"War Paint"}],"event_choices":[{"damage_healed":0,"gold_gain":0,"player_choice":"Donut","damage_taken":0,"max_hp_gain":5,"max_hp_loss":0,"event_name":"Big Fish","floor":2,"gold_loss":0}],"is_beta":false,"boss_relics":[{"not_picked":["Coffee Dripper","Runic Dome"],"picked":"SacredBark"}],"items_purged_floors":[],"is_endless":false,"potions_floor_spawned":[8,15,19,25],"killed_by":"Colosseum Nobs","ascension_level":0}}