{"host":"hm3ikmf8oxbtqms2","time":1609524682,"event":{"mods":["BaseMod","Best Route Mod","Bestiary","Better Vampires","Block Reminder","Colored Map","Colored Powertips","Curses Come First","DeckTracker","Displayed Cursed Tome","Highlight Path","Minty Spire (QoL Compilation)","Quick Restart","StSLib"],"gold_per_floor":[114,127,127,145,145,172,172,203,228,261,261,226,186,200,200,298,298,312,312,120,132,132,132,20,50,102,102,102,34,34,65,65,65,65],"floor_reached":33,"playtime":2861,"items_purged":["Defend_G"],"score":359,"play_id":"4ee7c6d5-a63d-450d-8de8-60777d038785","local_time":"20210101131122","is_ascension_mode":true,"campfire_choices":[{"floor":7.0,"key":"REST"},{"floor":11.0,"key":"REST"},{"data":"Deadly Poison","floor":15.0,"key":"SMITH"},{"data":"Envenom","floor":23.0,"key":"SMITH"},{"floor":27,"key":"REST"},{"data":"Footwork","floor":30,"key":"SMITH"},{"floor":32,"key":"REST"}],"circlet_count":0,"master_deck":["Defend_G","Defend_G+1","Survivor","Neutralize","Quick Slash","Deadly Poison+1","Cloak And Dagger+1","Backflip","Endless Agony","Skewer","Dodge and Roll","Envenom+1","Predator+1","Blade Dance+1","Night Terror+1","Dagger Spray+1","Bite","Bite","Noxious Fumes","Poisoned Stab","Backflip","Cloak And Dagger+1","Footwork+1","Sucker Punch+1","Blur","Catalyst"],"relics":["Ring of the Snake","NeowsBlessing","Boot","Oddly Smooth Stone","Juzu Bracelet","Kunai","Astrolabe","Regal Pillow","Orichalcum","Shuriken"],"acts_visited":["Exordium","TheCity"],"potions_floor_usage":[25,25,31],"damage_taken":[{"damage":0.0,"enemies":"Jaw Worm","floor":1.0,"turns":1.0},{"damage":0.0,"enemies":"2 Louse","floor":2.0,"turns":1.0},{"damage":0.0,"enemies":"Cultist","floor":4.0,"turns":1.0},{"damage":28.0,"enemies":"Gremlin Nob","floor":6.0,"turns":5.0},{"damage":20.0,"enemies":"3 Sentries","floor":8.0,"turns":10.0},{"damage":20.0,"enemies":"Gremlin Nob","floor":10.0,"turns":5.0},{"damage":2.0,"enemies":"Looter","floor":14.0,"turns":3.0},{"damage":25.0,"enemies":"Slime Boss","floor":16.0,"turns":11.0},{"damage":5.0,"enemies":"Chosen","floor":18.0,"turns":5.0},{"damage":22.0,"enemies":"Shell Parasite","floor":21.0,"turns":6.0},{"damage":0.0,"enemies":"Snecko","floor":22.0,"turns":1.0},{"damage":32,"enemies":"Slavers","floor":25,"turns":7},{"damage":24,"enemies":"Book of Stabbing","floor":31,"turns":6},{"damage":64,"enemies":"Collector","floor":33,"turns":5}],"seed_played":"80819114181856699","potions_obtained":[{"floor":2.0,"key":"LiquidMemories"},{"floor":6.0,"key":"Dexterity Potion"},{"floor":13.0,"key":"LiquidBronze"},{"floor":13.0,"key":"SmokeBomb"},{"floor":13.0,"key":"ColorlessPotion"},{"floor":21.0,"key":"Ancient Potion"},{"floor":25,"key":"SkillPotion"}],"is_trial":false,"path_per_floor":["M","M","?","M","?","E","R","E","T","E","R","?","?","M","R","B",null,"M","?","$","M","M","R","$","E","T","R","?","$","R","E","R","B"],"character_chosen":"THE_SILENT","items_purchased":["Noxious Fumes","Poisoned Stab","Backflip","Dexterity Potion","Footwork","Blur"],"campfire_rested":4,"item_purchase_floors":[20,20,20,20,24,29],"current_hp_per_floor":[70,70,63,63,49,21,42,22,22,2,23,40,40,38,38,13,70,65,61,61,41,41,41,41,11,11,44,44,44,44,22,55,0,0],"gold":65,"neow_bonus":"THREE_ENEMY_KILL","is_daily":false,"chose_seed":false,"campfire_upgraded":3,"win_rate":0.0,"timestamp":1609524682,"path_taken":["M","M","?","M","?","E","R","E","T","E","R","?","?","M","R","BOSS","M","?","$","M","M","R","$","E","T","R","?","?","R","E","R","BOSS"],"items_purchased_type":["Card","Card","Card","Potion","Card","Card"],"build_version":"2020-12-22","purchased_purges":1,"victory":false,"max_hp_per_floor":[70,70,70,70,70,70,70,70,70,70,70,70,70,70,70,70,70,70,61,61,61,61,61,61,61,61,61,61,61,61,61,61,61,61],"card_choices":[{"not_picked":["Dodge and Roll","PiercingWail"],"picked":"Quick Slash","floor":1.0},{"not_picked":["All Out Attack","Backflip"],"picked":"Deadly Poison","floor":2.0},{"not_picked":["Acrobatics","Calculated Gamble"],"picked":"Cloak And Dagger","floor":4.0},{"not_picked":["Tools of the Trade","Backstab"],"picked":"Backflip","floor":6.0},{"not_picked":["Quick Slash","Masterful Stab"],"picked":"Endless Agony","floor":8.0},{"not_picked":["Reflex","Bullet Time"],"picked":"Skewer","floor":10.0},{"not_picked":["Deflect","Distraction"],"picked":"Dodge and Roll","floor":14.0},{"not_picked":["Wraith Form v2","After Image"],"picked":"Envenom","floor":16.0},{"not_picked":["Tactician","Deflect"],"picked":"Dagger Spray+1","floor":18.0},{"not_picked":["Dodge and Roll","Dagger Throw+1"],"picked":"Cloak And Dagger+1","floor":21.0},{"not_picked":["Flying Knee","Outmaneuver"],"picked":"Sucker Punch+1","floor":25},{"not_picked":["Calculated Gamble","Quick Slash+1"],"picked":"Catalyst","floor":31}],"player_experience":252700,"relics_obtained":[{"floor":6.0,"key":"Boot"},{"floor":8.0,"key":"Oddly Smooth Stone"},{"floor":9.0,"key":"Juzu Bracelet"},{"floor":10.0,"key":"Kunai"},{"floor":25,"key":"Regal Pillow"},{"floor":26,"key":"Orichalcum"},{"floor":31,"key":"Shuriken"}],"event_choices":[{"cards_removed":["Strike_G"],"damage_healed":0.0,"max_hp_gain":0.0,"max_hp_loss":0.0,"gold_gain":0.0,"event_name":"Golden Wing","player_choice":"Card Removal","floor":3.0,"gold_loss":0.0,"damage_taken":7.0},{"damage_healed":0.0,"max_hp_gain":0.0,"max_hp_loss":0.0,"gold_gain":0.0,"event_name":"Shining Light","player_choice":"Entered Light","floor":5.0,"gold_loss":0.0,"damage_taken":14.0,"cards_upgraded":["Defend_G","Cloak And Dagger"]},{"damage_healed":17.0,"max_hp_gain":0.0,"max_hp_loss":0.0,"gold_gain":0.0,"event_name":"The Cleric","player_choice":"Healed","floor":12.0,"gold_loss":35.0,"damage_taken":0.0},{"damage_healed":0.0,"max_hp_gain":0.0,"max_hp_loss":0.0,"gold_gain":0.0,"event_name":"The Woman in Blue","player_choice":"Bought 3 Potions","floor":13.0,"gold_loss":0.0,"damage_taken":0.0},{"damage_healed":0.0,"max_hp_gain":0.0,"max_hp_loss":9.0,"gold_gain":0.0,"event_name":"Vampires","player_choice":"Became a vampire","floor":19.0,"gold_loss":0.0,"damage_taken":0.0,"cards_obtained":["Bite","Bite"]},{"cards_removed":["Defend_G"],"damage_healed":0,"gold_gain":0,"player_choice":"Purged","damage_taken":0,"max_hp_gain":0,"max_hp_loss":0,"event_name":"Purifier","floor":28,"gold_loss":0}],"is_beta":false,"boss_relics":[{"not_picked":["Pandora\u0027s Box","Black Star"],"picked":"Astrolabe"}],"items_purged_floors":[24],"is_endless":false,"potions_floor_spawned":[2,6,14,21,22,25],"killed_by":"Collector","ascension_level":4}}