{"host":"x7xd4wkamhrqrrvw","time":1609480333,"event":{"mods":["BaseMod","Minty Spire (QoL Compilation)","StSLib"],"gold_per_floor":[118,138,138,88,107,107,107,107,107,141,155,168,180,213,213,313,313,333,351,91,108,125,160,175,175,228,247,247,264,291,206,206,308,308,325,99,118,135,135,166,166,176,201,221,221,221,42,54,54,54,54,54,4,35,35],"floor_reached":56,"playtime":4135,"items_purged":["Strike_G"],"score":1510,"play_id":"fc4c9336-e70f-4e00-ace4-5ea013a0da0c","local_time":"20210101035213","is_ascension_mode":true,"campfire_choices":[{"data":"Deadly Poison","floor":6,"key":"SMITH"},{"data":"Outmaneuver","floor":8,"key":"SMITH"},{"data":"Bouncing Flask","floor":15,"key":"SMITH"},{"data":"Burst","floor":25,"key":"SMITH"},{"floor":28,"key":"REST"},{"floor":32,"key":"REST"},{"data":"Secret Technique","floor":41,"key":"SMITH"},{"floor":45,"key":"REST"},{"floor":49,"key":"RECALL"},{"data":"Bullet Time","floor":52,"key":"SMITH"}],"circlet_count":0,"master_deck":["Defend_G","Defend_G","Defend_G","Defend_G","Defend_G","Survivor","Deadly Poison+1","Outmaneuver+1","Bullet Time+1","Deadly Poison","Bouncing Flask+1","Burst+1","Secret Technique+1","Leg Sweep","PiercingWail","Footwork","Master of Strategy","Footwork+1","Catalyst+1","Dark Shackles","Backflip"],"relics":["Runic Pyramid","CultistMask","Singing Bowl","White Beast Statue","Darkstone Periapt","Nunchaku","Toy Ornithopter","Gremlin Horn","Regal Pillow","Empty Cage","Whetstone","Mummified Hand"],"acts_visited":["Exordium","TheCity","TheBeyond","TheEnding"],"potions_floor_usage":[10,12,14,16,19,21,21,21,21,22,22,23,23,24,27,33,33,33,35,38,42,44,44,48,50,50,50,55,55,55],"damage_taken":[{"damage":0,"enemies":"Small Slimes","floor":1,"turns":5},{"damage":2,"enemies":"2 Louse","floor":2,"turns":4},{"damage":0,"enemies":"Cultist","floor":5,"turns":4},{"damage":20,"enemies":"3 Sentries","floor":10,"turns":9},{"damage":16,"enemies":"Lots of Slimes","floor":11,"turns":6},{"damage":15,"enemies":"Large Slime","floor":12,"turns":8},{"damage":8,"enemies":"Blue Slaver","floor":13,"turns":4},{"damage":0,"enemies":"Lagavulin","floor":14,"turns":6},{"damage":0,"enemies":"The Guardian","floor":16,"turns":8},{"damage":1,"enemies":"Spheric Guardian","floor":18,"turns":3},{"damage":7,"enemies":"3 Byrds","floor":19,"turns":5},{"damage":26,"enemies":"3 Cultists","floor":21,"turns":7},{"damage":0,"enemies":"Centurion and Healer","floor":22,"turns":7},{"damage":39,"enemies":"Gremlin Leader","floor":23,"turns":8},{"damage":0,"enemies":"Snake Plant","floor":24,"turns":4},{"damage":5,"enemies":"Shelled Parasite and Fungi","floor":27,"turns":5},{"damage":0,"enemies":"Snecko","floor":29,"turns":5},{"damage":14,"enemies":"Book of Stabbing","floor":30,"turns":7},{"damage":42,"enemies":"Collector","floor":33,"turns":8},{"damage":23,"enemies":"3 Darklings","floor":35,"turns":8},{"damage":5,"enemies":"3 Shapes","floor":37,"turns":9},{"damage":17,"enemies":"Transient","floor":38,"turns":5},{"damage":26,"enemies":"Giant Head","floor":40,"turns":10},{"damage":3,"enemies":"4 Shapes","floor":42,"turns":6},{"damage":3,"enemies":"Jaw Worm Horde","floor":44,"turns":5},{"damage":20,"enemies":"Sphere and 2 Shapes","floor":48,"turns":5},{"damage":18,"enemies":"Time Eater","floor":50,"turns":5},{"damage":27,"enemies":"Shield and Spear","floor":54,"turns":7},{"damage":34,"enemies":"The Heart","floor":55,"turns":12}],"seed_played":"-2826283473047532279","potions_obtained":[{"floor":1,"key":"SneckoOil"},{"floor":11,"key":"Regen Potion"},{"floor":12,"key":"EssenceOfSteel"},{"floor":13,"key":"BlessingOfTheForge"},{"floor":14,"key":"Fire Potion"},{"floor":16,"key":"Block Potion"},{"floor":18,"key":"EntropicBrew"},{"floor":19,"key":"Energy Potion"},{"floor":21,"key":"DuplicationPotion"},{"floor":22,"key":"Energy Potion"},{"floor":23,"key":"AttackPotion"},{"floor":24,"key":"Weak Potion"},{"floor":27,"key":"Explosive Potion"},{"floor":29,"key":"CultistPotion"},{"floor":30,"key":"Poison Potion"},{"floor":33,"key":"Dexterity Potion"},{"floor":35,"key":"PowerPotion"},{"floor":37,"key":"Fire Potion"},{"floor":38,"key":"LiquidMemories"},{"floor":40,"key":"Swift Potion"},{"floor":42,"key":"CunningPotion"},{"floor":44,"key":"GamblersBrew"},{"floor":48,"key":"EntropicBrew"}],"is_trial":false,"path_per_floor":["M","M","?","?","M","R","?","R","T","E","M","M","M","E","R","B",null,"M","M","$","M","M","E","M","R","T","M","R","M","E","?","R","B",null,"M","$","M","M","?","E","R","M","T","M","R","?","$","M","R","B",null,"R","$","E","B",null],"character_chosen":"THE_SILENT","items_purchased":["Secret Technique","Footwork","Master of Strategy","Dark Shackles","Backflip","Swift Potion","Dexterity Potion"],"campfire_rested":3,"item_purchase_floors":[20,36,36,47,47,47,53],"current_hp_per_floor":[70,68,61,61,61,61,61,61,61,43,27,29,23,23,23,23,76,77,72,72,46,48,11,13,13,13,15,41,41,29,29,71,46,92,76,76,71,61,61,37,37,39,39,48,93,95,95,82,82,79,104,104,104,79,60],"gold":35,"neow_bonus":"BOSS_RELIC","is_daily":false,"chose_seed":false,"campfire_upgraded":6,"win_rate":0.0,"timestamp":1609480333,"path_taken":["M","M","?","?","M","R","?","R","T","E","M","M","M","E","R","BOSS","M","M","$","M","?","E","M","R","T","?","R","?","E","?","R","BOSS","M","$","M","M","?","E","R","M","T","?","R","?","$","M","R","BOSS","R","$","E","BOSS"],"items_purchased_type":["Card","Card","Card","Card","Card","Potion","Potion"],"build_version":"2020-12-22","purchased_purges":1,"victory":true,"max_hp_per_floor":[70,70,70,70,70,70,70,70,70,72,72,74,76,76,76,76,76,78,80,80,80,82,84,86,86,86,88,88,88,90,90,90,92,92,94,94,94,96,96,98,98,98,98,100,100,102,102,104,104,104,104,104,104,106,106],"card_choices":[{"not_picked":["Eviscerate","Underhanded Strike"],"picked":"Deadly Poison","floor":1},{"not_picked":["Predator","Riddle With Holes"],"picked":"Outmaneuver","floor":2},{"not_picked":["Backflip","All Out Attack"],"picked":"Bullet Time","floor":5},{"not_picked":["Flechettes","Predator","Quick Slash"],"picked":"Singing Bowl","floor":10},{"not_picked":["Blade Dance","Outmaneuver"],"picked":"Deadly Poison","floor":11},{"not_picked":["Masterful Stab","Flying Knee","All Out Attack"],"picked":"Singing Bowl","floor":12},{"not_picked":["Acrobatics","Well Laid Plans","Backflip"],"picked":"Singing Bowl","floor":13},{"not_picked":["Adrenaline","Expertise"],"picked":"Bouncing Flask","floor":14},{"not_picked":["Adrenaline","Die Die Die"],"picked":"Burst","floor":16},{"not_picked":["Poisoned Stab+1","Acrobatics","Bouncing Flask"],"picked":"Singing Bowl","floor":18},{"not_picked":["Sucker Punch","All Out Attack","Expertise"],"picked":"Singing Bowl","floor":19},{"not_picked":["Sucker Punch+1","Riddle With Holes"],"picked":"Leg Sweep","floor":21},{"not_picked":["Underhanded Strike","Slice","Dagger Spray"],"picked":"Singing Bowl","floor":22},{"not_picked":["Backstab","Deflect","Blade Dance"],"picked":"Singing Bowl","floor":23},{"not_picked":["Quick Slash","Envenom","Setup+1"],"picked":"Singing Bowl","floor":24},{"not_picked":["Deadly Poison","Flying Knee","Outmaneuver"],"picked":"Singing Bowl","floor":27},{"not_picked":["Calculated Gamble+1","Deadly Poison"],"picked":"PiercingWail","floor":29},{"not_picked":["Escape Plan","Bane","Slice"],"picked":"Singing Bowl","floor":30},{"not_picked":["Doppelganger","Night Terror","Envenom"],"picked":"Singing Bowl","floor":33},{"not_picked":["Flying Knee","Noxious Fumes","Acrobatics"],"picked":"Singing Bowl","floor":35},{"not_picked":["Bane","Cloak And Dagger+1"],"picked":"Footwork+1","floor":37},{"not_picked":["Bouncing Flask","Dodge and Roll","Riddle With Holes"],"picked":"Singing Bowl","floor":38},{"not_picked":["Underhanded Strike","Phantasmal Killer","Acrobatics"],"picked":"Singing Bowl","floor":40},{"not_picked":["Underhanded Strike","Deadly Poison+1"],"picked":"Catalyst+1","floor":42},{"not_picked":["Dodge and Roll+1","Choke","Bane+1"],"picked":"Singing Bowl","floor":44},{"not_picked":["Purity","Jack Of All Trades","Flash of Steel"],"picked":"Singing Bowl","floor":46},{"not_picked":["Leg Sweep+1","Acrobatics","Cloak And Dagger"],"picked":"Singing Bowl","floor":48},{"not_picked":["Dodge and Roll","Poisoned Stab+1","Cloak And Dagger"],"picked":"Singing Bowl","floor":54}],"player_experience":264782,"relics_obtained":[{"floor":9,"key":"Singing Bowl"},{"floor":10,"key":"White Beast Statue"},{"floor":14,"key":"Darkstone Periapt"},{"floor":23,"key":"Nunchaku"},{"floor":26,"key":"Toy Ornithopter"},{"floor":30,"key":"Gremlin Horn"},{"floor":40,"key":"Whetstone"},{"floor":54,"key":"Mummified Hand"}],"event_choices":[{"cards_removed":["Strike_G"],"damage_healed":0,"gold_gain":0,"player_choice":"Card Removal","damage_taken":7,"max_hp_gain":0,"max_hp_loss":0,"event_name":"Golden Wing","floor":3,"gold_loss":0},{"cards_removed":["Strike_G"],"damage_healed":0,"gold_gain":0,"player_choice":"Card Removal","damage_taken":0,"max_hp_gain":0,"max_hp_loss":0,"event_name":"The Cleric","floor":4,"gold_loss":50},{"damage_healed":0,"gold_gain":0,"player_choice":"Trade","damage_taken":0,"relics_obtained":["CultistMask"],"max_hp_gain":0,"max_hp_loss":0,"event_name":"FaceTrader","floor":7,"gold_loss":0},{"damage_healed":0,"gold_gain":0,"player_choice":"Obtained Relic","damage_taken":0,"relics_obtained":["Regal Pillow"],"max_hp_gain":0,"max_hp_loss":0,"event_name":"Addict","floor":31,"gold_loss":85},{"cards_removed":["Neutralize"],"damage_healed":0,"gold_gain":0,"player_choice":"Card Removal","damage_taken":0,"max_hp_gain":0,"max_hp_loss":0,"event_name":"Wheel of Change","floor":39,"gold_loss":0},{"damage_healed":0,"gold_gain":0,"player_choice":"Memory 1","damage_taken":0,"max_hp_gain":0,"max_hp_loss":0,"event_name":"SensoryStone","floor":46,"gold_loss":0}],"is_beta":false,"boss_relics":[{"not_picked":["Philosopher\u0027s Stone","Fusion Hammer","Velvet Choker"]},{"not_picked":["Sozu","Tiny House"],"picked":"Empty Cage"}],"items_purged_floors":[20],"is_endless":false,"potions_floor_spawned":[1,11,12,13,14,16,18,19,21,22,23,24,27,29,30,33,35,37,38,40,42,44,48,54],"ascension_level":4}}