{"host":"jt62yzdgnrkmwwqv","time":1609464564,"event":{"mods":["AchievementEnabler","Arknights The Spire","BaseMod","CapriCore","Colored Map","Colored Powertips","GungeonMod","Lobotomy","LobotomyExtend","Luminous","Minty Spire (QoL Compilation)","StSLib","SuperFastMode","The Alterego","The Dragon Tamer"],"gold_per_floor":[115,127,140,315,315,355,29,50,76,76,6,6,6],"floor_reached":12,"playtime":328,"items_purged":[],"score":78,"play_id":"c38c1caa-d98a-4027-8ac5-346299b5c3e9","local_time":"20210101102924","is_ascension_mode":false,"campfire_choices":[{"data":"ats:Charging Defense","floor":10,"key":"SMITH"}],"circlet_count":0,"master_deck":["ats:Strike G","ats:Strike S+1","ats:Strike V","ats:Armor Crushing Shot","ats:Defend","ats:Defend","ats:Defend","ats:Defend","ats:Emotion Absorption","ats:Steam Pump","ats:Magnetic Hammer","ats:Poison Spread+1","Doubt","ats:Charging Defense+1","ats:Closed Bolt Burst Fire","ats:Shell Defense","ats:Thorns","ats:Childhood Dance+1","ats:Magnetic Hammer"],"relics":["ats:Sanity","LetterFromLob","Golden Idol","ats:Originium","Whetstone","Toxic Egg 2","ats:Rhine Circuitry"],"acts_visited":["Exordium"],"potions_floor_usage":[6,12,12],"damage_taken":[{"damage":1,"enemies":"Cultist","floor":1,"turns":4},{"damage":0,"enemies":"2 Louse","floor":2,"turns":2},{"damage":0,"enemies":"Jaw Worm","floor":3,"turns":3},{"damage":19,"enemies":"3 Sentries","floor":6,"turns":10},{"damage":11,"enemies":"Exordium Thugs","floor":8,"turns":6},{"damage":37,"enemies":"Gremlin Nob","floor":12,"turns":4}],"seed_played":"-5414320076024087088","potions_obtained":[{"floor":1,"key":"DemoMod:LeadSkinPotion"},{"floor":3,"key":"BlessingOfTheForge"},{"floor":8,"key":"Energy Potion"}],"is_trial":false,"path_per_floor":["M","M","M","?","?","E","$","M","T","R","$","E"],"character_chosen":"DOCTOR_CLASS","items_purchased":["ats:Closed Bolt Burst Fire","ats:Shell Defense","ats:Thorns","Toxic Egg 2","ats:Magnetic Hammer"],"campfire_rested":0,"item_purchase_floors":[7,7,7,7,11],"current_hp_per_floor":[71,71,71,71,53,34,34,25,25,25,25,0,0],"gold":6,"neow_bonus":"TRANSFORM_CARD","is_daily":false,"chose_seed":false,"campfire_upgraded":1,"win_rate":0.0,"timestamp":1609464564,"path_taken":["M","M","M","?","?","E","$","M","T","R","$","E"],"items_purchased_type":["Card","Card","Card","Relic","Card"],"build_version":"2020-12-22","purchased_purges":0,"victory":false,"max_hp_per_floor":[72,72,72,72,72,72,72,72,72,72,72,72,72],"card_choices":[{"not_picked":["ats:Powerful Strike","ats:Shell Defense"],"picked":"ats:Magnetic Hammer","floor":1},{"not_picked":["ats:Guardian Obelisk","ats:Ignite"],"picked":"ats:Poison Spread","floor":2},{"not_picked":["ats:Blood Oath","ats:Curse Doll","ats:Automatic Cover"],"picked":"SKIP","floor":3},{"not_picked":["ats:Consecutive Shot Auto","ats:Powerful Strike"],"picked":"ats:Charging Defense","floor":6},{"not_picked":["ats:Spore Proliferation+1","ats:Fractured Body+1"],"picked":"ats:Childhood Dance+1","floor":8}],"player_experience":174180,"relics_obtained":[{"floor":1,"key":"LetterFromLob"},{"floor":6,"key":"ats:Originium"},{"floor":6,"key":"Whetstone"},{"floor":9,"key":"ats:Rhine Circuitry"}],"event_choices":[{"damage_healed":0,"gold_gain":175,"player_choice":"AGREE","damage_taken":0,"max_hp_gain":0,"max_hp_loss":0,"event_name":"Liars Game","floor":4,"gold_loss":0,"cards_obtained":["Doubt"]},{"damage_healed":0,"gold_gain":0,"player_choice":"Take Damage","damage_taken":18,"relics_obtained":["Golden Idol"],"max_hp_gain":0,"max_hp_loss":0,"event_name":"Golden Idol","floor":5,"gold_loss":0}],"is_beta":false,"boss_relics":[],"items_purged_floors":[],"is_endless":false,"potions_floor_spawned":[1,3,8],"killed_by":"Gremlin Nob","ascension_level":0}}