{"host":"s1gi8xs3so6zkrm7","time":1609527294,"event":{"mods":["BaseMod","Filter the Spire","Minty Spire (QoL Compilation)"],"gold_per_floor":[114,126,126,139,157,157,191,37,108,126,51,61,95,110,110,205,205,216,216,236,266,19,19,47,47,98,123,123,134,153,180,180,282,282,296,650,14,32,82,82,108,108,108,108,108,108],"floor_reached":45,"playtime":2515,"items_purged":["Strike_P","Brilliance"],"score":615,"play_id":"941f0273-bf9b-421d-9bd7-91b0e7bf0a09","local_time":"20210101125454","is_ascension_mode":true,"campfire_choices":[{"data":"BattleHymn","floor":6.0,"key":"SMITH"},{"data":"JustLucky","floor":15.0,"key":"SMITH"},{"data":"Blasphemy","floor":23.0,"key":"SMITH"},{"floor":28.0,"key":"REST"},{"floor":32.0,"key":"REST"},{"floor":40.0,"key":"REST"}],"circlet_count":0,"master_deck":["Strike_P","Strike_P","Strike_P","Defend_P","Defend_P","Defend_P","Defend_P","Vigilance","ReachHeaven","Tantrum","BattleHymn+1","FlurryOfBlows","FollowUp","Prostrate","Wallop","JustLucky+1","Blasphemy+1","ClearTheMind","InnerPeace+1","MentalFortress+1","Consecrate","Halt","Tantrum","ConjureBlade","Crescendo+1","Apotheosis+1","Impatience+1"],"relics":["Sozu","TungstenRod","Bag of Preparation","Shuriken","MealTicket","Busted Crown","Red Mask","Melange","Mercury Hourglass","Omamori","Happy Flower","HornCleat","VioletLotus","Old Coin","Toxic Egg 2","Ice Cream","Anchor"],"acts_visited":["Exordium","TheCity","TheBeyond"],"potions_floor_usage":[],"damage_taken":[{"damage":0.0,"enemies":"Cultist","floor":1.0,"turns":4.0},{"damage":0.0,"enemies":"2 Louse","floor":2.0,"turns":2.0},{"damage":2.0,"enemies":"Jaw Worm","floor":4.0,"turns":3.0},{"damage":0.0,"enemies":"Exordium Wildlife","floor":5.0,"turns":3.0},{"damage":8.0,"enemies":"3 Sentries","floor":7.0,"turns":3.0},{"damage":4.0,"enemies":"Large Slime","floor":10.0,"turns":3.0},{"damage":0.0,"enemies":"Exordium Thugs","floor":12.0,"turns":2.0},{"damage":0.0,"enemies":"Gremlin Nob","floor":13.0,"turns":2.0},{"damage":0.0,"enemies":"Exordium Wildlife","floor":14.0,"turns":3.0},{"damage":31.0,"enemies":"Hexaghost","floor":16.0,"turns":4.0},{"damage":0.0,"enemies":"Spheric Guardian","floor":18.0,"turns":2.0},{"damage":0.0,"enemies":"Chosen","floor":20.0,"turns":3.0},{"damage":11.0,"enemies":"Masked Bandits","floor":21.0,"turns":3.0},{"damage":12.0,"enemies":"Book of Stabbing","floor":24.0,"turns":3.0},{"damage":24.0,"enemies":"Gremlin Leader","floor":27.0,"turns":4.0},{"damage":16.0,"enemies":"Snake Plant","floor":29.0,"turns":3.0},{"damage":0.0,"enemies":"3 Cultists","floor":30.0,"turns":3.0},{"damage":20.0,"enemies":"Slavers","floor":31.0,"turns":4.0},{"damage":22.0,"enemies":"Collector","floor":33.0,"turns":5.0},{"damage":1.0,"enemies":"3 Shapes","floor":35.0,"turns":3.0},{"damage":10.0,"enemies":"2 Orb Walkers","floor":36.0,"turns":3.0},{"damage":12.0,"enemies":"3 Darklings","floor":38.0,"turns":3.0},{"damage":39.0,"enemies":"Mind Bloom Boss Battle","floor":39.0,"turns":4.0},{"damage":40.0,"enemies":"Giant Head","floor":41.0,"turns":6.0}],"seed_played":"-6901503063080330566","potions_obtained":[],"is_trial":false,"path_per_floor":["M","M","?","M","M","R","E","$","T","M","$","M","E","M","R","B",null,"M","?","M","?","$","R","E","?","T","E","R","M","M","E","R","B",null,"M","?","$","M","?","R","E","$","T","?","M"],"character_chosen":"WATCHER","items_purchased":["Bag of Preparation","Consecrate","Halt","Melange","Toxic Egg 2","Apotheosis+1","Impatience+1"],"campfire_rested":3,"item_purchase_floors":[8,22,22,22,37,37,37],"current_hp_per_floor":[72,72,72,70,70,70,62,62,62,58,58,58,58,58,58,27,72,72,60,60,49,64,64,52,52,52,28,51,35,35,15,38,16,77,76,66,77,65,26,49,9,24,24,24,0,0],"gold":108,"neow_bonus":"BOSS_RELIC","is_daily":false,"chose_seed":false,"campfire_upgraded":3,"win_rate":0.0,"timestamp":1609527294,"path_taken":["M","M","?","?","M","R","E","$","T","M","$","M","E","M","R","BOSS","M","?","M","?","?","R","E","?","T","E","R","M","M","E","R","BOSS","M","?","?","?","?","R","E","$","T","?","M"],"items_purchased_type":["Relic","Card","Card","Relic","Relic","Card","Card"],"build_version":"2020-12-22","purchased_purges":2,"victory":false,"max_hp_per_floor":[72,72,72,72,72,72,72,72,72,72,72,72,72,72,72,72,72,72,77,77,77,77,77,77,77,77,77,77,77,77,77,77,77,77,77,77,77,77,77,77,77,77,77,73,73,73],"card_choices":[{"not_picked":["ClearTheMind","CarveReality"],"picked":"ReachHeaven","floor":1.0},{"not_picked":["SashWhip","CrushJoints"],"picked":"Tantrum","floor":2.0},{"not_picked":["CutThroughFate","Protect"],"picked":"BattleHymn","floor":4.0},{"not_picked":["JustLucky","ForeignInfluence"],"picked":"FlurryOfBlows","floor":5.0},{"not_picked":["SashWhip","ReachHeaven"],"picked":"FollowUp","floor":7.0},{"not_picked":["Swivel","ForeignInfluence"],"picked":"Prostrate","floor":10.0},{"not_picked":["CrushJoints","Swivel"],"picked":"Brilliance","floor":12.0},{"not_picked":["EmptyBody","FlurryOfBlows"],"picked":"Wallop","floor":13.0},{"not_picked":["FlyingSleeves","Swivel"],"picked":"JustLucky","floor":14.0},{"not_picked":["Establishment","SpiritShield"],"picked":"Blasphemy","floor":16.0},{"not_picked":[],"picked":"ClearTheMind","floor":18.0},{"not_picked":[],"picked":"InnerPeace+1","floor":20.0},{"not_picked":[],"picked":"MentalFortress+1","floor":21.0},{"not_picked":["Study"],"picked":"SKIP","floor":24.0},{"not_picked":[],"picked":"Tantrum","floor":27.0},{"not_picked":["Adaptation"],"picked":"SKIP","floor":29.0},{"not_picked":["Adaptation"],"picked":"SKIP","floor":29.0},{"not_picked":["WaveOfTheHand"],"picked":"SKIP","floor":30.0},{"not_picked":["Wish"],"picked":"SKIP","floor":31.0},{"not_picked":[],"picked":"ConjureBlade","floor":33.0},{"not_picked":["EmptyFist+1"],"picked":"SKIP","floor":35.0},{"not_picked":[],"picked":"Crescendo+1","floor":36.0},{"not_picked":["CutThroughFate"],"picked":"SKIP","floor":38.0},{"not_picked":["InnerPeace+1"],"picked":"SKIP","floor":41.0}],"player_experience":230847,"relics_obtained":[{"floor":7.0,"key":"TungstenRod"},{"floor":9.0,"key":"Shuriken"},{"floor":13.0,"key":"MealTicket"},{"floor":21.0,"key":"Red Mask"},{"floor":24.0,"key":"Mercury Hourglass"},{"floor":26.0,"key":"Omamori"},{"floor":27.0,"key":"Happy Flower"},{"floor":31.0,"key":"HornCleat"},{"floor":36.0,"key":"Old Coin"},{"floor":39.0,"key":"Ice Cream"},{"floor":41.0,"key":"Anchor"}],"event_choices":[{"cards_removed":["Eruption"],"damage_healed":0.0,"max_hp_gain":0.0,"max_hp_loss":0.0,"gold_gain":0.0,"event_name":"Bonfire Elementals","player_choice":"Offered Basic","floor":3.0,"gold_loss":0.0,"damage_taken":0.0},{"damage_healed":0.0,"max_hp_gain":5.0,"max_hp_loss":0.0,"gold_gain":0.0,"event_name":"Forgotten Altar","player_choice":"Shed Blood","floor":19.0,"gold_loss":0.0,"damage_taken":18.0},{"damage_healed":0.0,"max_hp_gain":0.0,"max_hp_loss":0.0,"gold_gain":0.0,"event_name":"Masked Bandits","player_choice":"Fought Bandits","floor":21.0,"gold_loss":0.0,"damage_taken":0.0},{"damage_healed":0.0,"max_hp_gain":0.0,"max_hp_loss":0.0,"gold_gain":0.0,"event_name":"Lab","player_choice":"Got Potions","floor":25.0,"gold_loss":0.0,"damage_taken":0.0},{"damage_healed":0.0,"max_hp_gain":0.0,"max_hp_loss":0.0,"gold_gain":0.0,"event_name":"Mysterious Sphere","player_choice":"Fight","floor":36.0,"gold_loss":0.0,"damage_taken":0.0},{"damage_healed":0.0,"max_hp_gain":0.0,"max_hp_loss":0.0,"gold_gain":0.0,"event_name":"MindBloom","player_choice":"Fight","floor":39.0,"gold_loss":0.0,"damage_taken":0.0},{"damage_healed":0.0,"max_hp_gain":0.0,"max_hp_loss":4.0,"gold_gain":0.0,"event_name":"Winding Halls","player_choice":"Max HP","floor":44.0,"gold_loss":0.0,"damage_taken":0.0}],"is_beta":false,"boss_relics":[{"not_picked":["Ectoplasm","Tiny House"],"picked":"Busted Crown"},{"not_picked":["Philosopher\u0027s Stone","SlaversCollar"],"picked":"VioletLotus"}],"items_purged_floors":[11,37],"is_endless":false,"potions_floor_spawned":[4,5,7,10,20,21,29,30,31,39],"killed_by":"Writhing Mass","ascension_level":2}}