{"host":"2ryabvayt7pqghlx","time":1609485926,"event":{"mods":["AchievementEnabler","BaseMod","Colored Map","Hermit","Highlight Path","Minty Spire (QoL Compilation)","Rare Cards Sparkle","Relic Stats","StSLib","SuperFastMode"],"gold_per_floor":[116,191,211,228,228,253,253,267,267,267,278,296,296,316,316,411,411,423,433,178,93,93,93,139,149,149,161,161,179,192,221,221,324,324,342,355,366,385,385,385,404,437,437,449,272,307,342,355,355,355],"floor_reached":51,"playtime":2929,"items_purged":[],"score":1140,"play_id":"a77ceceb-5408-44c6-8610-3df00ac00cb0","local_time":"20210101022526","daily_mods":["SealedDeck","Hoarder","Vintage","Heirloom","DeadlyEvents","Uncertain Future"],"is_ascension_mode":false,"campfire_choices":[{"data":"Accuracy","floor":7,"key":"SMITH"},{"data":"Accuracy","floor":10,"key":"SMITH"},{"data":"Accuracy","floor":15,"key":"SMITH"},{"data":"Blade Dance","floor":23,"key":"SMITH"},{"data":"Blade Dance","floor":28,"key":"SMITH"},{"data":"Endless Agony","floor":32,"key":"SMITH"},{"data":"Blade Dance","floor":40,"key":"SMITH"},{"data":"Cloak And Dagger","floor":49,"key":"SMITH"}],"circlet_count":0,"master_deck":["Prepared+1","Prepared","Prepared","Deflect","Deflect","Deflect","Endless Agony+1","Endless Agony+1","Endless Agony+1","Deflect","Deflect+1","Deflect","Deflect","Deflect","Deflect","Cloak And Dagger","Cloak And Dagger+1","Cloak And Dagger","Blade Dance+1","Blade Dance+1","Blade Dance+1","PiercingWail","PiercingWail","PiercingWail","Accuracy+1","Accuracy+1","Accuracy+1","Footwork","Footwork","Footwork","Escape Plan","Escape Plan","Escape Plan","Purity","Purity","Purity","Backstab+1","Backstab+1","Backstab+1","Slice+1","Slice+1","Slice+1","Envenom+1","Envenom+1","Envenom+1","Accuracy+1","Accuracy+1","Accuracy+1","Panache+1","Panache+1","Panache+1"],"relics":["Ring of the Snake","Unceasing Top","Ninja Scroll","Bottled Tornado","Oddly Smooth Stone","Ice Cream","Ancient Tea Set","Molten Egg 2","Art of War","Whetstone","Frozen Egg 2","Philosopher\u0027s Stone","Omamori","Bag of Marbles","Happy Flower","Prayer Wheel","Strawberry","Meat on the Bone","Pantograph","Eternal Feather","Kunai","Bronze Scales","Bag of Preparation","Runic Pyramid","Tiny Chest","Vajra","PreservedInsect","Regal Pillow","Sundial","Singing Bowl","Question Card","Akabeko","StrikeDummy","Darkstone Periapt","CeramicFish"],"acts_visited":["Exordium","TheCity","TheBeyond"],"potions_floor_usage":[16,16,16,33,38],"damage_taken":[{"damage":0,"enemies":"Small Slimes","floor":1,"turns":3},{"damage":0,"enemies":"2 Louse","floor":3,"turns":1},{"damage":0,"enemies":"Jaw Worm","floor":4,"turns":1},{"damage":0,"enemies":"Gremlin Nob","floor":6,"turns":3},{"damage":0,"enemies":"3 Louse","floor":8,"turns":1},{"damage":0,"enemies":"Blue Slaver","floor":11,"turns":1},{"damage":0,"enemies":"Red Slaver","floor":12,"turns":1},{"damage":0,"enemies":"Gremlin Gang","floor":14,"turns":1},{"damage":0,"enemies":"Hexaghost","floor":16,"turns":4},{"damage":4,"enemies":"2 Thieves","floor":18,"turns":2},{"damage":0,"enemies":"Chosen","floor":19,"turns":2},{"damage":0,"enemies":"3 Cultists","floor":25,"turns":1},{"damage":0,"enemies":"Snake Plant","floor":27,"turns":1},{"damage":0,"enemies":"Shelled Parasite and Fungi","floor":29,"turns":1},{"damage":0,"enemies":"Centurion and Healer","floor":30,"turns":1},{"damage":0,"enemies":"Book of Stabbing","floor":31,"turns":1},{"damage":0,"enemies":"Collector","floor":33,"turns":2},{"damage":0,"enemies":"3 Darklings","floor":35,"turns":2},{"damage":0,"enemies":"3 Shapes","floor":36,"turns":1},{"damage":0,"enemies":"3 Darklings","floor":37,"turns":2},{"damage":0,"enemies":"Transient","floor":38,"turns":5},{"damage":0,"enemies":"Jaw Worm Horde","floor":41,"turns":1},{"damage":0,"enemies":"Giant Head","floor":42,"turns":3},{"damage":17,"enemies":"Sphere and 2 Shapes","floor":44,"turns":1},{"damage":0,"enemies":"Nemesis","floor":46,"turns":1},{"damage":0,"enemies":"Giant Head","floor":47,"turns":2},{"damage":0,"enemies":"3 Darklings","floor":48,"turns":1},{"damage":32,"enemies":"Awakened One","floor":50,"turns":4}],"seed_played":"-1427417700532802066","potions_obtained":[{"floor":3,"key":"Poison Potion"},{"floor":8,"key":"Poison Potion"},{"floor":12,"key":"FearPotion"},{"floor":16,"key":"PowerPotion"},{"floor":25,"key":"Strength Potion"},{"floor":29,"key":"BlessingOfTheForge"},{"floor":33,"key":"Strength Potion"},{"floor":35,"key":"EssenceOfSteel"},{"floor":37,"key":"Fire Potion"},{"floor":38,"key":"Block Potion"}],"is_trial":true,"path_per_floor":["M","?","M","M","?","E","R","M","T","R","M","M","$","M","R","B",null,"M","M","$","?","?","R","T","M","T","M","R","M","M","E","R","B",null,"M","M","M","M","?","R","M","E","T","M","$","E","E","M","R","B",null],"character_chosen":"THE_SILENT","items_purchased":["Purity","Happy Flower","Panache+1"],"campfire_rested":0,"item_purchase_floors":[20,20,45],"current_hp_per_floor":[70,59,59,59,45,45,45,45,45,45,45,45,45,45,45,45,70,66,66,66,66,66,66,73,73,73,73,77,77,77,77,77,77,77,77,77,77,77,77,77,77,79,79,62,62,64,66,66,83,51],"gold":355,"neow_bonus":"","is_daily":false,"chose_seed":false,"campfire_upgraded":8,"win_rate":0.0,"timestamp":1609485926,"path_taken":["M","?","M","M","?","E","R","?","T","R","M","M","$","M","R","BOSS","M","M","$","?","?","R","?","M","T","M","R","M","M","E","R","BOSS","M","M","M","M","?","R","M","?","T","M","$","?","E","M","R","BOSS"],"items_purchased_type":["Card","Relic","Card"],"build_version":"2020-12-22","purchased_purges":0,"victory":true,"max_hp_per_floor":[70,70,70,70,70,70,70,70,70,70,70,70,70,70,70,70,70,70,70,70,70,70,70,77,77,77,77,77,77,77,77,77,77,77,77,77,77,77,77,77,77,79,79,79,79,81,83,83,83,83],"relic_stats":{"Darkstone Periapt":0,"Regal Pillow":0,"Happy Flower":[10],"Singing Bowl":6,"counters":[28,50],"CeramicFish":0,"Eternal Feather":21,"PreservedInsect":297,"Bag of Preparation":[0],"Whetstone":["Endless Agony","Endless Agony"],"Question Card":2,"Sundial":[0],"Pantograph":0,"Bronze Scales":[37],"Prayer Wheel":0,"Tiny Chest":0,"Art of War":[0],"Kunai":[54],"obtain_stats":[{"Ice Cream":6,"Darkstone Periapt":47,"Regal Pillow":38,"Singing Bowl":42,"CeramicFish":48,"Vajra":36,"Bag of Preparation":31,"Whetstone":12,"Bottled Tornado":3,"Ancient Tea Set":8,"Ninja Scroll":1,"Sundial":41,"Strawberry":24,"Pantograph":26,"Philosopher\u0027s Stone":17,"Prayer Wheel":21,"Tiny Chest":35,"Kunai":29,"Ring of the Snake":0,"Runic Pyramid":34,"Happy Flower":20,"Oddly Smooth Stone":4,"Eternal Feather":27,"PreservedInsect":37,"Omamori":18,"Frozen Egg 2":14,"Question Card":43,"Akabeko":44,"Bronze Scales":30,"Molten Egg 2":9,"Art of War":11,"Bag of Marbles":19,"StrikeDummy":46,"Unceasing Top":0,"Meat on the Bone":25},{"Ice Cream":4,"Darkstone Periapt":26,"Regal Pillow":21,"Singing Bowl":23,"CeramicFish":27,"Vajra":19,"Bag of Preparation":16,"Whetstone":7,"Bottled Tornado":2,"Ancient Tea Set":5,"Ninja Scroll":1,"Sundial":22,"Strawberry":11,"Pantograph":12,"Philosopher\u0027s Stone":9,"Prayer Wheel":11,"Tiny Chest":18,"Kunai":14,"Ring of the Snake":0,"Runic Pyramid":17,"Happy Flower":11,"Oddly Smooth Stone":3,"Eternal Feather":13,"PreservedInsect":20,"Omamori":10,"Frozen Egg 2":8,"Question Card":23,"Akabeko":24,"Bronze Scales":15,"Molten Egg 2":5,"Art of War":6,"Bag of Marbles":11,"StrikeDummy":25,"Unceasing Top":0,"Meat on the Bone":12},{"Ice Cream":8,"Darkstone Periapt":45,"Regal Pillow":37,"Singing Bowl":41,"CeramicFish":46,"Vajra":30,"Bag of Preparation":25,"Whetstone":11,"Bottled Tornado":4,"Ancient Tea Set":9,"Ninja Scroll":3,"Sundial":38,"Strawberry":20,"Pantograph":21,"Philosopher\u0027s Stone":16,"Prayer Wheel":20,"Tiny Chest":29,"Kunai":23,"Ring of the Snake":0,"Runic Pyramid":27,"Happy Flower":20,"Oddly Smooth Stone":5,"Eternal Feather":22,"PreservedInsect":32,"Omamori":18,"Frozen Egg 2":12,"Question Card":41,"Akabeko":42,"Bronze Scales":24,"Molten Egg 2":9,"Art of War":10,"Bag of Marbles":20,"StrikeDummy":43,"Unceasing Top":0,"Meat on the Bone":21}],"Unceasing Top":[127],"Ring of the Snake":[51],"Meat on the Bone":0},"card_choices":[{"not_picked":["Bouncing Flask","Envenom"],"picked":"Escape Plan","floor":6},{"not_picked":["Underhanded Strike+1","Predator+1"],"picked":"Slice+1","floor":31},{"not_picked":["Grand Finale+1","Venomology"],"picked":"Envenom+1","floor":33},{"not_picked":["Deflect","Dagger Spray+1","PiercingWail"],"picked":"Singing Bowl","floor":42},{"not_picked":["Deadly Poison","Blade Dance","Backflip","Slice+1"],"picked":"Singing Bowl","floor":46},{"not_picked":["Underhanded Strike+1","All Out Attack+1","Bane+1","Dash+1"],"picked":"Singing Bowl","floor":47}],"player_experience":133053,"relics_obtained":[{"floor":1,"key":"Ninja Scroll"},{"floor":3,"key":"Bottled Tornado"},{"floor":4,"key":"Oddly Smooth Stone"},{"floor":6,"key":"Ice Cream"},{"floor":8,"key":"Ancient Tea Set"},{"floor":9,"key":"Molten Egg 2"},{"floor":11,"key":"Art of War"},{"floor":12,"key":"Whetstone"},{"floor":14,"key":"Frozen Egg 2"},{"floor":18,"key":"Omamori"},{"floor":19,"key":"Bag of Marbles"},{"floor":24,"key":"Strawberry"},{"floor":25,"key":"Meat on the Bone"},{"floor":26,"key":"Pantograph"},{"floor":27,"key":"Eternal Feather"},{"floor":29,"key":"Kunai"},{"floor":30,"key":"Bronze Scales"},{"floor":31,"key":"Bag of Preparation"},{"floor":35,"key":"Tiny Chest"},{"floor":36,"key":"Vajra"},{"floor":37,"key":"PreservedInsect"},{"floor":38,"key":"Regal Pillow"},{"floor":41,"key":"Sundial"},{"floor":42,"key":"Singing Bowl"},{"floor":43,"key":"Question Card"},{"floor":44,"key":"Akabeko"},{"floor":46,"key":"StrikeDummy"},{"floor":47,"key":"Darkstone Periapt"},{"floor":48,"key":"CeramicFish"}],"event_choices":[{"damage_healed":0,"gold_gain":75,"player_choice":"Gather Gold","damage_taken":11,"max_hp_gain":0,"max_hp_loss":0,"event_name":"World of Goop","floor":2,"gold_loss":0},{"damage_healed":0,"gold_gain":0,"player_choice":"Entered Light","damage_taken":14,"max_hp_gain":0,"max_hp_loss":0,"event_name":"Shining Light","floor":5,"gold_loss":0,"cards_upgraded":["Prepared","Deflect"]},{"damage_healed":0,"gold_gain":0,"player_choice":"Obtained Relic","damage_taken":0,"relics_obtained":["Prayer Wheel"],"max_hp_gain":0,"max_hp_loss":0,"event_name":"Addict","floor":21,"gold_loss":85},{"damage_healed":0,"gold_gain":0,"player_choice":"Read","damage_taken":0,"max_hp_gain":0,"max_hp_loss":0,"event_name":"The Library","floor":22,"gold_loss":0,"cards_obtained":["Backstab"]},{"damage_healed":0,"gold_gain":0,"player_choice":"Copied","damage_taken":0,"max_hp_gain":0,"max_hp_loss":0,"event_name":"Duplicator","floor":39,"gold_loss":0,"cards_obtained":["Accuracy"]}],"is_beta":false,"boss_relics":[{"not_picked":["Velvet Choker","HoveringKite"],"picked":"Philosopher\u0027s Stone"},{"not_picked":["Fusion Hammer","Empty Cage"],"picked":"Runic Pyramid"}],"items_purged_floors":[],"is_endless":false,"potions_floor_spawned":[3,8,12,14,16,25,29,33,35,37,38,42,47],"ascension_level":0}}