{"host":"rag04wbrzwiojxfu","time":1609529153,"event":{"mods":["AchievementEnabler","Alarm Clock","BaseMod","Bestiary","Block Reminder","Colored Map","Colored Powertips","Highlight Path","Minty Spire (QoL Compilation)","Quick Restart","Relic Sorter","Relic Stats","Shop Mod","StSLib"],"gold_per_floor":[118,132,143,163,174,174,124,144,144,144,144,144,173,173,173,275,275,294,294,219,219,197,197,197,122,145,145,161,181,181,181,181,277,327,337,353,403,403,415,415,194,194,194,212,212,228,244,256,256,256],"floor_reached":51,"playtime":2250,"items_purged":["Defend_R"],"score":810,"play_id":"34861e0b-6222-42c8-b783-3eda98a0800c","local_time":"20210101132553","daily_mods":["Vintage","Colorless Cards","Heirloom","Flight"],"is_ascension_mode":false,"campfire_choices":[{"data":"Perfected Strike","floor":6,"key":"SMITH"},{"data":"Perfected Strike","floor":10,"key":"SMITH"},{"data":"1","floor":11,"key":"LIFT"},{"data":"2","floor":12,"key":"LIFT"},{"data":"3","floor":15,"key":"LIFT"},{"data":"Pommel Strike","floor":23,"key":"SMITH"},{"data":"Pommel Strike","floor":24,"key":"SMITH"},{"floor":27,"key":"DIG"},{"floor":30,"key":"DIG"},{"floor":32,"key":"DIG"},{"floor":40,"key":"DIG"},{"data":"Swift Strike","floor":42,"key":"SMITH"},{"floor":45,"key":"DIG"},{"floor":49,"key":"DIG"}],"circlet_count":0,"master_deck":["Strike_R+1","Strike_R+1","Strike_R+1","Strike_R+1","Strike_R+1","Defend_R+1","Defend_R+1","Wild Strike+1","Pommel Strike+1","Wild Strike+1","Perfected Strike+1","Perfected Strike+1","Pommel Strike+1","Swift Strike+1","Twin Strike+1","Perfected Strike+1","Madness+1","Madness+1"],"relics":["Black Blood","Girya","Shovel","Gremlin Horn","Red Skull","Singing Bowl","Bronze Scales","Bag of Marbles","HornCleat","Odd Mushroom","Toxic Egg 2","MutagenicStrength","Tiny Chest","Centennial Puzzle","Akabeko","Vajra","Champion Belt","CeramicFish","Tiny House","Pear","Frozen Egg 2","Thread and Needle","Kunai","Darkstone Periapt","Orrery","Paper Frog","Smiling Mask","Sundial","Lantern","InkBottle","Whetstone"],"acts_visited":["Exordium","TheCity","TheBeyond"],"potions_floor_usage":[5,16,33,35,50,50],"damage_taken":[{"damage":6,"enemies":"Jaw Worm","floor":1,"turns":2},{"damage":5,"enemies":"Small Slimes","floor":2,"turns":2},{"damage":0,"enemies":"2 Louse","floor":3,"turns":2},{"damage":0,"enemies":"Large Slime","floor":4,"turns":3},{"damage":5,"enemies":"Exordium Wildlife","floor":5,"turns":3},{"damage":0,"enemies":"3 Louse","floor":8,"turns":1},{"damage":0,"enemies":"The Mushroom Lair","floor":13,"turns":2},{"damage":6,"enemies":"Hexaghost","floor":16,"turns":6},{"damage":0,"enemies":"Spheric Guardian","floor":18,"turns":2},{"damage":0,"enemies":"2 Thieves","floor":28,"turns":1},{"damage":0,"enemies":"Snecko","floor":29,"turns":2},{"damage":79,"enemies":"Automaton","floor":33,"turns":8},{"damage":0,"enemies":"Orb Walker","floor":35,"turns":2},{"damage":0,"enemies":"3 Darklings","floor":36,"turns":2},{"damage":0,"enemies":"Mind Bloom Boss Battle","floor":37,"turns":3},{"damage":9,"enemies":"Transient","floor":39,"turns":5},{"damage":0,"enemies":"Spire Growth","floor":46,"turns":1},{"damage":0,"enemies":"Jaw Worm Horde","floor":47,"turns":1},{"damage":0,"enemies":"Writhing Mass","floor":48,"turns":1},{"damage":127,"enemies":"Awakened One","floor":50,"turns":9}],"seed_played":"1667416481791358944","potions_obtained":[{"floor":1,"key":"SmokeBomb"},{"floor":3,"key":"Explosive Potion"},{"floor":5,"key":"DistilledChaos"},{"floor":29,"key":"Swift Potion"},{"floor":33,"key":"Weak Potion"},{"floor":34,"key":"BloodPotion"},{"floor":36,"key":"FairyPotion"},{"floor":46,"key":"PowerPotion"}],"is_trial":true,"path_per_floor":["M","M","M","M","M","R","?","M","T","R","R","R","?","?","R","B",null,"M","?","$","?","$","R","R","?","T","R","M","M","R","?","R","B",null,"M","M","?","T","M","R","$","R","T","?","R","M","M","M","R","B",null],"character_chosen":"IRONCLAD","items_purchased":["Pommel Strike","Swift Strike","Orrery"],"campfire_rested":0,"item_purchase_floors":[22,41,41],"current_hp_per_floor":[80,80,80,80,80,80,80,80,80,80,80,80,82,66,66,68,84,84,84,84,84,84,84,84,84,84,84,84,84,84,84,84,19,93,103,103,105,105,105,105,111,111,111,97,97,109,111,111,111,18],"gold":256,"neow_bonus":"","is_daily":false,"chose_seed":false,"campfire_upgraded":5,"win_rate":0.0,"timestamp":1609529153,"path_taken":["M","M","M","M","M","R","?","M","T","R","R","R","?","?","R","BOSS","M","?","$","?","?","R","R","?","T","R","?","M","R","?","R","BOSS","M","M","?","?","?","R","$","R","T","?","R","M","M","M","R","BOSS"],"items_purchased_type":["Card","Card","Relic"],"build_version":"2020-12-22","purchased_purges":1,"victory":true,"max_hp_per_floor":[80,80,80,80,80,80,80,80,80,80,80,80,82,82,82,84,84,84,84,84,84,84,84,84,84,84,84,84,84,84,84,84,86,93,103,103,105,105,105,105,111,111,111,111,111,111,111,111,111,111],"relic_stats":{"Darkstone Periapt":0,"Gremlin Horn":[19,19],"Singing Bowl":16,"counters":[20,58],"CeramicFish":45,"Black Blood":69,"Whetstone":["Wild Strike"],"Smiling Mask":0,"Centennial Puzzle":[9],"Shovel":6,"Sundial":[2],"Bronze Scales":[112],"Tiny Chest":1,"Champion Belt":[14],"Kunai":[9],"obtain_stats":[{"Darkstone Periapt":40,"Lantern":47,"Tiny House":34,"Gremlin Horn":2,"Singing Bowl":4,"CeramicFish":32,"Black Blood":17,"Vajra":29,"Whetstone":49,"Smiling Mask":45,"Burning Blood":0,"Centennial Puzzle":27,"Shovel":1,"HornCleat":9,"Sundial":46,"Tiny Chest":26,"Kunai":39,"Toxic Egg 2":18,"Red Skull":3,"InkBottle":48,"Paper Frog":43,"Girya":0,"Pear":35,"Thread and Needle":37,"Odd Mushroom":13,"Frozen Egg 2":36,"Akabeko":28,"Bronze Scales":5,"MutagenicStrength":19,"Orrery":41,"Bag of Marbles":8,"Champion Belt":30},{"Darkstone Periapt":16,"Lantern":18,"Tiny House":12,"Gremlin Horn":2,"Singing Bowl":4,"CeramicFish":11,"Black Blood":8,"Vajra":11,"Whetstone":19,"Smiling Mask":16,"Burning Blood":0,"Centennial Puzzle":9,"Shovel":1,"HornCleat":6,"Sundial":17,"Tiny Chest":9,"Kunai":16,"Toxic Egg 2":9,"Red Skull":3,"InkBottle":19,"Paper Frog":16,"Girya":0,"Pear":13,"Thread and Needle":15,"Odd Mushroom":7,"Frozen Egg 2":14,"Akabeko":10,"Bronze Scales":5,"MutagenicStrength":9,"Orrery":16,"Bag of Marbles":6,"Champion Belt":11},{"Darkstone Periapt":46,"Lantern":48,"Tiny House":34,"Gremlin Horn":4,"Singing Bowl":9,"CeramicFish":26,"Black Blood":21,"Vajra":26,"Whetstone":49,"Smiling Mask":46,"Burning Blood":0,"Centennial Puzzle":23,"Shovel":2,"HornCleat":13,"Sundial":47,"Tiny Chest":23,"Kunai":46,"Toxic Egg 2":23,"Red Skull":6,"InkBottle":49,"Paper Frog":46,"Girya":0,"Pear":36,"Thread and Needle":41,"Odd Mushroom":15,"Frozen Egg 2":38,"Akabeko":24,"Bronze Scales":12,"MutagenicStrength":23,"Orrery":46,"Bag of Marbles":13,"Champion Belt":26}],"InkBottle":[3]},"card_choices":[{"not_picked":["Intimidate","Heavy Blade","Clash"],"picked":"Singing Bowl","floor":13},{"not_picked":["Demon Form","Exhume","HandOfGreed"],"picked":"Singing Bowl","floor":16},{"not_picked":["Corruption","Mayhem","Metamorphosis+1"],"picked":"Singing Bowl","floor":33},{"not_picked":["Warcry+1","Finesse+1","Armaments+1"],"picked":"Singing Bowl","floor":34},{"not_picked":["PanicButton+1","Inflame+1","Reckless Charge+1"],"picked":"Singing Bowl","floor":37},{"not_picked":["Sever Soul","Shockwave+1","Reckless Charge"],"picked":"Singing Bowl","floor":41},{"not_picked":["Heavy Blade","Shrug It Off+1"],"picked":"Twin Strike+1","floor":41},{"not_picked":["Flash of Steel+1","Fiend Fire","Iron Wave"],"picked":"Singing Bowl","floor":41},{"not_picked":["Disarm+1","PanicButton+1"],"picked":"Perfected Strike+1","floor":41},{"not_picked":["True Grit+1","Blood for Blood+1","Havoc+1"],"picked":"Singing Bowl","floor":41}],"player_experience":194907,"relics_obtained":[{"floor":1,"key":"Shovel"},{"floor":2,"key":"Gremlin Horn"},{"floor":3,"key":"Red Skull"},{"floor":4,"key":"Singing Bowl"},{"floor":5,"key":"Bronze Scales"},{"floor":8,"key":"Bag of Marbles"},{"floor":9,"key":"HornCleat"},{"floor":13,"key":"Odd Mushroom"},{"floor":18,"key":"Toxic Egg 2"},{"floor":26,"key":"Tiny Chest"},{"floor":27,"key":"Centennial Puzzle"},{"floor":28,"key":"Akabeko"},{"floor":29,"key":"Vajra"},{"floor":30,"key":"Champion Belt"},{"floor":32,"key":"CeramicFish"},{"floor":35,"key":"Pear"},{"floor":36,"key":"Frozen Egg 2"},{"floor":37,"key":"Thread and Needle"},{"floor":39,"key":"Kunai"},{"floor":40,"key":"Darkstone Periapt"},{"floor":43,"key":"Paper Frog"},{"floor":45,"key":"Smiling Mask"},{"floor":46,"key":"Sundial"},{"floor":47,"key":"Lantern"},{"floor":48,"key":"InkBottle"},{"floor":49,"key":"Whetstone"}],"event_choices":[{"cards_removed":["Bash"],"damage_healed":0,"gold_gain":0,"player_choice":"Card Removal","damage_taken":0,"max_hp_gain":0,"max_hp_loss":0,"event_name":"The Cleric","floor":7,"gold_loss":50},{"damage_healed":0,"gold_gain":0,"player_choice":"Fought Mushrooms","damage_taken":0,"max_hp_gain":0,"max_hp_loss":0,"event_name":"Mushrooms","floor":13,"gold_loss":0},{"damage_healed":0,"gold_gain":0,"player_choice":"Entered Light","damage_taken":16,"max_hp_gain":0,"max_hp_loss":0,"event_name":"Shining Light","floor":14,"gold_loss":0,"cards_upgraded":["Defend_R","Strike_R"]},{"damage_healed":0,"gold_gain":0,"player_choice":"Inject Mutagens","damage_taken":0,"relics_obtained":["MutagenicStrength"],"max_hp_gain":0,"max_hp_loss":0,"event_name":"Drug Dealer","floor":19,"gold_loss":0},{"damage_healed":0,"gold_gain":0,"player_choice":"Ignored","damage_taken":0,"max_hp_gain":0,"max_hp_loss":0,"event_name":"Ghosts","floor":21,"gold_loss":0},{"cards_removed":["Defend_R"],"damage_healed":0,"gold_gain":0,"player_choice":"Gave Gold","damage_taken":0,"max_hp_gain":0,"max_hp_loss":0,"event_name":"Beggar","floor":25,"gold_loss":75},{"damage_healed":0,"gold_gain":0,"player_choice":"Simplicity","damage_taken":0,"max_hp_gain":0,"max_hp_loss":0,"event_name":"Back to Basics","floor":31,"gold_loss":0,"cards_upgraded":["Strike_R","Strike_R","Strike_R","Strike_R","Defend_R"]},{"damage_healed":0,"gold_gain":0,"player_choice":"Fight","damage_taken":0,"max_hp_gain":0,"max_hp_loss":0,"event_name":"MindBloom","floor":37,"gold_loss":0},{"damage_healed":0,"gold_gain":0,"player_choice":"Embrace Madness","damage_taken":14,"max_hp_gain":0,"max_hp_loss":0,"event_name":"Winding Halls","floor":44,"gold_loss":0,"cards_obtained":["Madness","Madness"]}],"is_beta":false,"boss_relics":[{"not_picked":["Black Star","Philosopher\u0027s Stone"],"picked":"Black Blood"},{"not_picked":["Empty Cage","SlaversCollar"],"picked":"Tiny House"}],"items_purged_floors":[20],"is_endless":false,"potions_floor_spawned":[1,3,5,29,33,36,46,47],"ascension_level":0}}