{"host":"xshq2rhao6qj608z","time":1609514551,"event":{"mods":["AchievementEnabler","BaseMod","BetterRewards","Block Reminder","Colored Powertips","Downfall","Energized Spire","Highlight Path","Infinite Spire","Minty Spire (QoL Compilation)","Quick Restart","Rare Cards Sparkle","Replay The Spire","StSLib","The Blue Laboratory","The Jungle"],"gold_per_floor":[116,116,116,116,66,66,94,109,109,139,139,157,157,175,175,271,271,291,206,206,216,236,236,236],"floor_reached":23,"playtime":1400,"items_purged":[],"score":258,"play_id":"e6f88a36-0399-444c-b620-ae0343e9f780","local_time":"20210101182231","is_ascension_mode":true,"campfire_choices":[{"data":"Zap","floor":6.0,"key":"SMITH"},{"floor":13.0,"key":"REST"},{"data":"Chaos","floor":15.0,"key":"SMITH"}],"circlet_count":0,"master_deck":["Strike_B","Strike_B+1","Strike_B","Strike_B","Defend_B","Defend_B+1","Defend_B","Defend_B","Zap+1","Dualcast","Rebound","Gash","Ball Lightning","Genetic Algorithm+1","Conserve Battery","Chaos+1","CommonCold","infinitespire:FinalStrike","Panacea","Amplify","champ:Execute","Melter","Lockon+1"],"relics":["Cracked Core","NeowsBlessing","Bag of Preparation","Snack Pack","Divine Protection","Bag of Marbles","ReplayTheSpireMod:SealedPack","Replay:Antivirus Software","MutagenicStrength"],"acts_visited":["Exordium","TheCity"],"potions_floor_usage":[],"damage_taken":[{"damage":0.0,"enemies":"2 Louse","floor":1.0,"turns":1.0},{"damage":0.0,"enemies":"Gremlin Nob","floor":7.0,"turns":1.0},{"damage":0.0,"enemies":"Small Slimes","floor":8.0,"turns":1.0},{"damage":16.0,"enemies":"Lagavulin","floor":10.0,"turns":5.0},{"damage":0.0,"enemies":"Jaw Worm","floor":12.0,"turns":3.0},{"damage":0.0,"enemies":"Blue Slaver","floor":14.0,"turns":3.0},{"damage":52.0,"enemies":"Fading Forest","floor":16.0,"turns":11.0},{"damage":19,"enemies":"2 Thieves","floor":18,"turns":4},{"damage":0,"enemies":"Spheric Guardian","floor":21,"turns":3},{"damage":9,"enemies":"3 Cultists","floor":22,"turns":5},{"damage":61,"enemies":"Gremlin Leader","floor":23,"turns":7}],"seed_played":"-4912456729307810018","potions_obtained":[{"floor":7.0,"key":"blueLaboratory:ArtificerPotion"},{"floor":10.0,"key":"sneckomod:MuddlingPotion"},{"floor":16.0,"key":"blueLaboratory:LouseDecoction"},{"floor":22,"key":"Strength Potion"}],"is_trial":false,"path_per_floor":["M","?","?","?","$","R","E","M","T","E","?","M","R","M","R","B",null,"M","?","?","M","M","E"],"character_chosen":"DEFECT","items_purchased":["Gash"],"campfire_rested":1,"item_purchase_floors":[5],"current_hp_per_floor":[75,75,75,75,75,75,75,75,75,61,46,46,68,70,70,36,75,58,58,58,58,54,0,0],"gold":236,"neow_bonus":"THREE_ENEMY_KILL","is_daily":false,"chose_seed":false,"campfire_upgraded":2,"win_rate":0.0,"timestamp":1609514551,"path_taken":["M","?","?","?","$","R","E","M","T","E","?","?","R","M","R","BOSS","M","?","?","M","M","E"],"items_purchased_type":["Card"],"build_version":"2020-12-22","purchased_purges":0,"victory":false,"max_hp_per_floor":[75,75,75,75,75,75,75,75,75,75,75,75,75,75,75,75,75,75,75,75,75,75,75,75],"card_choices":[{"not_picked":["Darkness","ReplayTheSpireMod:Repulse"],"picked":"Rebound","floor":1.0},{"not_picked":["BasicCrystalCard","Recycle"],"picked":"Ball Lightning","floor":7.0},{"not_picked":["Time Bomb","Double Energy"],"picked":"Genetic Algorithm","floor":8.0},{"not_picked":["ReplayTheSpireMod:Fabricate Wheel","Beam Cell"],"picked":"Conserve Battery","floor":10.0},{"not_picked":["Aggregate","Streamline","BasicCrystalCard"],"picked":"SKIP","floor":12.0},{"not_picked":["Storm","Coolheaded"],"picked":"Chaos","floor":14.0},{"not_picked":["ReplayTheSpireMod:??????????????????????","infinitespire:SealOfDarkness+"],"picked":"infinitespire:FinalStrike","floor":17},{"not_picked":["Trip","Replay:SS_hec_1"],"picked":"Panacea","floor":17},{"not_picked":["Fission","Biased Cognition"],"picked":"Amplify","floor":17},{"not_picked":["Bash","Zap"],"picked":"champ:Execute","floor":17},{"not_picked":["Heatsinks","Turbo+1"],"picked":"Melter","floor":18},{"not_picked":["Cold Snap","Ball Lightning"],"picked":"Lockon+1","floor":21},{"not_picked":["Genetic Algorithm","Storm","Coolheaded+1"],"picked":"SKIP","floor":22}],"player_experience":219105,"relics_obtained":[{"floor":3.0,"key":"Bag of Preparation"},{"floor":7.0,"key":"Snack Pack"},{"floor":9.0,"key":"Divine Protection"},{"floor":10.0,"key":"Bag of Marbles"}],"event_choices":[{"damage_healed":0.0,"max_hp_gain":0.0,"max_hp_loss":0.0,"gold_gain":0.0,"event_name":"The Cleric","player_choice":"Leave","floor":4.0,"gold_loss":0.0,"damage_taken":0.0},{"damage_healed":0.0,"max_hp_gain":0.0,"max_hp_loss":0.0,"gold_gain":0.0,"event_name":"Shining Light","player_choice":"Entered Light","floor":11.0,"gold_loss":0.0,"damage_taken":15.0,"cards_upgraded":["Defend_B","Genetic Algorithm"]},{"damage_healed":0,"gold_gain":0,"player_choice":"Obtained Relic","damage_taken":0,"relics_obtained":["Replay:Antivirus Software"],"max_hp_gain":0,"max_hp_loss":0,"event_name":"Addict","floor":19,"gold_loss":85},{"damage_healed":0,"gold_gain":0,"player_choice":"Inject Mutagens","damage_taken":0,"relics_obtained":["MutagenicStrength"],"max_hp_gain":0,"max_hp_loss":0,"event_name":"Drug Dealer","floor":20,"gold_loss":0}],"is_beta":false,"boss_relics":[{"not_picked":["Empty Cage","Busted Crown"],"picked":"ReplayTheSpireMod:SealedPack"}],"items_purged_floors":[],"is_endless":false,"potions_floor_spawned":[7,10,16,22],"killed_by":"Gremlin Leader","ascension_level":3}}