{"host":"hjw1ay65n7jm40lc","time":1609539926,"event":{"mods":["AchievementEnabler","BaseMod","Block Reminder","Colored Map","Colored Powertips","Downfall","Googly Eyes","Highlight Path","Minty Spire (QoL Compilation)","Quick Restart","Relic Stats","StSLib"],"gold_per_floor":[99,119,135,150,168,201,201,219,144,160,193,193,224,52,67,171,171,171,171,171,5,5,5,5,5,5,5,5,5,5,5,5,5,5,5,5,5,5,5,5,5,0,0,0,0,0,0,0,0,0,0,0,0,0,0],"floor_reached":56,"playtime":21338,"items_purged":["champ:Strike"],"score":1450,"play_id":"f8ea6f99-ead6-4e13-9dd3-a0b2f7e360b3","local_time":"20210101172526","is_ascension_mode":true,"campfire_choices":[{"data":"champ:Taunt","floor":1.0,"key":"SMITH"},{"floor":9.0,"key":"REST"},{"data":"champ:DancingMaster","floor":18.0,"key":"SMITH"},{"floor":26.0,"key":"RECALL"},{"data":"champ:GladiatorStyle","floor":29.0,"key":"SMITH"},{"data":"champ:DancingMaster","floor":35.0,"key":"SMITH"},{"data":"champ:ShieldWall","floor":44,"key":"SMITH"},{"data":"champ:FocusedGladiator","floor":46,"key":"SMITH"},{"floor":54,"key":"REST"}],"circlet_count":0,"master_deck":["champ:Defend","champ:Defend+1","champ:Defend","champ:Defend","champ:Execute","champ:Taunt+1","champ:FaceSlap","champ:IronFortress","champ:ArenaPreparation","champ:FanOfKnives","champ:AdrenalArmor","champ:HeartStrike","champ:DeathBlow","champ:SwordSigil+1","champ:Devastate","champ:BringItOn","champ:DancingMaster+1","champ:CalledShot+1","champ:TornadoPunch+1","champ:GladiatorStyle+1","champ:TornadoPunch+1","champ:DancingMaster+1","champ:Backstep","champ:CrownThrow","champ:DefensiveShout+1","champ:BerserkersShout+1","champ:ShieldWall+1","champ:FocusedGladiator+1","champ:Backstep+1","champ:FlashCut+1","champ:SteelEdge"],"relics":["SlaversCollar","Lantern","Akabeko","downfall:HeartBlessingGreen","Kunai","Orichalcum","Chemical X","downfall:Hecktoplasm","Pen Nib","Shuriken","champ:BerserkersGuideToSlaughter","Ancient Tea Set","downfall:HeartBlessingRed","War Paint","Empty Cage","downfall:GremlinWheel","Toy Ornithopter","downfall:HeartBlessingBlue","Dream Catcher","Vajra"],"acts_visited":["Exordium","TheCity","TheBeyond","TheEnding"],"potions_floor_usage":[52],"damage_taken":[{"damage":9.0,"enemies":"Jaw Worm","floor":2.0,"turns":5.0},{"damage":5.0,"enemies":"Cultist","floor":3.0,"turns":3.0},{"damage":5.0,"enemies":"Small Slimes","floor":4.0,"turns":3.0},{"damage":24.0,"enemies":"2 Fungi Beasts","floor":5.0,"turns":4.0},{"damage":24.0,"enemies":"Gremlin Nob","floor":6.0,"turns":3.0},{"damage":28.0,"enemies":"Lots of Slimes","floor":8.0,"turns":3.0},{"damage":13.0,"enemies":"Exordium Thugs","floor":10.0,"turns":4.0},{"damage":28.0,"enemies":"3 Sentries","floor":11.0,"turns":3.0},{"damage":35.0,"enemies":"Gremlin Nob","floor":13.0,"turns":4.0},{"damage":32.0,"enemies":"downfall:FleeingMerchant","floor":14.0,"turns":4.0},{"damage":11.0,"enemies":"Exordium Wildlife","floor":15.0,"turns":1.0},{"damage":64.0,"enemies":"downfall:Ironclad","floor":16.0,"turns":6.0},{"damage":33.0,"enemies":"3 Byrds","floor":19.0,"turns":5.0},{"damage":22.0,"enemies":"Centurion and Healer","floor":20.0,"turns":5.0},{"damage":38.0,"enemies":"downfall:FleeingMerchant","floor":21.0,"turns":4.0},{"damage":60.0,"enemies":"Cultist and Chosen","floor":22.0,"turns":4.0},{"damage":55.0,"enemies":"Gremlin Leader","floor":23.0,"turns":5.0},{"damage":30.0,"enemies":"Shelled Parasite and Fungi","floor":25.0,"turns":4.0},{"damage":8.0,"enemies":"Slavers","floor":28.0,"turns":2.0},{"damage":5.0,"enemies":"Gremlin Leader","floor":30.0,"turns":3.0},{"damage":12.0,"enemies":"Chosen and Byrds","floor":31.0,"turns":4.0},{"damage":5.0,"enemies":"Snake Plant","floor":32.0,"turns":3.0},{"damage":31.0,"enemies":"downfall:Defect","floor":33.0,"turns":7.0},{"damage":33.0,"enemies":"3 Darklings","floor":36.0,"turns":4.0},{"damage":33.0,"enemies":"3 Shapes","floor":37.0,"turns":4.0},{"damage":49.0,"enemies":"Jaw Worm Horde","floor":38.0,"turns":5.0},{"damage":0.0,"enemies":"Jaw Worm Horde","floor":39.0,"turns":1.0},{"damage":13,"enemies":"Writhing Mass","floor":40,"turns":4},{"damage":32,"enemies":"downfall:FleeingMerchant","floor":42,"turns":4},{"damage":37,"enemies":"Reptomancer","floor":43,"turns":3},{"damage":20,"enemies":"Nemesis","floor":45,"turns":5},{"damage":0,"enemies":"3 Darklings","floor":47,"turns":4},{"damage":49,"enemies":"Transient","floor":49,"turns":5},{"damage":29,"enemies":"downfall:Watcher","floor":50,"turns":3},{"damage":104,"enemies":"downfall:CharBossMerchant","floor":52,"turns":6},{"damage":222,"enemies":"downfall:NeowBoss","floor":55,"turns":21}],"seed_played":"7110346256939137382","potions_obtained":[{"floor":2.0,"key":"SteroidPotion"},{"floor":4.0,"key":"Swift Potion"},{"floor":5.0,"key":"Weak Potion"},{"floor":11.0,"key":"Strength Potion"},{"floor":13.0,"key":"EntropicBrew"},{"floor":16.0,"key":"Regen Potion"},{"floor":19.0,"key":"Weak Potion"},{"floor":23.0,"key":"FairyPotion"},{"floor":33.0,"key":"FearPotion"},{"floor":39.0,"key":"Dexterity Potion"},{"floor":49,"key":"champ:TechniquePotion"}],"is_trial":false,"path_per_floor":["R","M","M","M","M","E","T","M","R","M","E","?","E","$","M","B",null,"R","M","M","$","M","E","T","M","R","?","E","R","E","M","M","B",null,"R","M","M","M","?","M","T","$","E","R","E","R","M","?","M","B",null,"E","$","R","B",null],"character_chosen":"THE_CHAMP","items_purchased":["Chemical X","champ:GladiatorStyle"],"campfire_rested":2,"item_purchase_floors":[14,21],"current_hp_per_floor":[90,86,86,86,82,68,68,55,82,82,82,82,64,64,64,50,90,90,82,90,90,86,86,86,71,71,71,73,73,83,89,90,90,90,90,87,90,53,53,50,50,52,50,100,100,100,100,100,82,87,100,53,53,83,67],"gold":0,"neow_bonus":"BOSS_RELIC","is_daily":false,"chose_seed":false,"campfire_upgraded":6,"win_rate":0.0,"timestamp":1609539926,"path_taken":["R","M","M","M","M","E","T","M","R","M","E","?","E","$","M","BOSS","R","M","M","$","?","E","T","M","R","?","E","R","E","M","M","BOSS","R","M","M","M","?","?","T","?","E","R","E","R","M","?","M","BOSS","E","$","R","BOSS"],"items_purchased_type":["Relic","Card"],"build_version":"2020-12-22","purchased_purges":1,"victory":true,"max_hp_per_floor":[90,90,90,90,90,90,90,90,90,90,90,90,90,90,90,90,90,90,90,90,90,90,90,90,90,90,90,90,90,90,90,90,90,90,90,90,90,90,90,90,90,90,90,100,100,100,100,100,100,100,100,100,100,100,100],"relic_stats":{"Dream Catcher":1,"counters":[36,158],"Shuriken":[18],"Pen Nib":[17],"Kunai":[27],"Chemical X":[4],"Orichalcum":[192],"War Paint":["champ:SwordSigil","champ:Defend"],"obtain_stats":[{"Lantern":6,"downfall:HeartBlessingRed":29,"Vajra":52,"champ:ChampionCrown":0,"downfall:HeartBlessingGreen":9,"Pen Nib":23,"Orichalcum":13,"War Paint":30,"Ancient Tea Set":28,"Empty Cage":34,"Akabeko":7,"SlaversCollar":0,"Dream Catcher":45,"downfall:GremlinWheel":39,"Shuriken":24,"downfall:HeartBlessingBlue":44,"downfall:Hecktoplasm":17,"Kunai":11,"Chemical X":14,"champ:BerserkersGuideToSlaughter":27,"Toy Ornithopter":43},{"Lantern":5,"downfall:HeartBlessingRed":19,"Vajra":35,"champ:ChampionCrown":0,"downfall:HeartBlessingGreen":6,"Pen Nib":17,"Orichalcum":9,"War Paint":20,"Ancient Tea Set":19,"Empty Cage":23,"Akabeko":5,"SlaversCollar":0,"Dream Catcher":31,"downfall:GremlinWheel":27,"Shuriken":17,"downfall:HeartBlessingBlue":30,"downfall:Hecktoplasm":12,"Kunai":8,"Chemical X":10,"champ:BerserkersGuideToSlaughter":18,"Toy Ornithopter":30},{"Lantern":18,"downfall:HeartBlessingRed":72,"Vajra":137,"champ:ChampionCrown":0,"downfall:HeartBlessingGreen":21,"Pen Nib":66,"Orichalcum":32,"War Paint":75,"Ancient Tea Set":72,"Empty Cage":89,"Akabeko":18,"SlaversCollar":0,"Dream Catcher":119,"downfall:GremlinWheel":103,"Shuriken":66,"downfall:HeartBlessingBlue":114,"downfall:Hecktoplasm":43,"Kunai":28,"Chemical X":36,"champ:BerserkersGuideToSlaughter":70,"Toy Ornithopter":114}],"Toy Ornithopter":5},"card_choices":[{"not_picked":["champ:Aggression","champ:CrookedStrike"],"picked":"champ:FaceSlap","floor":2.0},{"not_picked":["champ:FocusedGladiator","champ:EndlessRage"],"picked":"champ:IronFortress","floor":3.0},{"not_picked":["champ:Riposte","champ:FocusedBerserking"],"picked":"champ:ArenaPreparation","floor":4.0},{"not_picked":["champ:ShieldSigil","champ:Circumvent"],"picked":"champ:FanOfKnives","floor":5.0},{"not_picked":["champ:ShieldSigil","champ:GutPunch"],"picked":"champ:AdrenalArmor","floor":6.0},{"not_picked":["champ:StanceDance","champ:FlashCut"],"picked":"champ:HeartStrike","floor":8.0},{"not_picked":["champ:ArenaPreparation","champ:FaceSlap"],"picked":"champ:DeathBlow","floor":10.0},{"not_picked":["champ:Haymaker","champ:RageSigil","champ:FocusedBerserking"],"picked":"SKIP","floor":11.0},{"not_picked":["champ:HeavySlash","champ:CrookedStrike"],"picked":"champ:Devastate","floor":13.0},{"not_picked":["champ:BladeFlurry","champ:CrookedStrike"],"picked":"champ:BringItOn","floor":14.0},{"not_picked":["champ:IronFortress","champ:FlashCut","champ:ShieldSigil"],"picked":"SKIP","floor":15.0},{"not_picked":["champ:HeavySlash","champ:IgnorePain"],"picked":"champ:DancingMaster","floor":16.0},{"not_picked":["champ:HeartStrike","champ:EnGarde+1"],"picked":"champ:RisingSlash","floor":19.0},{"not_picked":["champ:BringItOn","champ:FalseCounter+1"],"picked":"champ:CalledShot+1","floor":20.0},{"not_picked":["champ:Backstep","champ:RageSigil"],"picked":"champ:TornadoPunch+1","floor":21.0},{"not_picked":["champ:RageSigil","champ:GladiatorStyle"],"picked":"champ:TornadoPunch+1","floor":22.0},{"not_picked":["champ:RageSigil+1","champ:FanOfKnives+1","champ:FalseCounter"],"picked":"SKIP","floor":23.0},{"not_picked":["champ:StanceDance","champ:RageSigil","champ:DefensiveShout"],"picked":"SKIP","floor":25.0},{"not_picked":["champ:GutPunch+1","champ:ViciousMockery+1","champ:DeathBlow"],"picked":"SKIP","floor":28.0},{"not_picked":["champ:Backstep+1","champ:BladeFlurry","champ:Haymaker+1"],"picked":"SKIP","floor":30.0},{"not_picked":["champ:Circumvent","champ:StanceDance"],"picked":"champ:DancingMaster","floor":31.0},{"not_picked":["champ:FightOn","champ:Circumvent"],"picked":"champ:Backstep","floor":32.0},{"not_picked":["champ:ShieldThrow","champ:Devastate"],"picked":"champ:CrownThrow","floor":33.0},{"not_picked":["champ:DefensiveShout","champ:CrookedStrike","champ:TornadoPunch"],"picked":"SKIP","floor":36.0},{"not_picked":["champ:DefensiveShout","champ:CrookedStrike","champ:TornadoPunch"],"picked":"SKIP","floor":36.0},{"not_picked":["champ:GladiatorStyle","champ:HeartStrike+1"],"picked":"champ:DefensiveShout+1","floor":37.0},{"not_picked":["champ:FanOfKnives+1","champ:AdrenalArmor","champ:BladeFlurry+1"],"picked":"SKIP","floor":38.0},{"not_picked":["champ:Circumvent","champ:BladeFlurry"],"picked":"champ:BerserkersShout+1","floor":40},{"not_picked":["champ:Circumvent+1","champ:DefensiveShout+1"],"picked":"champ:ShieldWall","floor":42},{"not_picked":["champ:ArenaPreparation","champ:BerserkersShout+1"],"picked":"champ:FocusedGladiator","floor":43},{"not_picked":["champ:Duel+1","champ:Circumvent+1"],"picked":"champ:Backstep+1","floor":45},{"not_picked":["champ:CrownThrow","champ:EnGarde+1","champ:CrookedStrike"],"picked":"SKIP","floor":47},{"not_picked":["champ:RisingSlash","champ:Backstep"],"picked":"champ:FlashCut+1","floor":49},{"not_picked":["champ:ShieldSlam","champ:GladiatorsShout"],"picked":"champ:SteelEdge","floor":52}],"player_experience":704268,"relics_obtained":[{"floor":6.0,"key":"Lantern"},{"floor":7.0,"key":"Akabeko"},{"floor":11.0,"key":"Kunai"},{"floor":13.0,"key":"Orichalcum"},{"floor":23.0,"key":"Pen Nib"},{"floor":24.0,"key":"Shuriken"},{"floor":28.0,"key":"Ancient Tea Set"},{"floor":30.0,"key":"War Paint"},{"floor":39.0,"key":"downfall:GremlinWheel"},{"floor":43,"key":"Toy Ornithopter"},{"floor":45,"key":"Dream Catcher"},{"floor":52,"key":"Vajra"}],"event_choices":[{"damage_healed":0.0,"max_hp_gain":0.0,"max_hp_loss":0.0,"gold_gain":0.0,"cards_transformed":["champ:Strike"],"event_name":"Transmorgrifier","player_choice":"Transformed","floor":12.0,"gold_loss":0.0,"damage_taken":0.0,"cards_obtained":["champ:SwordSigil"]},{"damage_healed":40,"gold_gain":0,"player_choice":"Full Heal","damage_taken":0,"max_hp_gain":0,"max_hp_loss":0,"event_name":"Wheel of Change","floor":44,"gold_loss":0},{"cards_removed":["champ:RisingSlash"],"damage_healed":0,"gold_gain":0,"player_choice":"Removed Attack","damage_taken":0,"max_hp_gain":0,"max_hp_loss":0,"event_name":"Falling","floor":48,"gold_loss":0}],"is_beta":false,"boss_relics":[{"not_picked":["Runic Dome","SacredBark"],"picked":"downfall:Hecktoplasm"},{"not_picked":["Sozu","Tiny House"],"picked":"Empty Cage"}],"items_purged_floors":[21],"is_endless":false,"potions_floor_spawned":[2,4,5,11,13,15,16,19,23,28,31,33,36,37,39,43,49],"ascension_level":1}}