{"host":"tpad8qsc9e0g0pa5","time":1609489517,"event":{"mods":["BaseMod","Minty Spire (QoL Compilation)","Quick Restart","StSLib","The Bug Knight","The Servant 0.9.4"],"gold_per_floor":[112,112,112,112,130,130,164,179,179,179,193,223,223,236,236,236,236],"floor_reached":16,"playtime":614,"items_purged":[],"score":116,"play_id":"2008dca6-223d-445b-81f8-0504d7479e4b","local_time":"20210101162517","is_ascension_mode":true,"campfire_choices":[{"floor":6.0,"key":"REST"},{"floor":13.0,"key":"REST"},{"data":"Cloak And Dagger","floor":15.0,"key":"SMITH"}],"circlet_count":0,"master_deck":["Strike_G","Strike_G","Strike_G","Defend_G+1","Defend_G","Defend_G+1","Survivor","Neutralize","Cloak And Dagger","Distraction","Cloak And Dagger+1","Flechettes","Wraith Form v2+1","Accuracy","Dagger Spray","Infinite Blades","Distraction"],"relics":["Ring of the Snake","White Beast Statue","StrikeDummy","Potion Belt"],"acts_visited":["Exordium"],"potions_floor_usage":[],"damage_taken":[{"damage":0.0,"enemies":"2 Louse","floor":1.0,"turns":3.0},{"damage":2.0,"enemies":"Small Slimes","floor":5.0,"turns":4.0},{"damage":11.0,"enemies":"Gremlin Nob","floor":7.0,"turns":4.0},{"damage":0.0,"enemies":"Cultist","floor":8.0,"turns":2.0},{"damage":1.0,"enemies":"Blue Slaver","floor":11.0,"turns":3.0},{"damage":19.0,"enemies":"Lagavulin","floor":12.0,"turns":6.0},{"damage":1.0,"enemies":"Red Slaver","floor":14.0,"turns":5.0},{"damage":0,"enemies":"Hexaghost","floor":16,"turns":1}],"seed_played":"1842689819682476065","potions_obtained":[{"floor":5.0,"key":"CultistPotion"},{"floor":7.0,"key":"DuplicationPotion"},{"floor":8.0,"key":"Weak Potion"},{"floor":11.0,"key":"LiquidMemories"},{"floor":12.0,"key":"Block Potion"},{"floor":14.0,"key":"Poison Potion"}],"is_trial":false,"path_per_floor":["M","?","?","?","M","R","E","M","T","?","M","E","R","M","R","B"],"character_chosen":"THE_SILENT","items_purchased":[],"campfire_rested":2,"item_purchase_floors":[],"current_hp_per_floor":[63,56,43,43,41,59,48,48,48,48,47,28,46,45,45,45,45],"gold":236,"neow_bonus":"TRANSFORM_TWO_CARDS","is_daily":false,"chose_seed":false,"campfire_upgraded":1,"win_rate":0.0,"timestamp":1609489517,"path_taken":["M","?","?","?","?","R","E","M","T","?","M","E","R","M","R","BOSS"],"items_purchased_type":[],"build_version":"2020-12-22","purchased_purges":0,"victory":false,"max_hp_per_floor":[63,63,63,63,63,63,63,63,63,63,63,63,63,63,63,63,63],"card_choices":[{"not_picked":["PiercingWail","Dagger Throw"],"picked":"Cloak And Dagger","floor":1.0},{"not_picked":["Bane","Deadly Poison"],"picked":"Flechettes","floor":5.0},{"not_picked":["Sucker Punch","Acrobatics"],"picked":"Wraith Form v2","floor":7.0},{"not_picked":["PiercingWail","Bane"],"picked":"Accuracy","floor":8.0},{"not_picked":["Underhanded Strike","Dagger Throw"],"picked":"Dagger Spray","floor":11.0},{"not_picked":["PiercingWail","Poisoned Stab"],"picked":"Infinite Blades","floor":12.0},{"not_picked":["Underhanded Strike","Cloak And Dagger"],"picked":"Distraction","floor":14.0}],"player_experience":317676,"relics_obtained":[{"floor":7.0,"key":"White Beast Statue"},{"floor":9.0,"key":"StrikeDummy"},{"floor":12.0,"key":"Potion Belt"}],"event_choices":[{"cards_removed":["Defend_G"],"damage_healed":0.0,"max_hp_gain":0.0,"max_hp_loss":0.0,"gold_gain":0.0,"event_name":"Golden Wing","player_choice":"Card Removal","floor":2.0,"gold_loss":0.0,"damage_taken":7.0},{"damage_healed":0.0,"max_hp_gain":0.0,"max_hp_loss":0.0,"gold_gain":0.0,"event_name":"Shining Light","player_choice":"Entered Light","floor":3.0,"gold_loss":0.0,"damage_taken":13.0,"cards_upgraded":["Defend_G","Defend_G"]},{"cards_removed":["Strike_G"],"damage_healed":0.0,"max_hp_gain":0.0,"max_hp_loss":0.0,"gold_gain":0.0,"event_name":"Bonfire Elementals","player_choice":"Offered Basic","floor":4.0,"gold_loss":0.0,"damage_taken":0.0},{"damage_healed":0.0,"max_hp_gain":0.0,"max_hp_loss":0.0,"gold_gain":0.0,"event_name":"Living Wall","player_choice":"Grow","floor":10.0,"gold_loss":0.0,"damage_taken":0.0,"cards_upgraded":["Wraith Form v2"]}],"is_beta":false,"boss_relics":[],"items_purged_floors":[],"is_endless":false,"potions_floor_spawned":[5,7,8,11,12,14],"killed_by":"Hexaghost","ascension_level":1}}