{"host":"k9ktbd3ums043v5c","time":1609516372,"event":{"mods":["BaseMod","GifTheSpireLib","Googly Eyes","KinomotoSakuraMod(木之本樱)","Lobotomy","LobotomyExtend","Luminous","Marisa（F雨　魔理沙）","Minty Spire (QoL Compilation)","SIMod","StSLib","SuperFastMode","The Gatherer","Yuyuko","【功能Mod】聪明的最终Boss"],"gold_per_floor":[117,129,404,422,181,181,15,15,84,95,105,105,115,135,135,135,135],"floor_reached":16,"playtime":735,"items_purged":["Regret"],"score":119,"play_id":"52e2ba41-813f-499d-9118-808676307fe0","local_time":"20210101235252","is_ascension_mode":false,"campfire_choices":[],"circlet_count":0,"master_deck":["SpecialBullet","SpecialBullet","SpecialBullet","SpecialBullet","SpecialBullet","SpecialBullet","SpecialBullet","SpecialBullet","InformationCode","CentralCode","WelfareCode","BlueScar","BigBadWolf","WristCuter","RedShoes","WristCuter","FourthMatchFlame","FourthMatchFlame","ParadiseLost","Spore","SomewhereSpear","BearPaw","CherryBlossom","LongBird","DisciplinaryCode","Tough","Scorched","Penitence","FeatherOfHonor"],"relics":["CogitoBucket","LetterFromLob","Oddly Smooth Stone","Orrery","Darkstone Periapt","AspirationHeart"],"acts_visited":["Exordium"],"potions_floor_usage":[],"damage_taken":[{"damage":5,"enemies":"2 Louse","floor":1,"turns":2},{"damage":0,"enemies":"Cultist","floor":2,"turns":4},{"damage":15,"enemies":"Jaw Worm","floor":4,"turns":3},{"damage":13,"enemies":"3 Louse","floor":10,"turns":4},{"damage":4,"enemies":"2 Fungi Beasts","floor":11,"turns":4},{"damage":10,"enemies":"Lots of Slimes","floor":13,"turns":2},{"damage":8,"enemies":"Blue Slaver","floor":14,"turns":2},{"damage":32,"enemies":"Slime Boss","floor":16,"turns":4}],"seed_played":"-8389129338385999968","potions_obtained":[{"floor":1,"key":"FearPotion"},{"floor":2,"key":"Fire Potion"},{"floor":4,"key":"Weak Potion"},{"floor":10,"key":"Dexterity Potion"}],"is_trial":false,"path_per_floor":["M","M","?","M","$","R","$","R","T","M","M","R","M","M","R","B"],"character_chosen":"Angela","items_purchased":["FourthMatchFlame","Oddly Smooth Stone","FourthMatchFlame","Orrery"],"campfire_rested":0,"item_purchase_floors":[5,5,7,7],"current_hp_per_floor":[72,72,72,57,57,57,57,57,57,44,40,40,40,32,32,0,0],"gold":135,"neow_bonus":"TEN_PERCENT_HP_BONUS","is_daily":false,"chose_seed":false,"campfire_upgraded":0,"win_rate":0.0,"timestamp":1609516372,"path_taken":["M","M","?","M","$","R","$","R","T","M","M","R","M","?","R","BOSS"],"items_purchased_type":["Card","Relic","Card","Relic"],"build_version":"2020-12-22","purchased_purges":1,"victory":false,"max_hp_per_floor":[77,77,77,77,77,77,77,77,77,77,77,77,87,87,87,87,87],"card_choices":[{"not_picked":["SomewhereSpear"],"picked":"BlueScar","floor":1},{"not_picked":["SpiderBud","Mercenary"],"picked":"BigBadWolf","floor":1},{"not_picked":["InTheNameOfLoveAndHate"],"picked":"WristCuter","floor":2},{"not_picked":["MeatLantern","FieryBird"],"picked":"RedShoes","floor":2},{"not_picked":["Discord"],"picked":"WristCuter","floor":4},{"not_picked":["Galaxy"],"picked":"ParadiseLost","floor":7},{"not_picked":["Regret_ego"],"picked":"Spore","floor":7},{"not_picked":["Horn"],"picked":"SomewhereSpear","floor":7},{"not_picked":["Pleasure"],"picked":"BearPaw","floor":7},{"not_picked":["Lantern"],"picked":"CherryBlossom","floor":10},{"not_picked":["OSAHOGD","BeautyBeast"],"picked":"LongBird","floor":11},{"not_picked":["Loneliness"],"picked":"Tough","floor":11},{"not_picked":["OldLady","OSAHOGD"],"picked":"Scorched","floor":13},{"not_picked":["InTheNameOfLoveAndHate"],"picked":"Penitence","floor":13},{"not_picked":["Justitia"],"picked":"FeatherOfHonor","floor":14}],"player_experience":59020,"relics_obtained":[{"floor":1,"key":"LetterFromLob"},{"floor":9,"key":"Darkstone Periapt"}],"event_choices":[{"damage_healed":0,"gold_gain":275,"player_choice":"Desecrate","damage_taken":0,"max_hp_gain":0,"max_hp_loss":0,"event_name":"Golden Shrine","floor":3,"gold_loss":0,"cards_obtained":["Regret"]}],"is_beta":false,"boss_relics":[],"items_purged_floors":[5],"is_endless":false,"potions_floor_spawned":[1,2,4,10,14],"killed_by":"Slime Boss","ascension_level":0}}