{"host":"dyzdf8svqmiivg97","time":1609516853,"event":{"mods":["AchievementEnabler","BaseMod","Colored Map","DeckTracker","Minty Spire (QoL Compilation)","Permanent Neow","Quick Restart","Rare Cards Sparkle","SuperFastMode"],"gold_per_floor":[137,137,180,180,237,237,162,219,219,255,274,274,274,351,351,450,450,467,467,511,97,135,135,135,135],"floor_reached":24,"playtime":543,"items_purged":["Strike_P","Defend_P"],"score":486,"play_id":"8674f19a-1cef-4c8e-97d3-f2628cfc5033","local_time":"20210102010053","is_ascension_mode":true,"campfire_choices":[{"data":"HandOfGreed","floor":6.0,"key":"SMITH"},{"floor":13.0,"key":"REST"},{"data":"MentalFortress","floor":15.0,"key":"SMITH"},{"data":"Adaptation","floor":23,"key":"SMITH"}],"circlet_count":0,"master_deck":["AscendersBane","Strike_P","Strike_P","Defend_P","Defend_P","Defend_P","Eruption+1","Vigilance","HandOfGreed+1","MentalFortress+1","EmptyFist","FearNoEvil","Ragnarok","Adaptation+1","MentalFortress","Meditate"],"relics":["PureWater","TeardropLocket","Matryoshka","Regal Pillow","Coffee Dripper","Mummified Hand"],"acts_visited":["Exordium","TheCity"],"potions_floor_usage":[],"damage_taken":[{"damage":0.0,"enemies":"Small Slimes","floor":1.0,"turns":2.0},{"damage":0.0,"enemies":"Jaw Worm","floor":3.0,"turns":3.0},{"damage":0.0,"enemies":"2 Louse","floor":5.0,"turns":3.0},{"damage":16.0,"enemies":"Gremlin Nob","floor":8.0,"turns":4.0},{"damage":1.0,"enemies":"Looter","floor":10.0,"turns":2.0},{"damage":0.0,"enemies":"Large Slime","floor":11.0,"turns":1.0},{"damage":15.0,"enemies":"3 Sentries","floor":14.0,"turns":8.0},{"damage":0,"enemies":"Slime Boss","floor":16,"turns":7},{"damage":27,"enemies":"2 Thieves","floor":18,"turns":4},{"damage":6,"enemies":"Spheric Guardian","floor":20,"turns":3},{"damage":5,"enemies":"Centurion and Healer","floor":22,"turns":2},{"damage":27,"enemies":"Snecko","floor":24,"turns":4}],"seed_played":"-6243594834266053202","potions_obtained":[{"floor":1.0,"key":"BlessingOfTheForge"},{"floor":10.0,"key":"BlessingOfTheForge"},{"floor":14.0,"key":"BlessingOfTheForge"},{"floor":16,"key":"DuplicationPotion"},{"floor":18,"key":"ColorlessPotion"}],"is_trial":false,"path_per_floor":["M","?","M","?","M","R","$","E","T","M","M","?","R","E","R","B",null,"M","?","M","$","M","R","M"],"character_chosen":"WATCHER","items_purchased":["MentalFortress","Mummified Hand"],"campfire_rested":1,"item_purchase_floors":[21,21],"current_hp_per_floor":[43,36,36,36,36,36,36,20,20,19,19,19,39,24,24,24,57,30,30,24,24,19,19,0,0],"gold":135,"neow_bonus":"RANDOM_COLORLESS_2","is_daily":false,"chose_seed":false,"campfire_upgraded":3,"win_rate":0.0,"timestamp":1609516853,"path_taken":["M","?","M","?","M","R","$","E","T","M","M","?","R","E","R","BOSS","M","?","M","$","M","R","M"],"items_purchased_type":["Card","Relic"],"build_version":"2020-12-22","purchased_purges":2,"victory":false,"max_hp_per_floor":[68,68,68,68,68,68,68,68,68,68,68,68,68,68,68,68,68,68,68,68,68,68,68,68,68],"card_choices":[{"not_picked":["Mayhem","Secret Technique"],"picked":"HandOfGreed","floor":0.0},{"not_picked":["EmptyBody","EmptyFist"],"picked":"MentalFortress","floor":1.0},{"not_picked":["Protect","LikeWater","JustLucky"],"picked":"SKIP","floor":3.0},{"not_picked":["BowlingBash","Consecrate"],"picked":"EmptyFist","floor":5.0},{"not_picked":["JustLucky","Vengeance","EmptyFist"],"picked":"SKIP","floor":8.0},{"not_picked":["ThirdEye","EmptyBody","BowlingBash"],"picked":"SKIP","floor":10.0},{"not_picked":["EmptyBody","CrushJoints"],"picked":"FearNoEvil","floor":11.0},{"not_picked":["DeceiveReality","Brilliance","Conclude"],"picked":"SKIP","floor":14.0},{"not_picked":["DevaForm","Establishment"],"picked":"Ragnarok","floor":16},{"not_picked":["SashWhip","FlyingSleeves+1","Consecrate"],"picked":"SKIP","floor":18},{"not_picked":["EmptyFist","FollowUp","CarveReality"],"picked":"SKIP","floor":20},{"not_picked":["ForeignInfluence","SashWhip"],"picked":"Meditate","floor":22}],"player_experience":646079,"relics_obtained":[{"floor":8.0,"key":"TeardropLocket"},{"floor":9.0,"key":"Matryoshka"},{"floor":14.0,"key":"Regal Pillow"}],"event_choices":[{"cards_removed":["Strike_P"],"damage_healed":0.0,"max_hp_gain":0.0,"max_hp_loss":0.0,"gold_gain":0.0,"event_name":"Golden Wing","player_choice":"Card Removal","floor":2.0,"gold_loss":0.0,"damage_taken":7.0},{"damage_healed":0.0,"max_hp_gain":0.0,"max_hp_loss":0.0,"gold_gain":0.0,"event_name":"Living Wall","player_choice":"Grow","floor":4.0,"gold_loss":0.0,"damage_taken":0.0,"cards_upgraded":["Eruption"]},{"damage_healed":0.0,"max_hp_gain":0.0,"max_hp_loss":0.0,"gold_gain":0.0,"event_name":"Dead Adventurer","player_choice":"Searched \u00270\u0027 times","floor":12.0,"gold_loss":0.0,"damage_taken":0.0},{"damage_healed":0,"gold_gain":0,"player_choice":"Read","damage_taken":0,"max_hp_gain":0,"max_hp_loss":0,"event_name":"The Library","floor":19,"gold_loss":0,"cards_obtained":["Adaptation"]}],"is_beta":false,"boss_relics":[{"not_picked":["Pandora\u0027s Box","Ectoplasm"],"picked":"Coffee Dripper"}],"items_purged_floors":[7,21],"is_endless":false,"potions_floor_spawned":[1,10,14,16,18],"killed_by":"Snecko","ascension_level":18}}