{"host":"klzxa3457b6fcx00","time":1609489491,"event":{"mods":["AchievementEnabler","BaseMod","Downfall","Minty Spire (QoL Compilation)","Replay The Spire","StSLib"],"gold_per_floor":[115,40,55,71,147,147,162,162,187,187,187,187,187,202,202,304,304,323,170,182,201,201,228,228,247,292,292,303,303,319,244,244,244,244],"floor_reached":33,"playtime":1123,"items_purged":["Strike_B","Sickly"],"score":257,"play_id":"c84ef3c1-c024-4041-8d32-6dbfa4a93389","local_time":"20210101152451","is_ascension_mode":false,"campfire_choices":[{"data":"Zap","floor":6,"key":"SMITH"},{"data":"Dualcast","floor":8,"key":"SMITH"},{"data":"Defend_B","floor":10,"key":"SMITH"},{"floor":13,"key":"RECALL"},{"data":"Regret","floor":15,"key":"PURGE"},{"floor":24,"key":"REST"},{"floor":27,"key":"REST"},{"data":"Ball Lightning","floor":29,"key":"SMITH"},{"floor":32,"key":"REST"}],"circlet_count":0,"master_deck":["Strike_B","Strike_B","Strike_B","Defend_B","Defend_B","Defend_B","Defend_B+1","Zap+1","Dualcast+1","BootSequence","Ball Lightning+1","Sweeping Beam+1","Rebound"],"relics":["Cracked Core","NeowsBlessing","Mummified Hand","ReplayFunnel","ReplayTheSpireMod:Lightbulb","Ring of Peace","ReplayTheSpireMod:Ring of Exchange","Nuclear Battery","PreservedInsect"],"acts_visited":["Exordium","TheCity"],"potions_floor_usage":[16,21,23,25,33,33],"damage_taken":[{"damage":0,"enemies":"Cultist","floor":1,"turns":1},{"damage":0,"enemies":"Jaw Worm","floor":3,"turns":1},{"damage":0,"enemies":"2 Louse","floor":4,"turns":1},{"damage":13,"enemies":"2 Fungi Beasts","floor":7,"turns":3},{"damage":7,"enemies":"Exordium Wildlife","floor":14,"turns":6},{"damage":17,"enemies":"Slime Boss","floor":16,"turns":13},{"damage":6,"enemies":"3 Byrds","floor":18,"turns":6},{"damage":0,"enemies":"Chosen","floor":20,"turns":4},{"damage":7,"enemies":"3 Cultists","floor":21,"turns":5},{"damage":55,"enemies":"Gremlin Leader","floor":23,"turns":8},{"damage":0,"enemies":"Chosen and Byrds","floor":25,"turns":5},{"damage":23,"enemies":"Shelled Parasite and Fungi","floor":28,"turns":7},{"damage":7,"enemies":"Snake Plant","floor":30,"turns":5},{"damage":59,"enemies":"Automaton","floor":33,"turns":6}],"seed_played":"-3610840415743315426","potions_obtained":[{"floor":3,"key":"BlessingOfTheForge"},{"floor":4,"key":"Reflective Coating"},{"floor":16,"key":"AttackPotion"},{"floor":20,"key":"EssenceOfDarkness"},{"floor":23,"key":"Weak Potion"},{"floor":28,"key":"Swift Potion"}],"is_trial":false,"path_per_floor":["M","$","M","M","T","R","M","R","T","R","?","?","R","M","R","B",null,"M","$","M","M","?","E","R","M","T","R","M","R","M","?","R","B"],"character_chosen":"DEFECT","items_purchased":["Ball Lightning"],"campfire_rested":3,"item_purchase_floors":[19],"current_hp_per_floor":[75,75,75,75,75,75,62,62,62,62,62,62,62,55,55,38,75,69,69,69,62,62,7,29,29,29,51,28,28,21,21,43,0,0],"gold":244,"neow_bonus":"THREE_ENEMY_KILL","is_daily":false,"chose_seed":false,"campfire_upgraded":4,"win_rate":0.0,"timestamp":1609489491,"path_taken":["M","?","M","M","?","R","M","R","T","R","?","?","R","?","R","BOSS","M","$","M","M","?","E","R","?","T","R","M","R","M","?","R","BOSS"],"items_purchased_type":["Card"],"build_version":"2020-12-22","purchased_purges":2,"victory":false,"max_hp_per_floor":[75,75,75,75,75,75,75,75,75,75,75,75,75,75,75,75,75,75,75,75,75,75,75,75,75,75,75,75,75,75,75,75,75,75],"card_choices":[{"not_picked":["Steam","Blizzard","ReplayTheSpireMod:System Scan"],"picked":"SKIP","floor":1},{"not_picked":["Conserve Battery","Beam Cell"],"picked":"BootSequence","floor":3},{"not_picked":["ReplayTheSpireMod:Repulse","Gash","Panic Button"],"picked":"SKIP","floor":4},{"not_picked":["Go for the Eyes","Loop","Fission"],"picked":"SKIP","floor":7},{"not_picked":["Go for the Eyes","Rebound","Stack"],"picked":"SKIP","floor":14},{"not_picked":["Crystallizer","Compile Driver","ReplayGash"],"picked":"SKIP","floor":18},{"not_picked":["ReplaySort","ReplayTheSpireMod:Repulse","Double Energy"],"picked":"SKIP","floor":20},{"not_picked":["Hologram","Gash"],"picked":"Sweeping Beam+1","floor":21},{"not_picked":["BasicCrystalCard+1","Glacier"],"picked":"Rebound","floor":23},{"not_picked":["ReplaySolidLightProjector","Steam"],"picked":"ReplayRNGCard","floor":25},{"not_picked":["Conserve Battery","Time Bomb","Gash"],"picked":"SKIP","floor":28},{"not_picked":["Stack+1","FTL","Compile Driver"],"picked":"SKIP","floor":30}],"player_experience":233811,"relics_obtained":[{"floor":5,"key":"Mummified Hand"},{"floor":9,"key":"ReplayFunnel"},{"floor":12,"key":"Ring of Peace"},{"floor":12,"key":"ReplayTheSpireMod:Ring of Exchange"},{"floor":23,"key":"PreservedInsect"}],"event_choices":[{"damage_healed":0,"gold_gain":0,"player_choice":"Box","damage_taken":0,"relics_obtained":["ReplayTheSpireMod:Lightbulb"],"max_hp_gain":0,"max_hp_loss":0,"event_name":"Big Fish","floor":11,"gold_loss":0,"cards_obtained":["Regret"]},{"damage_healed":0,"gold_gain":0,"player_choice":"Ignored","damage_taken":0,"max_hp_gain":0,"max_hp_loss":0,"event_name":"NoteForYourself","floor":22,"gold_loss":0},{"cards_removed":["ReplayRNGCard"],"damage_healed":0,"gold_gain":0,"player_choice":"Gave Gold","damage_taken":0,"max_hp_gain":0,"max_hp_loss":0,"event_name":"Beggar","floor":31,"gold_loss":75}],"is_beta":false,"boss_relics":[{"not_picked":["Runic Dome","Lee\u0027s Waffle"],"picked":"Nuclear Battery"}],"items_purged_floors":[2,19],"is_endless":false,"potions_floor_spawned":[3,4,16,20,23,28],"killed_by":"Automaton","ascension_level":0}}