{"host":"tzwuiju9jhaz8xpk","time":1609466151,"event":{"mods":["AchievementEnabler","Act Like it!","Ascension Unlocker","BaseMod","Bestiary","Better Altar","Better Match","Better Note","Better Sensory Stone","Better Vampires","Better-Laid Plans","Challenge The Spire","ChefMod","Dio Mod","Displayed Cursed Tome","Dota2Spire","Ekko","Elementarium","GungeonMod","Hallownest","JesterMod","Lobotomy","Minty Spire (QoL Compilation)","Permanent Neow","Pikachu Mod","QueenMod","Quick Restart","RNG Fix","Relic Stats","Replay The Spire","Reworked Bosses","Robot Space Explorer","Spicy Shops","StSLib","SuperFastMode","TestMod","The Blue Laboratory","The Bug Knight","The Forsaken","The Marked","TheLocksmith","TheWitcher","Uncapped","Waifu the Spire","????","????"],"gold_per_floor":[116,116,41,441,457,457,128,98,98,22,54,75,75,91,91,193,193,211,211,211,229,229,229,255,272,298,312,312,312,322,322,322,420,420,438,454,454,466,486,521,61,61,88,139,64,64,128,43,43,110],"floor_reached":51,"playtime":3017,"items_purged":["ReplayTheSpireMod:Faulty Equipment+1","chefmod:Fillet"],"score":796,"play_id":"b7a934e7-2d3a-4b70-8078-7057155c7d43","local_time":"20201231205551","is_ascension_mode":false,"campfire_choices":[{"data":"chefmod:TodaysSpecial","floor":6.0,"key":"SMITH"},{"data":"chefmod:FiveAlarmChili","floor":13.0,"key":"SMITH"},{"data":"chefmod:Puree","floor":15.0,"key":"SMITH"},{"data":"chefmod:OldCookbook","floor":23.0,"key":"SMITH"},{"data":"chefmod:QuickThaw","floor":28,"key":"SMITH"},{"data":"chefmod:DeepFreeze","floor":32,"key":"SMITH"},{"floor":42,"key":"REST"},{"data":"Panache","floor":46,"key":"SMITH"},{"data":"chefmod:CayenneCloud","floor":49,"key":"SMITH"}],"circlet_count":0,"master_deck":["chefmod:Strike","chefmod:Strike","chefmod:Strike","chefmod:Strike","chefmod:Strike","chefmod:Defend","chefmod:Defend","chefmod:Defend","chefmod:QuickThaw+1","chefmod:TodaysSpecial+1","chefmod:FireUp","Purity","chefmod:HotSoup","chefmod:Puree+1","chefmod:FiveAlarmChili+1","chefmod:FreshProduce+1","chefmod:DeepFreeze+1","chefmod:OldCookbook+1","chefmod:BleedOut+1","chefmod:Defrost","chefmod:SliceAndDice+1","chefmod:DimSum","chefmod:Ratatouille","chefmod:Gelato+1","chefmod:FarmersMarket+1","chefmod:Fillet","chefmod:DimSum","chefmod:Escargot+1","testmod-Mystery+1","SnafuTest:CurseSurrender","chefmod:Fillet","chefmod:CayenneCloud+1","Panache+1","Hallownest:skillKingdomsEdgeMap"],"relics":["chefmod:TrustyPot","testmod-GiftOfSatan","NeowsBlessing","testmod-IWantAll","testmod-ArcanaOfDestiny","HollowMod:StagPassRelic","ReplayTheSpireMod:Lightbulb","ReplayTheSpireMod:CursedCoin","testmod-CardMagician","Hallownest:NailmastersGloryRelic","testmod-Maize","Blue Doll","SnafuTest:BearRelic","Cursed Key","Hallownest:KingsIdolRelic","Replay:Bandana","testmod-Register","testmod-TurbochargingSystem","Potion Belt","testmod-TheFather"],"acts_visited":["Exordium","Hallownest:CityofTears","Hallownest:KingdomsEdge"],"potions_floor_usage":[33,33,36,36],"damage_taken":[{"damage":0.0,"enemies":"2 Louse","floor":1.0,"turns":1.0},{"damage":0.0,"enemies":"Cultist","floor":5.0,"turns":1.0},{"damage":0.0,"enemies":"Lagavulin","floor":11.0,"turns":2.0},{"damage":0.0,"enemies":"Jaw Worm","floor":14.0,"turns":2.0},{"damage":32.0,"enemies":"Hexaghost","floor":16.0,"turns":7.0},{"damage":0.0,"enemies":"Hallownest:2_Mistakes","floor":18.0,"turns":3.0},{"damage":0.0,"enemies":"Hallownest:Flukemon_and_Top","floor":21.0,"turns":4.0},{"damage":0.0,"enemies":"Hallownest:eliteWatcherKnight","floor":24.0,"turns":8.0},{"damage":0,"enemies":"Hallownest:2_Husk_Sentries","floor":25,"turns":3},{"damage":0,"enemies":"Hallownest:monsterShrumalOgre","floor":27,"turns":2},{"damage":0,"enemies":"Hallownest:2_Flukemon","floor":30,"turns":2},{"damage":34,"enemies":"Hallownest:BossGrimm","floor":33,"turns":10},{"damage":9,"enemies":"Hallownest:2_Littles","floor":35,"turns":3},{"damage":43,"enemies":"Hallownest:3_Siblings","floor":36,"turns":8},{"damage":9,"enemies":"Hallownest:Shield_Sturdy","floor":38,"turns":3},{"damage":7,"enemies":"Hallownest:monsterPrimalAspid","floor":39,"turns":3},{"damage":8,"enemies":"Hallownest:StalkingDevout","floor":40,"turns":4},{"damage":7,"enemies":"Hallownest:eliteHiveKnight","floor":44,"turns":4},{"damage":0,"enemies":"Hallownest:2_Wing_and_1_Kings","floor":47,"turns":2},{"damage":10,"enemies":"Hallownest:BossGreyPrinceZote","floor":50,"turns":4}],"seed_played":"8472358469622387768","potions_obtained":[{"floor":8.0,"key":"Dota2Spire:Clarity"},{"floor":8.0,"key":"testmod-EscapePotion"},{"floor":11.0,"key":"Flashbang"},{"floor":16.0,"key":"blueLaboratory:BottledHope"},{"floor":18.0,"key":"Dota2Spire:HealingSalve"},{"floor":21.0,"key":"blueLaboratory:LouseDecoction"},{"floor":27,"key":"Adrenaline Potion"},{"floor":35,"key":"blueLaboratory:EmptyBottle"},{"floor":39,"key":"blueLaboratory:SavagePotion"},{"floor":44,"key":"Strength Potion"}],"is_trial":false,"path_per_floor":["M","?","?","?","M","R","$","?","T","$","E","$","R","M","R","B",null,"M","?","?","M","?","R","E","M","T","M","R","?","M","T","R","B",null,"M","M","?","M","M","E","$","R","T","E","?","R","M","?","R","B",null],"character_chosen":"THE_CHEF","items_purchased":["testmod-IWantAll","testmod-ArcanaOfDestiny","chefmod:Puree","ReplayTheSpireMod:CursedCoin","chefmod:FreshProduce+1","testmod-Register","testmod-Mystery+1","testmod-TurbochargingSystem"],"campfire_rested":1,"item_purchase_floors":[7,7,10,12,12,41,41,41],"current_hp_per_floor":[76,76,76,76,76,76,76,76,76,76,76,76,76,76,76,51,76,81,81,81,81,81,81,81,81,81,81,81,81,81,81,81,62,81,72,57,53,47,50,54,54,78,78,80,80,80,80,80,80,70],"gold":110,"neow_bonus":"THREE_ENEMY_KILL","is_daily":false,"chose_seed":false,"campfire_upgraded":8,"win_rate":0.0,"timestamp":1609466151,"path_taken":["M","?","?","?","M","R","$","?","T","?","E","$","R","M","R","BOSS","M","?","?","M","?","R","E","M","T","M","R","?","?","?","R","BOSS","M","?","?","M","?","E","$","R","T","E","?","R","M","?","R","BOSS"],"items_purchased_type":["Relic","Relic","Card","Relic","Card","Relic","Card","Relic"],"build_version":"2020-12-22","purchased_purges":2,"victory":true,"max_hp_per_floor":[76,76,76,76,76,76,76,76,76,76,76,76,76,76,76,76,76,81,81,81,81,81,81,81,81,81,81,81,81,81,81,81,81,81,81,81,81,81,81,81,81,81,81,81,81,81,81,81,81,81],"relic_stats":{"counters":[20,76],"Cursed Key":1,"obtain_stats":[{"SnafuTest:BearRelic":31,"Potion Belt":43,"chefmod:TrustyPot":0,"testmod-Maize":24,"testmod-TestBox":0,"NeowsBlessing":0,"ReplayTheSpireMod:CursedCoin":12,"testmod-Register":41,"testmod-CardMagician":17,"Blue Doll":26,"DemoMod:GlassGuonStoneRelic":1,"testmod-IWantAll":7,"testmod-TurbochargingSystem":41,"Hallownest:KingsIdolRelic":37,"HollowMod:StagPassRelic":9,"Cursed Key":34,"Hallownest:NailmastersGloryRelic":22,"Replay:Bandana":40,"testmod-GiftOfSatan":0,"testmod-TheFather":44,"ReplayTheSpireMod:Lightbulb":11,"testmod-ArcanaOfDestiny":7},{"SnafuTest:BearRelic":11,"Potion Belt":17,"chefmod:TrustyPot":0,"testmod-Maize":8,"testmod-TestBox":0,"NeowsBlessing":0,"ReplayTheSpireMod:CursedCoin":3,"testmod-Register":17,"testmod-CardMagician":5,"Blue Doll":9,"DemoMod:GlassGuonStoneRelic":1,"testmod-IWantAll":2,"testmod-TurbochargingSystem":17,"Hallownest:KingsIdolRelic":14,"HollowMod:StagPassRelic":2,"Cursed Key":12,"Hallownest:NailmastersGloryRelic":7,"Replay:Bandana":17,"testmod-GiftOfSatan":0,"testmod-TheFather":18,"ReplayTheSpireMod:Lightbulb":3,"testmod-ArcanaOfDestiny":2},{"SnafuTest:BearRelic":35,"Potion Belt":66,"chefmod:TrustyPot":0,"testmod-Maize":28,"testmod-TestBox":0,"NeowsBlessing":0,"ReplayTheSpireMod:CursedCoin":4,"testmod-Register":66,"testmod-CardMagician":13,"Blue Doll":31,"DemoMod:GlassGuonStoneRelic":1,"testmod-IWantAll":2,"testmod-TurbochargingSystem":66,"Hallownest:KingsIdolRelic":56,"HollowMod:StagPassRelic":2,"Cursed Key":45,"Hallownest:NailmastersGloryRelic":20,"Replay:Bandana":66,"testmod-GiftOfSatan":0,"testmod-TheFather":70,"ReplayTheSpireMod:Lightbulb":4,"testmod-ArcanaOfDestiny":2}]},"card_choices":[{"not_picked":["chefmod:CleanHouse","chefmod:Gelato"],"picked":"chefmod:FireUp","floor":1.0},{"not_picked":["Dark Shackles","PanicButton"],"picked":"Purity","floor":2.0},{"not_picked":["chefmod:Granita","chefmod:BaoBuns"],"picked":"chefmod:HotSoup","floor":5.0},{"not_picked":["chefmod:FryPan","chefmod:AllYouCanEat"],"picked":"chefmod:FiveAlarmChili","floor":11.0},{"not_picked":["chefmod:SearedScallops","chefmod:HotSoup","chefmod:FireUp"],"picked":"SKIP","floor":14.0},{"not_picked":["chefmod:TastyDistraction","chefmod:FullCourseMeal"],"picked":"chefmod:DeepFreeze","floor":16.0},{"not_picked":["chefmod:CuttingBoard","chefmod:HotSoup"],"picked":"chefmod:OldCookbook","floor":18.0},{"not_picked":["chefmod:Defrost","chefmod:DinoKale"],"picked":"chefmod:BleedOut+1","floor":21.0},{"not_picked":["chefmod:LocoMoco","chefmod:Omelette"],"picked":"chefmod:Defrost","floor":24.0},{"not_picked":["chefmod:FreezerBurn","chefmod:Bruschetta"],"picked":"chefmod:SliceAndDice+1","floor":25},{"not_picked":["chefmod:FireUp+1","chefmod:Chop+1"],"picked":"chefmod:DimSum","floor":27},{"not_picked":["chefmod:PrepCook","chefmod:DoubleChop"],"picked":"chefmod:Ratatouille","floor":30},{"not_picked":["chefmod:BaoBuns+1","chefmod:FreezeSolid"],"picked":"chefmod:Gelato+1","floor":35},{"not_picked":["chefmod:Gelato+1","chefmod:FireUp+1"],"picked":"chefmod:FarmersMarket+1","floor":36},{"not_picked":["chefmod:Granita+1","chefmod:QuickChop"],"picked":"chefmod:Fillet","floor":38},{"not_picked":["chefmod:Sorbet+1","chefmod:Tenderizer"],"picked":"chefmod:DimSum","floor":39},{"not_picked":["chefmod:ZaruSoba","chefmod:Defrost"],"picked":"chefmod:Escargot+1","floor":40},{"not_picked":["chefmod:FarmersMarket","chefmod:FreezeSolid"],"picked":"chefmod:Fillet","floor":44},{"not_picked":["chefmod:AllYouCanEat","chefmod:FreshProduce"],"picked":"chefmod:CayenneCloud","floor":45},{"not_picked":["testmod-EternalityOfKhronos","testmod-Dream"],"picked":"Panache","floor":45},{"not_picked":["chefmod:Gelato+1","chefmod:FryPan","chefmod:DinoKale+1"],"picked":"SKIP","floor":47}],"player_experience":75190,"relics_obtained":[{"floor":9.0,"key":"HollowMod:StagPassRelic"},{"floor":11.0,"key":"ReplayTheSpireMod:Lightbulb"},{"floor":24.0,"key":"testmod-Maize"},{"floor":26,"key":"Blue Doll"},{"floor":31,"key":"SnafuTest:BearRelic"},{"floor":40,"key":"Replay:Bandana"},{"floor":43,"key":"Potion Belt"},{"floor":44,"key":"testmod-TheFather"}],"event_choices":[{"damage_healed":0.0,"max_hp_gain":0.0,"max_hp_loss":0.0,"gold_gain":1.0,"event_name":"betterStone:BetterStone","player_choice":"1","floor":2.0,"gold_loss":0.0,"damage_taken":0.0},{"damage_healed":0.0,"max_hp_gain":0.0,"max_hp_loss":0.0,"gold_gain":0.0,"event_name":"betterMatch:BetterMatch","player_choice":"2","floor":3.0,"gold_loss":0.0,"damage_taken":0.0,"cards_obtained":[]},{"damage_healed":0.0,"max_hp_gain":0.0,"max_hp_loss":0.0,"gold_gain":400.0,"event_name":"Plate Of N\u0027loth","player_choice":"Sell","floor":4.0,"relics_lost":["testmod-TestBox"],"gold_loss":0.0,"damage_taken":0.0},{"damage_healed":0.0,"max_hp_gain":0.0,"max_hp_loss":0.0,"gold_gain":0.0,"event_name":"The Woman in Blue","player_choice":"Bought 2 Potions","floor":8.0,"gold_loss":0.0,"damage_taken":0.0},{"damage_healed":0.0,"max_hp_gain":0.0,"max_hp_loss":0.0,"gold_gain":0.0,"event_name":"Box For Yourself","player_choice":"Swap Relic","floor":20.0,"relics_lost":["testmod-TestBox"],"gold_loss":0.0,"damage_taken":0.0,"relics_obtained":["testmod-TestBox"]},{"damage_healed":0,"gold_gain":0,"player_choice":"1","damage_taken":0,"max_hp_gain":0,"max_hp_loss":0,"event_name":"betterMatch:BetterMatch","floor":45,"gold_loss":0,"cards_obtained":["betterMatch:UncommonCard","betterMatch:ColorlessRareCard"]}],"is_beta":false,"boss_relics":[{"not_picked":["chefmod:PepperMill","Philosopher\u0027s Stone"],"picked":"testmod-CardMagician"},{"not_picked":["testmod-Prudence","Runic Dome"],"picked":"Cursed Key"}],"items_purged_floors":[12,41],"is_endless":false,"potions_floor_spawned":[11,16,18,21,27,35,39,44],"ascension_level":0}}