{"host":"agflykcedf93aoo8","time":1609519943,"event":{"mods":["BaseMod","Hermit","Minty Spire (QoL Compilation)","StSLib","Td1madao Mod","The Bug Knight","The Cursed","The Gatherer","The Hierophant","The Runesmith"],"gold_per_floor":[111,124,45,45,120,170,170,170,243,317,153,103,103,157,157,197,197],"floor_reached":16,"playtime":838,"items_purged":["hierophant:Strike_Hierophant"],"score":131,"play_id":"25a6dc19-f6d0-4578-9ed3-017f6a455ae8","local_time":"20210102015223","is_ascension_mode":false,"campfire_choices":[{"data":"hierophant:RustyCrate","floor":7,"key":"SMITH"},{"data":"hierophant:Endure","floor":13,"key":"SMITH"},{"data":"hierophant:ChurchCoffers","floor":15,"key":"SMITH"}],"circlet_count":0,"master_deck":["hierophant:Strike_Hierophant","hierophant:Punish","hierophant:Defend_Hierophant","hierophant:Defend_Hierophant","hierophant:Defend_Hierophant","hierophant:Defend_Hierophant","hierophant:ChurchCoffers+1","hierophant:Endure+1","hierophant:RustyCrate+1","hierophant:Doubloon","hierophant:Doubloon","hierophant:Refuge","hierophant:Doubloon","hierophant:Embezzle","hierophant:Upheaval","Panacea","hierophant:Blessing"],"relics":["hierophant:PropheticMaskRelic","NeowsBlessing","MealTicket","HollowMod:PaleOreRelic","Mercury Hourglass","Regal Pillow"],"acts_visited":["Exordium"],"potions_floor_usage":[10,16],"damage_taken":[{"damage":0,"enemies":"Small Slimes","floor":1,"turns":1},{"damage":0,"enemies":"Jaw Worm","floor":2,"turns":1},{"damage":0,"enemies":"Lagavulin","floor":6,"turns":1},{"damage":9,"enemies":"3 Sentries","floor":10,"turns":6},{"damage":0,"enemies":"2 Louse","floor":14,"turns":2},{"damage":62,"enemies":"Slime Boss","floor":16,"turns":9}],"seed_played":"-4761832535757485473","potions_obtained":[{"floor":2,"key":"Dexterity Potion"},{"floor":14,"key":"SkillPotion"}],"is_trial":false,"path_per_floor":["M","M","$","?","?","E","R","?","T","E","$","?","R","M","R","B"],"character_chosen":"HIEROPHANT","items_purchased":["hierophant:Refuge","Panacea"],"campfire_rested":0,"item_purchase_floors":[3,11],"current_hp_per_floor":[75,75,75,57,46,46,46,46,46,37,52,52,52,52,52,0,0],"gold":197,"neow_bonus":"THREE_ENEMY_KILL","is_daily":false,"chose_seed":false,"campfire_upgraded":3,"win_rate":0.0,"timestamp":1609519943,"path_taken":["M","M","$","?","?","E","R","?","T","E","?","?","R","M","R","BOSS"],"items_purchased_type":["Card","Card"],"build_version":"2020-12-22","purchased_purges":1,"victory":false,"max_hp_per_floor":[75,75,75,75,75,75,75,75,75,75,75,75,75,75,75,75,75],"card_choices":[{"not_picked":["hierophant:DisplayOfPower","hierophant:Exaltation"],"picked":"hierophant:Endure","floor":1},{"not_picked":["hierophant:Shelter","hierophant:ThreeLashes"],"picked":"hierophant:RustyCrate","floor":2},{"not_picked":["hierophant:ThreeLashes","hierophant:PassingBell"],"picked":"hierophant:Embezzle","floor":6},{"not_picked":["hierophant:Chorus","hierophant:AuricBeam"],"picked":"hierophant:Upheaval","floor":10},{"not_picked":["hierophant:Encroach","hierophant:Prophecy"],"picked":"hierophant:Blessing","floor":14}],"player_experience":368025,"relics_obtained":[{"floor":6,"key":"HollowMod:PaleOreRelic"},{"floor":9,"key":"Mercury Hourglass"},{"floor":10,"key":"Regal Pillow"}],"event_choices":[{"damage_healed":0,"gold_gain":0,"player_choice":"Success","damage_taken":18,"relics_obtained":["MealTicket"],"max_hp_gain":0,"max_hp_loss":0,"event_name":"Scrap Ooze","floor":4,"gold_loss":0},{"damage_healed":0,"gold_gain":75,"player_choice":"Gather Gold","damage_taken":11,"max_hp_gain":0,"max_hp_loss":0,"event_name":"World of Goop","floor":5,"gold_loss":0},{"cards_removed":["hierophant:Strike_Hierophant"],"damage_healed":0,"gold_gain":0,"player_choice":"Forget","damage_taken":0,"max_hp_gain":0,"max_hp_loss":0,"event_name":"Living Wall","floor":8,"gold_loss":0},{"cards_removed":["hierophant:Strike_Hierophant"],"damage_healed":0,"gold_gain":0,"player_choice":"Card Removal","damage_taken":0,"max_hp_gain":0,"max_hp_loss":0,"event_name":"The Cleric","floor":12,"gold_loss":50}],"is_beta":false,"boss_relics":[],"items_purged_floors":[11],"is_endless":false,"potions_floor_spawned":[2,14],"killed_by":"Slime Boss","ascension_level":0}}