{"host":"2lrkmsuh7nz013qb","time":1609494604,"event":{"mods":["BaseMod","Colored Map","DeckTracker","Minty Spire (QoL Compilation)","SuperFastMode","everything is the same but u backflip on backflip"],"gold_per_floor":[110,128,146,157,171,171,16,16,16,16,26,42,53,64,64,136,136,154,154,164,177,187,218,218,218],"floor_reached":24,"playtime":743,"items_purged":["Strike_G"],"score":432,"play_id":"422b3995-b8d9-4c10-bb79-f93ee0ae8ee3","local_time":"20210101185004","is_ascension_mode":true,"campfire_choices":[{"data":"Neutralize","floor":6,"key":"SMITH"},{"data":"Blade Dance","floor":8,"key":"SMITH"},{"data":"Finisher","floor":15,"key":"SMITH"}],"circlet_count":0,"master_deck":["AscendersBane","Strike_G","Strike_G","Defend_G","Defend_G","Defend_G","Survivor","Neutralize+1","Backflip","Well Laid Plans","Blade Dance+1","Finisher+1","Prepared+1","Riddle With Holes+1","A Thousand Cuts+1","Adrenaline"],"relics":["Ring of the Snake","NeowsBlessing","Gremlin Horn","Astrolabe","Mummified Hand","Meat on the Bone"],"acts_visited":["Exordium","TheCity"],"potions_floor_usage":[4,16,23,23],"damage_taken":[{"damage":0,"enemies":"Cultist","floor":1,"turns":1},{"damage":0,"enemies":"Jaw Worm","floor":2,"turns":1},{"damage":0,"enemies":"Small Slimes","floor":3,"turns":1},{"damage":14,"enemies":"Gremlin Gang","floor":4,"turns":9},{"damage":6,"enemies":"2 Fungi Beasts","floor":5,"turns":4},{"damage":0,"enemies":"Lots of Slimes","floor":11,"turns":3},{"damage":0,"enemies":"Large Slime","floor":12,"turns":3},{"damage":0,"enemies":"Gremlin Gang","floor":13,"turns":5},{"damage":0,"enemies":"Looter","floor":14,"turns":1},{"damage":20,"enemies":"Slime Boss","floor":16,"turns":6},{"damage":6,"enemies":"3 Byrds","floor":18,"turns":3},{"damage":0,"enemies":"Spheric Guardian","floor":20,"turns":1},{"damage":8,"enemies":"Snecko","floor":21,"turns":3},{"damage":26,"enemies":"Shelled Parasite and Fungi","floor":22,"turns":4},{"damage":12,"enemies":"Slavers","floor":23,"turns":2},{"damage":1,"enemies":"Centurion and Healer","floor":24,"turns":3}],"seed_played":"-349625526920213442","potions_obtained":[{"floor":1,"key":"CunningPotion"},{"floor":11,"key":"AttackPotion"},{"floor":12,"key":"SkillPotion"},{"floor":16,"key":"GamblersBrew"},{"floor":20,"key":"LiquidBronze"},{"floor":23,"key":"SteroidPotion"}],"is_trial":false,"path_per_floor":["M","M","M","M","M","R","$","R","T","?","M","M","M","M","R","B",null,"M","?","M","M","M","E","M"],"character_chosen":"THE_SILENT","items_purchased":["Finisher"],"campfire_rested":0,"item_purchase_floors":[7],"current_hp_per_floor":[59,59,59,45,39,39,39,39,39,32,32,32,32,32,32,12,53,47,47,47,39,13,1,0,0],"gold":218,"neow_bonus":"THREE_ENEMY_KILL","is_daily":false,"chose_seed":false,"campfire_upgraded":3,"win_rate":0.0,"timestamp":1609494604,"path_taken":["M","M","M","?","M","R","$","R","T","?","M","M","M","M","R","BOSS","M","?","M","?","?","E","M"],"items_purchased_type":["Card"],"build_version":"2020-12-22","purchased_purges":1,"victory":false,"max_hp_per_floor":[66,66,66,66,66,66,66,66,66,66,66,66,66,66,66,66,66,66,66,66,66,66,66,66,66],"card_choices":[{"not_picked":["Deflect","Leg Sweep","Deadly Poison"],"picked":"SKIP","floor":1},{"not_picked":["Sucker Punch","Poisoned Stab"],"picked":"Backflip","floor":2},{"not_picked":["Prepared","Backstab"],"picked":"Well Laid Plans","floor":3},{"not_picked":["Bane","Dash"],"picked":"Blade Dance","floor":4},{"not_picked":["Outmaneuver","Deflect","Backflip"],"picked":"SKIP","floor":5},{"not_picked":["Infinite Blades","Catalyst","PiercingWail"],"picked":"SKIP","floor":11},{"not_picked":["Infinite Blades","Catalyst","PiercingWail"],"picked":"SKIP","floor":11},{"not_picked":["Footwork","Deflect","Outmaneuver"],"picked":"SKIP","floor":12},{"not_picked":["Slice","Sucker Punch","Dodge and Roll"],"picked":"SKIP","floor":13},{"not_picked":["All Out Attack","Blade Dance","Night Terror"],"picked":"SKIP","floor":14},{"not_picked":["Noxious Fumes","Backflip","Deflect"],"picked":"SKIP","floor":18},{"not_picked":["Blade Dance+1","Backflip+1","Bane"],"picked":"SKIP","floor":20},{"not_picked":["Deadly Poison+1","Sucker Punch+1","Concentrate"],"picked":"SKIP","floor":21},{"not_picked":["Flying Knee","Sucker Punch","Blade Dance"],"picked":"SKIP","floor":22},{"not_picked":["Deadly Poison","Dash"],"picked":"Adrenaline","floor":23}],"player_experience":721044,"relics_obtained":[{"floor":9,"key":"Gremlin Horn"},{"floor":23,"key":"Meat on the Bone"}],"event_choices":[{"cards_removed":["Defend_G"],"damage_healed":0,"gold_gain":0,"player_choice":"Card Removal","damage_taken":7,"max_hp_gain":0,"max_hp_loss":0,"event_name":"Golden Wing","floor":10,"gold_loss":0},{"damage_healed":0,"gold_gain":0,"player_choice":"Gave Potion","damage_taken":0,"relics_obtained":["Mummified Hand"],"max_hp_gain":0,"max_hp_loss":0,"event_name":"WeMeetAgain","floor":19,"gold_loss":0}],"is_beta":false,"boss_relics":[{"not_picked":["Pandora\u0027s Box","Calling Bell"],"picked":"Astrolabe"}],"items_purged_floors":[7],"is_endless":false,"potions_floor_spawned":[1,11,12,16,18,20,22,23],"killed_by":"Centurion and Healer","ascension_level":20}}