{"host":"y56d1fjpgcjsodvy","time":1609507833,"event":{"mods":["BaseMod","Colored Powertips","GifTheSpireLib","Highlight Path","Minty Spire (QoL Compilation)","StSLib","SuperFastMode","everything is the same but u backflip on backflip"],"gold_per_floor":[110,260,273,58,58,90,90,422,448,448,523,523,32,42,42,116,116,129,129,39,39,49,49,77,77,102,137,137,137,147,147,147],"floor_reached":31,"playtime":599,"items_purged":["Doubt"],"score":554,"play_id":"06c0a1cd-743f-40df-aa1c-89f362ae1949","local_time":"20210101223032","is_ascension_mode":true,"campfire_choices":[{"floor":7,"key":"REST"},{"data":"Footwork","floor":10,"key":"SMITH"},{"data":"Neutralize","floor":15,"key":"SMITH"},{"floor":23,"key":"REST"},{"data":"Accuracy","floor":28,"key":"SMITH"}],"circlet_count":0,"master_deck":["AscendersBane","Strike_G","Strike_G","Strike_G","Strike_G","Defend_G","Defend_G","Defend_G","Defend_G","Defend_G","Survivor","Neutralize+1","Footwork+1","Blade Dance","Accuracy+1","Blade Dance","Calculated Gamble","Cloak And Dagger+1","Heatsinks","Reaper","True Grit+1","Ghostly+1","Ghostly+1","Ghostly+1","Accuracy+1","Backflip+1","Prepared+1","Armaments+1","Necronomicurse"],"relics":["Runic Dome","Juzu Bracelet","Old Coin","Happy Flower","PrismaticShard","Toxic Egg 2","Sozu","Vajra","Bag of Marbles","Singing Bowl","Necronomicon"],"acts_visited":["Exordium","TheCity"],"potions_floor_usage":[],"damage_taken":[{"damage":0,"enemies":"2 Louse","floor":1,"turns":2},{"damage":5,"enemies":"Small Slimes","floor":3,"turns":6},{"damage":36,"enemies":"Gremlin Nob","floor":6,"turns":4},{"damage":10,"enemies":"3 Sentries","floor":8,"turns":6},{"damage":0,"enemies":"Jaw Worm","floor":14,"turns":3},{"damage":7,"enemies":"Hexaghost","floor":16,"turns":9},{"damage":24,"enemies":"Chosen","floor":18,"turns":6},{"damage":8,"enemies":"Shell Parasite","floor":22,"turns":4},{"damage":10,"enemies":"Gremlin Leader","floor":24,"turns":7},{"damage":15,"enemies":"Book of Stabbing","floor":27,"turns":5},{"damage":4,"enemies":"Snecko","floor":30,"turns":6},{"damage":17,"enemies":"Slavers","floor":31,"turns":5}],"seed_played":"-145940404554878250","potions_obtained":[{"floor":3,"key":"SpeedPotion"},{"floor":6,"key":"Weak Potion"},{"floor":8,"key":"FairyPotion"},{"floor":14,"key":"Energy Potion"}],"is_trial":false,"path_per_floor":["M","?","M","$","?","E","R","E","T","R","?","?","$","M","R","B",null,"M","?","$","?","M","R","E","?","T","E","R","?","M","E"],"character_chosen":"THE_SILENT","items_purchased":["Accuracy","Blade Dance","PrismaticShard","Toxic Egg 2","Cloak And Dagger+1","Accuracy","Backflip+1"],"campfire_rested":2,"item_purchase_floors":[4,4,13,13,13,20,20],"current_hp_per_floor":[59,59,54,54,54,18,37,27,27,27,16,16,16,16,16,9,52,32,32,32,32,24,33,33,33,33,20,20,10,16,0,0],"gold":147,"neow_bonus":"BOSS_RELIC","is_daily":false,"chose_seed":false,"campfire_upgraded":3,"win_rate":0.0,"timestamp":1609507832,"path_taken":["M","?","M","$","?","E","R","E","T","R","?","?","?","M","R","BOSS","M","?","$","?","M","R","E","?","T","E","R","?","M","E"],"items_purchased_type":["Card","Card","Relic","Relic","Card","Card","Card"],"build_version":"2020-12-22","purchased_purges":1,"victory":false,"max_hp_per_floor":[66,66,66,66,66,66,66,66,66,66,66,66,66,66,66,66,66,66,33,33,33,33,33,33,33,33,35,35,35,37,37,37],"card_choices":[{"not_picked":["Outmaneuver","All Out Attack"],"picked":"Footwork","floor":1},{"not_picked":["Heel Hook","Riddle With Holes"],"picked":"Blade Dance","floor":3},{"not_picked":["Flying Knee","Distraction","Catalyst"],"picked":"SKIP","floor":6},{"not_picked":["Endless Agony","Underhanded Strike"],"picked":"Calculated Gamble","floor":8},{"not_picked":["Havoc+1","Weave"],"picked":"Heatsinks","floor":14},{"not_picked":["Feed","Die Die Die"],"picked":"Reaper","floor":16},{"not_picked":["Quick Slash","Compile Driver"],"picked":"True Grit+1","floor":18},{"not_picked":["Bane","Swift Strike"],"picked":"Armaments+1","floor":22},{"not_picked":["Thunderclap","Twin Strike","Noxious Fumes"],"picked":"SKIP","floor":24},{"not_picked":["Heel Hook","Reckless Charge","Sever Soul"],"picked":"Singing Bowl","floor":27},{"not_picked":["Finisher","Consume+1","CutThroughFate"],"picked":"Singing Bowl","floor":30}],"player_experience":1185825,"relics_obtained":[{"floor":6,"key":"Juzu Bracelet"},{"floor":8,"key":"Old Coin"},{"floor":9,"key":"Happy Flower"},{"floor":24,"key":"Vajra"},{"floor":26,"key":"Bag of Marbles"},{"floor":27,"key":"Singing Bowl"},{"floor":29,"key":"Necronomicon"}],"event_choices":[{"damage_healed":0,"gold_gain":150,"player_choice":"AGREE","damage_taken":0,"max_hp_gain":0,"max_hp_loss":0,"event_name":"Liars Game","floor":2,"gold_loss":0,"cards_obtained":["Doubt"]},{"damage_healed":0,"gold_gain":0,"player_choice":"Grow","damage_taken":0,"max_hp_gain":0,"max_hp_loss":0,"event_name":"Living Wall","floor":5,"gold_loss":0,"cards_upgraded":["Accuracy"]},{"damage_healed":0,"gold_gain":75,"player_choice":"Gather Gold","damage_taken":11,"max_hp_gain":0,"max_hp_loss":0,"event_name":"World of Goop","floor":11,"gold_loss":0},{"damage_healed":0,"gold_gain":0,"player_choice":"Ignored","damage_taken":0,"max_hp_gain":0,"max_hp_loss":0,"event_name":"Shining Light","floor":12,"gold_loss":0},{"damage_healed":0,"gold_gain":0,"player_choice":"Became a Ghost","damage_taken":0,"max_hp_gain":0,"max_hp_loss":33,"event_name":"Ghosts","floor":19,"gold_loss":0,"cards_obtained":["Ghostly","Ghostly","Ghostly"]},{"damage_healed":0,"gold_gain":0,"cards_transformed":["Strike_G"],"player_choice":"Transformed","damage_taken":0,"max_hp_gain":0,"max_hp_loss":0,"event_name":"Transmorgrifier","floor":21,"gold_loss":0,"cards_obtained":["Prepared"]},{"damage_healed":0,"gold_gain":0,"player_choice":"Obtained Book","damage_taken":21,"max_hp_gain":0,"max_hp_loss":0,"event_name":"Cursed Tome","floor":29,"gold_loss":0}],"is_beta":false,"boss_relics":[{"not_picked":["Busted Crown","Astrolabe"],"picked":"Sozu"}],"items_purged_floors":[4],"is_endless":false,"potions_floor_spawned":[3,6,8,14,27,30],"killed_by":"Slavers","ascension_level":20}}