{"host":"zhec3g4cvsmevugl","time":1609523879,"event":{"mods":["BaseMod","BetterRewards","Curses Come First","Minty Spire (QoL Compilation)","Relic Stats","Slay-I","StSLib"],"gold_per_floor":[114,114,114,77,77,89,102,160,237,302,377,396,412,426,426,522,522,541,553,84,102,17,17,17],"floor_reached":23,"playtime":940,"items_purged":[],"score":201,"play_id":"c55ebfe5-80b2-4bf8-874e-dcd940f4ad63","local_time":"20210102015759","is_ascension_mode":true,"campfire_choices":[{"floor":15,"key":"REST"}],"circlet_count":0,"master_deck":["Strike_R","Strike_R","Strike_R","Strike_R+1","Strike_R","Defend_R","Defend_R","Defend_R","Defend_R+1","Bash","Perfected Strike","Dual Wield","Uppercut","Shockwave","Flex","Flex","Impervious","Flex","Fiend Fire","Cleave","Whirlwind+1","Immolate","Feel No Pain"],"relics":["Fusion Hammer","Regal Pillow","Bottled Flame","Pear","Runic Cube","Happy Flower","Mercury Hourglass","Blue Candle"],"acts_visited":["Exordium","TheCity"],"potions_floor_usage":[13,16,16],"damage_taken":[{"damage":2,"enemies":"Jaw Worm","floor":1,"turns":4},{"damage":0,"enemies":"Small Slimes","floor":6,"turns":3},{"damage":1,"enemies":"Cultist","floor":7,"turns":3},{"damage":33,"enemies":"Lagavulin Event","floor":8,"turns":6},{"damage":6,"enemies":"Gremlin Gang","floor":12,"turns":4},{"damage":0,"enemies":"Looter","floor":13,"turns":1},{"damage":1,"enemies":"3 Louse","floor":14,"turns":3},{"damage":39,"enemies":"Hexaghost","floor":16,"turns":11},{"damage":28,"enemies":"Spheric Guardian","floor":18,"turns":4},{"damage":22,"enemies":"3 Byrds","floor":19,"turns":6},{"damage":23,"enemies":"Centurion and Healer","floor":21,"turns":4},{"damage":26,"enemies":"Slavers","floor":23,"turns":1}],"seed_played":"3085635521785838958","potions_obtained":[{"floor":6,"key":"Dexterity Potion"},{"floor":8,"key":"GamblersBrew"},{"floor":12,"key":"Fire Potion"},{"floor":19,"key":"Strength Potion"}],"is_trial":false,"path_per_floor":["M","?","?","$","?","M","M","?","T","?","?","M","M","M","R","B",null,"M","M","$","M","?","E"],"character_chosen":"IRONCLAD","items_purchased":["Pummel","Happy Flower","Mercury Hourglass","Immolate"],"campfire_rested":1,"item_purchase_floors":[4,20,20,20],"current_hp_per_floor":[78,60,44,44,44,44,43,10,20,20,9,3,3,2,44,5,90,62,40,40,17,17,0,0],"gold":17,"neow_bonus":"BOSS_RELIC","is_daily":false,"chose_seed":false,"campfire_upgraded":0,"win_rate":0.0,"timestamp":1609523879,"path_taken":["M","?","?","$","?","?","?","?","T","?","?","M","M","M","R","BOSS","M","M","$","M","?","E"],"items_purchased_type":["Card","Relic","Relic","Card"],"build_version":"2020-12-22","purchased_purges":0,"victory":false,"max_hp_per_floor":[80,80,80,80,80,80,80,80,90,90,90,90,90,90,90,90,90,90,90,90,90,90,90,90],"relic_stats":{"Regal Pillow":15,"Happy Flower":[1],"counters":[12,50],"Blue Candle":[0],"obtain_stats":[{"Regal Pillow":2,"Bottled Flame":8,"Pear":9,"Happy Flower":20,"Blue Candle":22,"Fusion Hammer":0,"Burning Blood":0,"Runic Cube":17,"Mercury Hourglass":20},{"Regal Pillow":1,"Bottled Flame":4,"Pear":4,"Happy Flower":10,"Blue Candle":11,"Fusion Hammer":0,"Burning Blood":0,"Runic Cube":8,"Mercury Hourglass":10},{"Regal Pillow":4,"Bottled Flame":16,"Pear":16,"Happy Flower":45,"Blue Candle":49,"Fusion Hammer":0,"Burning Blood":0,"Runic Cube":35,"Mercury Hourglass":45}],"Runic Cube":[16],"Mercury Hourglass":[27]},"card_choices":[{"not_picked":["Shrug It Off","Pommel Strike"],"picked":"Perfected Strike","floor":1},{"not_picked":["Whirlwind","Body Slam"],"picked":"Uppercut","floor":6},{"not_picked":["Ghostly Armor","Twin Strike"],"picked":"Shockwave","floor":7},{"not_picked":["Heavy Blade","Anger"],"picked":"Flex","floor":8},{"not_picked":["Shockwave","Shrug It Off"],"picked":"Flex","floor":12},{"not_picked":["Perfected Strike","Shrug It Off"],"picked":"Impervious","floor":13},{"not_picked":["Disarm","Evolve"],"picked":"Flex","floor":14},{"not_picked":["Demon Form","Barricade"],"picked":"Fiend Fire","floor":16},{"not_picked":["True Grit","Pommel Strike"],"picked":"Cleave","floor":18},{"not_picked":["Anger","Intimidate"],"picked":"Whirlwind+1","floor":19},{"not_picked":["Cleave","Clash"],"picked":"Feel No Pain","floor":21}],"player_experience":206208,"relics_obtained":[{"floor":8,"key":"Bottled Flame"},{"floor":9,"key":"Pear"}],"event_choices":[{"damage_healed":0,"gold_gain":0,"player_choice":"Success","damage_taken":18,"relics_obtained":["Regal Pillow"],"max_hp_gain":0,"max_hp_loss":0,"event_name":"Scrap Ooze","floor":2,"gold_loss":0},{"damage_healed":0,"gold_gain":0,"player_choice":"Entered Light","damage_taken":16,"max_hp_gain":0,"max_hp_loss":0,"event_name":"Shining Light","floor":3,"gold_loss":0,"cards_upgraded":["Defend_R","Strike_R"]},{"damage_healed":0,"gold_gain":0,"cards_transformed":["Pummel"],"player_choice":"Transformed","damage_taken":0,"max_hp_gain":0,"max_hp_loss":0,"event_name":"Transmorgrifier","floor":5,"gold_loss":0,"cards_obtained":["Dual Wield"]},{"damage_healed":0,"gold_gain":30,"player_choice":"Searched \u00272\u0027 times","damage_taken":0,"max_hp_gain":0,"max_hp_loss":0,"event_name":"Dead Adventurer","floor":8,"gold_loss":0},{"damage_healed":0,"gold_gain":65,"player_choice":"Gained Gold","damage_taken":0,"max_hp_gain":0,"max_hp_loss":0,"event_name":"Golden Wing","floor":10,"gold_loss":0},{"damage_healed":0,"gold_gain":75,"player_choice":"Gather Gold","damage_taken":11,"max_hp_gain":0,"max_hp_loss":0,"event_name":"World of Goop","floor":11,"gold_loss":0},{"damage_healed":0,"gold_gain":0,"player_choice":"Obtained Relic","damage_taken":0,"relics_obtained":["Blue Candle"],"max_hp_gain":0,"max_hp_loss":0,"event_name":"Addict","floor":22,"gold_loss":85}],"is_beta":false,"boss_relics":[{"not_picked":["Empty Cage","Ectoplasm"],"picked":"Runic Cube"}],"items_purged_floors":[],"is_endless":false,"potions_floor_spawned":[6,8,12,19],"killed_by":"Slavers","ascension_level":2}}