{"host":"xg5jeeis2it0kviw","time":1609512296,"event":{"mods":["Aspiration","BaseMod","Conspire","Minty Spire (QoL Compilation)","Relic Stats","Spicy Shops","StSLib","vexMod","¡¾ÒÅÎï¿¨ÅÆ¡¿REMEMod"],"gold_per_floor":[117,127,138,88,38,38,71,86,109,124,155,196,196,226,226,350,350,377,377,302,328,328,328,363,381,381,416,428,458,473,483,483,588,588,604,637,637,12,12,12,12,38,38,88,88,98,17,17,17,17,17,17,13,48,48,48],"floor_reached":55,"playtime":3501,"items_purged":["conspire:SpireCoStock"],"score":758,"play_id":"fc9bd256-7a1e-4066-8808-1be903e37535","local_time":"20210101224456","is_ascension_mode":false,"campfire_choices":[{"data":"REME_Flogging","floor":6,"key":"SMITH"},{"floor":13,"key":"REST"},{"data":"Footwork","floor":15,"key":"SMITH"},{"data":"Barricade","floor":23,"key":"SMITH"},{"floor":32,"key":"REST"},{"floor":40,"key":"RECALL"},{"floor":45,"key":"REST"},{"floor":49,"key":"REST"},{"data":"Dagger Spray","floor":52,"key":"SMITH"}],"circlet_count":0,"master_deck":["Strike_G","Strike_G","Strike_G","Strike_G+1","Defend_G","Defend_G","Defend_G","Survivor","Neutralize","REME_Flogging+1","Backflip","Blur","Flying Knee","Dash","Footwork+1","Malaise","Slice+1","Masterful Stab","Dodge and Roll","Envenom","Escape Plan","Blade Dance","Barricade+1","REME_Scribble+1","Armaments","Shrug It Off","Footwork","conspire:Charge","Infernal Blade+1","Shockwave","A Thousand Cuts","Distraction","Footwork+1","Dagger Spray+1","Flash of Steel","Cloak And Dagger+1","Body Slam+1","Seeing Red","REME_Cut","Infinite Blades","REME_GrazeFinale"],"relics":["Ring of the Snake","REME_ComplimentaryCards","aspiration:HatOfInfinitePower","Whetstone","aspiration:IroncladSkillbook","Bag of Preparation","conspire:BottledYoYo","WristBlade","Oddly Smooth Stone","TwistedFunnel","vexMod:FocusSash","Strawberry","Gremlin Horn","CaptainsWheel","Art of War"],"acts_visited":["Exordium","TheCity","TheBeyond","TheEnding"],"potions_floor_usage":[2,10,16,27,33,35,41,42,50],"damage_taken":[{"damage":0,"enemies":"conspire:RoseBush","floor":1,"turns":3},{"damage":0,"enemies":"Small Slimes","floor":2,"turns":3},{"damage":2,"enemies":"Jaw Worm","floor":3,"turns":3},{"damage":2,"enemies":"Looter","floor":7,"turns":2},{"damage":0,"enemies":"2 Fungi Beasts","floor":8,"turns":2},{"damage":0,"enemies":"Exordium Thugs","floor":10,"turns":3},{"damage":17,"enemies":"Gremlin Gang","floor":11,"turns":5},{"damage":18,"enemies":"Gremlin Nob","floor":12,"turns":5},{"damage":5,"enemies":"Lagavulin","floor":14,"turns":6},{"damage":4,"enemies":"The Guardian","floor":16,"turns":8},{"damage":0,"enemies":"conspire:FuzzyDice","floor":18,"turns":5},{"damage":15,"enemies":"2 Thieves","floor":21,"turns":3},{"damage":20,"enemies":"REME_1_Revenger","floor":24,"turns":5},{"damage":3,"enemies":"conspire:HollyBat","floor":25,"turns":5},{"damage":14,"enemies":"Snake Plant","floor":27,"turns":3},{"damage":0,"enemies":"Snecko","floor":28,"turns":5},{"damage":13,"enemies":"Centurion and Healer","floor":29,"turns":4},{"damage":4,"enemies":"Snake Plant","floor":30,"turns":5},{"damage":17,"enemies":"3 Cultists","floor":31,"turns":5},{"damage":39,"enemies":"Collector","floor":33,"turns":9},{"damage":3,"enemies":"3 Shapes","floor":35,"turns":5},{"damage":12,"enemies":"3 Darklings","floor":36,"turns":6},{"damage":9,"enemies":"Writhing Mass","floor":41,"turns":2},{"damage":44,"enemies":"Reptomancer","floor":42,"turns":6},{"damage":3,"enemies":"Mind Bloom Boss Battle","floor":44,"turns":3},{"damage":31,"enemies":"4 Shapes","floor":46,"turns":4},{"damage":49,"enemies":"Donu and Deca","floor":50,"turns":9},{"damage":79,"enemies":"Shield and Spear","floor":54,"turns":6},{"damage":46,"enemies":"The Heart","floor":55,"turns":3}],"seed_played":"-3378634751623328590","potions_obtained":[{"floor":1,"key":"ColorlessPotion"},{"floor":3,"key":"BlessingOfTheForge"},{"floor":8,"key":"Explosive Potion"},{"floor":14,"key":"Fire Potion"},{"floor":16,"key":"AttackPotion"},{"floor":24,"key":"Regen Potion"},{"floor":27,"key":"SkillPotion"},{"floor":36,"key":"SmokeBomb"},{"floor":44,"key":"SteroidPotion"}],"is_trial":false,"path_per_floor":["M","M","M","?","?","R","M","M","T","M","M","E","R","E","R","B",null,"M","?","?","M","?","R","E","M","T","M","M","M","M","M","R","B",null,"M","M","?","$","?","R","M","E","T","?","R","M","$","?","R","B",null,"R","$","E","B"],"character_chosen":"THE_SILENT","items_purchased":["Oddly Smooth Stone","TwistedFunnel","Dagger Spray","vexMod:FocusSash","REME_Cut","Infinite Blades"],"campfire_rested":4,"item_purchase_floors":[38,38,38,38,47,53],"current_hp_per_floor":[77,77,75,75,75,75,73,73,73,73,56,38,61,56,56,52,77,77,77,77,66,66,66,50,54,54,56,60,54,57,47,74,42,95,98,93,93,93,93,93,91,61,61,65,100,73,73,73,108,66,120,120,120,45,0,0],"gold":48,"neow_bonus":"TEN_PERCENT_HP_BONUS","is_daily":false,"chose_seed":false,"campfire_upgraded":4,"win_rate":0.0,"timestamp":1609512296,"path_taken":["M","M","M","?","?","R","M","M","T","?","M","E","R","E","R","BOSS","M","?","?","M","?","R","E","M","T","M","M","?","M","M","R","BOSS","M","?","?","$","?","R","M","E","T","?","R","M","?","?","R","BOSS","R","$","E","BOSS"],"items_purchased_type":["Relic","Relic","Card","Relic","Card","Card"],"build_version":"2020-12-22","purchased_purges":1,"victory":false,"max_hp_per_floor":[77,77,77,77,77,77,77,77,77,77,77,77,77,77,77,77,77,77,77,77,77,77,77,77,80,80,83,83,86,89,92,92,95,95,98,101,101,101,101,101,104,114,114,117,117,117,117,117,117,120,120,120,120,120,120,120],"relic_stats":{"Gremlin Horn":[6,6],"counters":[29,133],"Bag of Preparation":[32],"Art of War":[0],"Whetstone":["Slice","Strike_G"],"obtain_stats":[{"TwistedFunnel":38,"Gremlin Horn":43,"Oddly Smooth Stone":38,"Bag of Preparation":24,"Whetstone":14,"vexMod:FocusSash":38,"aspiration:IroncladSkillbook":17,"CaptainsWheel":44,"WristBlade":34,"Strawberry":42,"conspire:BottledYoYo":26,"Art of War":54,"aspiration:HatOfInfinitePower":12,"Ring of the Snake":0,"REME_ComplimentaryCards":0},{"TwistedFunnel":22,"Gremlin Horn":24,"Oddly Smooth Stone":22,"Bag of Preparation":13,"Whetstone":9,"vexMod:FocusSash":22,"aspiration:IroncladSkillbook":10,"CaptainsWheel":25,"WristBlade":20,"Strawberry":24,"conspire:BottledYoYo":14,"Art of War":28,"aspiration:HatOfInfinitePower":8,"Ring of the Snake":0,"REME_ComplimentaryCards":0},{"TwistedFunnel":100,"Gremlin Horn":108,"Oddly Smooth Stone":100,"Bag of Preparation":53,"Whetstone":32,"vexMod:FocusSash":100,"aspiration:IroncladSkillbook":40,"CaptainsWheel":111,"WristBlade":89,"Strawberry":108,"conspire:BottledYoYo":58,"Art of War":130,"aspiration:HatOfInfinitePower":26,"Ring of the Snake":0,"REME_ComplimentaryCards":0}],"Ring of the Snake":[58]},"card_choices":[{"not_picked":["Heel Hook","Crippling Poison"],"picked":"Backflip","floor":1},{"not_picked":["Outmaneuver","Eviscerate"],"picked":"Blur","floor":2},{"not_picked":["Deadly Poison","Backflip"],"picked":"Flying Knee","floor":3},{"not_picked":["Deadly Poison","Dagger Spray"],"picked":"Dash","floor":7},{"not_picked":["Blade Dance","Quick Slash"],"picked":"Footwork","floor":8},{"not_picked":["Escape Plan","Backflip"],"picked":"Malaise","floor":10},{"not_picked":["Dagger Spray","conspire:PoisonWeapons"],"picked":"Slice","floor":11},{"not_picked":["Deadly Poison","Setup"],"picked":"Masterful Stab","floor":12},{"not_picked":["Flying Knee","Catalyst"],"picked":"Dodge and Roll","floor":14},{"not_picked":["aspiration:Lunge","Phantasmal Killer"],"picked":"Envenom","floor":16},{"not_picked":["Well Laid Plans","Dagger Throw","Heavy Blade+1"],"picked":"Escape Plan","floor":18},{"not_picked":["Burning Pact","Clothesline","Body Slam"],"picked":"Blade Dance","floor":21},{"not_picked":["Dagger Throw","Bane","Dash"],"picked":"REME_Scribble+1","floor":24},{"not_picked":["Headbutt","Backflip","Iron Wave"],"picked":"Armaments","floor":25},{"not_picked":["Fiend Fire","Flame Barrier","Thunderclap"],"picked":"Shrug It Off","floor":27},{"not_picked":["Prepared+1","Sucker Punch","Sentinel+1"],"picked":"Footwork","floor":28},{"not_picked":["Headbutt","Flex","True Grit+1"],"picked":"conspire:Charge","floor":29},{"not_picked":["Cleave","PiercingWail","Bane"],"picked":"Infernal Blade+1","floor":30},{"not_picked":["Dodge and Roll","Concentrate","Escape Plan+1"],"picked":"Shockwave","floor":31},{"not_picked":["Die Die Die","Night Terror","REME_TheLastStrike"],"picked":"A Thousand Cuts","floor":33},{"not_picked":["Clothesline+1","Dagger Throw+1","PiercingWail+1"],"picked":"Distraction","floor":35},{"not_picked":["Poisoned Stab+1","Flying Knee+1","Pommel Strike+1"],"picked":"Footwork+1","floor":36},{"not_picked":["REME_BattleFury","Purity","Dark Shackles"],"picked":"Flash of Steel","floor":39},{"not_picked":["Whirlwind+1","Concentrate","Dash"],"picked":"Cloak And Dagger+1","floor":42},{"not_picked":["Dagger Spray+1","Perfected Strike","Tactician"],"picked":"Body Slam+1","floor":44},{"not_picked":["Flying Knee","Outmaneuver","Dark Embrace+1"],"picked":"Seeing Red","floor":46},{"not_picked":["Burst","Deadly Poison","True Grit"],"picked":"REME_GrazeFinale","floor":54}],"player_experience":290439,"relics_obtained":[{"floor":12,"key":"aspiration:HatOfInfinitePower"},{"floor":14,"key":"Whetstone"},{"floor":24,"key":"Bag of Preparation"},{"floor":26,"key":"conspire:BottledYoYo"},{"floor":42,"key":"Strawberry"},{"floor":43,"key":"Gremlin Horn"},{"floor":44,"key":"CaptainsWheel"},{"floor":54,"key":"Art of War"}],"event_choices":[{"cards_removed":["Defend_G"],"damage_healed":0,"gold_gain":0,"player_choice":"Card Removal","damage_taken":0,"max_hp_gain":0,"max_hp_loss":0,"event_name":"The Cleric","floor":4,"gold_loss":50},{"damage_healed":0,"gold_gain":0,"player_choice":"Invest 1","damage_taken":0,"max_hp_gain":0,"max_hp_loss":0,"event_name":"conspire:Investor","floor":5,"gold_loss":0},{"cards_removed":["Defend_G"],"damage_healed":0,"gold_gain":0,"player_choice":"Elegance","damage_taken":0,"max_hp_gain":0,"max_hp_loss":0,"event_name":"Back to Basics","floor":19,"gold_loss":0},{"cards_removed":["Strike_G"],"damage_healed":0,"gold_gain":0,"player_choice":"Gave Gold","damage_taken":0,"max_hp_gain":0,"max_hp_loss":0,"event_name":"Beggar","floor":20,"gold_loss":75},{"damage_healed":0,"gold_gain":0,"player_choice":"1 cards matched","damage_taken":0,"max_hp_gain":0,"max_hp_loss":0,"event_name":"Match and Keep!","floor":22,"gold_loss":0,"cards_obtained":["Barricade"]},{"damage_healed":0,"gold_gain":0,"player_choice":"Ignored","damage_taken":0,"max_hp_gain":0,"max_hp_loss":0,"event_name":"Tomb of Lord Red Mask","floor":37,"gold_loss":0},{"damage_healed":0,"gold_gain":0,"player_choice":"Memory 1","damage_taken":0,"max_hp_gain":0,"max_hp_loss":0,"event_name":"SensoryStone","floor":39,"gold_loss":0},{"damage_healed":0,"gold_gain":0,"player_choice":"Fight","damage_taken":0,"max_hp_gain":0,"max_hp_loss":0,"event_name":"MindBloom","floor":44,"gold_loss":0},{"damage_healed":0,"gold_gain":0,"player_choice":"Ignored","damage_taken":0,"max_hp_gain":0,"max_hp_loss":0,"event_name":"Mysterious Sphere","floor":48,"gold_loss":0}],"is_beta":false,"boss_relics":[{"not_picked":["vexMod:DeviousBotling","conspire:SlowCooker"],"picked":"aspiration:IroncladSkillbook"},{"not_picked":["SlaversCollar","vexMod:TanglingVine"],"picked":"WristBlade"}],"items_purged_floors":[38],"is_endless":false,"potions_floor_spawned":[1,3,8,14,16,24,27,28,29,30,36,41,44],"killed_by":"The Heart","ascension_level":0}}