{"host":"h4lp0eeso8a0ssq0","time":1609477204,"event":{"mods":["2.2 Compatiblity","BaseMod","CapriCore","Colored Map","Hermit","Lobotomy","Marisa£¨Ùöéë¡¡Øª×âÞÞ£©","Minty Spire (QoL Compilation)","StSLib","SuperFastMode","The Cursed","The Hierophant","The Immortal"],"gold_per_floor":[115,115,115,20,95,122,122,155,155,182,182,194,210,225,225,327,327,341,291,305,317,335,368,368,399,411,423,448,489,513,545,557,671,683,710,207,219,238,249,580,104,104,104,104,159,175,230,241,241,241,241,241,241,12,39,39],"floor_reached":57,"playtime":3412,"items_purged":["Strike_P","Strike_P","Strike_P"],"score":1589,"play_id":"695c4bcf-4543-4b33-b258-5751d6125111","local_time":"20210101140004","is_ascension_mode":false,"campfire_choices":[{"data":"Eruption","floor":7.0,"key":"SMITH"},{"data":"FlurryOfBlows","floor":11.0,"key":"SMITH"},{"floor":15.0,"key":"REST"},{"data":"FlurryOfBlows","floor":24.0,"key":"SMITH"},{"floor":27.0,"key":"REST"},{"floor":32.0,"key":"REST"},{"floor":42.0,"key":"REST"},{"floor":44.0,"key":"RECALL"},{"floor":49.0,"key":"REST"},{"data":"Wireheading","floor":53.0,"key":"SMITH"}],"circlet_count":0,"master_deck":["Strike_P","Defend_P","Defend_P","Defend_P","Defend_P","Eruption+1","Vigilance","Consecrate","FlurryOfBlows+1","FollowUp","EmptyFist","Consecrate","Vengeance+1","FlurryOfBlows+1","FlurryOfBlows","Swivel+1","Judgement+1","WindmillStrike","Tantrum","Evaluate+1","Consecrate","WindmillStrike","LikeWater+1","FlurryOfBlows+1","Adaptation","Pray+1","Consecrate+1","ReachHeaven","Perseverance+1","Evaluate+1","EmptyMind+1","Vault+1","ConjureBlade+1","Halt+1","Mind Blast","ClearTheMind+1","ClearTheMind+1","FollowUp+1","Prostrate+1","Vault+1","EmptyMind+1","Wireheading+1","SandsOfTime+1","TalkToTheHand+1"],"relics":["HolyWater","NeowsBlessing","Bag of Preparation","Bag of Marbles","Mummified Hand","Toxic Egg 2","Prayer Wheel","Boot","MawBank","Singing Bowl","VioletLotus","Nunchaku","PreservedInsect","Old Coin","Orrery","Pen Nib","Orichalcum","CatCart","MealTicket","Gremlin Horn"],"acts_visited":["Exordium","TheCity","TheBeyond","TheEnding"],"potions_floor_usage":[56,56],"damage_taken":[{"damage":0.0,"enemies":"Jaw Worm","floor":1.0,"turns":1.0},{"damage":0.0,"enemies":"Lagavulin","floor":6.0,"turns":1.0},{"damage":0.0,"enemies":"Gremlin Nob","floor":8.0,"turns":1.0},{"damage":26.0,"enemies":"Lagavulin","floor":10.0,"turns":3.0},{"damage":0.0,"enemies":"2 Louse","floor":12.0,"turns":1.0},{"damage":0.0,"enemies":"Cultist","floor":13.0,"turns":1.0},{"damage":0.0,"enemies":"Lots of Slimes","floor":14.0,"turns":1.0},{"damage":0.0,"enemies":"Slime Boss","floor":16.0,"turns":4.0},{"damage":0.0,"enemies":"Chosen","floor":18.0,"turns":2.0},{"damage":0.0,"enemies":"Spheric Guardian","floor":20.0,"turns":3.0},{"damage":0.0,"enemies":"Centurion and Healer","floor":21.0,"turns":3.0},{"damage":5.0,"enemies":"Chosen and Byrds","floor":22.0,"turns":3.0},{"damage":0.0,"enemies":"Gremlin Leader","floor":23.0,"turns":3.0},{"damage":31.0,"enemies":"Slavers","floor":25.0,"turns":3.0},{"damage":0.0,"enemies":"3 Cultists","floor":28.0,"turns":2.0},{"damage":32.0,"enemies":"Book of Stabbing","floor":29.0,"turns":4.0},{"damage":16.0,"enemies":"Centurion and Healer","floor":30.0,"turns":4.0},{"damage":0.0,"enemies":"Chosen and Byrds","floor":31.0,"turns":2.0},{"damage":28.0,"enemies":"Automaton","floor":33.0,"turns":6.0},{"damage":45.0,"enemies":"3 Darklings","floor":35.0,"turns":4.0},{"damage":0.0,"enemies":"Orb Walker","floor":37.0,"turns":1.0},{"damage":12.0,"enemies":"Spire Growth","floor":38.0,"turns":4.0},{"damage":0.0,"enemies":"Sphere and 2 Shapes","floor":39.0,"turns":3.0},{"damage":0.0,"enemies":"Nemesis","floor":40.0,"turns":1.0},{"damage":4.0,"enemies":"Orin","floor":45.0,"turns":7.0},{"damage":33.0,"enemies":"4 Shapes","floor":46.0,"turns":3.0},{"damage":3.0,"enemies":"3 Darklings","floor":48.0,"turns":2.0},{"damage":21.0,"enemies":"Donu and Deca","floor":50.0,"turns":6.0},{"damage":0.0,"enemies":"Shield and Spear","floor":55.0,"turns":4.0},{"damage":185,"enemies":"The Heart","floor":56,"turns":8}],"seed_played":"5697138807278479192","potions_obtained":[{"floor":10.0,"key":"DistilledChaos"},{"floor":13.0,"key":"Weak Potion"},{"floor":20.0,"key":"Fire Potion"},{"floor":21.0,"key":"DuplicationPotion"},{"floor":25.0,"key":"DuplicationPotion"},{"floor":28.0,"key":"DuplicationPotion"},{"floor":31.0,"key":"Block Potion"},{"floor":33.0,"key":"LiquidBronze"},{"floor":35.0,"key":"LiquidBronze"},{"floor":38.0,"key":"Explosive Potion"},{"floor":39.0,"key":"DuplicationPotion"},{"floor":46.0,"key":"Ambrosia"},{"floor":48.0,"key":"LiquidMemories"},{"floor":55.0,"key":"PowerPotion"}],"is_trial":false,"path_per_floor":["M","?","?","$","?","E","R","E","T","E","R","M","M","M","R","B",null,"M","?","M","M","M","E","R","E","T","R","M","E","M","M","R","B",null,"M","$","M","M","M","E","$","R","T","R","?","M","T","M","R","B",null,null,"R","$","E","B",null],"character_chosen":"WATCHER","items_purchased":["Fruit Juice","Nunchaku","Mind Blast","PreservedInsect","ClearTheMind+1","Orrery","Pen Nib","Wireheading","FairyPotion"],"campfire_rested":5,"item_purchase_floors":[4,36,36,36,36,41,41,41,54],"current_hp_per_floor":[72,72,69,74,63,63,63,63,63,37,37,37,37,37,60,60,77,77,77,77,77,72,72,72,41,41,64,64,32,20,20,44,16,81,38,38,42,30,34,34,40,69,69,69,65,36,36,37,68,47,47,105,105,105,105,12],"gold":39,"neow_bonus":"THREE_ENEMY_KILL","is_daily":false,"chose_seed":false,"campfire_upgraded":4,"win_rate":0.0,"timestamp":1609477204,"path_taken":["M","?","?","$","?","E","R","E","T","E","R","M","M","M","R","BOSS","M","?","M","M","M","E","R","E","T","R","M","E","?","M","R","BOSS","M","$","?","M","M","E","$","R","T","R","?","M","?","M","R","BOSS","R","$","E","BOSS"],"items_purchased_type":["Potion","Relic","Card","Relic","Card","Relic","Relic","Card","Potion"],"build_version":"2020-12-22","purchased_purges":3,"victory":true,"max_hp_per_floor":[72,72,72,77,77,77,77,77,77,77,77,77,77,77,77,77,77,77,77,77,77,77,77,77,77,77,77,77,77,81,81,81,81,81,83,83,87,87,91,91,97,97,97,97,97,101,101,105,105,105,105,105,105,105,105,105],"card_choices":[{"not_picked":["Crescendo","FlyingSleeves","ClearTheMind"],"picked":"SKIP","floor":1.0},{"not_picked":["Prostrate","Sanctity"],"picked":"Consecrate","floor":6.0},{"not_picked":["Omniscience","ClearTheMind"],"picked":"FlurryOfBlows","floor":8.0},{"not_picked":["PathToVictory+1","BowlingBash"],"picked":"FollowUp","floor":10.0},{"not_picked":["Protect+1","SashWhip"],"picked":"EmptyFist","floor":12.0},{"not_picked":["Collect+1","WheelKick"],"picked":"Consecrate","floor":12.0},{"not_picked":["TalkToTheHand","CutThroughFate"],"picked":"Vengeance+1","floor":13.0},{"not_picked":["ThirdEye+1","JustLucky"],"picked":"FlurryOfBlows","floor":13.0},{"not_picked":["Weave","CarveReality"],"picked":"FlurryOfBlows","floor":14.0},{"not_picked":["ForeignInfluence+1","Crescendo+1"],"picked":"Swivel+1","floor":14.0},{"not_picked":["Ragnarok","DeusExMachina+1"],"picked":"Judgement+1","floor":16.0},{"not_picked":["Crescendo+1","EmptyFist+1"],"picked":"WindmillStrike","floor":18.0},{"not_picked":["ForeignInfluence+1","TalkToTheHand"],"picked":"Tantrum","floor":18.0},{"not_picked":["WheelKick+1","CrushJoints+1"],"picked":"Evaluate+1","floor":20.0},{"not_picked":["DeusExMachina+1","Vengeance+1"],"picked":"Consecrate","floor":20.0},{"not_picked":["Collect+1","Conclude"],"picked":"WindmillStrike","floor":21.0},{"not_picked":["BowlingBash","CrushJoints"],"picked":"LikeWater+1","floor":21.0},{"not_picked":["FlyingSleeves","BowlingBash"],"picked":"FlurryOfBlows+1","floor":22.0},{"not_picked":["Vengeance+1","FlurryOfBlows"],"picked":"Adaptation","floor":22.0},{"not_picked":["BowlingBash","BattleHymn"],"picked":"Pray+1","floor":23.0},{"not_picked":["FollowUp+1","FlurryOfBlows+1"],"picked":"Consecrate+1","floor":25.0},{"not_picked":["ForeignInfluence+1","WreathOfFlame+1"],"picked":"ReachHeaven","floor":28.0},{"not_picked":["Swivel+1","SpiritShield+1"],"picked":"Perseverance+1","floor":28.0},{"not_picked":["DeceiveReality+1","ThirdEye+1"],"picked":"Evaluate+1","floor":29.0},{"not_picked":["Nirvana+1","Perseverance+1","TalkToTheHand"],"picked":"Singing Bowl","floor":30.0},{"not_picked":["Crescendo+1","BattleHymn+1","Vengeance+1"],"picked":"Singing Bowl","floor":30.0},{"not_picked":["CutThroughFate","Vengeance+1"],"picked":"EmptyMind+1","floor":31.0},{"not_picked":["Tantrum+1","WheelKick"],"picked":"Vault+1","floor":31.0},{"not_picked":["Wish+1","Brilliance"],"picked":"ConjureBlade+1","floor":33.0},{"not_picked":["CrushJoints","Swivel+1"],"picked":"Halt+1","floor":35.0},{"not_picked":["Nirvana","Protect+1","CrushJoints"],"picked":"Singing Bowl","floor":35.0},{"not_picked":["Crescendo+1","SashWhip","ThirdEye+1"],"picked":"Singing Bowl","floor":37.0},{"not_picked":["FlurryOfBlows+1","Consecrate","Wallop"],"picked":"Singing Bowl","floor":37.0},{"not_picked":["EmptyFist+1","FollowUp"],"picked":"ClearTheMind+1","floor":38.0},{"not_picked":["EmptyBody+1","Wish+1"],"picked":"FollowUp+1","floor":38.0},{"not_picked":["Prostrate+1","PathToVictory+1","FlyingSleeves+1"],"picked":"Singing Bowl","floor":39.0},{"not_picked":["ThirdEye+1","FollowUp","Evaluate+1"],"picked":"Singing Bowl","floor":39.0},{"not_picked":["WreathOfFlame+1","Consecrate"],"picked":"Prostrate+1","floor":40.0},{"not_picked":["Vengeance+1","FlurryOfBlows+1","Evaluate+1"],"picked":"Singing Bowl","floor":41.0},{"not_picked":["PathToVictory+1","Indignation+1"],"picked":"Vault+1","floor":41.0},{"not_picked":["PathToVictory+1","JustLucky"],"picked":"EmptyMind+1","floor":41.0},{"not_picked":["LikeWater+1","EmptyBody+1","Meditate+1"],"picked":"Singing Bowl","floor":41.0},{"not_picked":["CutThroughFate+1","WindmillStrike+1","JustLucky+1"],"picked":"Singing Bowl","floor":41.0},{"not_picked":["ReachHeaven+1","PathToVictory+1"],"picked":"SandsOfTime+1","floor":45.0},{"not_picked":["Prostrate+1","JustLucky+1","Blasphemy+1"],"picked":"Singing Bowl","floor":46.0},{"not_picked":["SashWhip+1","Crescendo+1","FlurryOfBlows+1"],"picked":"Singing Bowl","floor":46.0},{"not_picked":["Crescendo+1","Pray+1","Meditate+1"],"picked":"Singing Bowl","floor":48.0},{"not_picked":["JustLucky","Adaptation+1","FlurryOfBlows"],"picked":"Singing Bowl","floor":48.0},{"not_picked":["Fasting2+1","Pray+1"],"picked":"TalkToTheHand+1","floor":55.0}],"player_experience":53264,"relics_obtained":[{"floor":6.0,"key":"Bag of Marbles"},{"floor":8.0,"key":"Mummified Hand"},{"floor":9.0,"key":"Toxic Egg 2"},{"floor":10.0,"key":"Prayer Wheel"},{"floor":23.0,"key":"Boot"},{"floor":25.0,"key":"MawBank"},{"floor":29.0,"key":"Singing Bowl"},{"floor":40.0,"key":"Old Coin"},{"floor":43.0,"key":"Orichalcum"},{"floor":45.0,"key":"CatCart"},{"floor":47.0,"key":"MealTicket"},{"floor":55.0,"key":"Gremlin Horn"}],"event_choices":[{"damage_healed":0.0,"max_hp_gain":0.0,"max_hp_loss":0.0,"gold_gain":0.0,"event_name":"Liars Game","player_choice":"Ignored","floor":2.0,"gold_loss":0.0,"damage_taken":0.0},{"damage_healed":0.0,"max_hp_gain":0.0,"max_hp_loss":0.0,"gold_gain":0.0,"event_name":"Scrap Ooze","player_choice":"Success","floor":3.0,"gold_loss":0.0,"damage_taken":3.0,"relics_obtained":["Bag of Preparation"]},{"damage_healed":0.0,"max_hp_gain":0.0,"max_hp_loss":0.0,"gold_gain":75.0,"event_name":"World of Goop","player_choice":"Gather Gold","floor":5.0,"gold_loss":0.0,"damage_taken":11.0},{"damage_healed":0.0,"max_hp_gain":0.0,"max_hp_loss":0.0,"gold_gain":0.0,"event_name":"The Joust","player_choice":"Bet on Murderer","floor":19.0,"gold_loss":50.0,"damage_taken":0.0},{"damage_healed":0.0,"max_hp_gain":0.0,"max_hp_loss":0.0,"gold_gain":0.0,"event_name":"OrinTheCat","player_choice":"Fight","floor":45.0,"gold_loss":0.0,"damage_taken":0.0}],"is_beta":false,"boss_relics":[{"not_picked":["Coffee Dripper","Runic Dome"],"picked":"HolyWater"},{"not_picked":["SacredBark","Cursed Key"],"picked":"VioletLotus"}],"items_purged_floors":[36,41,54],"is_endless":false,"potions_floor_spawned":[10,13,20,21,25,28,31,33,35,38,39,46,48,55],"ascension_level":0}}