{"host":"t179ovrkr5k1gnfh","time":1609544560,"event":{"mods":["AchievementEnabler","BaseMod","Colored Map","Downfall","Minty Spire (QoL Compilation)","StSLib"],"gold_per_floor":[115,130,130,130,80,99,99,24,24,37,37,37,37,37,37,167,167,190,206,230,230,230,262,262,262,287,287,287,304,330,345,345,442,442,452,12,30,30,46,80,92,133,145,202,214,237,275,301,313,325,337,349,34,62,62],"floor_reached":56,"playtime":4040,"items_purged":["Guardian:Strike_Guardian","Guardian:Strike_Guardian","Guardian:Defend_Guardian"],"score":1573,"play_id":"e09cc7d7-e1a1-4d09-b2a3-724e56b2c82c","local_time":"20210102004240","is_ascension_mode":true,"campfire_choices":[{"data":"Guardian:DonusPower","floor":7,"key":"SMITH"},{"data":"Guardian:TwinSlam","floor":12,"key":"SMITH"},{"data":"Guardian:FloatingOrbs","floor":15,"key":"SMITH"},{"data":"Guardian:CompilePackage","floor":25,"key":"SMITH"},{"data":"Guardian:BaubleBeam","floor":32,"key":"SMITH"},{"data":"Guardian:CurlUp","floor":41,"key":"SMITH"},{"floor":49,"key":"RECALL"},{"floor":52,"key":"DIG"}],"circlet_count":0,"master_deck":["Guardian:Strike_Guardian","Guardian:Defend_Guardian","Guardian:CurlUp+1","Guardian:TwinSlam+1","Guardian:FloatingOrbs+1","Guardian:DonusPower+1","Guardian:CompilePackage+1","Guardian:BronzeOrb+1","Guardian:Recover","Guardian:SpikerProtocol+1","Guardian:BaubleBeam+1","Guardian:TimeSifter+1","Guardian:ShieldSpikes+1","Guardian:SpikerProtocol+1","Guardian:TimeCapacitor","Guardian:TemporalShield","Madness","Guardian:FuturePlans"],"relics":["Guardian:ModeShifterPlus","Torii","Bloody Idol","HornCleat","The Courier","Guardian:PickAxe","Sozu","Lantern","StoneCalendar","Nilry\u0027s Codex","TungstenRod","Lee\u0027s Waffle","MawBank","Guardian:StasisCodex","Ornamental Fan","Bird Faced Urn","Shovel","Pear","Orichalcum"],"acts_visited":["Exordium","TheCity","TheBeyond","TheEnding"],"potions_floor_usage":[13,13,23],"damage_taken":[{"damage":0,"enemies":"2 Louse","floor":1,"turns":2},{"damage":1,"enemies":"Jaw Worm","floor":2,"turns":4},{"damage":1,"enemies":"Cultist","floor":6,"turns":3},{"damage":0,"enemies":"Exordium Wildlife","floor":10,"turns":2},{"damage":0,"enemies":"Exordium Wildlife","floor":13,"turns":4},{"damage":6,"enemies":"Hexaghost","floor":16,"turns":10},{"damage":12,"enemies":"2 Thieves","floor":18,"turns":4},{"damage":12,"enemies":"Spheric Guardian","floor":19,"turns":4},{"damage":23,"enemies":"Snecko","floor":20,"turns":4},{"damage":1,"enemies":"Gremlin Leader","floor":23,"turns":5},{"damage":0,"enemies":"3 Cultists","floor":29,"turns":4},{"damage":0,"enemies":"Slavers","floor":30,"turns":4},{"damage":13,"enemies":"Shelled Parasite and Fungi","floor":31,"turns":4},{"damage":31,"enemies":"Collector","floor":33,"turns":7},{"damage":0,"enemies":"3 Darklings","floor":35,"turns":3},{"damage":0,"enemies":"Orb Walker","floor":37,"turns":3},{"damage":6,"enemies":"4 Shapes","floor":39,"turns":4},{"damage":0,"enemies":"Reptomancer","floor":40,"turns":5},{"damage":0,"enemies":"Nemesis","floor":42,"turns":5},{"damage":0,"enemies":"2 Orb Walkers","floor":44,"turns":4},{"damage":24,"enemies":"Sphere and 2 Shapes","floor":46,"turns":5},{"damage":0,"enemies":"Giant Head","floor":47,"turns":6},{"damage":0,"enemies":"Maw","floor":48,"turns":6},{"damage":43,"enemies":"Awakened One","floor":50,"turns":9},{"damage":56,"enemies":"Shield and Spear","floor":54,"turns":7},{"damage":30,"enemies":"The Heart","floor":55,"turns":6}],"seed_played":"4227670374614999108","potions_obtained":[{"floor":2,"key":"DistilledChaos"},{"floor":6,"key":"Block Potion"},{"floor":16,"key":"Regen Potion"}],"is_trial":false,"path_per_floor":["M","M","?","?","?","M","R","$","T","M","T","R","?","?","R","B",null,"M","M","M","?","?","E","?","R","T","?","?","M","E","M","R","B",null,"M","$","M","?","M","E","R","E","T","?","?","M","E","M","R","B",null,"R","$","E","B",null],"character_chosen":"GUARDIAN","items_purchased":["TungstenRod","Lee\u0027s Waffle","Guardian:TimeCapacitor","Guardian:TemporalShield","Madness","Guardian:FuturePlans"],"campfire_rested":0,"item_purchase_floors":[36,36,53,53,53,53],"current_hp_per_floor":[72,71,71,53,53,52,52,52,52,52,52,52,52,52,52,46,66,54,42,19,19,19,37,37,37,42,66,50,55,60,52,52,26,61,66,79,79,79,78,79,79,79,79,79,79,66,79,79,79,38,70,85,89,44,30],"gold":62,"neow_bonus":"ONE_RARE_RELIC","is_daily":false,"chose_seed":false,"campfire_upgraded":6,"win_rate":0.0,"timestamp":1609544560,"path_taken":["M","M","?","?","?","?","R","?","T","M","?","R","?","?","R","BOSS","M","M","?","?","?","E","?","R","T","?","?","M","E","?","R","BOSS","M","$","M","?","?","E","R","E","T","?","?","M","E","M","R","BOSS","R","$","E","BOSS"],"items_purchased_type":["Relic","Relic","Card","Card","Card","Card"],"build_version":"2020-12-22","purchased_purges":3,"victory":true,"max_hp_per_floor":[72,72,72,72,72,72,72,72,72,72,72,72,72,72,72,72,72,72,72,72,72,72,72,72,72,72,72,72,72,72,72,72,72,72,72,79,79,79,79,79,79,79,79,79,79,79,79,79,79,79,79,89,89,89,89],"card_choices":[{"not_picked":["Guardian:TemporalStrike","Guardian:WalkerClaw"],"picked":"Guardian:Gem_Lightblue","floor":1},{"not_picked":["Guardian:TemporalStrike","Guardian:WalkerClaw"],"picked":"Guardian:FloatingOrbs","floor":2},{"not_picked":["Guardian:Reroute","Guardian:TimeCapacitor"],"picked":"Guardian:DonusPower","floor":6},{"not_picked":["Guardian:VentSteam","Guardian:WalkerClaw"],"picked":"Guardian:Gem_Crimson","floor":10},{"not_picked":["Guardian:TimeSifter","Guardian:FierceBash"],"picked":"Guardian:CompilePackage","floor":16},{"not_picked":["Guardian:PrimingBeam","Guardian:Suspension+1"],"picked":"Guardian:Planning+1","floor":18},{"not_picked":["Guardian:Gem_Crimson","Guardian:Gem_Fragmented"],"picked":"Guardian:BronzeOrb+1","floor":19},{"not_picked":["Guardian:Gem_Red","Guardian:Gem_Lightblue"],"picked":"Guardian:Recover","floor":20},{"not_picked":["Guardian:FuturePlans","Guardian:ShieldSpikes"],"picked":"Guardian:SpikerProtocol+1","floor":23},{"not_picked":["Guardian:Gem_Blue","Guardian:Preprogram","Guardian:Gem_Green"],"picked":"SKIP","floor":29},{"not_picked":["Guardian:DonusPower","Guardian:RollAttack"],"picked":"Guardian:BaubleBeam","floor":30},{"not_picked":["Guardian:ArmoredProtocol","Guardian:BronzeArmor"],"picked":"Guardian:Gem_Purple","floor":31},{"not_picked":["Guardian:HyperBeam_Guardian","Guardian:ConstructionForm"],"picked":"Guardian:TimeSifter","floor":33},{"not_picked":["Guardian:Clone","Guardian:Recover","Guardian:Suspension"],"picked":"SKIP","floor":35},{"not_picked":["Guardian:TemporalStrike+1","Guardian:Incinerate"],"picked":"Guardian:ShieldSpikes+1","floor":37},{"not_picked":["Guardian:EvasiveProtocol+1","Guardian:RefractedBeam+1","Guardian:Gem_Purple"],"picked":"SKIP","floor":39},{"not_picked":["Guardian:RollAttack","Guardian:Reroute","Guardian:Gem_Purple"],"picked":"SKIP","floor":40},{"not_picked":["Guardian:PrismaticBeam","Guardian:CrystalBeam+1","Guardian:RefractedBeam"],"picked":"SKIP","floor":42},{"not_picked":["Guardian:SentryBeam","Guardian:Clone+1"],"picked":"Guardian:SpikerProtocol+1","floor":44},{"not_picked":["Guardian:MultiBeam","Guardian:CrystalBeam","Guardian:VentSteam+1"],"picked":"SKIP","floor":46},{"not_picked":["Guardian:Gem_Green","Guardian:Reroute+1","Guardian:BronzeOrb+1"],"picked":"SKIP","floor":47},{"not_picked":["Guardian:SentryBeam","Guardian:ShieldCharger","Guardian:Repulse"],"picked":"SKIP","floor":48},{"not_picked":["Guardian:RevengeProtocol","Guardian:Gem_Cyan","Guardian:Planning+1"],"picked":"SKIP","floor":54}],"player_experience":194909,"relics_obtained":[{"floor":9,"key":"HornCleat"},{"floor":11,"key":"The Courier"},{"floor":23,"key":"Lantern"},{"floor":28,"key":"Nilry\u0027s Codex"},{"floor":40,"key":"MawBank"},{"floor":42,"key":"Guardian:StasisCodex"},{"floor":43,"key":"Ornamental Fan"},{"floor":44,"key":"Bird Faced Urn"},{"floor":47,"key":"Shovel"},{"floor":52,"key":"Pear"},{"floor":54,"key":"Orichalcum"}],"event_choices":[{"damage_healed":0,"gold_gain":0,"player_choice":"Ignored","damage_taken":0,"max_hp_gain":0,"max_hp_loss":0,"event_name":"Liars Game","floor":3,"gold_loss":0},{"damage_healed":0,"gold_gain":0,"player_choice":"Take Damage","damage_taken":18,"relics_obtained":["Golden Idol"],"max_hp_gain":0,"max_hp_loss":0,"event_name":"Golden Idol","floor":4,"gold_loss":0},{"cards_removed":["Guardian:Defend_Guardian"],"damage_healed":0,"gold_gain":0,"player_choice":"Card Removal","damage_taken":0,"max_hp_gain":0,"max_hp_loss":0,"event_name":"The Cleric","floor":5,"gold_loss":50},{"cards_removed":["Guardian:Strike_Guardian"],"damage_healed":0,"gold_gain":0,"player_choice":"Purged","damage_taken":0,"max_hp_gain":0,"max_hp_loss":0,"event_name":"Purifier","floor":14,"gold_loss":0},{"damage_healed":0,"gold_gain":0,"player_choice":"Ignored","damage_taken":0,"max_hp_gain":0,"max_hp_loss":0,"event_name":"Ghosts","floor":21,"gold_loss":0},{"damage_healed":0,"gold_gain":0,"player_choice":"Gave Idol","damage_taken":0,"relics_obtained":["Bloody Idol"],"max_hp_gain":0,"max_hp_loss":0,"event_name":"Forgotten Altar","floor":22,"relics_lost":["Golden Idol"],"gold_loss":0},{"damage_healed":0,"gold_gain":0,"player_choice":"Opened","damage_taken":0,"relics_obtained":["StoneCalendar"],"max_hp_gain":0,"max_hp_loss":0,"event_name":"The Mausoleum","floor":24,"gold_loss":0},{"damage_healed":24,"gold_gain":0,"player_choice":"Heal","damage_taken":0,"max_hp_gain":0,"max_hp_loss":0,"event_name":"The Library","floor":27,"gold_loss":0},{"damage_healed":0,"gold_gain":0,"player_choice":"Obtained Book","damage_taken":16,"max_hp_gain":0,"max_hp_loss":0,"event_name":"Cursed Tome","floor":28,"gold_loss":0},{"damage_healed":0,"gold_gain":0,"player_choice":"Upgraded","damage_taken":0,"max_hp_gain":0,"max_hp_loss":0,"event_name":"Upgrade Shrine","floor":38,"gold_loss":0,"cards_upgraded":["Guardian:TimeSifter"]},{"damage_healed":0,"gold_gain":0,"player_choice":"Fight","damage_taken":0,"max_hp_gain":0,"max_hp_loss":0,"event_name":"Mysterious Sphere","floor":44,"gold_loss":0}],"is_beta":false,"boss_relics":[{"not_picked":["Pandora\u0027s Box","Velvet Choker"],"picked":"Sozu"},{"not_picked":["Tiny House","Runic Dome"],"picked":"Guardian:ModeShifterPlus"}],"items_purged_floors":[8,36,53],"is_endless":false,"potions_floor_spawned":[2,6,13,16,18,20,30,31,35,39,42,44],"ascension_level":5}}