{"host":"pyvkqaq4yb2dtxwu","time":1609493525,"event":{"mods":["AchievementEnabler","BaseMod","Colored Map","Colored Powertips","DeckTracker","Minty Spire (QoL Compilation)"],"gold_per_floor":[110,130,55,69,87,87,117,131,131,151,151,151,151,151,151,246,246,259,90,90,105,105,105,138,138,138,138,237,257,274,274,274,274,274],"floor_reached":33,"playtime":1616,"items_purged":["Strike_R","Strike_R"],"score":265,"play_id":"4094b440-5beb-4ee3-a45c-6857a20dd218","local_time":"20210101013205","is_ascension_mode":false,"campfire_choices":[{"data":"Anger","floor":6,"key":"SMITH"},{"data":"Double Tap","floor":11,"key":"SMITH"},{"data":"Heavy Blade","floor":12,"key":"SMITH"},{"data":"Searing Blow","floor":15,"key":"SMITH"},{"data":"Feed","floor":23,"key":"SMITH"},{"data":"Sentinel","floor":25,"key":"SMITH"},{"data":"Fire Breathing","floor":27,"key":"SMITH"},{"floor":32,"key":"REST"}],"circlet_count":0,"master_deck":["Strike_R","Strike_R","Defend_R","Defend_R","Defend_R","Defend_R","Bash","Anger+1","Cleave","Twin Strike","Pommel Strike","Double Tap+1","Searing Blow+1","Heavy Blade+1","Feed+1","Feed","Fire Breathing+1","Sentinel+1","Doubt","Ghostly Armor"],"relics":["Burning Blood","Vajra","WingedGreaves","Cursed Key","MutagenicStrength","CaptainsWheel","Bottled Tornado","Frozen Egg 2"],"acts_visited":["Exordium","TheCity"],"potions_floor_usage":[29,33],"damage_taken":[{"damage":0,"enemies":"Small Slimes","floor":1,"turns":4},{"damage":6,"enemies":"Jaw Worm","floor":2,"turns":3},{"damage":1,"enemies":"Cultist","floor":4,"turns":4},{"damage":10,"enemies":"Looter","floor":5,"turns":3},{"damage":20,"enemies":"Gremlin Nob","floor":7,"turns":4},{"damage":3,"enemies":"Red Slaver","floor":8,"turns":2},{"damage":10,"enemies":"Lots of Slimes","floor":10,"turns":2},{"damage":16,"enemies":"Slime Boss","floor":16,"turns":7},{"damage":19,"enemies":"Shell Parasite","floor":18,"turns":4},{"damage":10,"enemies":"Chosen","floor":21,"turns":2},{"damage":37,"enemies":"Slavers","floor":24,"turns":4},{"damage":0,"enemies":"Snake Plant","floor":29,"turns":2},{"damage":33,"enemies":"Snecko","floor":30,"turns":8},{"damage":58,"enemies":"Collector","floor":33,"turns":5}],"seed_played":"5844336303254128545","potions_obtained":[{"floor":1,"key":"SneckoOil"},{"floor":4,"key":"Dexterity Potion"},{"floor":16,"key":"Strength Potion"},{"floor":18,"key":"Fire Potion"}],"is_trial":false,"path_per_floor":["M","M","$","M","M","R","E","M","T","M","R","R","?","?","R","B",null,"M","$","?","M","$","R","E","R","T","R","?","M","M","?","R","B"],"character_chosen":"IRONCLAD","items_purchased":["Feed"],"campfire_rested":1,"item_purchase_floors":[19],"current_hp_per_floor":[88,88,88,88,84,84,70,73,73,69,69,69,62,62,62,52,88,75,75,75,71,71,71,40,40,40,40,40,46,19,19,45,0,0],"gold":274,"neow_bonus":"TEN_PERCENT_HP_BONUS","is_daily":false,"chose_seed":false,"campfire_upgraded":7,"win_rate":0.0,"timestamp":1609493525,"path_taken":["M","M","$","M","M","R","E","M","T","M","R","R","?","?","R","BOSS","M","$","?","M","$","R","E","R","T","R","?","M","?","?","R","BOSS"],"items_purchased_type":["Card"],"build_version":"2020-12-22","purchased_purges":2,"victory":false,"max_hp_per_floor":[88,88,88,88,88,88,88,88,88,88,88,88,88,88,88,88,88,88,88,88,88,88,88,88,88,88,88,88,88,88,88,88,88,88],"card_choices":[{"not_picked":["Havoc","Sword Boomerang"],"picked":"Anger","floor":1},{"not_picked":["Sword Boomerang","Wild Strike"],"picked":"Cleave","floor":2},{"not_picked":["Heavy Blade","Headbutt"],"picked":"Twin Strike","floor":4},{"not_picked":["Rupture","Clothesline"],"picked":"Pommel Strike","floor":5},{"not_picked":["Iron Wave","Rupture"],"picked":"Double Tap","floor":7},{"not_picked":["Pummel","Power Through"],"picked":"Searing Blow","floor":8},{"not_picked":["Perfected Strike","Clash"],"picked":"Heavy Blade","floor":10},{"not_picked":["Exhume","Double Tap"],"picked":"Feed","floor":16},{"not_picked":["Entrench+1","Perfected Strike","Headbutt"],"picked":"SKIP","floor":18},{"not_picked":["Clash","Shockwave"],"picked":"Fire Breathing","floor":21},{"not_picked":["Havoc","Armaments"],"picked":"Sentinel","floor":24},{"not_picked":["Whirlwind","Rampage"],"picked":"Ghostly Armor","floor":29},{"not_picked":["Thunderclap","Sword Boomerang","Power Through"],"picked":"SKIP","floor":30}],"player_experience":93855,"relics_obtained":[{"floor":7,"key":"Vajra"},{"floor":9,"key":"WingedGreaves"},{"floor":24,"key":"CaptainsWheel"},{"floor":26,"key":"Bottled Tornado"}],"event_choices":[{"cards_removed":["Strike_R"],"damage_healed":0,"gold_gain":0,"player_choice":"Card Removal","damage_taken":7,"max_hp_gain":0,"max_hp_loss":0,"event_name":"Golden Wing","floor":13,"gold_loss":0},{"damage_healed":0,"gold_gain":0,"player_choice":"Ignored","damage_taken":0,"max_hp_gain":0,"max_hp_loss":0,"event_name":"Shining Light","floor":14,"gold_loss":0},{"damage_healed":0,"gold_gain":0,"player_choice":"Inject Mutagens","damage_taken":0,"relics_obtained":["MutagenicStrength"],"max_hp_gain":0,"max_hp_loss":0,"event_name":"Drug Dealer","floor":20,"gold_loss":0},{"damage_healed":0,"gold_gain":99,"player_choice":"Stole From Cult","damage_taken":0,"max_hp_gain":0,"max_hp_loss":0,"event_name":"Nest","floor":28,"gold_loss":0},{"damage_healed":0,"gold_gain":0,"player_choice":"Gave Potion","damage_taken":0,"relics_obtained":["Frozen Egg 2"],"max_hp_gain":0,"max_hp_loss":0,"event_name":"WeMeetAgain","floor":31,"gold_loss":0}],"is_beta":false,"boss_relics":[{"not_picked":["Black Star","Calling Bell"],"picked":"Cursed Key"}],"items_purged_floors":[3,19],"is_endless":false,"potions_floor_spawned":[1,4,16,18,24],"killed_by":"Collector","ascension_level":0}}