{"host":"nqsrckqog5ia9mbo","time":1609524958,"event":{"mods":["AchievementEnabler","BaseMod","Colored Map","Highlight Path","Minty Spire (QoL Compilation)"],"gold_per_floor":[116,132,132,6,18,43,43,43,43,43,43,57,86,6,6,107,107,127,142,168,168,168],"floor_reached":21,"playtime":1517,"items_purged":[],"score":215,"play_id":"500e0de0-8bb9-40b2-a039-78477f394d29","local_time":"20210101191558","is_ascension_mode":true,"campfire_choices":[{"data":"Limit Break","floor":8,"key":"SMITH"},{"data":"Limit Break","floor":11,"key":"SMITH"},{"data":"Double Tap","floor":15,"key":"SMITH"}],"circlet_count":0,"master_deck":["Strike_R","Strike_R","Strike_R","Strike_R","Strike_R","Defend_R","Defend_R","Defend_R","Bash","Limit Break+1","Limit Break+1","Sword Boomerang","Clash","Double Tap+1","Flex"],"relics":["Burning Blood","CaptainsWheel","Lizard Tail","Anchor","Velvet Choker","Red Mask"],"acts_visited":["Exordium","TheCity"],"potions_floor_usage":[6,6,13],"damage_taken":[{"damage":11,"enemies":"Jaw Worm","floor":1,"turns":4},{"damage":6,"enemies":"Cultist","floor":2,"turns":4},{"damage":13,"enemies":"2 Louse","floor":5,"turns":3},{"damage":20,"enemies":"Lagavulin","floor":6,"turns":3},{"damage":27,"enemies":"Large Slime","floor":12,"turns":8},{"damage":16,"enemies":"Gremlin Nob","floor":13,"turns":4},{"damage":92,"enemies":"Slime Boss","floor":16,"turns":14},{"damage":21,"enemies":"3 Byrds","floor":18,"turns":7},{"damage":2,"enemies":"Chosen","floor":19,"turns":3},{"damage":65,"enemies":"Masked Bandits","floor":20,"turns":6},{"damage":18,"enemies":"Snecko","floor":21,"turns":2}],"seed_played":"-3671425230271060882","potions_obtained":[{"floor":1,"key":"DuplicationPotion"},{"floor":5,"key":"SteroidPotion"},{"floor":18,"key":"Swift Potion"},{"floor":20,"key":"SmokeBomb"}],"is_trial":false,"path_per_floor":["M","M","?","$","M","E","?","R","T","?","R","M","E","$","R","B",null,"M","M","?","M"],"character_chosen":"IRONCLAD","items_purchased":["Limit Break","SteroidPotion","Double Tap"],"campfire_rested":0,"item_purchase_floors":[4,4,14],"current_hp_per_floor":[83,83,83,83,76,62,62,62,62,88,88,67,57,57,57,16,88,73,77,18,0,0],"gold":168,"neow_bonus":"TEN_PERCENT_HP_BONUS","is_daily":false,"chose_seed":false,"campfire_upgraded":3,"win_rate":0.0,"timestamp":1609524958,"path_taken":["M","M","?","?","M","E","?","R","T","?","R","?","E","$","R","BOSS","M","M","?","M"],"items_purchased_type":["Card","Potion","Card"],"build_version":"2020-12-22","purchased_purges":0,"victory":false,"max_hp_per_floor":[88,88,88,88,88,88,88,88,88,88,88,88,88,88,88,88,88,88,88,88,88,88],"card_choices":[{"not_picked":["Seeing Red","Rampage","Havoc"],"picked":"SKIP","floor":1},{"not_picked":["Searing Blow","Warcry","Perfected Strike"],"picked":"SKIP","floor":2},{"not_picked":["Anger","Rupture","Shrug It Off"],"picked":"SKIP","floor":5},{"not_picked":["Iron Wave","Rupture"],"picked":"Sword Boomerang","floor":6},{"not_picked":["Wild Strike","Shrug It Off","Body Slam"],"picked":"SKIP","floor":12},{"not_picked":["Anger","Evolve"],"picked":"Clash","floor":13},{"not_picked":["Wild Strike","Havoc","Thunderclap"],"picked":"SKIP","floor":18},{"not_picked":["Metallicize","Clothesline","Berserk"],"picked":"SKIP","floor":19},{"not_picked":["Sword Boomerang+1","Inflame"],"picked":"Flex","floor":20}],"player_experience":51280,"relics_obtained":[{"floor":6,"key":"CaptainsWheel"},{"floor":9,"key":"Lizard Tail"},{"floor":13,"key":"Anchor"},{"floor":20,"key":"Red Mask"}],"event_choices":[{"damage_healed":0,"gold_gain":0,"player_choice":"1 cards matched","damage_taken":0,"max_hp_gain":0,"max_hp_loss":0,"event_name":"Match and Keep!","floor":3,"gold_loss":0,"cards_obtained":["Limit Break"]},{"cards_removed":["Defend_R"],"damage_healed":0,"gold_gain":0,"player_choice":"Forget","damage_taken":0,"max_hp_gain":0,"max_hp_loss":0,"event_name":"Living Wall","floor":7,"gold_loss":0},{"damage_healed":26,"gold_gain":0,"player_choice":"Full Heal","damage_taken":0,"max_hp_gain":0,"max_hp_loss":0,"event_name":"Wheel of Change","floor":10,"gold_loss":0},{"damage_healed":0,"gold_gain":0,"player_choice":"Fought Bandits","damage_taken":0,"max_hp_gain":0,"max_hp_loss":0,"event_name":"Masked Bandits","floor":20,"gold_loss":0}],"is_beta":false,"boss_relics":[{"not_picked":["Sozu","Snecko Eye"],"picked":"Velvet Choker"}],"items_purged_floors":[],"is_endless":false,"potions_floor_spawned":[1,5,18,20],"killed_by":"Snecko","ascension_level":3}}