{"host":"56792r0r1tfnc9x9","time":1609523671,"event":{"mods":["2.2 Compatiblity","AchievementEnabler","Act Like it!","Aspiration","BaseMod","Better Note","Better Third Choice","Better Vampires","BetterRewards","Block Reminder","CapriCore","Colored Map","Colored Powertips","Conspire","Downfall","Elementarium","Emptier Cage","Energized Spire","GifTheSpireLib","Gremlin Mod","Halation","Hermit","Highlight Path","Hubris","Jedi Mod","Jorbs\u0027s Wanderer Trilogy","Marisa????????","Minty Spire (QoL Compilation)","Pale of the Ancients","Potionbrewer","Rare Cards Sparkle","Relic Stats","Replay The Spire","Robot Space Explorer","SacredBarkPlus","Spicy Shops","StSLib","Stuff the Spire","Synergy Search","The Construct","The Jungle","The Runesmith","Waifu the Spire","Wandering Minibosses"],"gold_per_floor":[99,49,49,49,49,49,49,49,49,49,49,49,49,49,49,49,49,49,49,49,49,49,49,73,73,96,108,134,134,167,177,177,191,191],"floor_reached":33,"playtime":3369,"items_purged":["RobotSpaceExplorer:Strike"],"score":607,"play_id":"38928330-8825-4cda-8ed8-ccf7f53003ab","local_time":"20210101115431","is_ascension_mode":true,"campfire_choices":[{"data":"hubris:EnhanceAbility","floor":15.0,"key":"SMITH"},{"data":"RobotSpaceExplorer:Accelerator","floor":15.0,"key":"SMITH"},{"data":"RobotSpaceExplorer:TurboDodge","floor":25,"key":"SMITH"},{"data":"RobotSpaceExplorer:DoubleFind","floor":25,"key":"SMITH"},{"data":"RobotSpaceExplorer:TurboDodge","floor":29,"key":"SMITH"},{"data":"RobotSpaceExplorer:MiniBoosters","floor":29,"key":"SMITH"},{"data":"RobotSpaceExplorer:Scanner","floor":32,"key":"SMITH"},{"data":"RobotSpaceExplorer:Fix","floor":32,"key":"SMITH"}],"circlet_count":0,"master_deck":["RobotSpaceExplorer:Strike","RobotSpaceExplorer:Strike","RobotSpaceExplorer:Strike","RobotSpaceExplorer:Defend","RobotSpaceExplorer:Defend","RobotSpaceExplorer:Defend","RobotSpaceExplorer:Defend","RobotSpaceExplorer:Scan","RobotSpaceExplorer:MiniLasers","hubris:EnhanceAbility+1","RobotSpaceExplorer:MiniBoosters+1","conspire:SpireCoStock","RobotSpaceExplorer:FreezingShield","RobotSpaceExplorer:Electropulse","RobotSpaceExplorer:Electropulse","RobotSpaceExplorer:LaserBurst","RobotSpaceExplorer:Accelerator+1","RobotSpaceExplorer:TurboDodge+1","RobotSpaceExplorer:GlueShot","RobotSpaceExplorer:LuckyStrike","RobotSpaceExplorer:MiniDrones","RobotSpaceExplorer:DualCore","RobotSpaceExplorer:Multitool+1","RobotSpaceExplorer:GlueShot","RobotSpaceExplorer:ScrapMissile","RobotSpaceExplorer:ScrapMissile+1","RobotSpaceExplorer:GlueShot+1","RobotSpaceExplorer:Fix+1","RobotSpaceExplorer:DualCore+1","RobotSpaceExplorer:TurboDodge+1","RobotSpaceExplorer:DoubleFind+1","RobotSpaceExplorer:MiniDrones","RobotSpaceExplorer:Discharger+1","RobotSpaceExplorer:Scanner+1"],"relics":["RobotSpaceExplorer:RoboCore","Vajra","Replay:Arrowhead","aspiration:ArtOfWarUpgrade","jedi:fakemustache","jedi:ominousloannote","Lizard Tail","RobotSpaceExplorer:FoglandsKnife","ReplayTheSpireMod:TigerMarble","Blood Vial","Bronze Scales","Prayer Wheel","Regal Pillow","Mummified Hand","MealTicket","halation:LettersToHer","hubris:CrackedHourglass","hubris:BottledHeart","Runesmith:Nanobots","halation:TwoAmDonut","Strawberry"],"acts_visited":["Exordium","TheCity"],"potions_floor_usage":[],"damage_taken":[{"damage":0.0,"enemies":"Jaw Worm","floor":1.0,"turns":1.0},{"damage":0.0,"enemies":"2 Louse","floor":3.0,"turns":1.0},{"damage":6.0,"enemies":"conspire:RoseBush","floor":5.0,"turns":2.0},{"damage":5.0,"enemies":"Gremlin Nob","floor":7.0,"turns":4.0},{"damage":29.0,"enemies":"Lagavulin","floor":10.0,"turns":4.0},{"damage":18.0,"enemies":"Exordium Thugs","floor":12.0,"turns":2.0},{"damage":5.0,"enemies":"Replay:BlueRogue","floor":13.0,"turns":6.0},{"damage":0.0,"enemies":"Large Slime","floor":14.0,"turns":3.0},{"damage":0.0,"enemies":"Slime Boss","floor":16.0,"turns":6.0},{"damage":0.0,"enemies":"Chosen","floor":18.0,"turns":4.0},{"damage":0.0,"enemies":"3 Byrds","floor":20.0,"turns":3.0},{"damage":0,"enemies":"conspire:HollyBat","floor":22,"turns":7},{"damage":0,"enemies":"Centurion and Healer","floor":23,"turns":4},{"damage":0,"enemies":"Replay:Snechameleon","floor":24,"turns":4},{"damage":0,"enemies":"Shelled Parasite and Fungi","floor":27,"turns":3},{"damage":0,"enemies":"Gremlin Leader","floor":28,"turns":2},{"damage":0,"enemies":"conspire:Head Lice","floor":30,"turns":3},{"damage":0,"enemies":"Sentry and Sphere","floor":31,"turns":4},{"damage":2,"enemies":"Pondfish","floor":33,"turns":7}],"seed_played":"3310739719361960083","potions_obtained":[{"floor":3.0,"key":"EssenceOfSteel"},{"floor":7.0,"key":"jedi:tentaclejuice"},{"floor":10.0,"key":"champ:CounterPotion"},{"floor":16.0,"key":"Elixir"},{"floor":22,"key":"Ancient Potion"},{"floor":23,"key":"potionbrewer:BarricadePotion"}],"is_trial":false,"path_per_floor":["M","?","M","?","M","R","E","R","T","E","?","M","E","M","R","B",null,"M","?","M","?","M","M","E","R","T","M","E","R","E","M","R_BF","B"],"character_chosen":"RobotSpaceExplorer","items_purchased":["Vajra","hubris:EnhanceAbility","Art of War","jedi:fakemustache","jedi:ominousloannote","Lizard Tail","RobotSpaceExplorer:FoglandsKnife","ReplayTheSpireMod:TigerMarble","Blood Vial","Bronze Scales"],"campfire_rested":0,"item_purchase_floors":[0,0,0,0,0,0,0,0,0,0],"current_hp_per_floor":[75,75,75,68,72,72,69,69,69,42,57,41,38,40,40,42,75,75,1,1,1,1,1,1,1,1,1,1,1,1,1,1,0,0],"gold":191,"neow_bonus":"","is_daily":false,"chose_seed":false,"campfire_upgraded":8,"win_rate":0.0,"timestamp":1609523671,"path_taken":["M","?","M","?","M","R","E","R","T","E","?","M","E","?","R","BOSS","M","?","M","?","M","M","E","R","T","M","E","R","E","M","R_BF","BOSS"],"items_purchased_type":["Relic","Card","Relic","Relic","Relic","Relic","Relic","Relic","Relic","Relic"],"build_version":"2020-12-22","purchased_purges":1,"victory":false,"max_hp_per_floor":[75,75,75,75,75,75,75,75,75,75,75,75,75,75,75,75,75,75,1,1,1,1,1,1,1,1,1,1,1,1,1,1,1,1],"relic_stats":{"Blood Vial":14,"Lizard Tail":1,"Regal Pillow":0,"counters":[91,319],"Mummified Hand":[53],"Bronze Scales":[144],"Prayer Wheel":9,"MealTicket":0,"obtain_stats":[{"construct:FoamFinger":9,"StuffTheSpire:BottledEssence":35,"aspiration:PoetsPen_weak":38,"Ginger":54,"hubris:MysteriousPyramids":34,"Sling":55,"jedi:shrinkray":9,"halation:RedSoulGem":4,"StuffTheSpire:SapphireSignet":56,"Blood Vial":0,"jedi:firstaidkit":0,"MealTicket":50,"Kunai":0,"halation:QuantumPhysicsTextbook":23,"Counterbalance":29,"potionbrewer:Torch":47,"RobotSpaceExplorer:FoglandsKnife":0,"hubris:BottledHeart":19,"halation:Jellyphish":29,"Pandora\u0027s Box":17,"aspiration:SilentSkillbook":17,"StrikeDummy":10,"hubris:Reverence":27,"Regal Pillow":54,"Lantern":9,"Torii":25,"halation:Sosunser":0,"champ:ChampionCrown":0,"StuffTheSpire:GrapeVine":43,"Burning Blood":0,"Replay:Rubber Ducky":44,"Matryoshka":13,"hubris:Backtick":34,"Shovel":21,"Toolbox":23,"halation:PinkAlligatorPlush":54,"Replay:Bottled Eggs":23,"Runesmith:Nanobots":24,"halation:MonkeysPaw":33,"Replay:M_StaffOfTheSnake":0,"halation:BottledLove":14,"jedi:gremlinknob":11,"Thread and Needle":40,"betterThird:NestCultRelic":20,"jedi:crownofsimplicity":27,"Frozen Egg 2":0,"Replay:Arrowhead":38,"Art of War":0,"halation:AfternoonTea":33,"Runesmith:AutoHammer":51,"halation:TwoAmDonut":28,"conspire:DeflatedDodgeball":10,"hubris:CrackedHourglass":17,"ReplayTheSpireMod:Lightbulb":43,"halation:Trompette":25,"halation:PeacePiece":47,"Ice Cream":42,"Calipers":29,"Gremlin Horn":40,"potionbrewer:AlchemistFlask":53,"Vajra":0,"Sozu":36,"Lizard Tail":0,"aspiration:MobileForge":44,"Strawberry":30,"Prayer Wheel":46,"aspiration:ArtOfWarUpgrade":8,"jedi:ashlotus":39,"halation:KoshaPiece":47,"Happy Flower":6,"wanderingMiniBosses:ThiefScarf":22,"aspiration:Nostalgia":0,"conspire:Boomerang":29,"potionbrewer:ToyAutogyro":47,"Replay:Baseball":44,"Bronze Scales":0,"hubris:PeanutButter":0,"StuffTheSpire:DarkSteelAnvil":0,"Nloth\u0027s Gift":21,"ReplayTheSpireMod:TigerMarble":0,"Grinning Jar":20,"aspiration:HatOfInfinitePower":55,"Pocketwatch":31,"Darkstone Periapt":48,"ReplayFunnel":45,"conspire:SpecialSausage":17,"halation:WeightlessCrab":28,"Replay:Mystery Machine":28,"conspire:TopHat":30,"ClockworkSouvenir":23,"aspiration:StickyExplosives_weak":50,"StuffTheSpire:Experiment12":42,"Nunchaku":26,"TheAbacus":30,"hubris:Icosahedron":5,"Mummified Hand":31,"Pantograph":54,"jedi:cryingmask":42,"StuffTheSpire:Nightcore":12,"halation:LettersToHer":13,"Gremlin Food":0,"RobotSpaceExplorer:RoboCore":2,"Medical Kit":40,"Mercury Hourglass":35,"jedi:fakemustache":0,"Anchor":0,"CaptainsWheel":48,"jedi:ominousloannote":0,"halation:EternalFortune":11,"aspiration:RitualDagger":39,"FossilizedHelix":30},{"construct:FoamFinger":18,"StuffTheSpire:BottledEssence":33,"aspiration:PoetsPen_weak":34,"Ginger":44,"hubris:MysteriousPyramids":33,"Sling":44,"jedi:shrinkray":5,"halation:RedSoulGem":48,"StuffTheSpire:SapphireSignet":71,"Blood Vial":72,"jedi:firstaidkit":45,"MealTicket":42,"Kunai":13,"halation:QuantumPhysicsTextbook":57,"Counterbalance":30,"potionbrewer:Torch":41,"RobotSpaceExplorer:FoglandsKnife":72,"hubris:BottledHeart":82,"halation:Jellyphish":29,"Pandora\u0027s Box":10,"aspiration:SilentSkillbook":54,"StrikeDummy":19,"hubris:Reverence":27,"Regal Pillow":43,"Lantern":49,"Torii":26,"halation:Sosunser":13,"champ:ChampionCrown":0,"StuffTheSpire:GrapeVine":38,"Burning Blood":0,"Replay:Rubber Ducky":38,"Matryoshka":20,"hubris:Backtick":33,"Shovel":56,"Toolbox":25,"halation:PinkAlligatorPlush":43,"Replay:Bottled Eggs":26,"Runesmith:Nanobots":86,"halation:MonkeysPaw":32,"Replay:M_StaffOfTheSnake":45,"halation:BottledLove":53,"jedi:gremlinknob":19,"Thread and Needle":37,"betterThird:NestCultRelic":11,"jedi:crownofsimplicity":27,"Frozen Egg 2":45,"Replay:Arrowhead":34,"Art of War":72,"halation:AfternoonTea":32,"Runesmith:AutoHammer":69,"halation:TwoAmDonut":88,"conspire:DeflatedDodgeball":50,"hubris:CrackedHourglass":81,"ReplayTheSpireMod:Lightbulb":38,"halation:Trompette":26,"halation:PeacePiece":40,"Ice Cream":37,"Calipers":58,"Gremlin Horn":36,"potionbrewer:AlchemistFlask":43,"Vajra":72,"Sozu":61,"Lizard Tail":72,"aspiration:MobileForge":38,"Strawberry":89,"Prayer Wheel":39,"aspiration:ArtOfWarUpgrade":76,"jedi:ashlotus":35,"halation:KoshaPiece":67,"Happy Flower":4,"wanderingMiniBosses:ThiefScarf":25,"aspiration:Nostalgia":0,"conspire:Boomerang":29,"potionbrewer:ToyAutogyro":40,"Replay:Baseball":65,"Bronze Scales":72,"hubris:PeanutButter":13,"StuffTheSpire:DarkSteelAnvil":45,"Nloth\u0027s Gift":24,"ReplayTheSpireMod:TigerMarble":72,"Grinning Jar":24,"aspiration:HatOfInfinitePower":44,"Pocketwatch":31,"Darkstone Periapt":41,"ReplayFunnel":65,"conspire:SpecialSausage":22,"halation:WeightlessCrab":28,"Replay:Mystery Machine":28,"conspire:TopHat":30,"ClockworkSouvenir":25,"aspiration:StickyExplosives_weak":42,"StuffTheSpire:Experiment12":63,"Nunchaku":27,"TheAbacus":30,"hubris:Icosahedron":48,"Mummified Hand":31,"Pantograph":70,"jedi:cryingmask":37,"StuffTheSpire:Nightcore":20,"halation:LettersToHer":79,"Gremlin Food":13,"RobotSpaceExplorer:RoboCore":15,"Medical Kit":36,"Mercury Hourglass":33,"jedi:fakemustache":72,"Anchor":13,"CaptainsWheel":41,"jedi:ominousloannote":72,"halation:EternalFortune":6,"aspiration:RitualDagger":35,"FossilizedHelix":58},{"construct:FoamFinger":66,"StuffTheSpire:BottledEssence":126,"aspiration:PoetsPen_weak":130,"Ginger":169,"hubris:MysteriousPyramids":126,"Sling":169,"jedi:shrinkray":17,"halation:RedSoulGem":181,"StuffTheSpire:SapphireSignet":244,"Blood Vial":249,"jedi:firstaidkit":174,"MealTicket":159,"Kunai":50,"halation:QuantumPhysicsTextbook":211,"Counterbalance":115,"potionbrewer:Torch":155,"RobotSpaceExplorer:FoglandsKnife":249,"hubris:BottledHeart":282,"halation:Jellyphish":111,"Pandora\u0027s Box":39,"aspiration:SilentSkillbook":204,"StrikeDummy":68,"hubris:Reverence":105,"Regal Pillow":164,"Lantern":187,"Torii":101,"halation:Sosunser":50,"champ:ChampionCrown":0,"StuffTheSpire:GrapeVine":143,"Burning Blood":0,"Replay:Rubber Ducky":143,"Matryoshka":74,"hubris:Backtick":126,"Shovel":208,"Toolbox":98,"halation:PinkAlligatorPlush":164,"Replay:Bottled Eggs":101,"Runesmith:Nanobots":300,"halation:MonkeysPaw":121,"Replay:M_StaffOfTheSnake":174,"halation:BottledLove":193,"jedi:gremlinknob":68,"Thread and Needle":139,"betterThird:NestCultRelic":42,"jedi:crownofsimplicity":105,"Frozen Egg 2":174,"Replay:Arrowhead":130,"Art of War":249,"halation:AfternoonTea":121,"Runesmith:AutoHammer":239,"halation:TwoAmDonut":305,"conspire:DeflatedDodgeball":188,"hubris:CrackedHourglass":278,"ReplayTheSpireMod:Lightbulb":143,"halation:Trompette":101,"halation:PeacePiece":150,"Ice Cream":139,"Calipers":214,"Gremlin Horn":135,"potionbrewer:AlchemistFlask":164,"Vajra":249,"Sozu":220,"Lizard Tail":249,"aspiration:MobileForge":143,"Strawberry":308,"Prayer Wheel":146,"aspiration:ArtOfWarUpgrade":257,"jedi:ashlotus":132,"halation:KoshaPiece":233,"Happy Flower":15,"wanderingMiniBosses:ThiefScarf":98,"aspiration:Nostalgia":0,"conspire:Boomerang":111,"potionbrewer:ToyAutogyro":150,"Replay:Baseball":228,"Bronze Scales":249,"hubris:PeanutButter":50,"StuffTheSpire:DarkSteelAnvil":174,"Nloth\u0027s Gift":92,"ReplayTheSpireMod:TigerMarble":249,"Grinning Jar":92,"aspiration:HatOfInfinitePower":169,"Pocketwatch":118,"Darkstone Periapt":155,"ReplayFunnel":228,"conspire:SpecialSausage":84,"halation:WeightlessCrab":108,"Replay:Mystery Machine":108,"conspire:TopHat":115,"ClockworkSouvenir":98,"aspiration:StickyExplosives_weak":159,"StuffTheSpire:Experiment12":223,"Nunchaku":105,"TheAbacus":115,"hubris:Icosahedron":181,"Mummified Hand":118,"Pantograph":242,"jedi:cryingmask":139,"StuffTheSpire:Nightcore":74,"halation:LettersToHer":269,"Gremlin Food":50,"RobotSpaceExplorer:RoboCore":57,"Medical Kit":135,"Mercury Hourglass":126,"jedi:fakemustache":249,"Anchor":50,"CaptainsWheel":155,"jedi:ominousloannote":249,"halation:EternalFortune":20,"aspiration:RitualDagger":132,"FossilizedHelix":214}]},"card_choices":[{"not_picked":["RobotSpaceExplorer:StunGrenade","RobotSpaceExplorer:LuckyStrike"],"picked":"RobotSpaceExplorer:MiniBoosters","floor":1.0},{"not_picked":["RobotSpaceExplorer:SurgingStrike","RobotSpaceExplorer:MiniBoosters"],"picked":"RobotSpaceExplorer:FreezingShield","floor":3.0},{"not_picked":["RobotSpaceExplorer:StunGrenade","RobotSpaceExplorer:SlimeMissile"],"picked":"RobotSpaceExplorer:Electropulse","floor":5.0},{"not_picked":["RobotSpaceExplorer:StunGrenade","RobotSpaceExplorer:ScrapMissile"],"picked":"RobotSpaceExplorer:Electropulse","floor":5.0},{"not_picked":["RobotSpaceExplorer:ScrapMissile","RobotSpaceExplorer:MetalStrike"],"picked":"RobotSpaceExplorer:LaserBurst","floor":7.0},{"not_picked":["RobotSpaceExplorer:StunGrenade","RobotSpaceExplorer:SelfCleaning"],"picked":"RobotSpaceExplorer:Accelerator","floor":10.0},{"not_picked":["RobotSpaceExplorer:FranticSearch","RobotSpaceExplorer:SurgingStrike"],"picked":"RobotSpaceExplorer:TurboDodge","floor":12.0},{"not_picked":["RobotSpaceExplorer:StarLightning","RobotSpaceExplorer:SurgingShield"],"picked":"RobotSpaceExplorer:GlueShot","floor":12.0},{"not_picked":["RobotSpaceExplorer:Ammunition","RobotSpaceExplorer:Reload"],"picked":"RobotSpaceExplorer:LuckyStrike","floor":13.0},{"not_picked":["RobotSpaceExplorer:Counterblock","RobotSpaceExplorer:IronShell"],"picked":"RobotSpaceExplorer:MiniDrones","floor":14.0},{"not_picked":["RobotSpaceExplorer:Ammunition","RobotSpaceExplorer:StarLightning"],"picked":"RobotSpaceExplorer:DualCore","floor":14.0},{"not_picked":["RobotSpaceExplorer:Wormhole","RobotSpaceExplorer:ShockMissile"],"picked":"RobotSpaceExplorer:Multitool","floor":16.0},{"not_picked":["RobotSpaceExplorer:StunGrenade","RobotSpaceExplorer:ToxicBomb"],"picked":"RobotSpaceExplorer:GlueShot","floor":18.0},{"not_picked":["RobotSpaceExplorer:SurgingShield","RobotSpaceExplorer:ShovelStrike"],"picked":"RobotSpaceExplorer:ScrapMissile","floor":18.0},{"not_picked":["RobotSpaceExplorer:Pulsar","RobotSpaceExplorer:Ammunition"],"picked":"RobotSpaceExplorer:ScrapMissile+1","floor":20.0},{"not_picked":["RobotSpaceExplorer:TrailblazerForm","RobotSpaceExplorer:Pulsar+1"],"picked":"RobotSpaceExplorer:GlueShot+1","floor":20.0},{"not_picked":["RobotSpaceExplorer:ScrapShield","RobotSpaceExplorer:Ammunition"],"picked":"RobotSpaceExplorer:Fix","floor":22},{"not_picked":["RobotSpaceExplorer:SurgingShield","RobotSpaceExplorer:FreezingShield","RobotSpaceExplorer:ImprovisedAttack"],"picked":"SKIP","floor":22},{"not_picked":["RobotSpaceExplorer:ImprovisedAttack+1","RobotSpaceExplorer:ScrapShield"],"picked":"RobotSpaceExplorer:DualCore+1","floor":23},{"not_picked":["RobotSpaceExplorer:Fix","RobotSpaceExplorer:ImprovisedAttack"],"picked":"RobotSpaceExplorer:TurboDodge","floor":23},{"not_picked":["RobotSpaceExplorer:SurgingShield","RobotSpaceExplorer:Fix"],"picked":"RobotSpaceExplorer:DoubleFind","floor":24},{"not_picked":["RobotSpaceExplorer:Pulsar+1","RobotSpaceExplorer:SurgingStrike"],"picked":"RobotSpaceExplorer:MiniDrones","floor":27},{"not_picked":["RobotSpaceExplorer:SurgingStrike","RobotSpaceExplorer:Blitz","RobotSpaceExplorer:StunGrenade"],"picked":"SKIP","floor":27},{"not_picked":["RobotSpaceExplorer:SlimeMissile+1","RobotSpaceExplorer:LaserBurst+1"],"picked":"RobotSpaceExplorer:Discharger+1","floor":28},{"not_picked":["RobotSpaceExplorer:GlueSpray","RobotSpaceExplorer:LaserBurst"],"picked":"RobotSpaceExplorer:Scanner","floor":30},{"not_picked":["RobotSpaceExplorer:FranticSearch","RobotSpaceExplorer:ScrapMissile","RobotSpaceExplorer:GlueSpray"],"picked":"SKIP","floor":31},{"not_picked":["RobotSpaceExplorer:FranticSearch","RobotSpaceExplorer:MetalStrike","RobotSpaceExplorer:Pulsar"],"picked":"SKIP","floor":31}],"player_experience":896220,"relics_obtained":[{"floor":7.0,"key":"Regal Pillow"},{"floor":9.0,"key":"Mummified Hand"},{"floor":10.0,"key":"MealTicket"},{"floor":13.0,"key":"halation:LettersToHer"},{"floor":24,"key":"Runesmith:Nanobots"},{"floor":26,"key":"halation:LettersToHer"},{"floor":28,"key":"halation:TwoAmDonut"},{"floor":30,"key":"Strawberry"}],"event_choices":[{"damage_healed":0.0,"max_hp_gain":0.0,"max_hp_loss":0.0,"gold_gain":0.0,"event_name":"conspire:Investor","player_choice":"Invest 1","floor":2.0,"gold_loss":0.0,"damage_taken":0.0},{"damage_healed":0.0,"max_hp_gain":0.0,"max_hp_loss":0.0,"gold_gain":0.0,"event_name":"betterThird:BetterScrap","player_choice":"Relic ","floor":4.0,"gold_loss":0.0,"damage_taken":7.0,"cards_obtained":["Omniscience"]},{"damage_healed":0.0,"max_hp_gain":0.0,"max_hp_loss":0.0,"gold_gain":0.0,"event_name":"Accursed Blacksmith","player_choice":"Forge","floor":21.0,"gold_loss":0.0,"damage_taken":0.0,"cards_upgraded":["RobotSpaceExplorer:Multitool"]}],"is_beta":false,"boss_relics":[{"not_picked":["StuffTheSpire:RunicConfusion","aspiration:RunicSpoon"],"picked":"hubris:CrackedHourglass"}],"items_purged_floors":[0],"is_endless":false,"potions_floor_spawned":[3,7,10,16,22,23,30],"killed_by":"Pondfish","ascension_level":2}}