{"host":"icrrc9b69c1a6188","time":1609478913,"event":{"mods":["Act Like it!","BaseMod","Bestiary","Better Altar","Better Match","Better Note","Better Sensory Stone","Better Skull","Better Third Choice","Block Reminder","Colored Map","Colored Powertips","Curses Come First","Displayed Cursed Tome","Faster Ascension Climbing","HexUI Lib","Jorbs\u0027s Wanderer Trilogy","Minty Spire (QoL Compilation)","Quick Restart","RNG Fix","Random Character Mod","Rare Cards Sparkle","Spicy Shops","StSLib","Unceasing Turn Reminder"],"gold_per_floor":[110,125,125,142,142,167,178,178,178,190,224,224,238,238,238,331,331,352,352,267,267,283,283,283,283],"floor_reached":24,"playtime":879,"items_purged":[],"score":412,"play_id":"772b16d9-8de7-4ef6-93f9-ff1ae1ce10d0","local_time":"20201231232833","is_ascension_mode":true,"campfire_choices":[{"data":"Anger","floor":8,"key":"SMITH"},{"floor":12,"key":"REST"},{"data":"Fire Breathing","floor":15,"key":"SMITH"},{"data":"RitualDagger","floor":23,"key":"SMITH"}],"circlet_count":0,"master_deck":["AscendersBane","Strike_R","Strike_R","Strike_R","Strike_R","Defend_R","Defend_R","Defend_R","Defend_R","Bash","Clothesline","Twin Strike","Anger+1","Ghostly Armor","Metallicize","Fire Breathing+1","Dual Wield","Injury","Berserk","Shockwave","stsjorbsmod:DeathThroes","RitualDagger+1","True Grit"],"relics":["SlaversCollar","Blood Vial","HornCleat","Akabeko","Golden Idol","SacredBark","Tiny Chest"],"acts_visited":["Exordium","TheCity"],"potions_floor_usage":[6,7,11,16,22],"damage_taken":[{"damage":14,"enemies":"Jaw Worm","floor":1,"turns":4},{"damage":7,"enemies":"Cultist","floor":2,"turns":4},{"damage":7,"enemies":"Small Slimes","floor":4,"turns":3},{"damage":6,"enemies":"Gremlin Nob","floor":6,"turns":3},{"damage":1,"enemies":"2 Fungi Beasts","floor":7,"turns":3},{"damage":21,"enemies":"Exordium Thugs","floor":10,"turns":6},{"damage":9,"enemies":"3 Sentries","floor":11,"turns":7},{"damage":6,"enemies":"Looter","floor":13,"turns":3},{"damage":22,"enemies":"Hexaghost","floor":16,"turns":8},{"damage":19,"enemies":"Chosen","floor":18,"turns":5},{"damage":20,"enemies":"Shell Parasite","floor":22,"turns":7},{"damage":19,"enemies":"Book of Stabbing","floor":24,"turns":3}],"seed_played":"-5354955133991608720","potions_obtained":[{"floor":1,"key":"AttackPotion"},{"floor":5,"key":"Fire Potion"},{"floor":7,"key":"Strength Potion"},{"floor":11,"key":"FearPotion"},{"floor":16,"key":"EssenceOfSteel"}],"is_trial":false,"path_per_floor":["M","M","?","M","?","E","M","R","T","M","E","R","M","?","R","B",null,"M","?","?","?","M","R","E"],"character_chosen":"IRONCLAD","items_purchased":[],"campfire_rested":1,"item_purchase_floors":[],"current_hp_per_floor":[54,47,47,40,40,34,35,35,35,16,9,31,27,27,27,7,58,41,41,41,35,17,17,0,0],"gold":283,"neow_bonus":"BOSS_RELIC","is_daily":false,"chose_seed":false,"campfire_upgraded":3,"win_rate":0.0,"timestamp":1609478913,"path_taken":["M","M","?","M","?","E","M","R","T","M","E","R","M","?","R","BOSS","M","?","?","?","?","R","E"],"items_purchased_type":[],"build_version":"2020-12-22","purchased_purges":0,"victory":false,"max_hp_per_floor":[75,75,75,75,75,75,75,75,75,75,75,75,75,75,75,75,75,75,75,75,75,75,75,75,75],"card_choices":[{"not_picked":["Power Through","Twin Strike"],"picked":"Clothesline","floor":1},{"not_picked":["Burning Pact","Pommel Strike"],"picked":"Twin Strike","floor":2},{"not_picked":["Infernal Blade","Armaments"],"picked":"Anger","floor":4},{"not_picked":["Thunderclap","Double Tap"],"picked":"Ghostly Armor","floor":6},{"not_picked":["Perfected Strike","Sword Boomerang"],"picked":"Metallicize","floor":7},{"not_picked":["Headbutt","Searing Blow","Heavy Blade"],"picked":"SKIP","floor":10},{"not_picked":["Rampage","Anger"],"picked":"Fire Breathing","floor":11},{"not_picked":["Perfected Strike","Headbutt"],"picked":"Dual Wield","floor":13},{"not_picked":["Corruption","Bludgeon"],"picked":"Berserk","floor":16},{"not_picked":["Clash","Uppercut"],"picked":"Shockwave","floor":18},{"not_picked":["Hemokinesis","Iron Wave"],"picked":"True Grit","floor":22}],"player_experience":716575,"relics_obtained":[{"floor":6,"key":"Blood Vial"},{"floor":9,"key":"HornCleat"},{"floor":11,"key":"Akabeko"}],"event_choices":[{"cards_removed":["Strike_R"],"damage_healed":0,"gold_gain":0,"player_choice":"Offered Basic","damage_taken":0,"max_hp_gain":0,"max_hp_loss":0,"event_name":"Bonfire Elementals","floor":3,"gold_loss":0},{"damage_healed":0,"gold_gain":0,"player_choice":"Got Potions","damage_taken":0,"max_hp_gain":0,"max_hp_loss":0,"event_name":"Lab","floor":5,"gold_loss":0},{"damage_healed":0,"gold_gain":0,"player_choice":"Take Wound","damage_taken":0,"relics_obtained":["Golden Idol"],"max_hp_gain":0,"max_hp_loss":0,"event_name":"Golden Idol","floor":14,"gold_loss":0,"cards_obtained":["Injury"]},{"cards_removed":["Fire Breathing"],"damage_healed":0,"gold_gain":0,"player_choice":"Take \u0026 Give","damage_taken":0,"max_hp_gain":0,"max_hp_loss":0,"event_name":"betterNote:BetterNote","floor":19,"gold_loss":0,"cards_obtained":["stsjorbsmod:DeathThroes"]},{"damage_healed":0,"gold_gain":0,"player_choice":"Obtained Relic","damage_taken":0,"relics_obtained":["Tiny Chest"],"max_hp_gain":0,"max_hp_loss":0,"event_name":"Addict","floor":20,"gold_loss":85},{"damage_healed":0,"gold_gain":0,"player_choice":"Dagger","damage_taken":6,"max_hp_gain":0,"max_hp_loss":0,"event_name":"betterThird:BetterNest","floor":21,"gold_loss":0,"cards_obtained":["RitualDagger"]}],"is_beta":false,"boss_relics":[{"not_picked":["Velvet Choker","Ectoplasm"],"picked":"SacredBark"}],"items_purged_floors":[],"is_endless":false,"potions_floor_spawned":[1,7,11,16],"killed_by":"Book of Stabbing","ascension_level":20}}