{"host":"71akxjf7cjo3bhmj","time":1609524303,"event":{"mods":["AchievementEnabler","BaseMod","Colored Powertips","Minty Spire (QoL Compilation)"],"gold_per_floor":[115,115,133,133,58,74,74,109,109,109,123,158,11,34,34,34,34],"floor_reached":16,"playtime":899,"items_purged":["Bash"],"score":110,"play_id":"f9110cd6-9bad-4446-8943-0d8073d88f0b","local_time":"20210101190503","is_ascension_mode":false,"campfire_choices":[{"data":"Body Slam","floor":7.0,"key":"SMITH"},{"floor":15,"key":"REST"}],"circlet_count":0,"master_deck":["Strike_R","Strike_R","Strike_R","Strike_R","Defend_R","Defend_R","Defend_R","Defend_R","Body Slam+1","Thunderclap","Flame Barrier","Feed"],"relics":["Burning Blood","NeowsBlessing","Girya","Mercury Hourglass","Golden Idol","Regal Pillow","PrismaticShard"],"acts_visited":["Exordium"],"potions_floor_usage":[],"damage_taken":[{"damage":0.0,"enemies":"Jaw Worm","floor":1.0,"turns":1.0},{"damage":0.0,"enemies":"2 Louse","floor":3.0,"turns":1.0},{"damage":0.0,"enemies":"Cultist","floor":6.0,"turns":1.0},{"damage":17.0,"enemies":"3 Sentries","floor":8.0,"turns":13.0},{"damage":0.0,"enemies":"3 Louse","floor":11.0,"turns":2.0},{"damage":18.0,"enemies":"Gremlin Nob","floor":12.0,"turns":4.0},{"damage":6,"enemies":"Lots of Slimes","floor":14,"turns":3},{"damage":84,"enemies":"The Guardian","floor":16,"turns":17}],"seed_played":"5143758233725116666","potions_obtained":[{"floor":3.0,"key":"AttackPotion"},{"floor":6.0,"key":"PowerPotion"},{"floor":11.0,"key":"SneckoOil"}],"is_trial":false,"path_per_floor":["M","?","M","?","$","M","R","E","T","?","M","E","$","M","R","B"],"character_chosen":"IRONCLAD","items_purchased":["PrismaticShard"],"campfire_rested":1,"item_purchase_floors":[13],"current_hp_per_floor":[80,80,80,80,80,80,80,69,69,49,55,43,43,46,83,0,0],"gold":34,"neow_bonus":"THREE_ENEMY_KILL","is_daily":false,"chose_seed":false,"campfire_upgraded":1,"win_rate":0.0,"timestamp":1609524303,"path_taken":["M","?","M","?","?","?","R","E","T","?","M","E","$","M","R","BOSS"],"items_purchased_type":["Relic"],"build_version":"2020-12-22","purchased_purges":1,"victory":false,"max_hp_per_floor":[80,80,80,80,80,80,80,80,80,80,80,80,80,83,83,83,83],"card_choices":[{"not_picked":["Clash","Reckless Charge"],"picked":"Body Slam","floor":1.0},{"not_picked":["Perfected Strike","Heavy Blade"],"picked":"Thunderclap","floor":3.0},{"not_picked":["Shrug It Off","Fire Breathing"],"picked":"Flame Barrier","floor":6.0},{"not_picked":["True Grit","Infernal Blade","Carnage"],"picked":"SKIP","floor":8.0},{"not_picked":["Headbutt","Cleave","Perfected Strike"],"picked":"SKIP","floor":11.0},{"not_picked":["Clothesline","Headbutt"],"picked":"Feed","floor":12},{"not_picked":["Twin Strike","BattleHymn","Prepared"],"picked":"SKIP","floor":14}],"player_experience":131158,"relics_obtained":[{"floor":8.0,"key":"Girya"},{"floor":9.0,"key":"Mercury Hourglass"},{"floor":12,"key":"Regal Pillow"}],"event_choices":[{"damage_healed":0.0,"max_hp_gain":0.0,"max_hp_loss":0.0,"gold_gain":0.0,"event_name":"Liars Game","player_choice":"Ignored","floor":2.0,"gold_loss":0.0,"damage_taken":0.0},{"cards_removed":["Strike_R"],"damage_healed":0.0,"max_hp_gain":0.0,"max_hp_loss":0.0,"gold_gain":0.0,"event_name":"Living Wall","player_choice":"Forget","floor":4.0,"gold_loss":0.0,"damage_taken":0.0},{"damage_healed":0.0,"max_hp_gain":0.0,"max_hp_loss":0.0,"gold_gain":0.0,"event_name":"Golden Idol","player_choice":"Take Damage","floor":10.0,"gold_loss":0.0,"damage_taken":20.0,"relics_obtained":["Golden Idol"]}],"is_beta":false,"boss_relics":[],"items_purged_floors":[5],"is_endless":false,"potions_floor_spawned":[3,6,11],"killed_by":"The Guardian","ascension_level":0}}