{"host":"Jin","time":1609519040,"event":{"mods":["BaseMod","Better Altar","Better Match","Better Note","Better Sensory Stone","Better Skull","Better Third Choice","Highlight Path","Minty Spire (QoL Compilation)","Permanent Neow","Quick Restart","StSLib"],"gold_per_floor":[114,134,145,155,155,155,172,172,172,200,200,219,68,86,86,86,86],"floor_reached":16,"playtime":505,"items_purged":[],"score":155,"play_id":"64be1b13-a700-495e-af13-939d2204262b","local_time":"20210102013720","is_ascension_mode":true,"campfire_choices":[{"data":"Streamline","floor":6.0,"key":"SMITH"},{"data":"Zap","floor":8.0,"key":"SMITH"},{"data":"Dualcast","floor":11,"key":"SMITH"},{"data":"Fission","floor":15,"key":"SMITH"}],"circlet_count":0,"master_deck":["AscendersBane","Strike_B","Defend_B","Defend_B","Defend_B","Defend_B","Zap+1","Dualcast+1","Turbo","Streamline+1","Fission+1","Ball Lightning+1","Glacier"],"relics":["Cracked Core","Molten Egg 2","Odd Mushroom","DataDisk"],"acts_visited":["Exordium"],"potions_floor_usage":[16],"damage_taken":[{"damage":1.0,"enemies":"Cultist","floor":1.0,"turns":3.0},{"damage":0.0,"enemies":"2 Louse","floor":2.0,"turns":2.0},{"damage":7.0,"enemies":"Jaw Worm","floor":3.0,"turns":3.0},{"damage":6.0,"enemies":"Blue Slaver","floor":4.0,"turns":3.0},{"damage":14.0,"enemies":"Exordium Thugs","floor":7.0,"turns":6.0},{"damage":23,"enemies":"The Mushroom Lair","floor":10,"turns":3},{"damage":7,"enemies":"3 Louse","floor":12,"turns":3},{"damage":0,"enemies":"Looter","floor":14,"turns":2},{"damage":10,"enemies":"Hexaghost","floor":16,"turns":11}],"seed_played":"-8847802130449061541","potions_obtained":[{"floor":1.0,"key":"Explosive Potion"},{"floor":4.0,"key":"EssenceOfSteel"},{"floor":10,"key":"PotionOfCapacity"},{"floor":14,"key":"Block Potion"}],"is_trial":false,"path_per_floor":["M","M","M","M","?","R","M","R","T","?","R","M","$","M","R","B"],"character_chosen":"DEFECT","items_purchased":["DataDisk"],"campfire_rested":0,"item_purchase_floors":[13],"current_hp_per_floor":[67,67,60,54,47,47,33,33,33,10,10,3,3,3,3,0,0],"gold":86,"neow_bonus":"REMOVE_TWO","is_daily":false,"chose_seed":false,"campfire_upgraded":4,"win_rate":0.0,"timestamp":1609519040,"path_taken":["M","M","?","M","?","R","M","R","T","?","R","M","$","M","R","BOSS"],"items_purchased_type":["Relic"],"build_version":"2020-12-18","purchased_purges":0,"victory":false,"max_hp_per_floor":[68,68,68,68,68,68,68,68,68,68,68,68,68,68,68,68,68],"card_choices":[{"not_picked":["White Noise","Genetic Algorithm","Gash"],"picked":"SKIP","floor":1.0},{"not_picked":["Coolheaded","Sweeping Beam"],"picked":"Turbo","floor":2.0},{"not_picked":["Gash","Leap"],"picked":"Streamline","floor":3.0},{"not_picked":["Leap","Barrage","Cold Snap"],"picked":"SKIP","floor":4.0},{"not_picked":["Go for the Eyes","Steam","Cold Snap"],"picked":"SKIP","floor":7.0},{"not_picked":["Compile Driver+1","Blizzard+1"],"picked":"Fission","floor":10},{"not_picked":["Barrage+1","Compile Driver+1"],"picked":"Ball Lightning+1","floor":12},{"not_picked":["Rebound+1","Compile Driver+1"],"picked":"Glacier","floor":14}],"player_experience":754183,"relics_obtained":[{"floor":9.0,"key":"Molten Egg 2"},{"floor":10,"key":"Odd Mushroom"}],"event_choices":[{"cards_removed":["Strike_B"],"damage_healed":0.0,"max_hp_gain":0.0,"max_hp_loss":0.0,"gold_gain":0.0,"event_name":"Golden Wing","player_choice":"Card Removal","floor":5.0,"gold_loss":0.0,"damage_taken":7.0},{"damage_healed":0,"gold_gain":0,"player_choice":"Fought Mushrooms","damage_taken":0,"max_hp_gain":0,"max_hp_loss":0,"event_name":"Mushrooms","floor":10,"gold_loss":0}],"is_beta":true,"boss_relics":[],"items_purged_floors":[],"is_endless":false,"potions_floor_spawned":[1,4,10,14],"killed_by":"Hexaghost","ascension_level":13}}