{"host":"qgru5siit3fz0wh9","time":1609530134,"event":{"mods":["AchievementEnabler","BaseMod","Highlight Path","Minty Spire (QoL Compilation)"],"gold_per_floor":[14,14,30,105,105,105,140,140,140,140,154,197,217,240,240,240,240],"floor_reached":16,"playtime":607,"items_purged":[],"score":132,"play_id":"827332db-1f8e-4e06-a018-e12a1b1d023c","local_time":"20210101204214","is_ascension_mode":true,"campfire_choices":[{"data":"Fusion","floor":6,"key":"SMITH"},{"floor":10,"key":"REST"},{"floor":15,"key":"REST"}],"circlet_count":0,"master_deck":["Strike_B","Strike_B","Defend_B","Defend_B","Defend_B","Defend_B","Zap+1","Dualcast","Fusion+1","Reinforced Body","BootSequence","Melter","Genetic Algorithm"],"relics":["Cracked Core","Golden Idol","Bottled Lightning","Sundial","Gremlin Horn","Kunai"],"acts_visited":["Exordium"],"potions_floor_usage":[12,13],"damage_taken":[{"damage":7,"enemies":"2 Louse","floor":1,"turns":2},{"damage":0,"enemies":"Small Slimes","floor":3,"turns":3},{"damage":35,"enemies":"Lagavulin","floor":7,"turns":8},{"damage":2,"enemies":"Jaw Worm","floor":11,"turns":4},{"damage":35,"enemies":"3 Sentries","floor":12,"turns":10},{"damage":0,"enemies":"2 Fungi Beasts","floor":13,"turns":2},{"damage":0,"enemies":"Exordium Wildlife","floor":14,"turns":3},{"damage":27,"enemies":"The Guardian","floor":16,"turns":7}],"seed_played":"-6799760879257958498","potions_obtained":[{"floor":7,"key":"DistilledChaos"},{"floor":12,"key":"Explosive Potion"}],"is_trial":false,"path_per_floor":["M","?","M","?","T","R","E","?","T","R","M","E","M","M","R","B"],"character_chosen":"DEFECT","items_purchased":[],"campfire_rested":2,"item_purchase_floors":[],"current_hp_per_floor":[68,68,68,57,57,57,22,22,22,42,40,5,5,5,25,0,0],"gold":240,"neow_bonus":"REMOVE_TWO","is_daily":false,"chose_seed":false,"campfire_upgraded":1,"win_rate":0.0,"timestamp":1609530134,"path_taken":["M","?","M","?","?","R","E","?","T","R","M","E","M","M","R","BOSS"],"items_purchased_type":[],"build_version":"2020-12-22","purchased_purges":0,"victory":false,"max_hp_per_floor":[75,69,69,69,69,69,69,69,69,69,69,69,69,69,69,69,69],"card_choices":[{"not_picked":["Barrage","Redo"],"picked":"Fusion","floor":1},{"not_picked":["Beam Cell","Chaos","Heatsinks"],"picked":"SKIP","floor":3},{"not_picked":["Steam","Beam Cell"],"picked":"Reinforced Body","floor":7},{"not_picked":["Leap","Rip and Tear"],"picked":"BootSequence","floor":11},{"not_picked":["Consume","All For One"],"picked":"Melter","floor":12},{"not_picked":["Leap","Beam Cell"],"picked":"Genetic Algorithm","floor":13},{"not_picked":["Auto Shields","Glacier","Beam Cell"],"picked":"SKIP","floor":14}],"player_experience":374156,"relics_obtained":[{"floor":5,"key":"Bottled Lightning"},{"floor":7,"key":"Sundial"},{"floor":9,"key":"Gremlin Horn"},{"floor":12,"key":"Kunai"}],"event_choices":[{"damage_healed":0,"gold_gain":0,"player_choice":"Lose Max HP","damage_taken":0,"relics_obtained":["Golden Idol"],"max_hp_gain":0,"max_hp_loss":6,"event_name":"Golden Idol","floor":2,"gold_loss":0},{"damage_healed":0,"gold_gain":75,"player_choice":"Gather Gold","damage_taken":11,"max_hp_gain":0,"max_hp_loss":0,"event_name":"World of Goop","floor":4,"gold_loss":0},{"damage_healed":0,"gold_gain":0,"player_choice":"Grow","damage_taken":0,"max_hp_gain":0,"max_hp_loss":0,"event_name":"Living Wall","floor":8,"gold_loss":0,"cards_upgraded":["Zap"]}],"is_beta":false,"boss_relics":[],"items_purged_floors":[],"is_endless":false,"potions_floor_spawned":[7,12],"killed_by":"The Guardian","ascension_level":4}}