{"host":"sc0o2qwpf9j16a4i","time":1609506310,"event":{"mods":["AchievementEnabler","BaseMod","BetterRewards","Block Reminder","Colored Map","Colored Powertips","Custom Start","Highlight Path","Minty Spire (QoL Compilation)","Relic Stats"],"gold_per_floor":[113,113,126,138,3,34,34,60,60,25,44,44,61,61,61,139,139,155,168,181,196,228,228,258,276,326,363,375,418,430,357,369,381,381],"floor_reached":33,"playtime":972,"items_purged":[],"score":630,"play_id":"9ff1a8bb-1519-4d42-98ff-bdba50209283","local_time":"20210101150510","is_ascension_mode":true,"campfire_choices":[{"floor":7,"key":"REST"},{"floor":12,"key":"RECALL"},{"floor":15,"key":"REST"},{"floor":23,"key":"REST"},{"floor":28,"key":"REST"},{"floor":30,"key":"REST"},{"floor":32,"key":"REST"}],"circlet_count":0,"master_deck":["AscendersBane","Strike_R","Strike_R","Strike_R","Strike_R","Strike_R","Defend_R","Defend_R","Defend_R","Defend_R","Bash","Perfected Strike","Inflame","Uppercut","Pommel Strike","Shockwave","Headbutt","Sword Boomerang","Shrug It Off","Warcry","Demon Form","Pommel Strike","True Grit+1","Reaper","Shrug It Off","Second Wind","Reaper"],"relics":["Fusion Hammer","Bronze Scales","Mercury Hourglass","Lantern","Matryoshka","Runic Pyramid","Red Mask","Bag of Preparation","Potion Belt","MawBank","Paper Frog","Singing Bowl","Oddly Smooth Stone"],"acts_visited":["Exordium","TheCity"],"potions_floor_usage":[8,13,19,21,22,29,33],"damage_taken":[{"damage":3,"enemies":"2 Louse","floor":1,"turns":2},{"damage":0,"enemies":"Cultist","floor":3,"turns":3},{"damage":0,"enemies":"Small Slimes","floor":4,"turns":2},{"damage":10,"enemies":"Lagavulin","floor":6,"turns":5},{"damage":20,"enemies":"3 Sentries","floor":8,"turns":5},{"damage":1,"enemies":"Exordium Wildlife","floor":11,"turns":2},{"damage":17,"enemies":"Exordium Thugs","floor":13,"turns":3},{"damage":26,"enemies":"The Guardian","floor":16,"turns":8},{"damage":6,"enemies":"3 Byrds","floor":18,"turns":2},{"damage":17,"enemies":"2 Thieves","floor":19,"turns":2},{"damage":16,"enemies":"Snecko","floor":20,"turns":5},{"damage":0,"enemies":"Centurion and Healer","floor":21,"turns":3},{"damage":20,"enemies":"Masked Bandits","floor":22,"turns":4},{"damage":7,"enemies":"Gremlin Leader","floor":24,"turns":8},{"damage":0,"enemies":"3 Cultists","floor":25,"turns":4},{"damage":62,"enemies":"Book of Stabbing","floor":27,"turns":6},{"damage":5,"enemies":"Slavers","floor":29,"turns":5},{"damage":133,"enemies":"Collector","floor":33,"turns":9}],"seed_played":"-6378453135410602573","potions_obtained":[{"floor":4,"key":"Strength Potion"},{"floor":6,"key":"Energy Potion"},{"floor":11,"key":"Ancient Potion"},{"floor":13,"key":"DistilledChaos"},{"floor":20,"key":"Explosive Potion"},{"floor":24,"key":"Swift Potion"},{"floor":25,"key":"Fire Potion"},{"floor":29,"key":"EssenceOfSteel"}],"is_trial":false,"path_per_floor":["M","?","M","M","$","E","R","E","T","?","M","R","M","T","R","B",null,"M","M","M","M","?","R","E","M","T","E","R","E","R","?","R","B"],"character_chosen":"IRONCLAD","items_purchased":["Pommel Strike","Shockwave"],"campfire_rested":6,"item_purchase_floors":[5,5],"current_hp_per_floor":[65,75,75,75,75,65,75,55,55,73,72,72,55,55,75,49,69,63,46,30,30,10,32,46,73,73,26,48,50,72,72,75,0,0],"gold":381,"neow_bonus":"BOSS_RELIC","is_daily":false,"chose_seed":false,"campfire_upgraded":0,"win_rate":0.0,"timestamp":1609506310,"path_taken":["M","?","M","M","?","E","R","E","T","?","?","R","M","?","R","BOSS","M","M","M","?","?","R","E","M","T","E","R","E","R","?","R","BOSS"],"items_purchased_type":["Card","Card"],"build_version":"2020-12-22","purchased_purges":0,"victory":false,"max_hp_per_floor":[75,75,75,75,75,75,75,75,75,75,75,75,75,75,75,75,75,75,75,75,75,75,75,75,75,75,75,75,75,75,75,75,75,75],"relic_stats":{"Singing Bowl":0,"counters":[18,77],"Bronze Scales":[256],"Bag of Preparation":[8],"MawBank":84,"obtain_stats":[{"Potion Belt":26,"Lantern":9,"Singing Bowl":29,"Oddly Smooth Stone":31,"Bag of Preparation":24,"MawBank":26,"Burning Blood":0,"Mercury Hourglass":8,"Matryoshka":14,"Bronze Scales":6,"Fusion Hammer":0,"Red Mask":22,"Runic Pyramid":17,"Paper Frog":27},{"Potion Belt":15,"Lantern":5,"Singing Bowl":17,"Oddly Smooth Stone":17,"Bag of Preparation":14,"MawBank":15,"Burning Blood":0,"Mercury Hourglass":5,"Matryoshka":7,"Bronze Scales":4,"Fusion Hammer":0,"Red Mask":13,"Runic Pyramid":8,"Paper Frog":16},{"Potion Belt":57,"Lantern":17,"Singing Bowl":68,"Oddly Smooth Stone":68,"Bag of Preparation":53,"MawBank":57,"Burning Blood":0,"Mercury Hourglass":17,"Matryoshka":21,"Bronze Scales":12,"Fusion Hammer":0,"Red Mask":45,"Runic Pyramid":29,"Paper Frog":63}],"Mercury Hourglass":[299]},"card_choices":[{"not_picked":["Rupture","Rampage"],"picked":"Perfected Strike","floor":1},{"not_picked":["Twin Strike","Evolve"],"picked":"Inflame","floor":3},{"not_picked":["Carnage","Clothesline"],"picked":"Uppercut","floor":4},{"not_picked":["Hemokinesis","Pummel"],"picked":"Headbutt","floor":6},{"not_picked":["Infernal Blade","Seeing Red"],"picked":"Sword Boomerang","floor":8},{"not_picked":["Perfected Strike","Warcry"],"picked":"Shrug It Off","floor":11},{"not_picked":["Combust","Bloodletting"],"picked":"Warcry","floor":13},{"not_picked":["Exhume","Brutality"],"picked":"Demon Form","floor":16},{"not_picked":["Thunderclap","Clothesline"],"picked":"Pommel Strike","floor":18},{"not_picked":["Shrug It Off","Twin Strike"],"picked":"True Grit+1","floor":19},{"not_picked":["Anger","Body Slam","Evolve"],"picked":"SKIP","floor":20},{"not_picked":["Heavy Blade","True Grit","Flex"],"picked":"SKIP","floor":21},{"not_picked":["Clash","Iron Wave+1"],"picked":"Reaper","floor":22},{"not_picked":["Carnage","Power Through","Anger"],"picked":"SKIP","floor":24},{"not_picked":["Carnage","Whirlwind"],"picked":"Shrug It Off","floor":25},{"not_picked":["Whirlwind","Evolve"],"picked":"Second Wind","floor":27},{"not_picked":["Clothesline","Headbutt"],"picked":"Reaper","floor":29}],"player_experience":468881,"relics_obtained":[{"floor":6,"key":"Bronze Scales"},{"floor":8,"key":"Mercury Hourglass"},{"floor":9,"key":"Lantern"},{"floor":14,"key":"Matryoshka"},{"floor":22,"key":"Red Mask"},{"floor":24,"key":"Bag of Preparation"},{"floor":26,"key":"Potion Belt"},{"floor":26,"key":"MawBank"},{"floor":27,"key":"Paper Frog"},{"floor":29,"key":"Singing Bowl"}],"event_choices":[{"damage_healed":10,"gold_gain":0,"player_choice":"Full Heal","damage_taken":0,"max_hp_gain":0,"max_hp_loss":0,"event_name":"Wheel of Change","floor":2,"gold_loss":0},{"damage_healed":18,"gold_gain":0,"player_choice":"Healed","damage_taken":0,"max_hp_gain":0,"max_hp_loss":0,"event_name":"The Cleric","floor":10,"gold_loss":35},{"damage_healed":0,"gold_gain":0,"player_choice":"Fought Bandits","damage_taken":0,"max_hp_gain":0,"max_hp_loss":0,"event_name":"Masked Bandits","floor":22,"gold_loss":0},{"damage_healed":0,"gold_gain":0,"player_choice":"Obtained Relic","damage_taken":0,"relics_obtained":["Oddly Smooth Stone"],"max_hp_gain":0,"max_hp_loss":0,"event_name":"Addict","floor":31,"gold_loss":85}],"is_beta":false,"boss_relics":[{"not_picked":["SlaversCollar","Runic Dome"],"picked":"Runic Pyramid"}],"items_purged_floors":[],"is_endless":false,"potions_floor_spawned":[4,6,11,13,18,20,24,25,29],"killed_by":"Collector","ascension_level":20}}