{"host":"vhvm1b4sel61ztfv","time":1609470044,"event":{"mods":["BaseMod","BetterRewards","Displayed Cursed Tome","Minty Spire (QoL Compilation)","Replay The Spire","StSLib"],"gold_per_floor":[113,123,141,60,80,80,107,148,160,172,213,225,264,276,288,398,410,437,449,473,495,539,551,92,92,92,118,118,149,179,105,105,202,202,217,235,39,57,57,57,91,116,116,149,176,24,44,69,69,164,164,183,110,110,122,20,51,83,109,109,135,162,196,99,125,222,322,322,341,366,384,334,350,375,173,200,229,229,244,65,79,107,22,119,119,119,119],"floor_reached":86,"playtime":4676,"items_purged":["Sickly","CommonCold","Devotion","Devotion","Defend_P+1"],"score":3009,"play_id":"1ced2580-7dcd-4242-88bf-944f103e904b","local_time":"20201231220044","daily_mods":["Vintage","Heirloom","Time Dilation","Flight","DeadlyEvents","Elite Swarm","Lethality"],"is_ascension_mode":true,"campfire_choices":[{"data":"Eruption","floor":6,"key":"SMITH"},{"data":"Devotion","floor":10,"key":"SMITH"},{"floor":12,"key":"REST"},{"floor":15,"key":"REST"},{"floor":23,"key":"REST"},{"data":"Vault","floor":25,"key":"SMITH"},{"data":"Ragnarok","floor":49,"key":"SMITH"}],"circlet_count":0,"master_deck":["Strike_P+1","Strike_P+1","Strike_P+1","Defend_P+1","Defend_P+1","Defend_P+1","Eruption+1","Vigilance+1","Vault+1","Devotion+1","Omniscience+1","Alpha+1","Brilliance","CurseOfTheBell","SandsOfTime+1","Ragnarok+1","MasterReality+1","DevaForm+1","Pot Of Greed","Pot Of Greed","FlurryOfBlows","DeusExMachina","Establishment","Pot Of Greed","Amnesia","TalkToTheHand","FlurryOfBlows","ConjureBlade","Consecrate"],"relics":["HolyWater","Pocketwatch","Bronze Scales","Eternal Feather","Replay:Accelerometer","Replay:Wax Seal","War Paint","MawBank","TeardropLocket","Iron Hammer","Kunai","Calling Bell","Oddly Smooth Stone","Garlic","GoldenEye","Sundial","PreservedInsect","Prayer Wheel","Onion Ring","Regal Pillow","Meat on the Bone","Pear","Replay:Multitool","Torii","Akabeko","SlaversCollar","White Beast Statue","Grinning Jar","Guide Book","Divine Protection","Pantograph","Gremlin Horn","Quantum Egg","Happy Flower","Bird Faced Urn","Potion Belt","Membership Card","Ornamental Fan","CloakClasp","Replay:Ancient Bell","Gremlin Food","Snack Pack","Dead Branch","FossilizedHelix","CultistMask","ReplayTheSpireMod:Lightbulb","Frozen Eye","Black Star","Tiny Chest","Smiling Mask","Lantern","Replay:Rubber Ducky","Toolbox","Centennial Puzzle","Mummified Hand","Art of War","Replay:Mystery Machine"],"acts_visited":["Exordium","TheCity","TheBeyond","Exordium","TheCity","TheBeyond"],"potions_floor_usage":[13,16,16,18,21,30,30,33,42,47,47,47,47,50,50,58,71,73,73,79,84,84],"damage_taken":[{"damage":0,"enemies":"Jaw Worm","floor":1,"turns":1},{"damage":0,"enemies":"2 Louse","floor":2,"turns":1},{"damage":0,"enemies":"Cultist","floor":3,"turns":2},{"damage":4,"enemies":"Blue Slaver","floor":5,"turns":3},{"damage":6,"enemies":"3 Sentries","floor":7,"turns":5},{"damage":0,"enemies":"Lagavulin","floor":8,"turns":3},{"damage":11,"enemies":"3 Sentries","floor":11,"turns":5},{"damage":0,"enemies":"Replay:BlueRogue","floor":13,"turns":2},{"damage":23,"enemies":"Hexaghost","floor":16,"turns":3},{"damage":11,"enemies":"3 Byrds","floor":18,"turns":3},{"damage":3,"enemies":"Shell Parasite","floor":20,"turns":3},{"damage":1,"enemies":"Centurion and Healer","floor":21,"turns":4},{"damage":0,"enemies":"Slavers","floor":22,"turns":3},{"damage":5,"enemies":"Gremlin Leader","floor":27,"turns":4},{"damage":15,"enemies":"Slavers","floor":29,"turns":4},{"damage":15,"enemies":"Book of Stabbing","floor":30,"turns":3},{"damage":13,"enemies":"Collector","floor":33,"turns":6},{"damage":10,"enemies":"3 Shapes","floor":35,"turns":4},{"damage":1,"enemies":"Orb Walker","floor":36,"turns":3},{"damage":29,"enemies":"Spire Growth","floor":38,"turns":3},{"damage":0,"enemies":"R_Hoarder","floor":41,"turns":3},{"damage":0,"enemies":"Nemesis","floor":42,"turns":1},{"damage":0,"enemies":"Reptomancer","floor":44,"turns":3},{"damage":1,"enemies":"Nemesis","floor":45,"turns":4},{"damage":0,"enemies":"Transient","floor":47,"turns":6},{"damage":0,"enemies":"R_Hoarder","floor":48,"turns":2},{"damage":33,"enemies":"Replay:Hell Engine","floor":50,"turns":4},{"damage":0,"enemies":"Small Slimes","floor":52,"turns":1},{"damage":0,"enemies":"2 Louse","floor":55,"turns":1},{"damage":0,"enemies":"Replay:BlueRogue","floor":57,"turns":1},{"damage":0,"enemies":"Lagavulin","floor":58,"turns":2},{"damage":0,"enemies":"3 Sentries","floor":59,"turns":2},{"damage":0,"enemies":"Gremlin Nob","floor":61,"turns":1},{"damage":0,"enemies":"3 Sentries","floor":62,"turns":2},{"damage":0,"enemies":"Gremlin Nob","floor":63,"turns":1},{"damage":0,"enemies":"Lagavulin","floor":65,"turns":2},{"damage":0,"enemies":"Slime Boss","floor":67,"turns":3},{"damage":0,"enemies":"Chosen","floor":69,"turns":4},{"damage":0,"enemies":"Gremlin Leader","floor":70,"turns":1},{"damage":0,"enemies":"2 Thieves","floor":71,"turns":3},{"damage":0,"enemies":"Shelled Parasite and Fungi","floor":73,"turns":3},{"damage":0,"enemies":"Book of Stabbing","floor":74,"turns":3},{"damage":0,"enemies":"Gremlin Leader","floor":76,"turns":2},{"damage":0,"enemies":"Book of Stabbing","floor":77,"turns":1},{"damage":0,"enemies":"Centurion and Healer","floor":79,"turns":2},{"damage":0,"enemies":"Chosen and Byrds","floor":81,"turns":2},{"damage":0,"enemies":"Replay:Snechameleon","floor":82,"turns":3},{"damage":0,"enemies":"Champ","floor":84,"turns":2},{"damage":0,"enemies":"3 Shapes","floor":86,"turns":1}],"seed_played":"4863956806317914225","potions_obtained":[{"floor":1,"key":"SteroidPotion"},{"floor":2,"key":"Languid Potion"},{"floor":5,"key":"LiquidMemories"},{"floor":13,"key":"PowerPotion"},{"floor":21,"key":"EntropicBrew"},{"floor":36,"key":"Ambrosia"},{"floor":38,"key":"Swift Potion"},{"floor":41,"key":"Flashbang"},{"floor":42,"key":"Toxic Potion"},{"floor":45,"key":"Energy Potion"},{"floor":47,"key":"Regen Potion"},{"floor":48,"key":"Block Potion"},{"floor":50,"key":"ColorlessPotion"},{"floor":52,"key":"Fire Potion"},{"floor":55,"key":"PowerPotion"},{"floor":57,"key":"Toxic Potion"},{"floor":58,"key":"Fruit Juice"},{"floor":59,"key":"Energy Potion"},{"floor":61,"key":"Milkshake"},{"floor":62,"key":"Reflective Coating"},{"floor":71,"key":"AttackPotion"},{"floor":73,"key":"BlessingOfTheForge"},{"floor":74,"key":"Ancient Potion"},{"floor":76,"key":"PowerPotion"},{"floor":79,"key":"Weak Potion"},{"floor":84,"key":"Weak Potion"}],"is_trial":true,"path_per_floor":["M","M","M","$","M","R","E","E","T","R","E","R","E","?","R","B",null,"M","?","M","M","E","R","$","R","T","E","$","E","E","$","R","B",null,"M","M","$","M","T","R","E","E","T","E","E","$","M","E","R","B",null,"M","$","?","M","$","E","E","E","T","E","E","E","$","E","R","B",null,"M","E","M","$","M","E","$","E","E","?","M","$","M","E","R","B",null,"M"],"character_chosen":"WATCHER","items_purchased":["Replay:Wax Seal","SandsOfTime","Regal Pillow","Meat on the Bone","StancePotion","FlurryOfBlows","Guide Book","Membership Card","TalkToTheHand","FlurryOfBlows","Strength Potion","Frozen Eye","Consecrate","Replay:Rubber Ducky","Toolbox","Mummified Hand"],"campfire_rested":3,"item_purchase_floors":[4,24,24,24,31,37,37,46,53,56,56,64,64,75,75,80],"current_hp_per_floor":[65,65,65,65,61,67,61,61,61,67,56,72,72,58,72,49,66,55,55,52,51,51,72,72,72,82,77,77,62,47,47,82,69,79,69,68,68,51,51,82,82,82,82,82,82,82,82,82,82,60,77,77,77,77,77,77,77,87,87,87,87,87,87,87,87,87,87,87,87,87,87,87,87,87,87,87,87,87,87,87,87,87,87,87,87,87,87],"gold":119,"neow_bonus":"","is_daily":false,"chose_seed":false,"campfire_upgraded":4,"win_rate":0.0,"timestamp":1609470044,"path_taken":["M","M","M","$","M","R","E","E","T","R","E","R","E","?","R","BOSS","M","?","M","?","?","R","$","R","T","E","$","E","E","$","R","BOSS","M","M","$","?","?","R","E","E","T","E","?","$","?","E","R","BOSS","M","$","?","M","$","E","E","E","T","E","E","E","$","E","R","BOSS","M","?","M","$","M","E","$","E","E","?","M","$","?","?","R","BOSS","M"],"items_purchased_type":["Relic","Card","Relic","Relic","Potion","Card","Relic","Relic","Card","Card","Potion","Relic","Card","Relic","Relic","Relic"],"build_version":"2020-12-22","purchased_purges":5,"victory":false,"max_hp_per_floor":[72,72,72,72,72,72,72,72,72,72,72,72,72,72,72,72,72,72,72,72,72,72,72,72,72,82,82,82,82,82,82,82,82,82,82,82,82,82,82,82,82,82,82,82,82,82,82,82,82,82,82,82,82,82,82,82,82,87,87,87,87,87,87,87,87,87,87,87,87,87,87,87,87,87,87,87,87,87,87,87,87,87,87,87,87,87,87],"card_choices":[{"not_picked":["ConjureBlade","Wish"],"picked":"Vault","floor":7},{"not_picked":["SpiritShield","Scrawl"],"picked":"Devotion","floor":8},{"not_picked":["Ragnarok","Vault"],"picked":"Omniscience","floor":11},{"not_picked":["SpiritShield","LessonLearned"],"picked":"Alpha","floor":13},{"not_picked":["Omniscience","Devotion"],"picked":"Brilliance","floor":16},{"not_picked":["Blasphemy","LessonLearned"],"picked":"Devotion","floor":22},{"not_picked":["Blasphemy","LessonLearned","Replay:AllIn"],"picked":"SKIP","floor":27},{"not_picked":["Replay:LoomingThreat","Judgement"],"picked":"Ragnarok","floor":29},{"not_picked":["LessonLearned","Vault"],"picked":"MasterReality","floor":30},{"not_picked":["Judgement","Alpha"],"picked":"DevaForm","floor":33},{"not_picked":["LessonLearned","MasterReality"],"picked":"DeusExMachina","floor":41},{"not_picked":["DeusExMachina","Vault","LessonLearned"],"picked":"SKIP","floor":42},{"not_picked":["Replay:AllIn","Blasphemy"],"picked":"Establishment","floor":44},{"not_picked":["Devotion","Brilliance","DevaForm"],"picked":"SKIP","floor":45},{"not_picked":["Ragnarok","Wish","MasterReality"],"picked":"SKIP","floor":48},{"not_picked":["ReplayTheSpireMod:Faulty Equipment","ReplayTheSpireMod:Doomed"],"picked":"Sickly","floor":51},{"not_picked":["Writhe","Overencumbered"],"picked":"CommonCold","floor":51},{"not_picked":["Clumsy","Looming Evil"],"picked":"Amnesia","floor":51},{"not_picked":["DevaForm","Scrawl"],"picked":"Devotion","floor":57},{"not_picked":["SpiritShield","Scrawl","Blasphemy"],"picked":"SKIP","floor":58},{"not_picked":["Blasphemy","Ragnarok"],"picked":"ConjureBlade","floor":59},{"not_picked":["Replay:LoomingThreat","SpiritShield","DevaForm"],"picked":"SKIP","floor":61},{"not_picked":["Blasphemy","Brilliance","Alpha"],"picked":"SKIP","floor":62},{"not_picked":["Ragnarok","SpiritShield","ConjureBlade"],"picked":"SKIP","floor":63},{"not_picked":["Ragnarok","SpiritShield","ConjureBlade"],"picked":"SKIP","floor":63},{"not_picked":["DeusExMachina","Blasphemy","Devotion"],"picked":"SKIP","floor":65},{"not_picked":["ConjureBlade","Ragnarok","Judgement"],"picked":"SKIP","floor":70},{"not_picked":["Devotion","ConjureBlade","Ragnarok"],"picked":"SKIP","floor":74},{"not_picked":["LessonLearned","Replay:LoomingThreat","Establishment"],"picked":"SKIP","floor":76},{"not_picked":["Brilliance","Judgement","ConjureBlade"],"picked":"SKIP","floor":77},{"not_picked":["Establishment","MasterReality","Wish"],"picked":"SKIP","floor":82}],"player_experience":100024,"relics_obtained":[{"floor":1,"key":"Bronze Scales"},{"floor":2,"key":"Eternal Feather"},{"floor":3,"key":"Replay:Accelerometer"},{"floor":5,"key":"War Paint"},{"floor":7,"key":"MawBank"},{"floor":8,"key":"TeardropLocket"},{"floor":9,"key":"Iron Hammer"},{"floor":13,"key":"Kunai"},{"floor":17,"key":"Oddly Smooth Stone"},{"floor":17,"key":"Garlic"},{"floor":17,"key":"GoldenEye"},{"floor":18,"key":"Sundial"},{"floor":20,"key":"PreservedInsect"},{"floor":21,"key":"Prayer Wheel"},{"floor":22,"key":"Onion Ring"},{"floor":26,"key":"Pear"},{"floor":27,"key":"Replay:Multitool"},{"floor":29,"key":"Torii"},{"floor":30,"key":"Akabeko"},{"floor":35,"key":"White Beast Statue"},{"floor":36,"key":"Grinning Jar"},{"floor":38,"key":"Divine Protection"},{"floor":39,"key":"Pantograph"},{"floor":41,"key":"Gremlin Horn"},{"floor":42,"key":"Quantum Egg"},{"floor":43,"key":"Happy Flower"},{"floor":44,"key":"Bird Faced Urn"},{"floor":45,"key":"Potion Belt"},{"floor":47,"key":"Ornamental Fan"},{"floor":48,"key":"CloakClasp"},{"floor":52,"key":"FossilizedHelix"},{"floor":55,"key":"ReplayTheSpireMod:Lightbulb"},{"floor":69,"key":"Tiny Chest"},{"floor":71,"key":"Smiling Mask"},{"floor":73,"key":"Lantern"},{"floor":79,"key":"Centennial Puzzle"},{"floor":81,"key":"Art of War"}],"event_choices":[{"damage_healed":0,"gold_gain":0,"player_choice":"Entered Light","damage_taken":14,"max_hp_gain":0,"max_hp_loss":0,"event_name":"Shining Light","floor":14,"gold_loss":0,"cards_upgraded":["Omniscience","Strike_P"]},{"damage_healed":0,"gold_gain":0,"player_choice":"Simplicity","damage_taken":0,"max_hp_gain":0,"max_hp_loss":0,"event_name":"Back to Basics","floor":19,"gold_loss":0,"cards_upgraded":["Strike_P","Strike_P","Strike_P","Defend_P","Defend_P","Defend_P"]},{"damage_healed":0,"gold_gain":0,"player_choice":"Trade","damage_taken":0,"relics_obtained":["CultistMask"],"max_hp_gain":0,"max_hp_loss":0,"event_name":"FaceTrader","floor":54,"gold_loss":0},{"cards_removed":["Strike_P"],"damage_healed":0,"gold_gain":0,"player_choice":"Elegance","damage_taken":0,"max_hp_gain":0,"max_hp_loss":0,"event_name":"Back to Basics","floor":78,"gold_loss":0},{"damage_healed":0,"gold_gain":0,"player_choice":"Obtained Relic","damage_taken":0,"relics_obtained":["Replay:Mystery Machine"],"max_hp_gain":0,"max_hp_loss":0,"event_name":"Addict","floor":83,"gold_loss":85}],"is_beta":false,"boss_relics":[{"not_picked":["ReplayTheSpireMod:DimensionalGlitch","Replay:Grab Bag"],"picked":"Calling Bell"},{"not_picked":["Astrolabe","Pandora\u0027s Box"],"picked":"SlaversCollar"},{"not_picked":["Sozu","Fusion Hammer"],"picked":"Replay:Ancient Bell"},{"not_picked":["Tiny Chest","Vajra"],"picked":"Gremlin Food"},{"not_picked":["Blue Candle","Golden Egg"],"picked":"Snack Pack"},{"not_picked":["Ginger","Incense Burner"],"picked":"Dead Branch"},{"not_picked":["ReplayTheSpireMod:DimensionalGlitch","Runic Pyramid"],"picked":"Black Star"},{"not_picked":["Abe\u0027s Treasure","Kintsugi"],"picked":"HolyWater"}],"items_purged_floors":[53,56,72,75,80],"is_endless":true,"potions_floor_spawned":[1,2,5,13,21,22,36,38,41,42,44,45,47,48,50,52,55,57,58,59,61,62,63,65,67,69,70,71,73,74,76,77,79,81,82,84],"killed_by":"3 Shapes","ascension_level":9}}