{"host":"nhkq23mrg3i3n2so","time":1609512731,"event":{"mods":["BaseMod","Colored Map","Colored Powertips","Minty Spire (QoL Compilation)","Quick Restart","Relic Stats","StSLib"],"gold_per_floor":[114,39,55,130,144,144,156,156,156],"floor_reached":8,"playtime":377,"items_purged":["Strike_G"],"score":58,"play_id":"631e0f2c-43bc-4a3a-a8d2-c15804824503","local_time":"20210101155211","is_ascension_mode":true,"campfire_choices":[{"floor":6,"key":"REST"}],"circlet_count":0,"master_deck":["Strike_G","Strike_G","Strike_G","Defend_G","Defend_G","Defend_G","Defend_G","Survivor","Neutralize"],"relics":["Ring of the Snake"],"acts_visited":["Exordium"],"potions_floor_usage":[8],"damage_taken":[{"damage":3,"enemies":"Small Slimes","floor":1,"turns":6},{"damage":3,"enemies":"Jaw Worm","floor":3,"turns":5},{"damage":2,"enemies":"Cultist","floor":5,"turns":5},{"damage":1,"enemies":"Blue Slaver","floor":7,"turns":5},{"damage":38,"enemies":"Gremlin Nob","floor":8,"turns":5}],"seed_played":"-2088478164304835585","potions_obtained":[{"floor":3,"key":"EssenceOfSteel"},{"floor":7,"key":"CultistPotion"}],"is_trial":false,"path_per_floor":["M","$","M","?","M","R","M","E"],"character_chosen":"THE_SILENT","items_purchased":[],"campfire_rested":1,"item_purchase_floors":[],"current_hp_per_floor":[46,46,43,32,30,51,50,12,12],"gold":156,"neow_bonus":"REMOVE_TWO","is_daily":false,"chose_seed":false,"campfire_upgraded":0,"win_rate":0.0,"timestamp":1609512731,"path_taken":["M","$","M","?","M","R","M","E"],"items_purchased_type":[],"build_version":"2020-12-22","purchased_purges":1,"victory":false,"max_hp_per_floor":[70,70,70,70,70,70,70,70,70],"relic_stats":{"counters":[5,26],"obtain_stats":[{"Ring of the Snake":0},{"Ring of the Snake":0},{"Ring of the Snake":0}],"Ring of the Snake":[10]},"card_choices":[{"not_picked":["Quick Slash","Catalyst","Noxious Fumes"],"picked":"SKIP","floor":1},{"not_picked":["Choke","Calculated Gamble","Dodge and Roll"],"picked":"SKIP","floor":3},{"not_picked":["Dash","Noxious Fumes","Crippling Poison"],"picked":"SKIP","floor":5},{"not_picked":["Deadly Poison","Poisoned Stab","Acrobatics"],"picked":"SKIP","floor":7}],"player_experience":515451,"relics_obtained":[],"event_choices":[{"damage_healed":0,"gold_gain":75,"player_choice":"Gather Gold","damage_taken":11,"max_hp_gain":0,"max_hp_loss":0,"event_name":"World of Goop","floor":4,"gold_loss":0}],"is_beta":false,"boss_relics":[],"items_purged_floors":[2],"is_endless":false,"potions_floor_spawned":[3,7],"killed_by":"Gremlin Nob","ascension_level":4}}