{"host":"minbhrtlkaoly5f0","time":1609514293,"event":{"mods":["Act Like it!","Ascension Reborn","BaseMod","BetterRewards","Colored Map","Colored Powertips","Minty Spire (QoL Compilation)","Quick Restart","StSLib","The Animator"],"gold_per_floor":[111,111,124,140,155,155,155],"floor_reached":6,"playtime":340,"items_purged":[],"score":38,"play_id":"26d4045b-d6c9-467a-99d7-a164551b5fb8","local_time":"20210101231813","is_ascension_mode":true,"campfire_choices":[],"circlet_count":0,"master_deck":["animator:Strike_Konosuba","animator:Defend_Konosuba","animator:Strike","animator:Strike","animator:Strike","animator:Defend","animator:Defend","animator:Defend","animator:Aqua","animator:OrikoMikuni","Strike_B","animator:Ara","animator:Ciel","animator:Chung"],"relics":["animator:LivingPicture","animator:TheMissingPiece","NeowsBlessing"],"acts_visited":["Exordium"],"potions_floor_usage":[],"damage_taken":[{"damage":0.0,"enemies":"2 Louse","floor":1.0,"turns":1.0},{"damage":0.0,"enemies":"Cultist","floor":3.0,"turns":1.0},{"damage":0.0,"enemies":"Small Slimes","floor":4.0,"turns":1.0},{"damage":32,"enemies":"Exordium Thugs","floor":5,"turns":8},{"damage":2,"enemies":"3 Sentries","floor":6,"turns":3}],"seed_played":"5753819351789357656","potions_obtained":[{"floor":1.0,"key":"Energy Potion"},{"floor":5,"key":"LiquidBronze"}],"is_trial":false,"path_per_floor":["M","?","M","M","M","E"],"character_chosen":"THE_ANIMATOR","items_purchased":[],"campfire_rested":0,"item_purchase_floors":[],"current_hp_per_floor":[66,66,66,66,34,34,34],"gold":155,"neow_bonus":"THREE_ENEMY_KILL","is_daily":false,"chose_seed":false,"campfire_upgraded":0,"win_rate":0.0,"timestamp":1609514293,"path_taken":["M","?","M","?","M","E"],"items_purchased_type":[],"build_version":"2020-12-22","purchased_purges":0,"victory":false,"max_hp_per_floor":[66,66,66,66,66,66,66],"card_choices":[{"not_picked":["animator:Ain","animator:Assassin"],"picked":"animator:OrikoMikuni","floor":1.0},{"not_picked":["animator:Alexander","animator:Verdia"],"picked":"animator:Ara","floor":3.0},{"not_picked":["animator:EmiyaShirou","animator:OrikoMikuni"],"picked":"animator:Ciel","floor":4.0},{"not_picked":["animator:Ciel","animator:Elsword"],"picked":"animator:Chung","floor":5}],"player_experience":9123,"relics_obtained":[],"event_choices":[{"cards_removed":["animator:Kazuma"],"damage_healed":0.0,"max_hp_gain":0.0,"max_hp_loss":0.0,"gold_gain":0.0,"event_name":"NoteForYourself","player_choice":"Took Card","floor":2.0,"gold_loss":0.0,"damage_taken":0.0,"cards_obtained":["Strike_B"]}],"is_beta":false,"boss_relics":[],"items_purged_floors":[],"is_endless":false,"potions_floor_spawned":[1,5],"killed_by":"3 Sentries","ascension_level":0}}