{"host":"8fjsnt81u6xsmhji","time":1609479137,"event":{"mods":["BaseMod","Beaked The Cultist","Colored Powertips","Downfall","Glutton Mod","Hermit","Minty Spire (QoL Compilation)","Quick Restart","StSLib","The Bug Knight","The Forsaken","The Hierophant","The Runesmith"],"gold_per_floor":[99,117,117,33,52,52,52,62,92,77,2,16,30,47,65,170,170,170,183,202,220,220,220,220,220,237,251,270,290,304,324,338,443,443,443,462,481,493,106,156,156,156,175,189,189,189,189,189],"floor_reached":47,"playtime":5811,"items_purged":["Runesmith:UnstableHammer+1"],"score":533,"play_id":"a1181217-36c0-4be1-ab5c-5af0f0a56117","local_time":"20201231233217","is_ascension_mode":true,"campfire_choices":[{"floor":1.0,"key":"RECALL"},{"data":"Apotheosis","floor":11.0,"key":"SMITH"},{"data":"Runesmith:BackupBattery","floor":18.0,"key":"SMITH"},{"data":"Runesmith:DuctTape","floor":23.0,"key":"SMITH"},{"data":"Runesmith:Firestorm","floor":35.0,"key":"SMITH"},{"floor":46,"key":"REST"}],"circlet_count":0,"master_deck":["Runesmith:Defend_RS","Runesmith:Defend_RS","Runesmith:Defend_RS","Runesmith:Defend_RS","Runesmith:CraftFirestone","Runesmith:Fortify","Apotheosis+1","Runesmith:BackupBattery+1","Runesmith:EarthShield","Runesmith:ChaoticBlast","Runesmith:Empowerment","Runesmith:RuneHurl+1","Runesmith:GoWithTheFlow+1","Runesmith:EnergizedChisel+1","Runesmith:UnstableHammer+1","Runesmith:RuneHurl+1","Runesmith:DuctTape+1","Runesmith:EarthShield","Bite+1","Bite+1","Bite+1","Bite+1","Bite+1","Runesmith:Firestorm+1","Runesmith:CraftProtectio","Runesmith:GenerateForcefield","Runesmith:CraftProtectio","Runesmith:Permafrost","Runesmith:LightningRod","Runesmith:Supernova","Runesmith:NegativeSpace+1","Runesmith:GrandSlam+1","Runesmith:LithiumIon","Runesmith:GoWithTheFlow+1","Secret Technique","Runesmith:OneForEveryone+1","Runesmith:EarthShield+1"],"relics":["Runesmith:BrokenRuby","Molten Egg 2","Centennial Puzzle","downfall:HeartBlessingRed","SlaversCollar","Gremlin Horn","White Beast Statue","beaked:SacredDeck","Du-Vu Doll","Kunai"],"acts_visited":["Exordium","TheCity","TheBeyond"],"potions_floor_usage":[39,39,40,43,44],"damage_taken":[{"damage":2.0,"enemies":"Jaw Worm","floor":2.0,"turns":4.0},{"damage":0.0,"enemies":"downfall:FleeingMerchant","floor":4.0,"turns":4.0},{"damage":0.0,"enemies":"Cultist","floor":5.0,"turns":4.0},{"damage":1.0,"enemies":"2 Louse","floor":8.0,"turns":3.0},{"damage":8.0,"enemies":"3 Sentries","floor":9.0,"turns":5.0},{"damage":3.0,"enemies":"downfall:FleeingMerchant","floor":10.0,"turns":4.0},{"damage":0.0,"enemies":"Exordium Thugs","floor":12.0,"turns":3.0},{"damage":3.0,"enemies":"Gremlin Gang","floor":13.0,"turns":2.0},{"damage":0.0,"enemies":"Exordium Wildlife","floor":14.0,"turns":4.0},{"damage":0.0,"enemies":"Large Slime","floor":15.0,"turns":4.0},{"damage":20.0,"enemies":"downfall:Silent","floor":16.0,"turns":7.0},{"damage":0.0,"enemies":"Chosen","floor":19.0,"turns":4.0},{"damage":2.0,"enemies":"Shell Parasite","floor":20.0,"turns":5.0},{"damage":32.0,"enemies":"Snake Plant","floor":21.0,"turns":5.0},{"damage":7.0,"enemies":"Cultist and Chosen","floor":26.0,"turns":5.0},{"damage":5.0,"enemies":"Snecko","floor":27.0,"turns":4.0},{"damage":3.0,"enemies":"Chosen and Byrds","floor":28.0,"turns":5.0},{"damage":2.0,"enemies":"3 Cultists","floor":29.0,"turns":4.0},{"damage":16.0,"enemies":"Centurion and Healer","floor":30.0,"turns":7.0},{"damage":19.0,"enemies":"Shelled Parasite and Fungi","floor":31.0,"turns":8.0},{"damage":5.0,"enemies":"Snake Plant","floor":32.0,"turns":6.0},{"damage":15.0,"enemies":"downfall:Defect","floor":33.0,"turns":13.0},{"damage":20.0,"enemies":"3 Darklings","floor":36.0,"turns":4.0},{"damage":11.0,"enemies":"3 Shapes","floor":37.0,"turns":8.0},{"damage":16.0,"enemies":"Transient","floor":38.0,"turns":5.0},{"damage":0,"enemies":"downfall:FleeingMerchant","floor":39,"turns":4},{"damage":3,"enemies":"Mind Bloom Boss Battle","floor":40,"turns":10},{"damage":18,"enemies":"4 Shapes","floor":43,"turns":8},{"damage":31,"enemies":"Spire Growth","floor":44,"turns":6},{"damage":38,"enemies":"Transient","floor":47,"turns":5}],"seed_played":"-907854154426000669","potions_obtained":[{"floor":2.0,"key":"AttackPotion"},{"floor":12.0,"key":"ColorlessPotion"},{"floor":13.0,"key":"Block Potion"},{"floor":16.0,"key":"SteroidPotion"},{"floor":20.0,"key":"FearPotion"},{"floor":26.0,"key":"Slimebound:ThreeZeroPotion"},{"floor":27.0,"key":"Guardian:BlockOnCardUsePotion"},{"floor":28.0,"key":"GamblersBrew"},{"floor":30.0,"key":"SkillPotion"},{"floor":31.0,"key":"Guardian:BlockOnCardUsePotion"},{"floor":32.0,"key":"Energy Potion"},{"floor":33.0,"key":"PowerPotion"},{"floor":36.0,"key":"ColorlessPotion"},{"floor":38.0,"key":"LiquidMemories"},{"floor":39,"key":"SneckoOil"},{"floor":40,"key":"DuplicationPotion"},{"floor":43,"key":"SteroidPotion"},{"floor":44,"key":"FearPotion"}],"is_trial":false,"path_per_floor":["R","M","?","$","M","?","T","M","E","$","R","M","M","M","M","B",null,"R","M","M","M","?","R","T","T","M","M","M","M","M","M","M","B",null,"R","M","M","M","$","?","T","?","M","M","?","R","M"],"character_chosen":"RUNESMITH_CLASS","items_purchased":["Runesmith:ChaoticBlast","Runesmith:LithiumIon","Runesmith:GoWithTheFlow+1","Secret Technique"],"campfire_rested":1,"item_purchase_floors":[4,39,39,39],"current_hp_per_floor":[70,68,68,68,68,73,73,72,64,61,61,61,58,58,58,38,75,75,75,73,41,41,41,41,41,46,50,52,52,45,41,48,52,52,52,41,36,29,35,47,47,47,35,19,19,34,5,5],"gold":189,"neow_bonus":"RANDOM_COLORLESS_2","is_daily":false,"chose_seed":false,"campfire_upgraded":4,"win_rate":0.0,"timestamp":1609479137,"path_taken":["R","M","?","?","M","?","T","M","E","?","R","M","M","?","M","BOSS","R","M","M","M","?","R","T","?","?","M","M","M","?","M","M","BOSS","R","M","M","M","$","?","T","?","M","M","?","R","M"],"items_purchased_type":["Card","Card","Card","Card"],"build_version":"2020-12-22","purchased_purges":1,"victory":false,"max_hp_per_floor":[70,70,70,70,70,75,75,75,75,75,75,75,75,75,75,75,75,75,75,75,75,52,52,52,52,52,52,52,52,52,52,52,52,52,52,52,52,52,52,52,52,52,52,52,52,52,52,52],"card_choices":[{"not_picked":["expansioncontent:StudyTheSpire","expansioncontent:Corrupt"],"picked":"Apotheosis","floor":0.0},{"not_picked":["Runesmith:ChiselStab","Runesmith:Reinforce"],"picked":"Runesmith:BackupBattery","floor":2.0},{"not_picked":["Runesmith:HeatedChisel","Runesmith:ChiselStab"],"picked":"Runesmith:EarthShield","floor":4.0},{"not_picked":["Runesmith:HeatedChisel","Runesmith:Accelerate"],"picked":"Runesmith:Empowerment","floor":5.0},{"not_picked":["Runesmith:EarthShield","Runesmith:Accelerate"],"picked":"Runesmith:RuneHurl+1","floor":8.0},{"not_picked":["Runesmith:GenerateForcefield","Runesmith:EarthShield"],"picked":"Runesmith:GoWithTheFlow+1","floor":9.0},{"not_picked":["Runesmith:Repurpose","Runesmith:Attraction"],"picked":"Runesmith:EnergizedChisel+1","floor":10.0},{"not_picked":["Runesmith:EnergizedChisel+1","Runesmith:RuneHurl+1","Runesmith:ChiselStab+1"],"picked":"SKIP","floor":12.0},{"not_picked":["Runesmith:Grindstone","Runesmith:ShiftingStrike+1"],"picked":"Runesmith:UnstableHammer+1","floor":13.0},{"not_picked":["Runesmith:Empowerment","Runesmith:ChiselStab+1"],"picked":"Runesmith:RuneHurl+1","floor":14.0},{"not_picked":["Runesmith:BackupBattery","Runesmith:NanitesCloud","Runesmith:Prism"],"picked":"SKIP","floor":15.0},{"not_picked":["Runesmith:LightningRod","Runesmith:GrandSlam+1"],"picked":"Runesmith:DuctTape","floor":16.0},{"not_picked":["Runesmith:NanitesCloud","Runesmith:StaticCage"],"picked":"Runesmith:UnstableHammer+1","floor":19.0},{"not_picked":["Runesmith:MakeshiftArmor","Runesmith:BackupBattery","Runesmith:UnstableHammer+1"],"picked":"SKIP","floor":20.0},{"not_picked":["Runesmith:CraftObretio","Runesmith:Attraction"],"picked":"Runesmith:EarthShield","floor":21.0},{"not_picked":["Runesmith:HeatedChisel+1","Runesmith:BackupBattery"],"picked":"Runesmith:Firestorm","floor":26.0},{"not_picked":["Runesmith:Grindstone+1","Runesmith:Refine"],"picked":"Runesmith:CraftProtectio","floor":27.0},{"not_picked":["Runesmith:StaticCage","Runesmith:UnstableHammer+1"],"picked":"Runesmith:GenerateForcefield","floor":28.0},{"not_picked":["Runesmith:Grindstone","Runesmith:HammerThrow+1","Runesmith:ShiftingStrike+1"],"picked":"SKIP","floor":29.0},{"not_picked":["Runesmith:Grindstone","Runesmith:DoubleUp"],"picked":"Runesmith:CraftProtectio","floor":30.0},{"not_picked":["Runesmith:EnergizedChisel+1","Runesmith:RuneHurl+1"],"picked":"Runesmith:Permafrost","floor":31.0},{"not_picked":["Runesmith:Overpower+1","Runesmith:EnergizedChisel+1"],"picked":"Runesmith:LightningRod","floor":32.0},{"not_picked":["Runesmith:GenerateForcefield","Runesmith:MetallurgicalResearch"],"picked":"Runesmith:Supernova","floor":33.0},{"not_picked":["Runesmith:HammerThrow+1","Runesmith:Discharge+1"],"picked":"Runesmith:NegativeSpace+1","floor":36.0},{"not_picked":["Runesmith:HeatExchange+1","Runesmith:UnstableHammer+1","Runesmith:ChiselStab+1"],"picked":"SKIP","floor":37.0},{"not_picked":["Runesmith:MakeshiftArmor","Runesmith:Empowerment+1","Runesmith:Repurpose"],"picked":"SKIP","floor":38.0},{"not_picked":["Runesmith:ChiselStab+1","Runesmith:Firestorm+1"],"picked":"Runesmith:GrandSlam+1","floor":39},{"not_picked":["Runesmith:PerfectChisel+1","Runesmith:Malloc+1"],"picked":"Runesmith:OneForEveryone+1","floor":43},{"not_picked":["Runesmith:ChiselStab+1","Runesmith:Permafrost"],"picked":"Runesmith:EarthShield+1","floor":44}],"player_experience":671310,"relics_obtained":[{"floor":7.0,"key":"Molten Egg 2"},{"floor":9.0,"key":"Centennial Puzzle"},{"floor":24.0,"key":"Gremlin Horn"},{"floor":25.0,"key":"White Beast Statue"},{"floor":40,"key":"Du-Vu Doll"},{"floor":41,"key":"Kunai"}],"event_choices":[{"cards_removed":["Injury"],"damage_healed":0.0,"max_hp_gain":0.0,"max_hp_loss":0.0,"gold_gain":0.0,"event_name":"Purifier","player_choice":"Purged","floor":3.0,"gold_loss":0.0,"damage_taken":0.0},{"damage_healed":0.0,"max_hp_gain":5.0,"max_hp_loss":0.0,"gold_gain":0.0,"event_name":"Big Fish","player_choice":"Donut","floor":6.0,"gold_loss":0.0,"damage_taken":0.0},{"damage_healed":0.0,"max_hp_gain":0.0,"max_hp_loss":23.0,"gold_gain":0.0,"event_name":"Vampires","player_choice":"Became a vampire","floor":22.0,"gold_loss":0.0,"damage_taken":0.0,"cards_obtained":["Bite","Bite","Bite","Bite","Bite"]},{"cards_removed":["Runesmith:ArcReactor"],"damage_healed":0,"gold_gain":0,"player_choice":"Removed Power","damage_taken":0,"max_hp_gain":0,"max_hp_loss":0,"event_name":"Falling","floor":42,"gold_loss":0}],"is_beta":false,"boss_relics":[{"not_picked":["Coffee Dripper","Runesmith:UraniumAnvil"],"picked":"SlaversCollar"},{"not_picked":["Velvet Choker","beaked:MawFillet"],"picked":"beaked:SacredDeck"}],"items_purged_floors":[39],"is_endless":false,"potions_floor_spawned":[2,12,13,14,16,20,26,27,28,29,30,31,32,33,36,37,38,39,40,43,44],"killed_by":"Transient","ascension_level":2}}