{"host":"hg4d4z00zcdsq8kr","time":1609481337,"event":{"mods":["BaseMod","Downfall","Hubris","Infinite Spire","Minty Spire (QoL Compilation)","Replay The Spire","StSLib","The Bug Knight","The Cursed"],"gold_per_floor":[111,66,82,97,22,53,70,70,121,121,156,170,185,185,185,290,290,302,317,317,374,389,389,403,421,421,621,654,46,64,84,84,181,181,194,49,99,109,109,109],"floor_reached":39,"playtime":2248,"items_purged":["Strike_G","Strike_G","Strike_G"],"score":415,"play_id":"922ffc84-bd9e-493d-9b8c-76075bdb22dc","local_time":"20210101090857","is_ascension_mode":false,"campfire_choices":[{"data":"Noxious Fumes","floor":8,"key":"SMITH"},{"data":"Eviscerate","floor":10,"key":"SMITH"},{"floor":15,"key":"REST"},{"floor":23,"key":"REST"},{"floor":32,"key":"RECALL"}],"circlet_count":0,"master_deck":["Strike_G","Strike_G","Defend_G","Defend_G","Defend_G","Defend_G","Defend_G","Survivor","Neutralize","Underhanded Strike","PiercingWail","Dagger Throw","Acrobatics","Eviscerate+1","Noxious Fumes+1","Blade Dance","hubris:SlightOfHand","Dagger Throw+1","Corpse Explosion","PiercingWail+1","Sneak Up","Flying Knee+1","Footwork","Reflex+1","Dagger Spray","Backstab","Panache+1","Burst+1","Heel Hook","Bullet Time+1","Noxious Fumes+1","Underhanded Strike"],"relics":["Ring of the Snake","Strawberry","Orichalcum","Fusion Hammer","Golden Egg","infinitespire:WardingShard","Toy Ornithopter","Matryoshka","hubris:HollowSoul","DollysMirror","Pocketwatch"],"acts_visited":["Exordium","TheCity","TheBeyond"],"potions_floor_usage":[6,11,11,16,18,19,22,25,28,31,31,33,38],"damage_taken":[{"damage":4,"enemies":"Cultist","floor":1,"turns":4},{"damage":1,"enemies":"Jaw Worm","floor":3,"turns":4},{"damage":1,"enemies":"Small Slimes","floor":4,"turns":5},{"damage":5,"enemies":"Replay:BlueRogue","floor":6,"turns":4},{"damage":6,"enemies":"Looter","floor":7,"turns":3},{"damage":5,"enemies":"Lagavulin","floor":11,"turns":5},{"damage":0,"enemies":"Lots of Slimes","floor":12,"turns":4},{"damage":22,"enemies":"Exordium Thugs","floor":13,"turns":5},{"damage":32,"enemies":"Hexaghost","floor":16,"turns":10},{"damage":0,"enemies":"Chosen","floor":18,"turns":4},{"damage":2,"enemies":"2 Thieves","floor":19,"turns":3},{"damage":17,"enemies":"Shelled Parasite and Fungi","floor":22,"turns":5},{"damage":3,"enemies":"Snecko","floor":24,"turns":5},{"damage":0,"enemies":"Centurion and Healer","floor":25,"turns":4},{"damage":5,"enemies":"HollowMod:Nosk","floor":28,"turns":6},{"damage":3,"enemies":"Chosen and Byrds","floor":30,"turns":6},{"damage":0,"enemies":"Sentry and Sphere","floor":31,"turns":4},{"damage":34,"enemies":"Collector","floor":33,"turns":7},{"damage":41,"enemies":"3 Darklings","floor":35,"turns":5},{"damage":11,"enemies":"Mind Bloom Boss Battle","floor":37,"turns":6},{"damage":18,"enemies":"Orb Walker","floor":38,"turns":5},{"damage":29,"enemies":"Transient","floor":39,"turns":4}],"seed_played":"4272965802814920656","potions_obtained":[{"floor":4,"key":"Explosive Potion"},{"floor":6,"key":"Adrenaline Potion"},{"floor":7,"key":"Energy Potion"},{"floor":11,"key":"LifebloodPotion"},{"floor":16,"key":"ColorlessPotion"},{"floor":18,"key":"Toxic Potion"},{"floor":21,"key":"Regen Potion"},{"floor":24,"key":"hexamod:EctoCoolerPotion"},{"floor":25,"key":"Dexterity Potion"},{"floor":28,"key":"ColorlessPotion"},{"floor":30,"key":"Reflective Coating"},{"floor":37,"key":"infinitespire:BlackPotion"}],"is_trial":false,"path_per_floor":["M","$","M","M","$","E","M","R","T","R","E","M","M","?","R","B",null,"M","M","AVR","?","M","R","M","M","T","?","E","$","M","M","R","B",null,"M","$","?","M","M"],"character_chosen":"THE_SILENT","items_purchased":["Dagger Throw","Panache","Matryoshka","EssenceOfSteel","DollysMirror"],"campfire_rested":2,"item_purchase_floors":[2,29,29,29,36],"current_hp_per_floor":[66,66,65,64,64,66,60,60,60,60,55,55,33,33,56,24,77,77,75,75,56,53,76,73,73,73,73,68,68,65,75,75,43,77,36,36,25,12,0,0],"gold":109,"neow_bonus":"THREE_CARDS","is_daily":false,"chose_seed":false,"campfire_upgraded":2,"win_rate":0.0,"timestamp":1609481337,"path_taken":["M","$","M","M","$","E","M","R","T","R","E","M","M","?","R","BOSS","M","M","AVR","?","?","R","M","M","T","?","E","$","?","M","R","BOSS","M","$","?","M","M"],"items_purchased_type":["Card","Card","Relic","Potion","Relic"],"build_version":"2020-12-22","purchased_purges":3,"victory":false,"max_hp_per_floor":[70,70,70,70,70,77,77,77,77,77,77,77,77,77,77,77,77,77,77,77,77,77,77,77,77,77,77,77,77,77,77,77,77,77,77,77,77,77,77,77],"card_choices":[{"not_picked":["Dash","Concentrate"],"picked":"Underhanded Strike","floor":0},{"not_picked":["Sucker Punch","Acrobatics"],"picked":"PiercingWail","floor":1},{"not_picked":["Sucker Punch","PiercingWail"],"picked":"Acrobatics","floor":3},{"not_picked":["Acrobatics","Flechettes"],"picked":"Eviscerate","floor":4},{"not_picked":["ReplayTheSpireMod:Exploit Weakness","Dodge and Roll"],"picked":"Noxious Fumes","floor":6},{"not_picked":["hubris:Sniper","Caltrops"],"picked":"Blade Dance","floor":7},{"not_picked":["Riddle With Holes","Choke"],"picked":"hubris:SlightOfHand","floor":11},{"not_picked":["Doppelganger","Hidden Blade"],"picked":"Dagger Throw","floor":12},{"not_picked":["Skewer","Backstab","Dagger Throw"],"picked":"SKIP","floor":13},{"not_picked":["Glass Knife","Poison Darts"],"picked":"Corpse Explosion","floor":16},{"not_picked":["Acrobatics","Cloak And Dagger"],"picked":"PiercingWail+1","floor":18},{"not_picked":["Quick Slash","Dodge and Roll"],"picked":"Sneak Up","floor":19},{"not_picked":["Well Laid Plans+1","Deadly Poison+1"],"picked":"Flying Knee+1","floor":21},{"not_picked":["Quick Slash","Replay:Poison Smokescreen"],"picked":"Footwork","floor":22},{"not_picked":["Dagger Throw+1","hubris:Sniper"],"picked":"Reflex+1","floor":24},{"not_picked":["Poisoned Stab+1","hubris:TrickCloak+1"],"picked":"Dagger Spray","floor":25},{"not_picked":["Terror+1","Poisoned Stab+1"],"picked":"Backstab","floor":28},{"not_picked":["Flying Knee","Dodge and Roll+1"],"picked":"Burst","floor":30},{"not_picked":["Outmaneuver","Poisoned Stab+1"],"picked":"Heel Hook","floor":31},{"not_picked":["Burst","ReplayTheSpireMod:From All Sides"],"picked":"Bullet Time","floor":33},{"not_picked":["Deadly Poison","ReplayTheSpireMod:Exploit Weakness","Outmaneuver"],"picked":"SKIP","floor":35},{"not_picked":["Dagger Spray+1","Outmaneuver"],"picked":"Underhanded Strike","floor":38}],"player_experience":674176,"relics_obtained":[{"floor":6,"key":"Strawberry"},{"floor":9,"key":"Orichalcum"},{"floor":21,"key":"infinitespire:WardingShard"},{"floor":28,"key":"Toy Ornithopter"},{"floor":37,"key":"Pocketwatch"}],"event_choices":[{"damage_healed":0,"gold_gain":200,"player_choice":"Gold","damage_taken":0,"max_hp_gain":0,"max_hp_loss":0,"event_name":"Wheel of Change","floor":27,"gold_loss":0},{"damage_healed":0,"gold_gain":0,"player_choice":"Fight","damage_taken":0,"max_hp_gain":0,"max_hp_loss":0,"event_name":"MindBloom","floor":37,"gold_loss":0}],"is_beta":false,"boss_relics":[{"not_picked":["hubris:TerracottaHorce","infinitespire:Cupcake"],"picked":"Fusion Hammer"},{"not_picked":["Ring of Chaos","Runic Dome"],"picked":"hubris:HollowSoul"}],"items_purged_floors":[5,20,29],"is_endless":false,"potions_floor_spawned":[4,6,7,11,16,18,24,25,28,30,37],"killed_by":"Transient","ascension_level":0}}