{"host":"qfskrnw3pl1q86j0","time":1609540564,"event":{"mods":["BaseMod","Block Reminder","Hermit","Marisa????????","Minty Spire (QoL Compilation)","Quick Restart","Random Character Button","Relic Stats","StSLib","The Poker Player","slay the spire mod where everything is the same but ironclad has a cowboy hat"],"gold_per_floor":[115,126,126,143,176,176,207,207,284,301,301,328,328,370,370,498,498,538,538,453,480,525,525,610,610,664,266,266,291,291,361,361,541,541,600,683,693,160,205,205,260,260,283,309,408,408,427,427,427,443],"floor_reached":51,"playtime":1967,"items_purged":["Defend_MRS","Defend_MRS"],"score":796,"play_id":"f71fe4ff-5a9c-4093-9679-19cf25a38bdc","local_time":"20210101233604","is_ascension_mode":false,"campfire_choices":[{"data":"MasterSpark","floor":6.0,"key":"SMITH"},{"data":"MilkyWay","floor":8.0,"key":"SMITH"},{"data":"StarBarrage","floor":13.0,"key":"SMITH"},{"data":"OortCloud","floor":15.0,"key":"SMITH"},{"data":"ShootTheMoon","floor":23.0,"key":"SMITH"},{"data":"MilkyWay","floor":25.0,"key":"SMITH"},{"data":"MilkyWay","floor":28.0,"key":"SMITH"},{"data":"UpSweep","floor":30.0,"key":"SMITH"},{"data":"DC","floor":32.0,"key":"SMITH"},{"data":"GalacticHalo","floor":40,"key":"SMITH"},{"data":"PowerUp","floor":42,"key":"SMITH"},{"data":"MagicChant","floor":49,"key":"SMITH"}],"circlet_count":0,"master_deck":["Defend_MRS","Defend_MRS","MasterSpark+1","UpSweep+1","DC+1","StarBarrage+1","NonDirectionalLaser","PowerUp+1","WitchOfGreed","MilkyWay+1","ShootTheMoon+1","OortCloud+1","Robbery","GalacticHalo+1","Bite","Bite","Bite","Bite","Bite","MilkyWay+1","MilkyWay+1","GravityBeat+1","MagicChant+1","UnstableBomb+1","GalacticHalo+1","PulseMagic+1","MachineGunSpark"],"relics":["MiniHakkero","Prayer Wheel","Gremlin Horn","CeramicFish","Runic Dome","AmplifyWand","Ancient Tea Set","Nunchaku","Vajra","HandDrill","Busted Crown","StoneCalendar","Akabeko","Toy Ornithopter","MagicBroom"],"acts_visited":["Exordium","TheCity","TheBeyond"],"potions_floor_usage":[48,50,50],"damage_taken":[{"damage":0.0,"enemies":"2 Louse","floor":1.0,"turns":2.0},{"damage":0.0,"enemies":"Cultist","floor":2.0,"turns":2.0},{"damage":6.0,"enemies":"Jaw Worm","floor":4.0,"turns":2.0},{"damage":1.0,"enemies":"3 Louse","floor":5.0,"turns":4.0},{"damage":4.0,"enemies":"Blue Slaver","floor":7.0,"turns":3.0},{"damage":5.0,"enemies":"Looter","floor":10.0,"turns":2.0},{"damage":0.0,"enemies":"3 Sentries","floor":12.0,"turns":5.0},{"damage":1.0,"enemies":"Exordium Wildlife","floor":14.0,"turns":3.0},{"damage":16.0,"enemies":"Slime Boss","floor":16.0,"turns":9.0},{"damage":10.0,"enemies":"Chosen","floor":18.0,"turns":3.0},{"damage":30.0,"enemies":"Book of Stabbing","floor":24.0,"turns":6.0},{"damage":0.0,"enemies":"Spheric Guardian","floor":29.0,"turns":2.0},{"damage":0.0,"enemies":"Centurion and Healer","floor":31.0,"turns":7.0},{"damage":54,"enemies":"Champ","floor":33,"turns":9},{"damage":0,"enemies":"3 Darklings","floor":35,"turns":4},{"damage":0,"enemies":"3 Shapes","floor":36,"turns":3},{"damage":0,"enemies":"Jaw Worm Horde","floor":37,"turns":3},{"damage":9,"enemies":"Maw","floor":39,"turns":6},{"damage":16,"enemies":"Spire Growth","floor":41,"turns":4},{"damage":0,"enemies":"3 Darklings","floor":44,"turns":4},{"damage":38,"enemies":"Mind Bloom Boss Battle","floor":45,"turns":6},{"damage":0,"enemies":"Jaw Worm Horde","floor":47,"turns":3},{"damage":0,"enemies":"Maw","floor":48,"turns":1},{"damage":50,"enemies":"Awakened One","floor":50,"turns":8}],"seed_played":"4194175796384789372","potions_obtained":[{"floor":1.0,"key":"Weak Potion"},{"floor":4.0,"key":"CultistPotion"},{"floor":5.0,"key":"SmokeBomb"},{"floor":10.0,"key":"SneckoOil"},{"floor":16.0,"key":"PowerPotion"},{"floor":24.0,"key":"LiquidBronze"},{"floor":46,"key":"StarNLove"}],"is_trial":false,"path_per_floor":["M","M","?","M","M","R","M","R","T","M","?","E","R","M","R","B",null,"M","?","?","T","?","R","E","R","T","$","R","M","R","M","R","B",null,"M","M","M","$","M","R","M","R","T","M","?","?","M","M","R","B",null],"character_chosen":"MARISA","items_purchased":["Vajra","HandDrill","MilkyWay","StoneCalendar","Akabeko"],"campfire_rested":0,"item_purchase_floors":[27,27,27,38,38],"current_hp_per_floor":[75,75,75,69,68,68,64,64,64,59,64,64,64,63,63,47,80,70,70,70,70,70,70,48,48,48,48,48,52,52,68,68,30,80,80,80,80,80,80,80,70,70,70,78,50,50,58,63,63,45],"gold":443,"neow_bonus":"THREE_CARDS","is_daily":false,"chose_seed":false,"campfire_upgraded":12,"win_rate":0.0,"timestamp":1609540564,"path_taken":["M","M","?","?","M","R","M","R","T","?","?","E","R","M","R","BOSS","M","?","?","?","?","R","E","R","T","$","R","?","R","M","R","BOSS","M","M","M","$","M","R","M","R","T","M","?","?","?","?","R","BOSS"],"items_purchased_type":["Relic","Relic","Card","Relic","Relic"],"build_version":"2020-12-22","purchased_purges":2,"victory":true,"max_hp_per_floor":[75,75,75,75,75,75,75,75,75,75,80,80,80,80,80,80,80,80,80,80,80,80,80,80,80,80,80,80,80,80,80,80,80,80,80,80,80,80,80,80,80,80,80,80,80,80,80,80,80,80],"relic_stats":{"Nunchaku":[15],"Busted Crown":30,"Gremlin Horn":[23,23],"counters":[24,101],"CeramicFish":135,"Prayer Wheel":15,"StoneCalendar":[0],"HandDrill":[48],"obtain_stats":[{"AmplifyWand":20,"MagicBroom":45,"Gremlin Horn":9,"CeramicFish":12,"Vajra":27,"StoneCalendar":38,"Ancient Tea Set":24,"Akabeko":38,"Blood Vial":21,"Runic Dome":17,"Nunchaku":26,"Busted Crown":34,"Prayer Wheel":3,"HandDrill":27,"MiniHakkero":0,"Toy Ornithopter":43},{"AmplifyWand":10,"MagicBroom":21,"Gremlin Horn":5,"CeramicFish":7,"Vajra":11,"StoneCalendar":17,"Ancient Tea Set":11,"Akabeko":17,"Blood Vial":10,"Runic Dome":9,"Nunchaku":11,"Busted Crown":14,"Prayer Wheel":2,"HandDrill":11,"MiniHakkero":0,"Toy Ornithopter":19},{"AmplifyWand":35,"MagicBroom":89,"Gremlin Horn":13,"CeramicFish":20,"Vajra":41,"StoneCalendar":69,"Ancient Tea Set":41,"Akabeko":69,"Blood Vial":35,"Runic Dome":32,"Nunchaku":41,"Busted Crown":59,"Prayer Wheel":4,"HandDrill":41,"MiniHakkero":0,"Toy Ornithopter":79}],"Toy Ornithopter":15},"card_choices":[{"not_picked":["LuminesStrike","UnstableBomb"],"picked":"DC","floor":0.0},{"not_picked":["PowerUp","DarkSpark"],"picked":"StarBarrage","floor":1.0},{"not_picked":["UnstableBomb","WitchOfGreed"],"picked":"NonDirectionalLaser","floor":2.0},{"not_picked":["MeteoricShower","SuperNova"],"picked":"PowerUp","floor":4.0},{"not_picked":["DragonMeteor","PowerUp"],"picked":"WitchOfGreed","floor":4.0},{"not_picked":["LuminesStrike","WitchLeyline","GravityBeat"],"picked":"SKIP","floor":5.0},{"not_picked":["RefractionSpark","MilkyWay","ShootingEcho"],"picked":"SKIP","floor":5.0},{"not_picked":["RefractionSpark","ShootingEcho"],"picked":"MilkyWay","floor":5.0},{"not_picked":["LuminesStrike","WitchLeyline","GravityBeat"],"picked":"SKIP","floor":5.0},{"not_picked":["LuminesStrike","DC"],"picked":"ShootTheMoon","floor":7.0},{"not_picked":["MysteriousBeam","AsteroidBelt","EnergyRecoil"],"picked":"SKIP","floor":7.0},{"not_picked":["GalacticHalo","AsteroidBelt"],"picked":"OortCloud","floor":10.0},{"not_picked":["DeepEcoloBomb","SatelliteIllusion","AsteroidBelt"],"picked":"SKIP","floor":10.0},{"not_picked":["MysteriousBeam","DoubleSpark","GravityBeat"],"picked":"SKIP","floor":12.0},{"not_picked":["DC","MysteriousBeam"],"picked":"Robbery","floor":14.0},{"not_picked":["UnstableBomb","WitchOfGreed","MagicChant"],"picked":"SKIP","floor":14.0},{"not_picked":["UnstableBomb","PowerUp"],"picked":"GalacticHalo","floor":18.0},{"not_picked":["AsteroidBelt","GalacticHalo","FairyDestructionRay"],"picked":"SKIP","floor":18.0},{"not_picked":["DC","StarDustReverie"],"picked":"MilkyWay","floor":24.0},{"not_picked":["AlicesGift","RefractionSpark+1"],"picked":"GravityBeat+1","floor":29.0},{"not_picked":["IllusionStar","EnergyRecoil","NonDirectionalLaser"],"picked":"SKIP","floor":29.0},{"not_picked":["RefractionSpark+1","MagicAbsorber","6A"],"picked":"SKIP","floor":31.0},{"not_picked":["Occultation","GalacticHalo","Acceleration"],"picked":"SKIP","floor":31.0},{"not_picked":["ShootingEcho"],"picked":"SKIP","floor":35},{"not_picked":["AlicesGift+1"],"picked":"SKIP","floor":35},{"not_picked":[],"picked":"MagicChant","floor":36},{"not_picked":["IllusionStar"],"picked":"SKIP","floor":36},{"not_picked":["DoubleSpark+1"],"picked":"SKIP","floor":37},{"not_picked":["EarthLightRay+1"],"picked":"SKIP","floor":37},{"not_picked":[],"picked":"UnstableBomb+1","floor":39},{"not_picked":["MysteriousBeam"],"picked":"SKIP","floor":39},{"not_picked":[],"picked":"GalacticHalo+1","floor":41},{"not_picked":["Singularity"],"picked":"SKIP","floor":41},{"not_picked":["GravityBeat"],"picked":"SKIP","floor":44},{"not_picked":["WitchOfGreed+1"],"picked":"SKIP","floor":44},{"not_picked":[],"picked":"PulseMagic+1","floor":45},{"not_picked":[],"picked":"MachineGunSpark","floor":47},{"not_picked":["ChargeUpSpray+1"],"picked":"SKIP","floor":47}],"player_experience":898962,"relics_obtained":[{"floor":9.0,"key":"Gremlin Horn"},{"floor":12.0,"key":"CeramicFish"},{"floor":21.0,"key":"Blood Vial"},{"floor":24.0,"key":"Ancient Tea Set"},{"floor":26.0,"key":"Nunchaku"},{"floor":43,"key":"Toy Ornithopter"},{"floor":45,"key":"MagicBroom"}],"event_choices":[{"damage_healed":0.0,"max_hp_gain":0.0,"max_hp_loss":0.0,"gold_gain":0.0,"event_name":"WeMeetAgain","player_choice":"Gave Potion","floor":3.0,"gold_loss":0.0,"damage_taken":0.0,"relics_obtained":["Prayer Wheel"]},{"damage_healed":0.0,"max_hp_gain":5.0,"max_hp_loss":0.0,"gold_gain":0.0,"event_name":"Big Fish","player_choice":"Donut","floor":11.0,"gold_loss":0.0,"damage_taken":0.0},{"cards_removed":["Strike_MRS"],"damage_healed":0.0,"max_hp_gain":0.0,"max_hp_loss":0.0,"gold_gain":0.0,"event_name":"Back to Basics","player_choice":"Elegance","floor":19.0,"gold_loss":0.0,"damage_taken":0.0},{"damage_healed":0.0,"max_hp_gain":0.0,"max_hp_loss":0.0,"gold_gain":0.0,"event_name":"Addict","player_choice":"Obtained Relic","floor":20.0,"gold_loss":85.0,"damage_taken":0.0,"relics_obtained":["AmplifyWand"]},{"damage_healed":0.0,"max_hp_gain":0.0,"max_hp_loss":0.0,"gold_gain":0.0,"event_name":"Vampires","player_choice":"Became a vampire (Vial)","floor":22.0,"relics_lost":["Blood Vial"],"gold_loss":0.0,"damage_taken":0.0,"cards_obtained":["Bite","Bite","Bite","Bite","Bite"]},{"damage_healed":0,"gold_gain":0,"player_choice":"Fight","damage_taken":0,"max_hp_gain":0,"max_hp_loss":0,"event_name":"MindBloom","floor":45,"gold_loss":0},{"damage_healed":0,"gold_gain":0,"player_choice":"Got Potions","damage_taken":0,"max_hp_gain":0,"max_hp_loss":0,"event_name":"Lab","floor":46,"gold_loss":0}],"is_beta":false,"boss_relics":[{"not_picked":["Calling Bell","Black Star"],"picked":"Runic Dome"},{"not_picked":["Velvet Choker","RampagingMagicTools"],"picked":"Busted Crown"}],"items_purged_floors":[27,38],"is_endless":false,"potions_floor_spawned":[1,4,5,10,18,31,33,37,39,41,47],"ascension_level":0}}