{"host":"s0ikvqhe10eopvjn","time":1609517404,"event":{"mods":["Act Like it!","Bard","BaseMod","Better Third Choice","Block Reminder","Colored Map","Colored Powertips","DeckTracker","Downfall","GifTheSpireLib","Halation","Hallownest","Hermit","Highlight Path","Hubris","Infinite Spire","Mad Scientist","Minty Spire (QoL Compilation)","Permanent Neow","Random Character Button","Replay The Spire","StSLib","The Blackbeard","The Blue Laboratory","The Bug Knight","The Construct","The Cursed","The Disciple","The Hierophant","The Marked","The Mystic","The Necromancer","The Poker Player","The Runesmith","The Servant 0.9.4"],"gold_per_floor":[111,121,134,134,151,151,163,192,192,192,192,206,234,250,250,353,353,363,363,382,382,402,402,251,251,321,333,76,96,96,106,106,203,203,218,236,60,122,122,122,142,156,456,506,522,539,539,539,539,539],"floor_reached":51,"playtime":3251,"items_purged":["PokerPlayerMod:Diamond2","PokerPlayerMod:Club2"],"score":688,"play_id":"0f033475-08ba-4eca-86c7-b64548f465d4","local_time":"20210101161004","is_ascension_mode":false,"metric_token":2258,"campfire_choices":[{"data":"PokerPlayerMod:HotShotCut","floor":6,"key":"SMITH"},{"data":"PokerPlayerMod:Heart2","floor":10,"key":"SMITH"},{"floor":15,"key":"REST"},{"data":"PokerPlayerMod:CardPrinter","floor":23,"key":"SMITH"},{"data":"PokerPlayerMod:CardPrinter+1","floor":25,"key":"SMITH"},{"data":"PokerPlayerMod:CardPrinter+3","floor":30,"key":"SMITH"},{"data":"PokerPlayerMod:CardPrinter+4","floor":32,"key":"SMITH"},{"data":"PokerPlayerMod:CardPrinter+5","floor":40,"key":"SMITH"},{"data":"PokerPlayerMod:CardPrinter+6","floor":47,"key":"SMITH"},{"floor":49,"key":"REST"}],"circlet_count":0,"master_deck":["PokerPlayerMod:Diamond3","PokerPlayerMod:Diamond4","PokerPlayerMod:Diamond5","PokerPlayerMod:Spade2","PokerPlayerMod:Spade3","PokerPlayerMod:Spade4","PokerPlayerMod:Heart4","PokerPlayerMod:TrumpStrike","PokerPlayerMod:BadJoker","PokerPlayerMod:Mulligan","PokerPlayerMod:Diamond10+","PokerPlayerMod:Heart10+","PokerPlayerMod:Club6","PokerPlayerMod:HotShotCut+1","PokerPlayerMod:Club6","PokerPlayerMod:CardPrinter+7","PokerPlayerMod:Diamond9","PokerPlayerMod:Overdeal","PokerPlayerMod:VarietyAttack","PokerPlayerMod:DartThrow+1","PokerPlayerMod:Configure+1","PokerPlayerMod:Spade6","PokerPlayerMod:Spade7","Writhe","Slimebound:Split","PokerPlayerMod:ItsShowtime","hubris:Insight","hubris:InfiniteBlow+13","PokerPlayerMod:HiddenCard","PokerPlayerMod:Heart8","PokerPlayerMod:Extraction+1","PokerPlayerMod:VarietyAttack"],"relics":["PokerPlayerMod:DeckCase","Bag of Marbles","MealTicket","infinitespire:WardingShard","Ancient Tea Set","Empty Cage","Anchor","Mirror","Replay:Bottled Eggs","ReplayTheSpireMod:SealedPack","PokerPlayerMod:CoolBox","Old Coin","Durian"],"acts_visited":["Exordium","TheCity","TheBeyond"],"potions_floor_usage":[33,50,50],"damage_taken":[{"damage":6,"enemies":"Cultist","floor":1,"turns":3},{"damage":0,"enemies":"Jaw Worm","floor":2,"turns":2},{"damage":0,"enemies":"infinitespire:Voidling","floor":3,"turns":1},{"damage":0,"enemies":"Large Slime","floor":5,"turns":3},{"damage":5,"enemies":"Gremlin Gang","floor":7,"turns":2},{"damage":26,"enemies":"Lagavulin","floor":8,"turns":4},{"damage":8,"enemies":"2 Fungi Beasts","floor":12,"turns":2},{"damage":27,"enemies":"Gremlin Nob","floor":13,"turns":5},{"damage":8,"enemies":"Exordium Wildlife","floor":14,"turns":2},{"damage":37,"enemies":"Hexaghost","floor":16,"turns":6},{"damage":20,"enemies":"Shell Parasite","floor":18,"turns":3},{"damage":0,"enemies":"2 Thieves","floor":20,"turns":2},{"damage":8,"enemies":"Shelled Parasite and Fungi","floor":22,"turns":2},{"damage":15,"enemies":"Cultist and Chosen","floor":27,"turns":5},{"damage":0,"enemies":"Snecko","floor":29,"turns":4},{"damage":20,"enemies":"Centurion and Healer","floor":31,"turns":6},{"damage":47,"enemies":"Champ","floor":33,"turns":10},{"damage":21,"enemies":"3 Shapes","floor":35,"turns":4},{"damage":0,"enemies":"Orb Walker","floor":36,"turns":2},{"damage":25,"enemies":"3 Darklings","floor":41,"turns":3},{"damage":16,"enemies":"Writhing Mass","floor":42,"turns":3},{"damage":0,"enemies":"Mind Bloom Boss Battle","floor":44,"turns":1},{"damage":40,"enemies":"4 Shapes","floor":45,"turns":5},{"damage":15,"enemies":"3 Darklings","floor":46,"turns":3},{"damage":64,"enemies":"hubris:GrandSnecko","floor":50,"turns":10}],"seed_played":"4112918111635547730","potions_obtained":[{"floor":5,"key":"blueLaboratory:FrostheartPotion"},{"floor":7,"key":"blueLaboratory:CorrosionFlask"},{"floor":14,"key":"CultistPotion"},{"floor":27,"key":"blueLaboratory:HummingbirdPotion"},{"floor":41,"key":"blueLaboratory:BubblePotion"}],"is_trial":false,"path_per_floor":["M","M","M","?","M","R","M","E","T","R","?","M","E","M","R","B",null,"M","?","M","?","M","R","$","R","T","M","$","M","R","M","R","B",null,"M","M","$","?","$","R","M","M","T","?","M","M","R","?","R","B",null],"character_chosen":"THE_POKER_PLAYER","items_purchased":["PokerPlayerMod:Spade6","Replay:Bottled Eggs","PokerPlayerMod:Heart8"],"campfire_rested":2,"item_purchase_floors":[24,28,37],"current_hp_per_floor":[46,48,52,52,52,52,47,28,28,28,28,30,18,22,37,10,52,37,32,32,24,20,20,35,35,35,34,49,53,53,37,37,9,57,54,54,57,43,57,57,46,49,49,54,43,44,44,44,62,6],"gold":539,"neow_bonus":"RANDOM_COMMON_RELIC","is_daily":false,"chose_seed":false,"campfire_upgraded":8,"win_rate":0.0,"timestamp":1609517404,"path_taken":["M","?","M","?","M","R","?","E","T","R","?","?","E","M","R","BOSS","M","?","M","?","M","R","?","R","T","M","$","?","R","M","R","BOSS","M","M","$","?","?","R","M","M","T","?","M","M","R","?","R","BOSS"],"items_purchased_type":["Card","Relic","Card"],"build_version":"2020-12-22","purchased_purges":2,"victory":true,"max_hp_per_floor":[52,52,52,52,52,52,52,52,52,52,52,52,52,52,52,52,52,52,52,52,57,57,57,57,57,57,57,57,57,57,57,57,57,57,57,57,57,57,57,57,57,57,57,62,62,62,62,62,62,62],"card_choices":[{"not_picked":["PokerPlayerMod:ClubDance","PokerPlayerMod:Heart2"],"picked":"PokerPlayerMod:Diamond10+","floor":1},{"not_picked":["PokerPlayerMod:Diamond1","PokerPlayerMod:Overdeal"],"picked":"PokerPlayerMod:Heart10+","floor":2},{"not_picked":["PokerPlayerMod:Diamond4","PokerPlayerMod:Spade1"],"picked":"PokerPlayerMod:Club6","floor":3},{"not_picked":["PokerPlayerMod:DartThrow","PokerPlayerMod:CardPrinter"],"picked":"PokerPlayerMod:HotShotCut","floor":5},{"not_picked":["PokerPlayerMod:Club2","PokerPlayerMod:Diamond1","PokerPlayerMod:Spade4"],"picked":"SKIP","floor":7},{"not_picked":["PokerPlayerMod:ClubsClub","PokerPlayerMod:PoorCopy"],"picked":"PokerPlayerMod:Club6","floor":8},{"not_picked":["PokerPlayerMod:Diamond5","PokerPlayerMod:Spade4"],"picked":"PokerPlayerMod:CardPrinter","floor":12},{"not_picked":["PokerPlayerMod:FlyingCard","PokerPlayerMod:Diamond2"],"picked":"PokerPlayerMod:Diamond9","floor":13},{"not_picked":["PokerPlayerMod:Diamond4","PokerPlayerMod:DiamondStrike"],"picked":"PokerPlayerMod:Overdeal","floor":14},{"not_picked":["PokerPlayerMod:Spade9","PokerPlayerMod:SecretDealer"],"picked":"PokerPlayerMod:VarietyAttack","floor":16},{"not_picked":["PokerPlayerMod:Diamond3","PokerPlayerMod:FlyingCard"],"picked":"PokerPlayerMod:DartThrow+1","floor":18},{"not_picked":["PokerPlayerMod:Spade1","PokerPlayerMod:Fold"],"picked":"PokerPlayerMod:Configure+1","floor":20},{"not_picked":["PokerPlayerMod:DiamondStrike","PokerPlayerMod:Configure","PokerPlayerMod:Spade2"],"picked":"SKIP","floor":22},{"not_picked":["PokerPlayerMod:Diamond3","PokerPlayerMod:Diamond5","PokerPlayerMod:CloakAndDiamond"],"picked":"SKIP","floor":27},{"not_picked":["PokerPlayerMod:Diamond3","PokerPlayerMod:Diamond5","PokerPlayerMod:CloakAndDiamond"],"picked":"SKIP","floor":27},{"not_picked":["PokerPlayerMod:FillThePot","PokerPlayerMod:Spade4","PokerPlayerMod:Diamond3"],"picked":"SKIP","floor":29},{"not_picked":["PokerPlayerMod:Manipulation","PokerPlayerMod:FillThePot","PokerPlayerMod:Diamond2"],"picked":"SKIP","floor":31},{"not_picked":["PokerPlayerMod:Club8","PokerPlayerMod:SecretDealer"],"picked":"PokerPlayerMod:Spade7","floor":33},{"not_picked":["blackbeard:Cutlass","Guardian:CurlUp"],"picked":"Slimebound:Split","floor":34},{"not_picked":["PokerPlayerMod:GamblerForm","PokerPlayerMod:ChangeRules"],"picked":"PokerPlayerMod:ItsShowtime","floor":34},{"not_picked":["Trip","expansioncontent:Torchfire"],"picked":"hubris:Insight","floor":34},{"not_picked":["ReplayTheSpireMod:Echoes of Time","infinitespire:Starlight"],"picked":"hubris:InfiniteBlow+13","floor":34},{"not_picked":["PokerPlayerMod:ClubsClub","PokerPlayerMod:ClubStrike+1","PokerPlayerMod:CardPrinter"],"picked":"SKIP","floor":35},{"not_picked":["PokerPlayerMod:CloakAndDiamond","PokerPlayerMod:Diamond2"],"picked":"PokerPlayerMod:HiddenCard","floor":36},{"not_picked":["PokerPlayerMod:SpadeStrike","PokerPlayerMod:DiamondStrike","PokerPlayerMod:CloakAndDiamond+1"],"picked":"SKIP","floor":41},{"not_picked":["PokerPlayerMod:Club1","PokerPlayerMod:Spade3"],"picked":"PokerPlayerMod:Extraction+1","floor":42},{"not_picked":["PokerPlayerMod:DartThrow+1","PokerPlayerMod:ClubDance+1","PokerPlayerMod:Spade2"],"picked":"SKIP","floor":45},{"not_picked":["PokerPlayerMod:Diamond1","PokerPlayerMod:Raise+1","PokerPlayerMod:Diamond4"],"picked":"SKIP","floor":46}],"player_experience":113195,"relics_obtained":[{"floor":8,"key":"MealTicket"},{"floor":9,"key":"infinitespire:WardingShard"},{"floor":13,"key":"Ancient Tea Set"},{"floor":26,"key":"Mirror"},{"floor":38,"key":"PokerPlayerMod:CoolBox"},{"floor":43,"key":"Old Coin"},{"floor":44,"key":"Durian"}],"event_choices":[{"cards_removed":["PokerPlayerMod:Diamond1"],"damage_healed":5,"gold_gain":0,"player_choice":"Offered Special","damage_taken":0,"max_hp_gain":0,"max_hp_loss":0,"event_name":"Bonfire Elementals","floor":4,"gold_loss":0},{"damage_healed":0,"gold_gain":0,"player_choice":"Forge","damage_taken":0,"max_hp_gain":0,"max_hp_loss":0,"event_name":"Accursed Blacksmith","floor":11,"gold_loss":0,"cards_upgraded":["PokerPlayerMod:Heart4"]},{"damage_healed":0,"gold_gain":0,"player_choice":"Anchor","damage_taken":0,"relics_obtained":["Anchor"],"max_hp_gain":0,"max_hp_loss":0,"event_name":"blackbeard:ShipwreckEvent","floor":19,"gold_loss":0},{"damage_healed":0,"gold_gain":0,"player_choice":"Shed Blood","damage_taken":13,"max_hp_gain":5,"max_hp_loss":0,"event_name":"Forgotten Altar","floor":21,"gold_loss":0},{"damage_healed":0,"gold_gain":0,"player_choice":"Fight","damage_taken":0,"max_hp_gain":0,"max_hp_loss":0,"event_name":"MindBloom","floor":44,"gold_loss":0},{"damage_healed":0,"gold_gain":0,"player_choice":"1 cards matched","damage_taken":0,"max_hp_gain":0,"max_hp_loss":0,"event_name":"Match and Keep!","floor":48,"gold_loss":0,"cards_obtained":["PokerPlayerMod:VarietyAttack"]}],"is_beta":false,"boss_relics":[{"not_picked":["Coffee Dripper","hubris:BlackHole"],"picked":"Empty Cage"},{"not_picked":["infinitespire:Cupcake","hubris:CrackedHourglass"],"picked":"ReplayTheSpireMod:SealedPack"}],"items_purged_floors":[24,37],"is_endless":false,"potions_floor_spawned":[5,7,14,16,22,27,29,36,41,46],"ascension_level":0}}