{"host":"lg1piimdyocafd6j","time":1609525919,"event":{"mods":["AchievementEnabler","BaseMod","Better Third Choice","BetterRewards","Colored Map","Colored Powertips","Downfall","Minty Spire (QoL Compilation)","Quick Restart","Rare Cards Sparkle","Remove Card Discount Mod","Shop Mod","StSLib","SuperFastMode"],"gold_per_floor":[119,119,119,119,85,85,85],"floor_reached":6,"playtime":233,"items_purged":["Bash","Defend_R","Strike_R","Strike_R"],"score":32,"play_id":"9f9426ea-c776-4800-a7fc-526e4199dd5a","local_time":"20210101193159","is_ascension_mode":false,"campfire_choices":[],"circlet_count":0,"master_deck":["Strike_R","Strike_R","Strike_R","Defend_R","Defend_R","Defend_R","Flame Barrier","Shrug It Off","Iron Wave","Shrug It Off","Metallicize","Inflame","Iron Wave"],"relics":["Burning Blood","Bottled Lightning","Regal Pillow","HornCleat"],"acts_visited":["Exordium"],"potions_floor_usage":[],"damage_taken":[{"damage":0,"enemies":"Small Slimes","floor":1,"turns":4},{"damage":16,"enemies":"Gremlin Nob","floor":6,"turns":5}],"seed_played":"1499698689828857165","potions_obtained":[],"is_trial":false,"path_per_floor":["M","?","?","?","$","E"],"character_chosen":"IRONCLAD","items_purchased":["Flame Barrier","Shrug It Off","Iron Wave","Shrug It Off","Bottled Lightning","Metallicize","SneckoOil","Iron Wave"],"campfire_rested":0,"item_purchase_floors":[0,0,0,0,0,0,0,5],"current_hp_per_floor":[80,80,80,50,50,34,34],"gold":85,"neow_bonus":"","is_daily":false,"chose_seed":false,"campfire_upgraded":0,"win_rate":0.0,"timestamp":1609525919,"path_taken":["M","?","?","?","$","E"],"items_purchased_type":["Card","Card","Card","Card","Relic","Card","Potion","Card"],"build_version":"2020-12-22","purchased_purges":4,"victory":false,"max_hp_per_floor":[80,80,80,80,80,80,80],"card_choices":[{"not_picked":["Blood for Blood","True Grit"],"picked":"Inflame","floor":1}],"player_experience":92451,"relics_obtained":[],"event_choices":[{"damage_healed":0,"gold_gain":0,"player_choice":"Ignored","damage_taken":0,"max_hp_gain":0,"max_hp_loss":0,"event_name":"Golden Wing","floor":2,"gold_loss":0},{"damage_healed":0,"gold_gain":0,"player_choice":"Ignored","damage_taken":119,"max_hp_gain":0,"max_hp_loss":0,"event_name":"betterThird:BetterSerpent","floor":3,"gold_loss":0},{"damage_healed":0,"gold_gain":1,"player_choice":"Relic Relic ","damage_taken":30,"max_hp_gain":0,"max_hp_loss":0,"event_name":"betterThird:BetterScrap","floor":4,"gold_loss":0,"cards_obtained":["Distraction"]}],"is_beta":false,"boss_relics":[],"items_purged_floors":[5,5,5,5],"is_endless":false,"potions_floor_spawned":[],"killed_by":"Gremlin Nob","ascension_level":0}}