{"host":"54vghy6hfkyy1r39","time":1609498326,"event":{"mods":["AchievementEnabler","BaseMod","Minty Spire (QoL Compilation)","StSLib","SuperFastMode","everything is the same but u backflip on backflip"],"gold_per_floor":[112,37,37,53,53,53,88,88,88,88,88,88,88],"floor_reached":12,"playtime":175,"items_purged":["Defend_P"],"score":74,"play_id":"be5c36b7-60ad-43de-83f6-3194e7cf9e7d","local_time":"20210101195206","is_ascension_mode":false,"campfire_choices":[{"floor":6.0,"key":"REST"},{"floor":8.0,"key":"REST"},{"data":"Eruption","floor":11,"key":"SMITH"}],"circlet_count":0,"master_deck":["Strike_P","Strike_P","Strike_P","Strike_P","Defend_P","Eruption+1","Vigilance","Ragnarok"],"relics":["PureWater","Golden Idol","Pen Nib","TungstenRod"],"acts_visited":["Exordium"],"potions_floor_usage":[],"damage_taken":[{"damage":3.0,"enemies":"Jaw Worm","floor":1.0,"turns":3.0},{"damage":1.0,"enemies":"Cultist","floor":4.0,"turns":3.0},{"damage":28.0,"enemies":"Gremlin Nob","floor":7.0,"turns":3.0},{"damage":49,"enemies":"3 Sentries","floor":12,"turns":3}],"seed_played":"7332294686940103960","potions_obtained":[{"floor":4.0,"key":"Block Potion"},{"floor":7.0,"key":"SpeedPotion"}],"is_trial":false,"path_per_floor":["M","$","?","M","?","R","E","R","T","?","R","E"],"character_chosen":"WATCHER","items_purchased":[],"campfire_rested":2,"item_purchase_floors":[],"current_hp_per_floor":[48,48,48,47,29,50,22,43,43,43,43,0,0],"gold":88,"neow_bonus":"THREE_RARE_CARDS","is_daily":false,"chose_seed":false,"campfire_upgraded":1,"win_rate":0.0,"timestamp":1609498326,"path_taken":["M","$","?","?","?","R","E","R","T","?","R","E"],"items_purchased_type":[],"build_version":"2020-12-22","purchased_purges":1,"victory":false,"max_hp_per_floor":[72,72,72,72,72,72,72,72,72,72,72,72,72],"card_choices":[{"not_picked":["Establishment","Vault"],"picked":"Ragnarok","floor":0.0},{"not_picked":["CutThroughFate","Crescendo","FlyingSleeves"],"picked":"SKIP","floor":1.0},{"not_picked":["WindmillStrike","FlurryOfBlows","SpiritShield"],"picked":"SKIP","floor":4.0},{"not_picked":["Evaluate","Weave","Swivel"],"picked":"SKIP","floor":7.0}],"player_experience":170209,"relics_obtained":[{"floor":7.0,"key":"Pen Nib"},{"floor":9.0,"key":"TungstenRod"}],"event_choices":[{"cards_removed":["Defend_P"],"damage_healed":0.0,"max_hp_gain":0.0,"max_hp_loss":0.0,"gold_gain":0.0,"event_name":"Bonfire Elementals","player_choice":"Offered Basic","floor":3.0,"gold_loss":0.0,"damage_taken":0.0},{"damage_healed":0.0,"max_hp_gain":0.0,"max_hp_loss":0.0,"gold_gain":0.0,"event_name":"Golden Idol","player_choice":"Take Damage","floor":5.0,"gold_loss":0.0,"damage_taken":18.0,"relics_obtained":["Golden Idol"]},{"cards_removed":["Defend_P"],"damage_healed":0,"gold_gain":0,"player_choice":"Forget","damage_taken":0,"max_hp_gain":0,"max_hp_loss":0,"event_name":"Living Wall","floor":10,"gold_loss":0}],"is_beta":false,"boss_relics":[],"items_purged_floors":[2],"is_endless":false,"potions_floor_spawned":[4,7],"killed_by":"3 Sentries","ascension_level":0}}