{"host":"vumwfieg2b2mnrfl","time":1609529220,"event":{"mods":["AchievementEnabler","BaseMod","Minty Spire (QoL Compilation)","Rare Cards Sparkle","Relic Stats"],"gold_per_floor":[165,177,101,117,137,137,137,152,152,166,166,200,56,87,87,160,160,175,175,86,45,59,59,84,84,111,21,21,32,67,83,83,155,155,171,171,171,196,114,114,114],"floor_reached":40,"playtime":1520,"items_purged":["Shame"],"score":802,"play_id":"1093048f-5948-4fc2-b89c-d5455d8e34a7","local_time":"20210101132700","is_ascension_mode":true,"campfire_choices":[{"data":"Footwork","floor":7,"key":"SMITH"},{"floor":11,"key":"REST"},{"floor":15,"key":"REST"},{"floor":23,"key":"REST"},{"floor":25,"key":"REST"},{"data":"Catalyst","floor":28,"key":"SMITH"},{"floor":32,"key":"REST"}],"circlet_count":0,"master_deck":["AscendersBane","Strike_G+1","Strike_G","Strike_G","Defend_G","Defend_G","Defend_G","Defend_G","Survivor","Neutralize","Escape Plan","Poisoned Stab","Footwork+1","Leg Sweep","Dagger Spray","Unload","Caltrops","Bouncing Flask","Night Terror+1","Leg Sweep","Shame","Footwork","Catalyst+1","Backflip","Doubt","Noxious Fumes","Bouncing Flask","Catalyst","Burst","Finisher+1","Catalyst+1","Deadly Poison+1","Well Laid Plans"],"relics":["Tiny House","Mercury Hourglass","Matryoshka","Blue Candle","Akabeko","Darkstone Periapt","Cursed Key","Sundial","Dream Catcher","Dead Branch","Tiny Chest","Potion Belt","The Courier","Astrolabe","Smiling Mask","Juzu Bracelet","Incense Burner"],"acts_visited":["TheCity","TheBeyond"],"potions_floor_usage":[8,24,31,33,33,40,40,40],"damage_taken":[{"damage":4,"enemies":"Small Slimes","floor":1,"turns":6},{"damage":0,"enemies":"Cultist","floor":2,"turns":4},{"damage":0,"enemies":"2 Louse","floor":4,"turns":4},{"damage":7,"enemies":"Red Slaver","floor":5,"turns":6},{"damage":6,"enemies":"Looter","floor":8,"turns":3},{"damage":4,"enemies":"Large Slime","floor":10,"turns":5},{"damage":28,"enemies":"Gremlin Nob","floor":12,"turns":5},{"damage":11,"enemies":"Lagavulin","floor":14,"turns":7},{"damage":20,"enemies":"Hexaghost","floor":16,"turns":9},{"damage":19,"enemies":"2 Thieves","floor":18,"turns":5},{"damage":22,"enemies":"Shell Parasite","floor":22,"turns":6},{"damage":33,"enemies":"Book of Stabbing","floor":24,"turns":7},{"damage":15,"enemies":"Cultist and Chosen","floor":29,"turns":7},{"damage":7,"enemies":"Gremlin Leader","floor":30,"turns":4},{"damage":3,"enemies":"Centurion and Healer","floor":31,"turns":4},{"damage":37,"enemies":"Collector","floor":33,"turns":8},{"damage":4,"enemies":"Orb Walker","floor":35,"turns":3},{"damage":4,"enemies":"Mind Bloom Boss Battle","floor":38,"turns":9},{"damage":70,"enemies":"Reptomancer","floor":40,"turns":5}],"seed_played":"-4598174300399632686","potions_obtained":[{"floor":0,"key":"SkillPotion"},{"floor":1,"key":"Explosive Potion"},{"floor":12,"key":"SpeedPotion"},{"floor":16,"key":"DuplicationPotion"},{"floor":29,"key":"ColorlessPotion"},{"floor":31,"key":"ColorlessPotion"},{"floor":33,"key":"ColorlessPotion"},{"floor":35,"key":"Dexterity Potion"},{"floor":38,"key":"Explosive Potion"}],"is_trial":false,"path_per_floor":["M","M","$","M","M","?","R","M","T","M","R","E","$","E","R","B",null,"M","?","?","$","M","R","E","R","T","?","R","M","E","M","R","B",null,"M","?","T","?","$","E"],"character_chosen":"THE_SILENT","items_purchased":["Footwork","Akabeko","Footwork","Well Laid Plans"],"campfire_rested":5,"item_purchase_floors":[3,13,21,39],"current_hp_per_floor":[60,60,60,60,53,53,53,47,47,43,64,36,36,25,46,26,60,41,47,47,47,25,48,15,38,44,44,44,29,22,19,43,6,64,60,60,66,62,62,0,0],"gold":114,"neow_bonus":"BOSS_RELIC","is_daily":false,"chose_seed":false,"campfire_upgraded":2,"win_rate":0.0,"timestamp":1609529220,"path_taken":["M","M","$","M","M","?","R","M","T","M","R","E","$","E","R","BOSS","M","?","?","$","?","R","E","R","T","?","R","?","E","M","R","BOSS","M","?","?","?","$","E"],"items_purchased_type":["Card","Relic","Card","Card"],"build_version":"2020-12-22","purchased_purges":1,"victory":false,"max_hp_per_floor":[71,71,71,71,71,71,71,71,71,71,71,71,71,71,71,71,71,71,77,77,77,77,77,77,77,83,83,83,83,83,83,83,83,83,83,83,89,89,89,89,89],"relic_stats":{"Darkstone Periapt":18,"counters":[19,106],"Blue Candle":[18],"Dead Branch":[39],"Astrolabe":["Finisher","Catalyst","Deadly Poison"],"Juzu Bracelet":0,"Cursed Key":2,"Smiling Mask":10,"Mercury Hourglass":[316],"Dream Catcher":3,"Sundial":[2],"Tiny Chest":1,"obtain_stats":[{"Darkstone Periapt":14,"Potion Belt":26,"Tiny House":0,"Blue Candle":12,"Dead Branch":24,"Astrolabe":34,"The Courier":30,"Juzu Bracelet":37,"Incense Burner":38,"Cursed Key":17,"Smiling Mask":37,"Akabeko":13,"Mercury Hourglass":6,"Dream Catcher":20,"Matryoshka":9,"Sundial":19,"Tiny Chest":26,"Ring of the Snake":0},{"Darkstone Periapt":8,"Potion Belt":12,"Tiny House":0,"Blue Candle":7,"Dead Branch":12,"Astrolabe":16,"The Courier":14,"Juzu Bracelet":17,"Incense Burner":18,"Cursed Key":9,"Smiling Mask":17,"Akabeko":7,"Mercury Hourglass":4,"Dream Catcher":10,"Matryoshka":5,"Sundial":10,"Tiny Chest":12,"Ring of the Snake":0},{"Darkstone Periapt":40,"Potion Belt":67,"Tiny House":0,"Blue Candle":33,"Dead Branch":67,"Astrolabe":90,"The Courier":78,"Juzu Bracelet":93,"Incense Burner":101,"Cursed Key":49,"Smiling Mask":93,"Akabeko":33,"Mercury Hourglass":20,"Dream Catcher":54,"Matryoshka":23,"Sundial":54,"Tiny Chest":67,"Ring of the Snake":0}]},"card_choices":[{"not_picked":["Acrobatics","Accuracy"],"picked":"Escape Plan","floor":0},{"not_picked":["Masterful Stab","PiercingWail"],"picked":"Poisoned Stab","floor":1},{"not_picked":["Outmaneuver","Accuracy","Flying Knee"],"picked":"SKIP","floor":2},{"not_picked":["Dagger Throw","Prepared"],"picked":"Leg Sweep","floor":4},{"not_picked":["Acrobatics","PiercingWail"],"picked":"Dagger Spray","floor":5},{"not_picked":["Accuracy","Deflect"],"picked":"Unload","floor":8},{"not_picked":["Acrobatics","Prepared","Underhanded Strike"],"picked":"SKIP","floor":10},{"not_picked":["Underhanded Strike","Bane"],"picked":"Caltrops","floor":12},{"not_picked":["Dodge and Roll","After Image"],"picked":"Bouncing Flask","floor":14},{"not_picked":["Grand Finale","A Thousand Cuts"],"picked":"Night Terror","floor":16},{"not_picked":["Bane","Dagger Spray"],"picked":"Leg Sweep","floor":18},{"not_picked":["Deflect","PiercingWail","Slice"],"picked":"SKIP","floor":22},{"not_picked":["Blade Dance","Masterful Stab"],"picked":"Catalyst","floor":23},{"not_picked":["Concentrate","Quick Slash"],"picked":"Backflip","floor":24},{"not_picked":["Crippling Poison","Endless Agony"],"picked":"Noxious Fumes","floor":29},{"not_picked":["Outmaneuver","Wraith Form v2","Endless Agony"],"picked":"SKIP","floor":30},{"not_picked":["Blade Dance+1","Backflip"],"picked":"Bouncing Flask","floor":31},{"not_picked":["Quick Slash","Dagger Spray"],"picked":"Catalyst","floor":32},{"not_picked":["Malaise","Bullet Time"],"picked":"Burst","floor":33},{"not_picked":["Deadly Poison+1","Flechettes+1","PiercingWail+1"],"picked":"SKIP","floor":35}],"player_experience":334364,"relics_obtained":[{"floor":9,"key":"Matryoshka"},{"floor":12,"key":"Blue Candle"},{"floor":14,"key":"Darkstone Periapt"},{"floor":24,"key":"Dead Branch"},{"floor":26,"key":"Tiny Chest"},{"floor":26,"key":"Potion Belt"},{"floor":30,"key":"The Courier"},{"floor":37,"key":"Smiling Mask"},{"floor":37,"key":"Juzu Bracelet"},{"floor":38,"key":"Incense Burner"}],"event_choices":[{"damage_healed":0,"gold_gain":0,"player_choice":"Box","damage_taken":0,"relics_obtained":["Mercury Hourglass"],"max_hp_gain":0,"max_hp_loss":0,"event_name":"Big Fish","floor":6,"gold_loss":0,"cards_obtained":["Regret"]},{"damage_healed":0,"gold_gain":0,"player_choice":"Stole Relic","damage_taken":0,"relics_obtained":["Sundial"],"max_hp_gain":0,"max_hp_loss":0,"event_name":"Addict","floor":19,"gold_loss":0,"cards_obtained":["Shame"]},{"damage_healed":0,"gold_gain":0,"player_choice":"Paid Gold","damage_taken":0,"relics_obtained":["Dream Catcher"],"max_hp_gain":0,"max_hp_loss":0,"event_name":"WeMeetAgain","floor":20,"gold_loss":89},{"cards_removed":["Regret"],"damage_healed":0,"gold_gain":0,"player_choice":"Upgrade and Remove","damage_taken":0,"max_hp_gain":0,"max_hp_loss":0,"event_name":"Designer","floor":27,"gold_loss":90,"cards_upgraded":["Night Terror"]},{"damage_healed":0,"gold_gain":0,"player_choice":"Ignored","damage_taken":0,"max_hp_gain":0,"max_hp_loss":0,"event_name":"Tomb of Lord Red Mask","floor":36,"gold_loss":0},{"damage_healed":0,"gold_gain":0,"player_choice":"Fight","damage_taken":0,"max_hp_gain":0,"max_hp_loss":0,"event_name":"MindBloom","floor":38,"gold_loss":0}],"is_beta":false,"boss_relics":[{"not_picked":["Philosopher\u0027s Stone","Velvet Choker"],"picked":"Cursed Key"},{"not_picked":["Runic Dome","Runic Pyramid"],"picked":"Astrolabe"}],"items_purged_floors":[39],"is_endless":false,"potions_floor_spawned":[1,12,16,22,29,31,33,35,38],"killed_by":"Reptomancer","ascension_level":14}}