{"host":"ba8edsagfc7m13s2","time":1609534792,"event":{"mods":["BaseMod","Colored Map","GifTheSpireLib","Hubris","Infinite Spire","Minty Spire (QoL Compilation)","Permanent Neow","READ ME - Guardian Mod","StSLib","The Factory","The Jungle","The Saiyan"],"gold_per_floor":[89,102,117,132,232,242,258,258,258,258,283,294,309,6,6,104,104,124,0,0,16,35,47,47,73,119,119,73,85,85,85,85,184,184,196,208,208,225,235,235,265,277,277,277,301,126,126,0,0,0],"floor_reached":51,"playtime":16530,"items_purged":[],"score":785,"play_id":"1a4ed23d-5585-4819-8854-c2e339ea48db","local_time":"20210101215952","is_ascension_mode":true,"campfire_choices":[{"data":"Saiyan:Afterimage","floor":8.0,"key":"SMITH"},{"data":"Saiyan:UltraInstinct","floor":10.0,"key":"SMITH"},{"data":"Saiyan:Teleport","floor":15.0,"key":"SMITH"},{"floor":27.0,"key":"REST"},{"floor":30.0,"key":"REST"},{"floor":32.0,"key":"REST"},{"data":"Saiyan:SenzuBean","floor":40.0,"key":"SMITH"},{"data":"Saiyan:SuperSaiyanThree","floor":44.0,"key":"SMITH"},{"data":"Saiyan:GenkiDama","floor":47.0,"key":"SMITH"},{"data":"Saiyan:KiExplosion","floor":49.0,"key":"SMITH"}],"circlet_count":0,"master_deck":["Saiyan:SAIYA_Strike","Saiyan:SAIYA_Strike","Saiyan:SAIYA_Strike","Saiyan:SAIYA_Strike","Saiyan:SAIYA_Defend","Saiyan:SAIYA_Defend","Saiyan:SAIYA_Defend","Saiyan:SAIYA_Defend","Saiyan:EnergyBlast","Saiyan:KaioKen","Saiyan:RuthlessBlow","Saiyan:GenkiDama+1","Saiyan:KiStrike","Saiyan:RemoveWeights","Saiyan:Flurry","Saiyan:Afterimage+1","Saiyan:UltraInstinct+1","Saiyan:Makankosappo","Saiyan:Teleport+1","Saiyan:Expend","Saiyan:TurtleShell","Saiyan:MonkeyTail","Saiyan:TurtleShell","Saiyan:FinalFlash+1","Saiyan:HyperTimeChamber","Saiyan:PowerUp","Saiyan:Quickening+1","Saiyan:SuperSaiyanThree+1","Saiyan:Kienzan","Pain","Saiyan:Scouter+1","Saiyan:SenzuBean+1","Saiyan:CCCapsule","Saiyan:TurtleShell","Saiyan:KiExplosion+1"],"relics":["SaiyanSoul","SaiyanHeart","infinitespire:WardingShard","Tiny Chest","PreservedInsect","Bag of Preparation","infinitespire:Satchel","Enchiridion","hubris:RunicObelisk","WarpedTongs","Orichalcum","hubris:Metronome","Lantern","Blood Vial","Red Mask"],"acts_visited":["TheCity","TheBeyond"],"potions_floor_usage":[],"damage_taken":[{"damage":0.0,"enemies":"Cultist","floor":1.0,"turns":2.0},{"damage":5.0,"enemies":"2 Louse","floor":2.0,"turns":2.0},{"damage":0.0,"enemies":"Jaw Worm","floor":3.0,"turns":2.0},{"damage":0.0,"enemies":"Gremlin Gang","floor":4.0,"turns":1.0},{"damage":0.0,"enemies":"Looter","floor":6.0,"turns":3.0},{"damage":0.0,"enemies":"Red Slaver","floor":7.0,"turns":4.0},{"damage":0.0,"enemies":"Gremlin Nob","floor":11.0,"turns":2.0},{"damage":0.0,"enemies":"Blue Slaver","floor":12.0,"turns":3.0},{"damage":0.0,"enemies":"3 Louse","floor":13.0,"turns":1.0},{"damage":26.0,"enemies":"Hexaghost","floor":16.0,"turns":12.0},{"damage":10.0,"enemies":"3 Byrds","floor":18.0,"turns":5.0},{"damage":14.0,"enemies":"Spheric Guardian","floor":21.0,"turns":6.0},{"damage":17.0,"enemies":"Snake Plant","floor":22.0,"turns":6.0},{"damage":10.0,"enemies":"Cultist and Chosen","floor":23.0,"turns":10.0},{"damage":15.0,"enemies":"Book of Stabbing","floor":25.0,"turns":8.0},{"damage":12.0,"enemies":"3 Cultists","floor":29.0,"turns":5.0},{"damage":41.0,"enemies":"Collector","floor":33.0,"turns":10.0},{"damage":0.0,"enemies":"3 Shapes","floor":35.0,"turns":4.0},{"damage":0.0,"enemies":"3 Darklings","floor":36.0,"turns":6.0},{"damage":32.0,"enemies":"Writhing Mass","floor":38.0,"turns":6.0},{"damage":5.0,"enemies":"Sphere and 2 Shapes","floor":39.0,"turns":5.0},{"damage":2.0,"enemies":"Reptomancer","floor":41.0,"turns":6.0},{"damage":0.0,"enemies":"Transient","floor":42.0,"turns":5.0},{"damage":9,"enemies":"infinitespire:MassOfShapes","floor":50,"turns":14}],"seed_played":"5752743199356725970","potions_obtained":[{"floor":1.0,"key":"SteroidPotion"},{"floor":4.0,"key":"DuplicationPotion"},{"floor":12.0,"key":"LiquidMemories"},{"floor":16.0,"key":"DistilledChaos"},{"floor":21.0,"key":"Fire Potion"},{"floor":22.0,"key":"Energy Potion"},{"floor":33.0,"key":"Ancient Potion"},{"floor":38.0,"key":"Fruit Juice"},{"floor":39.0,"key":"CultistPotion"},{"floor":41.0,"key":"Regen Potion"}],"is_trial":false,"path_per_floor":["M","M","M","M","?","M","M","R","T","R","E","M","M","$","R","B",null,"M","?","?","M","M","M","T","E","T","R","$","M","R","?","R","B",null,"M","M","?","M","M","R","E","M","T","R","T","$","R","?","R","B",null],"character_chosen":"SAIYAJIN","items_purchased":["Tiny Chest","Saiyan:GhostAttack","Saiyan:PowerUp","Blood Vial","Saiyan:KiExplosion"],"campfire_rested":3,"item_purchase_floors":[14,14,28,46,46],"current_hp_per_floor":[62,58,58,58,58,58,61,61,61,61,61,62,63,63,63,39,70,61,61,81,68,51,42,42,28,28,53,53,43,68,52,77,36,86,88,89,89,64,63,63,63,65,65,65,65,65,65,65,65,59],"gold":0,"neow_bonus":"ONE_RANDOM_RARE_CARD","is_daily":false,"chose_seed":false,"campfire_upgraded":7,"win_rate":0.0,"timestamp":1609534792,"path_taken":["M","M","M","?","?","M","M","R","T","R","E","M","?","$","R","BOSS","M","?","?","?","M","M","?","E","T","R","$","?","R","?","R","BOSS","M","M","?","M","M","R","E","M","T","R","?","?","R","?","R","BOSS"],"items_purchased_type":["Relic","Card","Card","Relic","Card"],"build_version":"2020-12-22","purchased_purges":0,"victory":true,"max_hp_per_floor":[62,63,63,63,63,63,66,66,66,66,66,67,68,68,68,70,70,71,71,81,82,82,83,83,84,84,84,84,86,86,86,86,86,86,88,89,89,96,100,100,102,104,104,104,104,104,104,104,104,105],"card_choices":[{"not_picked":["Saiyan:Scouter","Saiyan:PowerPole"],"picked":"Saiyan:KiStrike","floor":1.0},{"not_picked":["Saiyan:Planning","Saiyan:Reset"],"picked":"Saiyan:RemoveWeights","floor":2.0},{"not_picked":["Saiyan:RemoveWeights","Saiyan:SaiyanHubris"],"picked":"Saiyan:Flurry","floor":3.0},{"not_picked":["Saiyan:Planning","Saiyan:SaiyanHubris"],"picked":"Saiyan:Afterimage","floor":4.0},{"not_picked":["Saiyan:Scouter","Saiyan:DoubleMasenko"],"picked":"Saiyan:UltraInstinct","floor":6.0},{"not_picked":["Saiyan:MeteorDash","Saiyan:DoubleMasenko"],"picked":"Saiyan:Makankosappo","floor":7.0},{"not_picked":["Saiyan:Quickening","Saiyan:Makankosappo"],"picked":"Saiyan:Teleport","floor":11.0},{"not_picked":["Saiyan:Flurry","Saiyan:KameHameHa"],"picked":"Saiyan:Expend","floor":12.0},{"not_picked":["Saiyan:BigBangAttack","Saiyan:ExpandingShockwave"],"picked":"Saiyan:TurtleShell","floor":13.0},{"not_picked":["Saiyan:TheBomb","Saiyan:GenkiDama"],"picked":"Saiyan:MonkeyTail","floor":16.0},{"not_picked":["Saiyan:PlotArmor","Saiyan:KameHameHa+1"],"picked":"Saiyan:TurtleShell","floor":18.0},{"not_picked":["Saiyan:Reset","Saiyan:MeteorDash"],"picked":"Saiyan:FinalFlash+1","floor":21.0},{"not_picked":["Saiyan:PlotArmor+1","Saiyan:Makankosappo"],"picked":"Saiyan:HyperTimeChamber","floor":22.0},{"not_picked":["Saiyan:DoubleMasenko+1","Saiyan:BackAttack","Saiyan:DragonFist"],"picked":"SKIP","floor":23.0},{"not_picked":["Saiyan:Twize+1","Saiyan:KameHameHa","Saiyan:MeteorDash"],"picked":"SKIP","floor":25.0},{"not_picked":["Saiyan:DrainingStrike","Saiyan:DoubleMasenko"],"picked":"Saiyan:Quickening+1","floor":29.0},{"not_picked":["Saiyan:SolarFlare","Saiyan:MajinSeal"],"picked":"Saiyan:SuperSaiyanThree","floor":33.0},{"not_picked":["Saiyan:KameHameHa+1","Saiyan:RemoveWeights","Saiyan:DoubleMasenko+1"],"picked":"SKIP","floor":35.0},{"not_picked":["Saiyan:PlotArmor","Saiyan:TurtleShell"],"picked":"Saiyan:Kienzan","floor":36.0},{"not_picked":["Saiyan:DrainingStrike+1","Saiyan:RemoveWeights+1"],"picked":"Saiyan:Scouter+1","floor":38.0},{"not_picked":["Saiyan:KameHameHa+1","Saiyan:BackAttack"],"picked":"Saiyan:SenzuBean","floor":39.0},{"not_picked":["Saiyan:DoubleMasenko","Saiyan:TurtleShell"],"picked":"Saiyan:CCCapsule","floor":41.0},{"not_picked":["Saiyan:ExtremeSpeed","Saiyan:BigBangAttack+1"],"picked":"Saiyan:TurtleShell","floor":42.0}],"player_experience":2330510,"relics_obtained":[{"floor":9.0,"key":"infinitespire:WardingShard"},{"floor":24.0,"key":"PreservedInsect"},{"floor":25.0,"key":"Bag of Preparation"},{"floor":26.0,"key":"infinitespire:Satchel"},{"floor":31.0,"key":"Enchiridion"},{"floor":41.0,"key":"Orichalcum"},{"floor":43.0,"key":"hubris:Metronome"},{"floor":45.0,"key":"Lantern"}],"event_choices":[{"damage_healed":0.0,"max_hp_gain":0.0,"max_hp_loss":0.0,"gold_gain":100.0,"event_name":"Golden Shrine","player_choice":"Pray","floor":5.0,"gold_loss":0.0,"damage_taken":0.0},{"damage_healed":0.0,"max_hp_gain":0.0,"max_hp_loss":0.0,"gold_gain":0.0,"event_name":"Masked Bandits","player_choice":"Paid Fearfully","floor":19.0,"gold_loss":124.0,"damage_taken":0.0},{"cards_removed":["Saiyan:GhostAttack"],"damage_healed":10.0,"max_hp_gain":10.0,"max_hp_loss":0.0,"gold_gain":0.0,"event_name":"Bonfire Elementals","player_choice":"Offered Rare","floor":20.0,"gold_loss":0.0,"damage_taken":0.0},{"damage_healed":0.0,"max_hp_gain":0.0,"max_hp_loss":0.0,"gold_gain":0.0,"event_name":"Cursed Tome","player_choice":"Obtained Book","floor":31.0,"gold_loss":0.0,"damage_taken":16.0},{"damage_healed":0.0,"max_hp_gain":0.0,"max_hp_loss":0.0,"gold_gain":0.0,"event_name":"Accursed Blacksmith","player_choice":"Rummage","floor":37.0,"gold_loss":0.0,"damage_taken":0.0,"relics_obtained":["WarpedTongs"],"cards_obtained":["Pain"]},{"damage_healed":0.0,"max_hp_gain":0.0,"max_hp_loss":0.0,"gold_gain":0.0,"event_name":"Tomb of Lord Red Mask","player_choice":"Paid","floor":48.0,"gold_loss":126.0,"damage_taken":0.0,"relics_obtained":["Red Mask"]}],"is_beta":false,"boss_relics":[{"not_picked":["Sozu","hubris:VirtuousBlindfold","Fusion Hammer"]},{"not_picked":["hubris:TerracottaHorce","hubris:CrackedHourglass"],"picked":"hubris:RunicObelisk"}],"items_purged_floors":[],"is_endless":false,"potions_floor_spawned":[1,4,12,16,21,22,23,33,36,38,39,41],"ascension_level":1}}