{"host":"zm2copjc1o2b6hjv","time":1609485395,"event":{"mods":["AchievementEnabler","BaseMod","BetterRewards","Conspire","Downfall","Friendly Minions","Infinite Spire","Minty Spire (QoL Compilation)","Replay The Spire","StSLib"],"gold_per_floor":[117,13,32,48,58,58,93,20,98,113,123,298,298,310,310,405,405,420,436,436,436,110,110,157,184,184,184,221,248,248,276,276,385,385,439,487,113,31,31,31,100,100,100,100,161,162,162,223,223,410,410,448,477,533,602,407,407,451,451,475,475,518,518,564,564,564,693,793,881,881,957,966,1039,1039,1039,954,1000,801,853,853,529,623,623,744,744,798,838,869,965,1056,1056,1056,1151,1151,1303,904,913,912,912,912],"floor_reached":98,"playtime":6455,"items_purged":["hexamod:Strike","Doubt","hexamod:Defend","conspire:NecroticWound","hexamod:Defend+1","Parasite"],"score":2065,"play_id":"c85edbf3-c8a4-4fdc-a1b8-484172215b7b","local_time":"20210101021635","is_ascension_mode":false,"campfire_choices":[{"floor":6.0,"key":"REST"},{"floor":6.0,"key":"RECALL"},{"floor":13.0,"key":"REST"},{"data":"hexamod:GhostOfSpirePresent","floor":13.0,"key":"SMITH"},{"data":"hexamod:SoulSteal","floor":13.0,"key":"SMITH"},{"data":"hexamod:Float","floor":15.0,"key":"SMITH"},{"data":"hexamod:RadiantFlame","floor":15.0,"key":"SMITH"},{"floor":23.0,"key":"REST"},{"data":"expansioncontent:DashGenerateEvil","floor":23.0,"key":"SMITH"},{"data":"hexamod:GiftsFromTheDead","floor":23.0,"key":"SMITH"},{"data":"infinitespire:Gouge","floor":27.0,"key":"SMITH"},{"data":"hexamod:TurnItUp","floor":27.0,"key":"SMITH"},{"data":"hexamod:ExtraCrispy","floor":30.0,"key":"SMITH"},{"data":"expansioncontent:StudyTheSpire","floor":30.0,"key":"SMITH"},{"data":"hexamod:TimeOfNeed","floor":32.0,"key":"SMITH"},{"data":"hexamod:DynamicBlow","floor":32.0,"key":"SMITH"},{"data":"conspire:SpireCoStock","floor":40.0,"key":"SMITH"},{"data":"hexamod:WildfireWeapon","floor":40.0,"key":"SMITH"},{"data":"hexamod:Sear","floor":42.0,"key":"SMITH"},{"data":"hexamod:EmpoweredFlame","floor":42.0,"key":"SMITH"},{"data":"hexamod:PhantomFireball","floor":44.0,"key":"SMITH"},{"data":"expansioncontent:FaceSlap","floor":44.0,"key":"SMITH"},{"data":"hexamod:CrushingStance","floor":49.0,"key":"SMITH"},{"data":"hexamod:ChargedBarrage","floor":49.0,"key":"SMITH"},{"floor":57.0,"key":"REST"},{"data":"Replay:Bootleg Shield Generator","floor":57.0,"key":"SMITH"},{"data":"Replay:Bootleg Shield Generator","floor":57.0,"key":"SMITH"},{"data":"hexamod:FlamesFromBeyond","floor":59.0,"key":"SMITH"},{"data":"hexamod:VolcanoVisage","floor":59.0,"key":"SMITH"},{"data":"hexamod:GhostflameBarrier","floor":61.0,"key":"SMITH"},{"data":"Pot Of Greed","floor":61.0,"key":"SMITH"},{"data":"hexamod:CatchUp","floor":66.0,"key":"SMITH"},{"data":"hexamod:GhostflameBarrier","floor":66.0,"key":"SMITH"},{"data":"hexamod:EmpoweringStance","floor":74.0,"key":"SMITH"},{"data":"ReplayTheSpireMod:Chaos Vortex","floor":74.0,"key":"SMITH"},{"floor":80.0,"key":"REST"},{"data":"hexamod:HexaLevel","floor":80.0,"key":"SMITH"},{"data":"hexamod:RecurringNightmare","floor":80.0,"key":"SMITH"},{"data":"hexamod:ParanormalForm","floor":83.0,"key":"SMITH"},{"data":"hexamod:UnleashSpirits","floor":83.0,"key":"SMITH"},{"floor":91.0,"key":"REST"},{"data":"expansioncontent:HyperBeam","floor":91.0,"key":"SMITH"},{"data":"hexamod:Rewind","floor":91.0,"key":"SMITH"},{"floor":92.0,"key":"REST"},{"data":"hexamod:DynamicBlow","floor":92.0,"key":"SMITH"},{"data":"hexamod:DynamicBlow","floor":92.0,"key":"SMITH"}],"circlet_count":0,"master_deck":["hexamod:Strike+1","hexamod:Strike+1","hexamod:Defend+1","hexamod:Defend+1","hexamod:Sear+1","hexamod:Float+1","expansioncontent:StudyTheSpire+1","hexamod:EmpoweredFlame+1","hexamod:GhostOfSpireFuture+1","Master of Strategy+1","Pot Of Greed+1","Pot Of Greed","hexamod:PhantomFireball+1","hexamod:RadiantFlame+1","hexamod:SoulSteal+1","expansioncontent:FaceSlap+1","hexamod:PhantomCloak+1","hexamod:DynamicBlow+1","hexamod:ChargedBarrage+1","hexamod:GhostOfSpirePresent+1","hexamod:StepThrough+1","Pot Of Greed","hexamod:WildfireWeapon+1","hexamod:GiftsFromTheDead+1","hexamod:GhostOfSpirePresent+1","hexamod:Incineration+1","hexamod:FirstSeal","hexamod:DynamicBlow+1","hexamod:DynamicBlow+1","expansioncontent:DashGenerateEvil+1","infinitespire:Gouge+1","hexamod:SpectralAdrenaline+1","hexamod:TurnItUp+1","hexamod:DynamicBlow+1","Pot Of Greed+1","hexamod:ExtraCrispy+1","hexamod:TimeOfNeed+1","hexamod:SixthSeal","hexamod:Rewind+1","hexamod:PhantomFireball+1","Replay:Dark Deal+1","conspire:SpireCoStock+1","conspire:SpireCoStock+1","hexamod:GhostOfSpireFuture+1","hexamod:GhostOfSpirePast+1","hexamod:SecondSeal","hexamod:CrushingStance+1","Pot Of Greed+1","hexamod:VolcanoVisage+1","hexamod:GhostflameBarrier+1","Replay:Bootleg Shield Generator+1","Replay:Bootleg Shield Generator+1","hexamod:PhantomCloak+1","hexamod:FlamesFromBeyond+1","hexamod:GhostflameBarrier+1","hexamod:CatchUp+1","hexamod:EmpoweringStance+1","hexamod:EmpoweredFlame","hexamod:AdvancingGuard+1","Pot Of Greed+1","ReplayTheSpireMod:Chaos Vortex+1","hexamod:AdvancingGuard+1","hexamod:HexaLevel+1","hexamod:GhostflameBarrier+1","Secret Weapon","Secret Weapon","hexamod:RecurringNightmare+1","hexamod:RecurringNightmare+1","hexamod:UnleashSpirits+1","expansioncontent:HyperBeam+1","hexamod:ParanormalForm+1","hexamod:ParanormalForm+1","Pot Of Greed","hexamod:Rewind+1","hexamod:Again+1","hexamod:SpectersWail+1","hexamod:HexaLevel","hexamod:PowerFromBeyond+1","hexamod:TimeOfNeed+1"],"relics":["hexamod:SpiritBrand","Membership Card","Guardian:PocketSentry","Replay:Arrowhead","infinitespire:Magic Flask","ReplayTheSpireMod:Shallot","BargainBundle","Grinning Jar","Bag of Preparation","infinitespire:Eraser","Blue Doll","infinitespire:CheckeredPen","Honey Jar","infinitespire:Cupcake","conspire:DeflatedDodgeball","Question Card","Akabeko","CeramicFish","Kunai","Runic Dome","infinitespire:EvilPickle","Incense Burner","Bottled Tornado","conspire:DecoderRing","ChewingGum","ReplayTheSpireMod:CursedCoin","infinitespire:BottledMercury","WingedGreaves","Oddly Smooth Stone","Replay:Wanted Poster","Sundial","Iron Hammer","infinitespire:Beetle Shell","Guardian:BottledAnomaly","infinitespire:FocusingShard","MealTicket","Ring of Chaos","Torii","Golden Egg","Onion Ring","PreservedInsect","conspire:TreasureMap","Frozen Eye"],"acts_visited":["Exordium","TheCity","TheBeyond","Exordium","TheCity","TheBeyond"],"potions_floor_usage":[],"damage_taken":[{"damage":8.0,"enemies":"Small Slimes","floor":1.0,"turns":4.0},{"damage":0.0,"enemies":"conspire:RoseBush","floor":3.0,"turns":3.0},{"damage":4.0,"enemies":"infinitespire:Voidling","floor":4.0,"turns":3.0},{"damage":0.0,"enemies":"Exordium Wildlife","floor":5.0,"turns":2.0},{"damage":0.0,"enemies":"Replay:BlueRogue","floor":7.0,"turns":3.0},{"damage":0.0,"enemies":"Looter","floor":10.0,"turns":3.0},{"damage":0.0,"enemies":"Exordium Thugs","floor":11.0,"turns":5.0},{"damage":1.0,"enemies":"2 Fungi Beasts","floor":14.0,"turns":4.0},{"damage":21.0,"enemies":"Hexaghost","floor":16.0,"turns":9.0},{"damage":1.0,"enemies":"Shell Parasite","floor":18.0,"turns":6.0},{"damage":10.0,"enemies":"conspire:FuzzyDice","floor":19.0,"turns":5.0},{"damage":4.0,"enemies":"Nightmare","floor":24.0,"turns":5.0},{"damage":0.0,"enemies":"conspire:HollyBat","floor":25.0,"turns":6.0},{"damage":4.0,"enemies":"Snake Plant","floor":28.0,"turns":2.0},{"damage":0.0,"enemies":"Cultist and Chosen","floor":29.0,"turns":3.0},{"damage":0.0,"enemies":"Sentry and Sphere","floor":31.0,"turns":3.0},{"damage":6.0,"enemies":"Pondfish","floor":33.0,"turns":7.0},{"damage":7.0,"enemies":"Orb Walker","floor":35.0,"turns":3.0},{"damage":0.0,"enemies":"3 Shapes","floor":36.0,"turns":1.0},{"damage":0.0,"enemies":"3 Darklings","floor":41.0,"turns":4.0},{"damage":0.0,"enemies":"Spire Growth","floor":45.0,"turns":3.0},{"damage":1.0,"enemies":"Writhing Mass","floor":48.0,"turns":4.0},{"damage":41.0,"enemies":"Time Eater","floor":50.0,"turns":6.0},{"damage":0.0,"enemies":"Small Slimes","floor":52.0,"turns":1.0},{"damage":0.0,"enemies":"Cultist","floor":53.0,"turns":2.0},{"damage":11.0,"enemies":"Jaw Worm","floor":54.0,"turns":2.0},{"damage":9.0,"enemies":"2 Fungi Beasts","floor":55.0,"turns":3.0},{"damage":0.0,"enemies":"Large Slime","floor":58.0,"turns":2.0},{"damage":0.0,"enemies":"Exordium Wildlife","floor":62.0,"turns":2.0},{"damage":0.0,"enemies":"Lots of Slimes","floor":64.0,"turns":3.0},{"damage":19.0,"enemies":"Hexaghost","floor":67.0,"turns":5.0},{"damage":0.0,"enemies":"Chosen","floor":69.0,"turns":3.0},{"damage":1.0,"enemies":"3 Byrds","floor":71.0,"turns":4.0},{"damage":0.0,"enemies":"Snecko","floor":73.0,"turns":3.0},{"damage":6.0,"enemies":"Shelled Parasite and Fungi","floor":79.0,"turns":4.0},{"damage":0.0,"enemies":"Book of Stabbing","floor":82.0,"turns":5.0},{"damage":0.0,"enemies":"Automaton","floor":84.0,"turns":7.0},{"damage":0.0,"enemies":"3 Shapes","floor":86.0,"turns":4.0},{"damage":26.0,"enemies":"3 Darklings","floor":87.0,"turns":4.0},{"damage":19.0,"enemies":"4 Shapes","floor":88.0,"turns":5.0},{"damage":3.0,"enemies":"Writhing Mass","floor":89.0,"turns":5.0},{"damage":2.0,"enemies":"Spire Growth","floor":90.0,"turns":4.0},{"damage":0.0,"enemies":"R_Hoarder","floor":93.0,"turns":6.0},{"damage":10.0,"enemies":"Maw","floor":95.0,"turns":6.0}],"seed_played":"4759049395254586403","potions_obtained":[{"floor":1.0,"key":"Adrenaline Potion"},{"floor":5.0,"key":"hexamod:DoubleChargePotion"},{"floor":10.0,"key":"Strength Potion"},{"floor":11.0,"key":"hexamod:EctoCoolerPotion"},{"floor":25.0,"key":"hexamod:DoubleChargePotion"},{"floor":28.0,"key":"Energy Potion"},{"floor":33.0,"key":"SkillPotion"},{"floor":36.0,"key":"SkillPotion"},{"floor":50.0,"key":"PowerPotion"},{"floor":54.0,"key":"infinitespire:BlackPotion"},{"floor":55.0,"key":"LiquidBronze"},{"floor":62.0,"key":"DuplicationPotion"},{"floor":69.0,"key":"BlessingOfTheForge"},{"floor":82.0,"key":"Regen Potion"},{"floor":86.0,"key":"Elixir"},{"floor":89.0,"key":"ColorlessPotion"}],"is_trial":false,"path_per_floor":["M","$","M","M","M","R","E","$","T","M","M","?","R","M","R","B",null,"M","M","AVR","?","$","R","NM","M","T","R","M","M","R","M","R","B",null,"M","M","$","?","?","R","M","R","T","R","M","?","?","M","R","B",null,"M","M","M","M","$","R","M","R","T","R","M","?","M","?","R","B",null,"M","?","M","AVR","M","R","?","?","T","$","M","R","$","E","R","B",null,"M","M","M","M","M","R","R","E","T","M","$","AVR","M"],"character_chosen":"THE_SPIRIT","items_purchased":["Membership Card","Guardian:PocketSentry","Replay:Arrowhead","expansioncontent:StudyTheSpire","ReplayTheSpireMod:Shallot","hexamod:EmpoweredFlame","BargainBundle","Master of Strategy","Grinning Jar","Bag of Preparation","hexamod:PhantomFireball","AttackPotion","EssenceOfSteel","hexamod:RadiantFlame","hexamod:SoulSteal","expansioncontent:FaceSlap","Blue Doll","Question Card","Akabeko","hexamod:FirstSeal","hexamod:DynamicBlow","expansioncontent:DashGenerateEvil","Replay:Dark Deal+1","Incense Burner","Bottled Tornado","ReplayTheSpireMod:CursedCoin","infinitespire:BottledMercury","WingedGreaves","Replay:Bootleg Shield Generator","hexamod:PhantomCloak+1","Guardian:BottledAnomaly","hexamod:HexaLevel","hexamod:GhostflameBarrier+1","Secret Weapon","infinitespire:FocusingShard","hexamod:RecurringNightmare+1","hexamod:UnleashSpirits","expansioncontent:HyperBeam","Onion Ring","hexamod:TimeOfNeed+1","PreservedInsect","conspire:TreasureMap"],"campfire_rested":7,"item_purchase_floors":[0,0,0,0,0,0,2,2,2,2,2,2,2,2,2,2,8,22,22,22,22,22,37,37,37,56,56,56,56,56,78,78,78,78,81,81,81,81,96,96,96,96],"current_hp_per_floor":[30,30,30,30,30,51,51,51,51,51,51,51,70,69,69,48,70,69,59,59,59,59,70,70,70,70,70,70,70,70,70,70,64,70,63,63,63,63,63,63,63,63,63,63,70,70,70,70,70,29,70,70,70,59,50,50,70,70,70,70,70,70,70,70,70,70,58,70,70,70,70,70,70,70,57,57,57,57,51,73,73,75,75,75,75,75,49,30,39,44,66,75,75,75,72,72,72,72,72,72],"gold":912,"neow_bonus":"","is_daily":false,"chose_seed":false,"campfire_upgraded":38,"win_rate":0.0,"timestamp":1609485395,"path_taken":["M","$","M","M","M","R","E","$","T","M","M","?","R","M","R","BOSS","M","M","AVR","?","$","R","NM","M","T","R","M","M","R","?","R","BOSS","M","M","$","?","?","R","?","R","T","R","M","?","?","M","R","BOSS","M","M","M","M","$","R","M","R","T","R","M","?","?","?","R","BOSS","M","?","M","AVR","M","R","?","?","T","$","M","R","$","E","R","BOSS","M","M","M","M","M","R","R","E","T","M","$","AVR","M"],"items_purchased_type":["Relic","Relic","Relic","Card","Relic","Card","Relic","Card","Relic","Relic","Card","Potion","Potion","Card","Card","Card","Relic","Relic","Relic","Card","Card","Card","Card","Relic","Relic","Relic","Relic","Relic","Card","Card","Relic","Card","Card","Card","Relic","Card","Card","Card","Relic","Card","Relic","Relic"],"build_version":"2020-12-22","purchased_purges":6,"victory":false,"max_hp_per_floor":[70,70,70,70,70,70,70,70,70,70,70,70,70,70,70,70,70,70,70,70,70,70,70,70,70,70,70,70,70,70,70,70,70,70,70,70,70,70,70,70,70,70,70,70,70,70,70,70,70,70,70,70,70,70,70,70,70,70,70,70,70,70,70,70,70,70,70,70,70,70,70,70,70,70,75,75,75,75,75,75,75,75,75,75,75,75,75,75,75,75,75,75,75,75,75,72,72,72,72,72],"card_choices":[{"not_picked":["hexamod:FastForward","hexamod:SpectersWail"],"picked":"hexamod:GhostOfSpireFuture","floor":1.0},{"not_picked":["hexamod:BacktrackSmack","hexamod:HeatShield","hexamod:Firestarter"],"picked":"SKIP","floor":3.0},{"not_picked":["hexamod:BacktrackSmack","hexamod:GhostLash"],"picked":"hexamod:PhantomCloak","floor":4.0},{"not_picked":["hexamod:BacktrackSmack","hexamod:FourthSeal"],"picked":"hexamod:DynamicBlow","floor":5.0},{"not_picked":["hexamod:ThermalTransfer","hexamod:FastForward"],"picked":"hexamod:ChargedBarrage","floor":7.0},{"not_picked":["hexamod:GhostOfSpirePast","hexamod:GhostLash"],"picked":"hexamod:GhostOfSpirePresent","floor":10.0},{"not_picked":["hexamod:ThermalTransfer","hexamod:Rewind"],"picked":"hexamod:StepThrough","floor":11.0},{"not_picked":["hexamod:ChargedBarrage","hexamod:EmpoweredFlame"],"picked":"hexamod:WildfireWeapon","floor":14.0},{"not_picked":["hexamod:FifthSeal","hexamod:ParanormalForm"],"picked":"hexamod:GiftsFromTheDead","floor":16.0},{"not_picked":["hexamod:InspiringFlames","hexamod:ThermalTransfer","hexamod:GhostOfSpirePast"],"picked":"hexamod:GhostOfSpirePresent+1","floor":18.0},{"not_picked":["hexamod:GhostOfSpireFuture","hexamod:HauntingEcho","hexamod:NightmareStrike"],"picked":"hexamod:Incineration+1","floor":19.0},{"not_picked":["infinitespire:FinalStrike","infinitespire:NeuralNetwork"],"picked":"infinitespire:Gouge","floor":24.0},{"not_picked":["hexamod:HauntingEcho","hexamod:ShieldOfDarkness","hexamod:BacktrackSmack","hexamod:BurningTouch"],"picked":"hexamod:SpectralAdrenaline","floor":24.0},{"not_picked":["hexamod:Hexaguard","hexamod:FastForward","hexamod:GhostLash+1","hexamod:Rewind"],"picked":"hexamod:TurnItUp","floor":25.0},{"not_picked":["hexamod:ShieldOfDarkness","hexamod:BacktrackSmack","hexamod:GhostShield","hexamod:HeatShield+1"],"picked":"hexamod:DynamicBlow+1","floor":28.0},{"not_picked":["hexamod:InspiringFlames+1","hexamod:FastForward","hexamod:GhostShield","hexamod:HeatCrush"],"picked":"hexamod:ExtraCrispy","floor":29.0},{"not_picked":["hexamod:SwordOfDarkness","hexamod:InspiringFlames","hexamod:Hexaguard","hexamod:NightmareGuise"],"picked":"hexamod:TimeOfNeed","floor":31.0},{"not_picked":["hexamod:UnleashSpirits","hexamod:TimeOfNeed","hexamod:HexaLevel","hexamod:SearingWound"],"picked":"hexamod:SixthSeal","floor":33.0},{"not_picked":["hexamod:InspiringFlames","hexamod:NightmareGuise","hexamod:Firestarter","hexamod:SpectersWail+1"],"picked":"hexamod:Rewind+1","floor":35.0},{"not_picked":["hexamod:SoulSteal","hexamod:HauntingEcho","hexamod:EtherealExpedition","hexamod:HeatCrush"],"picked":"hexamod:PhantomFireball+1","floor":36.0},{"not_picked":["hexamod:PhantomCloak","hexamod:NightmareGuise","hexamod:HeatMetal","hexamod:ExtraCrispy"],"picked":"hexamod:GhostOfSpireFuture+1","floor":41.0},{"not_picked":["hexamod:EmpoweredFlame+1","hexamod:SpectralAdrenaline","hexamod:DynamicBlow+1","hexamod:RainOfEmbers"],"picked":"hexamod:GhostOfSpirePast+1","floor":45.0},{"not_picked":["hexamod:RainOfEmbers+1","hexamod:Hexaguard+1","hexamod:ThirdSeal","hexamod:NightmareGuise"],"picked":"hexamod:CrushingStance","floor":48.0},{"not_picked":["hexamod:FifthSeal","hexamod:CrushingStance","hexamod:SearingWound","hexamod:GhostflameInferno"],"picked":"hexamod:VolcanoVisage","floor":50.0},{"not_picked":["hexamod:HauntingEcho","hexamod:RainOfEmbers","hexamod:ShieldOfDarkness","hexamod:InspiringFlames","hexamod:HeatMetal"],"picked":"SKIP","floor":52.0},{"not_picked":["hexamod:GhostShield","hexamod:SwordOfDarkness","hexamod:RainOfEmbers","hexamod:ThermalTransfer","hexamod:FastForward"],"picked":"SKIP","floor":53.0},{"not_picked":["hexamod:GhostOfSpireFuture","hexamod:FastForward","hexamod:ChargedBarrage","hexamod:GhostOfSpirePresent"],"picked":"hexamod:GhostflameBarrier","floor":54.0},{"not_picked":["hexamod:GhostLash","hexamod:BacktrackSmack","hexamod:SwordOfDarkness","hexamod:HauntingEcho","hexamod:AdvancingGuard"],"picked":"SKIP","floor":55.0},{"not_picked":["hexamod:ThermalTransfer","hexamod:BurningTouch","hexamod:GhostShield","hexamod:RainOfEmbers"],"picked":"hexamod:FlamesFromBeyond","floor":58.0},{"not_picked":["hexamod:SwordOfDarkness","hexamod:GhostShield","hexamod:FastForward","hexamod:PhantomFireball"],"picked":"hexamod:GhostflameBarrier","floor":62.0},{"not_picked":["hexamod:GhostLash","hexamod:RecurringNightmare","hexamod:InspiringFlames","hexamod:NecessarySacrifice"],"picked":"hexamod:CatchUp","floor":64.0},{"not_picked":["hexamod:CrushingStance","hexamod:GhostflameInferno","hexamod:GiftsFromTheDead","hexamod:SixthSeal"],"picked":"hexamod:EmpoweringStance","floor":67.0},{"not_picked":["hexamod:ShieldOfDarkness","hexamod:SpectersWail+1","hexamod:SecondSeal","hexamod:GhostShield"],"picked":"hexamod:EmpoweredFlame","floor":69.0},{"not_picked":["hexamod:BurningTouch","hexamod:Incineration","hexamod:SoulSteal","hexamod:NecessarySacrifice"],"picked":"hexamod:AdvancingGuard+1","floor":71.0},{"not_picked":["hexamod:SixthSeal","hexamod:NightmareGuise","hexamod:DynamicBlow+1","hexamod:StepThrough"],"picked":"hexamod:AdvancingGuard+1","floor":73.0},{"not_picked":["hexamod:ThirdSeal","hexamod:ShieldOfDarkness","hexamod:Hexaguard","hexamod:GhostOfSpirePresent"],"picked":"hexamod:RecurringNightmare","floor":79.0},{"not_picked":["hexamod:NecessarySacrifice+1","hexamod:GhostOfSpirePresent","hexamod:HauntingEcho","hexamod:RainOfEmbers"],"picked":"hexamod:ParanormalForm","floor":82.0},{"not_picked":["hexamod:FifthSeal","hexamod:EmpoweringStance","hexamod:SixthSeal","hexamod:VolcanoVisage"],"picked":"hexamod:ParanormalForm","floor":84.0},{"not_picked":["hexamod:Hexaguard+1","hexamod:FirstSeal","hexamod:Incineration+1","hexamod:AdvancingGuard+1"],"picked":"hexamod:Rewind","floor":86.0},{"not_picked":["hexamod:GhostLash","hexamod:Firestarter","hexamod:HauntingEcho","hexamod:RainOfEmbers+1"],"picked":"hexamod:Again+1","floor":87.0},{"not_picked":["hexamod:ChargedBarrage+1","hexamod:Firestarter","hexamod:SwordOfDarkness","hexamod:Hexaguard+1","hexamod:FastForward+1"],"picked":"SKIP","floor":88.0},{"not_picked":["hexamod:GhostLash+1","hexamod:GhostShield","hexamod:SwordOfDarkness+1","hexamod:AdvancingGuard","hexamod:RainOfEmbers+1"],"picked":"SKIP","floor":89.0},{"not_picked":["hexamod:HeatMetal","hexamod:SpectralAdrenaline","hexamod:GhostOfSpirePresent","hexamod:HeatShield+1"],"picked":"hexamod:SpectersWail+1","floor":90.0},{"not_picked":["hexamod:GhostLash+1","hexamod:FirstSeal","hexamod:RecurringNightmare+1","hexamod:BacktrackSmack"],"picked":"hexamod:HexaLevel","floor":93.0},{"not_picked":["hexamod:FlamesFromBeyond","hexamod:ThermalTransfer+1","hexamod:BacktrackSmack","hexamod:Firestarter"],"picked":"hexamod:PowerFromBeyond+1","floor":95.0}],"player_experience":235721,"relics_obtained":[{"floor":7.0,"key":"infinitespire:Eraser"},{"floor":9.0,"key":"infinitespire:CheckeredPen"},{"floor":24.0,"key":"CeramicFish"},{"floor":26.0,"key":"Kunai"},{"floor":43.0,"key":"conspire:DecoderRing"},{"floor":60.0,"key":"Oddly Smooth Stone"},{"floor":77.0,"key":"infinitespire:Beetle Shell"},{"floor":82.0,"key":"MealTicket"},{"floor":93.0,"key":"Torii"},{"floor":94.0,"key":"Golden Egg"}],"event_choices":[{"damage_healed":0.0,"max_hp_gain":0.0,"max_hp_loss":0.0,"gold_gain":175.0,"event_name":"Liars Game","player_choice":"AGREE","floor":12.0,"gold_loss":0.0,"damage_taken":0.0,"cards_obtained":["Doubt"]},{"damage_healed":0.0,"max_hp_gain":0.0,"max_hp_loss":0.0,"gold_gain":0.0,"event_name":"The Woman in Blue","player_choice":"Bought 0 Potions","floor":21.0,"gold_loss":0.0,"damage_taken":0.0},{"damage_healed":0.0,"max_hp_gain":0.0,"max_hp_loss":0.0,"gold_gain":0.0,"event_name":"conspire:Investor","player_choice":"Invest 2","floor":38.0,"gold_loss":0.0,"damage_taken":0.0},{"damage_healed":0.0,"max_hp_gain":0.0,"max_hp_loss":0.0,"gold_gain":0.0,"event_name":"Upgrade Shrine","player_choice":"Upgraded","floor":39.0,"gold_loss":0.0,"damage_taken":0.0,"cards_upgraded":["conspire:SpireCoStock"]},{"cards_removed":["hexamod:Strike"],"damage_healed":0.0,"max_hp_gain":0.0,"max_hp_loss":0.0,"gold_gain":0.0,"event_name":"Wheel of Change","player_choice":"Card Removal","floor":63.0,"gold_loss":0.0,"damage_taken":0.0},{"damage_healed":0.0,"max_hp_gain":0.0,"max_hp_loss":0.0,"gold_gain":0.0,"event_name":"Back to Basics","player_choice":"Simplicity","floor":70.0,"gold_loss":0.0,"damage_taken":0.0,"cards_upgraded":["hexamod:Strike","hexamod:Strike","hexamod:Defend"]},{"damage_healed":0.0,"max_hp_gain":5.0,"max_hp_loss":0.0,"gold_gain":0.0,"event_name":"Forgotten Altar","player_choice":"Shed Blood","floor":75.0,"gold_loss":0.0,"damage_taken":18.0},{"damage_healed":0.0,"max_hp_gain":0.0,"max_hp_loss":0.0,"gold_gain":0.0,"event_name":"Addict","player_choice":"Obtained Relic","floor":76.0,"gold_loss":85.0,"damage_taken":0.0,"relics_obtained":["Iron Hammer"]}],"is_beta":false,"boss_relics":[{"not_picked":["Tiny House","Velvet Choker"],"picked":"Honey Jar"},{"not_picked":["Replay:Drink Me","Fusion Hammer"],"picked":"Runic Dome"},{"not_picked":["conspire:SeveredTorchhead","Replay:Grab Bag"],"picked":"ChewingGum"},{"not_picked":["conspire:RunicOctahedron","Sozu"],"picked":"Replay:Wanted Poster"},{"not_picked":["SacredBark","Tiny House"],"picked":"Ring of Chaos"}],"items_purged_floors":[2,20,37,56,81,96],"is_endless":true,"potions_floor_spawned":[1,5,10,11,14,16,25,28,33,36,50,54,55,62,64,69,71,82,86,89,90,93],"killed_by":"3 Darklings","ascension_level":0}}