{"host":"Bilverbakes","time":1609474450,"event":{"mods":["2.2 Compatiblity","AchievementEnabler","BaseMod","Bestiary","Colored Map","Minty Spire (QoL Compilation)","Relic Stats","StSLib","ojb\u0027s Info Mod"],"gold_per_floor":[117,133,133,153,169,194,194,224,298,144,156,170,204,204,204,281,281,267,267,282,282,207,233,243,254,277,292,292,44,72,122,122,200,200,218,236,148,148,148,148,181,181,230,256,256,92,117,134,134,134,134,134,90,121,121],"floor_reached":56,"playtime":4535,"items_purged":["Strike_G"],"score":2037,"play_id":"666721af-b000-4287-baf8-c60ddad19e17","local_time":"20201231221410","is_ascension_mode":true,"campfire_choices":[{"data":"Apotheosis","floor":7.0,"key":"SMITH"},{"data":"Well Laid Plans","floor":15.0,"key":"SMITH"},{"data":"Tools of the Trade","floor":28.0,"key":"SMITH"},{"data":"Footwork","floor":32.0,"key":"SMITH"},{"data":"Noxious Fumes","floor":40.0,"key":"SMITH"},{"data":"Tools of the Trade","floor":42.0,"key":"SMITH"},{"floor":49.0,"key":"RECALL"},{"data":"Crippling Poison","floor":52.0,"key":"SMITH"}],"circlet_count":0,"master_deck":["AscendersBane","Defend_G","Defend_G","Defend_G","Survivor","Apotheosis+1","Leg Sweep","Dash","Quick Slash","Flying Knee","Well Laid Plans+1","Noxious Fumes+1","Crippling Poison+1","Night Terror","Catalyst","Tools of the Trade+1","Escape Plan","Footwork+1","Tools of the Trade+1","PiercingWail","Tactician","Madness","Madness","Dodge and Roll+1","Deflect","Caltrops","Footwork"],"relics":["Ring of the Snake","Juzu Bracelet","Bird Faced Urn","StrikeDummy","Blood Vial","Empty Cage","Strawberry","Snake Skull","Frozen Eye","MealTicket","Sozu","Thread and Needle","Anchor","Art of War","Dead Branch"],"acts_visited":["Exordium","TheCity","TheBeyond","TheEnding"],"potions_floor_usage":[55],"damage_taken":[{"damage":0.0,"enemies":"2 Louse","floor":1.0,"turns":3.0},{"damage":0.0,"enemies":"Cultist","floor":2.0,"turns":5.0},{"damage":0.0,"enemies":"Small Slimes","floor":4.0,"turns":4.0},{"damage":0.0,"enemies":"Exordium Wildlife","floor":5.0,"turns":3.0},{"damage":10.0,"enemies":"3 Sentries","floor":6.0,"turns":10.0},{"damage":3.0,"enemies":"Gremlin Nob","floor":8.0,"turns":5.0},{"damage":2.0,"enemies":"Red Slaver","floor":11.0,"turns":3.0},{"damage":0.0,"enemies":"3 Louse","floor":12.0,"turns":3.0},{"damage":9.0,"enemies":"3 Sentries","floor":13.0,"turns":9.0},{"damage":8.0,"enemies":"The Guardian","floor":16.0,"turns":11.0},{"damage":11.0,"enemies":"2 Thieves","floor":18.0,"turns":4.0},{"damage":15.0,"enemies":"3 Byrds","floor":20.0,"turns":8.0},{"damage":4.0,"enemies":"Slavers","floor":23.0,"turns":8.0},{"damage":7.0,"enemies":"Snake Plant","floor":24.0,"turns":6.0},{"damage":3.0,"enemies":"3 Cultists","floor":25.0,"turns":5.0},{"damage":0.0,"enemies":"Cultist and Chosen","floor":27.0,"turns":6.0},{"damage":16.0,"enemies":"Book of Stabbing","floor":30.0,"turns":8.0},{"damage":24.0,"enemies":"Collector","floor":33.0,"turns":7.0},{"damage":3.0,"enemies":"3 Shapes","floor":35.0,"turns":5.0},{"damage":29.0,"enemies":"3 Darklings","floor":36.0,"turns":5.0},{"damage":3.0,"enemies":"Giant Head","floor":41.0,"turns":6.0},{"damage":39.0,"enemies":"Reptomancer","floor":44.0,"turns":4.0},{"damage":1.0,"enemies":"Nemesis","floor":47.0,"turns":5.0},{"damage":8.0,"enemies":"Transient","floor":48.0,"turns":5.0},{"damage":2.0,"enemies":"Donu and Deca","floor":50.0,"turns":6.0},{"damage":57.0,"enemies":"Shield and Spear","floor":54.0,"turns":9.0},{"damage":41,"enemies":"The Heart","floor":55,"turns":8}],"seed_played":"-7505803560021068864","potions_obtained":[{"floor":1.0,"key":"Weak Potion"},{"floor":5.0,"key":"GhostInAJar"},{"floor":8.0,"key":"CultistPotion"},{"floor":23.0,"key":"Strength Potion"},{"floor":24.0,"key":"Energy Potion"},{"floor":27.0,"key":"CultistPotion"},{"floor":33.0,"key":"Explosive Potion"}],"is_trial":false,"path_per_floor":["M","M","?","M","M","E","R","E","T","$","M","M","E","?","R","B",null,"M","?","M","?","?","E","M","M","T","M","R","$","E","?","R","B",null,"M","M","$","?","?","R","E","R","T","E","?","$","E","M","R","B",null,"R","$","E","B",null],"character_chosen":"THE_SILENT","items_purchased":["Noxious Fumes","Footwork","Frozen Eye","Tactician","Art of War","Footwork"],"campfire_rested":0,"item_purchase_floors":[10,29,29,37,46,53],"current_hp_per_floor":[44,44,44,44,44,34,34,31,31,31,29,29,22,44,44,42,60,51,51,40,40,40,49,48,53,53,61,61,61,55,55,55,41,65,72,52,67,54,54,54,63,63,63,34,34,49,60,64,64,73,73,73,73,28,7],"gold":121,"neow_bonus":"RANDOM_COLORLESS_2","is_daily":false,"chose_seed":false,"campfire_upgraded":7,"win_rate":0.0,"timestamp":1609474450,"path_taken":["M","M","?","?","M","E","R","E","T","$","M","M","E","?","R","BOSS","M","?","M","?","?","E","M","M","T","M","R","$","E","?","R","BOSS","M","M","$","?","?","R","E","R","T","E","?","$","E","M","R","BOSS","R","$","E","BOSS"],"items_purchased_type":["Card","Card","Relic","Card","Relic","Card"],"build_version":"2020-12-18","purchased_purges":1,"victory":true,"max_hp_per_floor":[66,66,66,66,66,66,66,66,66,66,66,66,66,66,66,66,66,66,66,66,66,66,73,73,73,73,73,73,73,73,73,73,73,73,73,73,73,73,73,73,73,73,73,73,73,73,73,73,73,73,73,73,73,73,73],"relic_stats":{"Blood Vial":33,"Sozu":2,"counters":[27,161],"Bird Faced Urn":[137],"Dead Branch":[49],"MealTicket":30,"Snake Skull":[123],"Juzu Bracelet":1,"Art of War":[15],"obtain_stats":[{"Dead Branch":47,"Thread and Needle":41,"Snake Skull":26,"Juzu Bracelet":6,"Empty Cage":17,"Blood Vial":13,"Sozu":34,"Frozen Eye":29,"Anchor":44,"Bird Faced Urn":8,"Strawberry":23,"MealTicket":30,"Art of War":46,"StrikeDummy":9,"Ring of the Snake":0},{"Dead Branch":23,"Thread and Needle":21,"Snake Skull":15,"Juzu Bracelet":5,"Empty Cage":10,"Blood Vial":9,"Sozu":18,"Frozen Eye":16,"Anchor":22,"Bird Faced Urn":6,"Strawberry":13,"MealTicket":17,"Art of War":22,"StrikeDummy":6,"Ring of the Snake":0},{"Dead Branch":133,"Thread and Needle":124,"Snake Skull":87,"Juzu Bracelet":25,"Empty Cage":56,"Blood Vial":45,"Sozu":108,"Frozen Eye":93,"Anchor":128,"Bird Faced Urn":30,"Strawberry":76,"MealTicket":101,"Art of War":128,"StrikeDummy":30,"Ring of the Snake":0}],"Ring of the Snake":[54]},"card_choices":[{"not_picked":["Secret Weapon","Panache"],"picked":"Apotheosis","floor":0.0},{"not_picked":["Deadly Poison","Setup"],"picked":"Leg Sweep","floor":1.0},{"not_picked":["Bane","Poisoned Stab"],"picked":"Dash","floor":2.0},{"not_picked":["Infinite Blades","Acrobatics"],"picked":"Quick Slash","floor":4.0},{"not_picked":["Dodge and Roll","Deflect"],"picked":"Flying Knee","floor":5.0},{"not_picked":["Deflect","Terror","Underhanded Strike"],"picked":"SKIP","floor":6.0},{"not_picked":["Deadly Poison","Terror"],"picked":"Well Laid Plans","floor":8.0},{"not_picked":["Reflex","Blade Dance"],"picked":"Crippling Poison","floor":11.0},{"not_picked":["Accuracy","Skewer","Unload"],"picked":"SKIP","floor":12.0},{"not_picked":["Blade Dance","Catalyst","Skewer"],"picked":"SKIP","floor":13.0},{"not_picked":["Unload","A Thousand Cuts"],"picked":"Night Terror","floor":16.0},{"not_picked":["Dagger Spray","Flying Knee","Outmaneuver"],"picked":"SKIP","floor":18.0},{"not_picked":["Prepared","Outmaneuver","Sucker Punch"],"picked":"SKIP","floor":20.0},{"not_picked":["Blade Dance","Accuracy","Footwork"],"picked":"SKIP","floor":23.0},{"not_picked":["Catalyst","Cloak And Dagger"],"picked":"Tools of the Trade","floor":24.0},{"not_picked":["Underhanded Strike","Skewer"],"picked":"Escape Plan","floor":25.0},{"not_picked":["Finisher","Sucker Punch","Dagger Spray"],"picked":"SKIP","floor":27.0},{"not_picked":["Slice","Expertise","Infinite Blades+1"],"picked":"SKIP","floor":30.0},{"not_picked":["Venomology","Grand Finale"],"picked":"Tools of the Trade","floor":33.0},{"not_picked":["Heel Hook","Backflip"],"picked":"PiercingWail","floor":35.0},{"not_picked":["Terror","Outmaneuver","Bane+1"],"picked":"SKIP","floor":36.0},{"not_picked":["Expertise","Cloak And Dagger+1","Quick Slash"],"picked":"SKIP","floor":41.0},{"not_picked":["Heel Hook","Well Laid Plans"],"picked":"Dodge and Roll+1","floor":44.0},{"not_picked":["Grand Finale","Sucker Punch","Catalyst"],"picked":"SKIP","floor":47.0},{"not_picked":["Sucker Punch","Concentrate+1"],"picked":"Caltrops","floor":48.0},{"not_picked":["Bane+1","Crippling Poison","Flechettes"],"picked":"SKIP","floor":54}],"player_experience":497450,"relics_obtained":[{"floor":6.0,"key":"Juzu Bracelet"},{"floor":8.0,"key":"Bird Faced Urn"},{"floor":9.0,"key":"StrikeDummy"},{"floor":13.0,"key":"Blood Vial"},{"floor":23.0,"key":"Strawberry"},{"floor":26.0,"key":"Snake Skull"},{"floor":30.0,"key":"MealTicket"},{"floor":41.0,"key":"Thread and Needle"},{"floor":44.0,"key":"Anchor"},{"floor":47.0,"key":"Dead Branch"}],"event_choices":[{"cards_removed":["Defend_G"],"damage_healed":0.0,"max_hp_gain":0.0,"max_hp_loss":0.0,"gold_gain":0.0,"event_name":"Bonfire Elementals","player_choice":"Offered Basic","floor":3.0,"gold_loss":0.0,"damage_taken":0.0},{"damage_healed":22.0,"max_hp_gain":0.0,"max_hp_loss":0.0,"gold_gain":0.0,"event_name":"Big Fish","player_choice":"Banana","floor":14.0,"gold_loss":0.0,"damage_taken":0.0},{"damage_healed":0.0,"max_hp_gain":0.0,"max_hp_loss":0.0,"gold_gain":0.0,"event_name":"The Mausoleum","player_choice":"Ignored","floor":19.0,"gold_loss":0.0,"damage_taken":0.0},{"damage_healed":0.0,"max_hp_gain":0.0,"max_hp_loss":0.0,"gold_gain":0.0,"cards_transformed":["Strike_G"],"event_name":"Transmorgrifier","player_choice":"Transformed","floor":21.0,"gold_loss":0.0,"damage_taken":0.0,"cards_obtained":["Catalyst"]},{"cards_removed":["Strike_G"],"damage_healed":0.0,"max_hp_gain":0.0,"max_hp_loss":0.0,"gold_gain":0.0,"event_name":"Beggar","player_choice":"Gave Gold","floor":22.0,"gold_loss":75.0,"damage_taken":0.0},{"damage_healed":0.0,"max_hp_gain":0.0,"max_hp_loss":0.0,"gold_gain":50.0,"event_name":"Nest","player_choice":"Stole From Cult","floor":31.0,"gold_loss":0.0,"damage_taken":0.0},{"damage_healed":0.0,"max_hp_gain":0.0,"max_hp_loss":0.0,"gold_gain":0.0,"event_name":"Winding Halls","player_choice":"Embrace Madness","floor":38.0,"gold_loss":0.0,"damage_taken":13.0,"cards_obtained":["Madness","Madness"]},{"cards_removed":["Neutralize"],"damage_healed":0.0,"max_hp_gain":0.0,"max_hp_loss":0.0,"gold_gain":0.0,"event_name":"Falling","player_choice":"Removed Attack","floor":39.0,"gold_loss":0.0,"damage_taken":0.0},{"damage_healed":0.0,"max_hp_gain":0.0,"max_hp_loss":0.0,"gold_gain":0.0,"cards_transformed":["Defend_G"],"event_name":"Transmorgrifier","player_choice":"Transformed","floor":45.0,"gold_loss":0.0,"damage_taken":0.0,"cards_obtained":["Deflect"]}],"is_beta":true,"boss_relics":[{"not_picked":["Tiny House","SlaversCollar"],"picked":"Empty Cage"},{"not_picked":["Ring of the Serpent","Black Star"],"picked":"Sozu"}],"items_purged_floors":[10],"is_endless":false,"potions_floor_spawned":[1,5,8,12,23,24,27,33,36,47,48,54],"ascension_level":16}}