{"host":"jzehok24c0182h89","time":1609543942,"event":{"mods":["Bard","BaseMod","Colored Map","Colored Powertips","Downfall","Hermit","Marisa????????","Minty Spire (QoL Compilation)","Random Character Button","Shade Mod","StSLib","The Alterego","The Blackbeard","The Bug Knight","The Construct","The Cursed","The Disciple","The Hierophant","The Necromancer","The Servant 0.9.4"],"gold_per_floor":[115,65,81,91,91,126,0,0,53,78,78,108,108,119,119,214,214,226,78,92,107,107,107,137,137,137,137,167,186,218,143,143,246,246,260,271,271,116,116,144,160,194,194,244,278,292,322,377,377,377,377,377,24,58,58],"floor_reached":56,"playtime":3302,"items_purged":["alterego_mod:Strike","alterego_mod:Weigh"],"score":1795,"play_id":"f456a1db-9696-45a8-a7e7-3769710f2f09","local_time":"20210101183222","is_ascension_mode":true,"campfire_choices":[{"data":"alterego_mod:GIGAMILK","floor":11,"key":"SMITH"},{"data":"alterego_mod:Mirror","floor":13,"key":"SMITH"},{"data":"alterego_mod:TrashNCrash","floor":15,"key":"SMITH"},{"data":"alterego_mod:BrynhildrsRune","floor":23,"key":"SMITH"},{"data":"alterego_mod:Pet","floor":25,"key":"SMITH"},{"data":"alterego_mod:Vow","floor":27,"key":"SMITH"},{"data":"alterego_mod:Support","floor":32,"key":"SMITH"},{"floor":49,"key":"RECALL"},{"data":"alterego_mod:GIGAMILK","floor":52,"key":"SMITH"}],"circlet_count":0,"master_deck":["alterego_mod:Strike","alterego_mod:Strike","alterego_mod:Strike","alterego_mod:Defend","alterego_mod:Defend","alterego_mod:Defend","alterego_mod:BrynhildrsRune+1","alterego_mod:Pet+1","alterego_mod:PerceptionDisorder","alterego_mod:TrashNCrash+1","alterego_mod:Mirror+1","alterego_mod:GIGAMILK+1","alterego_mod:Vow+1","alterego_mod:Birthday","alterego_mod:Pet+1","alterego_mod:Support+1","alterego_mod:RidiculouslyBig+1","alterego_mod:Pet+1","alterego_mod:RocketPunch+1","alterego_mod:SakuraFive+1","alterego_mod:Birthday+1","alterego_mod:GIGAMILK+1","alterego_mod:Birthday+1","alterego_mod:MagicResistance+1","alterego_mod:TrashNCrash","alterego_mod:Pet+1"],"relics":["Runic Dome","Boot","Dream Catcher","Odd Mushroom","Velvet Choker","Oddly Smooth Stone","Kunai","Pen Nib","HornCleat","Black Star","Vajra","Mango","Lantern","HollowMod:LifeEnderRelic","Sundial","Torii","Dead Branch","Mummified Hand","HollowMod:StagPassRelic","Art of War","HollowMod:QueensCombRelic","CatCart","Membership Card","Bird Faced Urn","Gremlin Horn","Ornamental Fan"],"acts_visited":["Exordium","TheCity","TheBeyond","TheEnding"],"potions_floor_usage":[18,21,28,33,55,55,55],"damage_taken":[{"damage":14,"enemies":"Jaw Worm","floor":1,"turns":7},{"damage":0,"enemies":"Small Slimes","floor":3,"turns":5},{"damage":2,"enemies":"2 Louse","floor":4,"turns":3},{"damage":31,"enemies":"HollowMod:MossKnight","floor":6,"turns":8},{"damage":29,"enemies":"3 Sentries","floor":10,"turns":9},{"damage":41,"enemies":"The Mushroom Lair","floor":12,"turns":4},{"damage":0,"enemies":"Large Slime","floor":14,"turns":5},{"damage":25,"enemies":"Hexaghost","floor":16,"turns":8},{"damage":20,"enemies":"3 Byrds","floor":18,"turns":3},{"damage":25,"enemies":"Shell Parasite","floor":20,"turns":6},{"damage":5,"enemies":"Snake Plant","floor":21,"turns":6},{"damage":0,"enemies":"HollowMod:Nosk","floor":24,"turns":7},{"damage":11,"enemies":"Slavers","floor":28,"turns":8},{"damage":4,"enemies":"3 Cultists","floor":29,"turns":6},{"damage":13,"enemies":"Gremlin Leader","floor":30,"turns":5},{"damage":0,"enemies":"Champ","floor":33,"turns":10},{"damage":1,"enemies":"Orb Walker","floor":35,"turns":4},{"damage":11,"enemies":"3 Shapes","floor":36,"turns":3},{"damage":0,"enemies":"Reptomancer","floor":40,"turns":1},{"damage":11,"enemies":"Spire Growth","floor":41,"turns":6},{"damage":0,"enemies":"Giant Head","floor":42,"turns":2},{"damage":0,"enemies":"Mind Bloom Boss Battle","floor":44,"turns":2},{"damage":0,"enemies":"Reptomancer","floor":45,"turns":2},{"damage":10,"enemies":"Maw","floor":46,"turns":5},{"damage":0,"enemies":"HollowMod:StalkingDevout","floor":47,"turns":2},{"damage":7,"enemies":"Orin","floor":48,"turns":8},{"damage":17,"enemies":"Time Eater","floor":50,"turns":5},{"damage":46,"enemies":"Shield and Spear","floor":54,"turns":5},{"damage":103,"enemies":"The Heart","floor":55,"turns":10}],"seed_played":"-2216230526921645954","potions_obtained":[{"floor":1,"key":"SpeedPotion"},{"floor":4,"key":"Strength Potion"},{"floor":12,"key":"SkillPotion"},{"floor":20,"key":"hexamod:EctoCoolerPotion"},{"floor":21,"key":"Ancient Potion"},{"floor":33,"key":"Block Potion"},{"floor":36,"key":"FairyPotion"},{"floor":42,"key":"PowerPotion"},{"floor":47,"key":"DistilledChaos"}],"is_trial":false,"path_per_floor":["M","?","M","M","?","E","$","?","T","E","R","?","R","M","R","B",null,"M","$","M","M","?","R","E","R","T","R","E","M","E","?","R","B",null,"M","M","?","$","?","E","M","E","T","?","E","M","E","?","R","B",null,"R","$","E","B",null],"character_chosen":"The_Alterego","items_purchased":["alterego_mod:Mirror","alterego_mod:Birthday","Vajra","Membership Card","alterego_mod:Pet","Bird Faced Urn","AttackPotion"],"campfire_rested":0,"item_purchase_floors":[7,19,38,53,53,53,53],"current_hp_per_floor":[63,63,70,70,70,60,60,65,65,50,50,30,30,51,51,33,75,62,62,46,50,50,50,59,59,59,59,71,75,75,75,75,75,75,75,69,69,69,69,83,84,89,89,89,89,79,58,58,58,51,58,58,58,39,51],"gold":58,"neow_bonus":"BOSS_RELIC","is_daily":false,"chose_seed":false,"campfire_upgraded":8,"win_rate":0.0,"timestamp":1609543942,"path_taken":["M","?","M","M","?","E","$","?","T","E","R","?","R","M","R","BOSS","M","$","M","M","?","R","E","R","T","R","E","M","E","?","R","BOSS","M","M","?","$","?","E","M","E","T","?","E","M","E","?","R","BOSS","R","$","E","BOSS"],"items_purchased_type":["Card","Card","Relic","Relic","Card","Relic","Potion"],"build_version":"2020-12-22","purchased_purges":2,"victory":true,"max_hp_per_floor":[70,70,70,70,70,70,70,75,75,75,75,75,75,75,75,75,75,75,75,75,75,75,75,75,75,75,75,75,75,75,75,75,75,75,75,75,75,75,75,89,89,89,89,89,89,89,58,58,58,58,58,58,58,58,58],"card_choices":[{"not_picked":["alterego_mod:BusterCard","alterego_mod:Skirt"],"picked":"alterego_mod:Pet","floor":1},{"not_picked":["alterego_mod:Skirt","alterego_mod:SakuraLabyrinth"],"picked":"alterego_mod:PerceptionDisorder","floor":3},{"not_picked":["alterego_mod:HighServant","alterego_mod:PresenceConcealment","alterego_mod:MaintainEyeContact"],"picked":"SKIP","floor":4},{"not_picked":["alterego_mod:PurpleHair","alterego_mod:BoobPocket"],"picked":"alterego_mod:TrashNCrash","floor":6},{"not_picked":["alterego_mod:Cooking","alterego_mod:DeftHands"],"picked":"alterego_mod:GIGAMILK","floor":10},{"not_picked":["alterego_mod:Swimsuit","alterego_mod:Bloomers","alterego_mod:Mirror"],"picked":"SKIP","floor":14},{"not_picked":["alterego_mod:Palingenesis","alterego_mod:Alter"],"picked":"alterego_mod:Vow","floor":16},{"not_picked":["alterego_mod:Mirror","alterego_mod:Cooking"],"picked":"alterego_mod:DustData+1","floor":18},{"not_picked":["alterego_mod:DiscoLights","alterego_mod:Complex"],"picked":"alterego_mod:Pet+1","floor":20},{"not_picked":["alterego_mod:Skirt","alterego_mod:Maid+1"],"picked":"alterego_mod:PerceptionDisorder","floor":21},{"not_picked":["alterego_mod:Venus","alterego_mod:PerceptionDisorder"],"picked":"alterego_mod:RidiculouslyBig+1","floor":24},{"not_picked":["alterego_mod:Nekomimi+1","alterego_mod:Birthday"],"picked":"alterego_mod:Pet+1","floor":28},{"not_picked":["alterego_mod:Bounce+1","alterego_mod:Nekomimi"],"picked":"alterego_mod:RocketPunch+1","floor":29},{"not_picked":["alterego_mod:BoobPocket","alterego_mod:Belts+1"],"picked":"alterego_mod:SakuraFive+1","floor":30},{"not_picked":["alterego_mod:Schoolgirl","alterego_mod:BeGentle"],"picked":"alterego_mod:Birthday+1","floor":35},{"not_picked":["alterego_mod:Rip+1","alterego_mod:PerceptionDisorder","alterego_mod:Bounce+1"],"picked":"SKIP","floor":36},{"not_picked":["alterego_mod:HighServant","alterego_mod:Belle+1"],"picked":"alterego_mod:GIGAMILK","floor":40},{"not_picked":["alterego_mod:Punishment+1","alterego_mod:TrashNCrash","alterego_mod:Belle"],"picked":"SKIP","floor":41},{"not_picked":["alterego_mod:PerceptionDisorder","alterego_mod:Swimsuit+1","alterego_mod:Belle+1"],"picked":"SKIP","floor":42},{"not_picked":["alterego_mod:Cycle","alterego_mod:HighServant+1"],"picked":"alterego_mod:Birthday+1","floor":45},{"not_picked":["alterego_mod:Stockings","alterego_mod:Punishment"],"picked":"alterego_mod:MagicResistance+1","floor":46},{"not_picked":["alterego_mod:GIGAMILK","alterego_mod:Collar+1","alterego_mod:HighServant+1"],"picked":"SKIP","floor":47},{"not_picked":["alterego_mod:DiscoLights","alterego_mod:Lingerie+1"],"picked":"alterego_mod:TrashNCrash","floor":48},{"not_picked":["alterego_mod:Exercise","alterego_mod:Cycle","alterego_mod:Cooking+1"],"picked":"SKIP","floor":54}],"player_experience":839723,"relics_obtained":[{"floor":6,"key":"Boot"},{"floor":10,"key":"Dream Catcher"},{"floor":12,"key":"Odd Mushroom"},{"floor":24,"key":"Oddly Smooth Stone"},{"floor":26,"key":"Kunai"},{"floor":28,"key":"Pen Nib"},{"floor":30,"key":"HornCleat"},{"floor":40,"key":"Mango"},{"floor":40,"key":"Lantern"},{"floor":42,"key":"HollowMod:LifeEnderRelic"},{"floor":42,"key":"Sundial"},{"floor":43,"key":"Torii"},{"floor":44,"key":"Dead Branch"},{"floor":45,"key":"Mummified Hand"},{"floor":45,"key":"HollowMod:StagPassRelic"},{"floor":47,"key":"Art of War"},{"floor":47,"key":"HollowMod:QueensCombRelic"},{"floor":48,"key":"CatCart"},{"floor":54,"key":"Gremlin Horn"},{"floor":54,"key":"Ornamental Fan"}],"event_choices":[{"cards_removed":["alterego_mod:Impale"],"damage_healed":0,"gold_gain":0,"player_choice":"Card Removal","damage_taken":0,"max_hp_gain":0,"max_hp_loss":0,"event_name":"The Cleric","floor":2,"gold_loss":50},{"damage_healed":0,"gold_gain":0,"cards_transformed":["alterego_mod:BigMeatyClaws"],"player_choice":"Change","damage_taken":0,"max_hp_gain":0,"max_hp_loss":0,"event_name":"Living Wall","floor":5,"gold_loss":0,"cards_obtained":["alterego_mod:Weigh"]},{"damage_healed":0,"gold_gain":0,"player_choice":"Donut","damage_taken":0,"max_hp_gain":5,"max_hp_loss":0,"event_name":"Big Fish","floor":8,"gold_loss":0},{"damage_healed":0,"gold_gain":0,"player_choice":"Fought Mushrooms","damage_taken":0,"max_hp_gain":0,"max_hp_loss":0,"event_name":"Mushrooms","floor":12,"gold_loss":0},{"damage_healed":0,"gold_gain":0,"player_choice":"Read","damage_taken":0,"max_hp_gain":0,"max_hp_loss":0,"event_name":"The Library","floor":22,"gold_loss":0,"cards_obtained":["alterego_mod:Support"]},{"cards_removed":["alterego_mod:Defend"],"damage_healed":0,"gold_gain":0,"player_choice":"Gave Gold","damage_taken":0,"max_hp_gain":0,"max_hp_loss":0,"event_name":"Beggar","floor":31,"gold_loss":75},{"damage_healed":0,"gold_gain":0,"player_choice":"Ignored","damage_taken":0,"max_hp_gain":0,"max_hp_loss":0,"event_name":"Tomb of Lord Red Mask","floor":37,"gold_loss":0},{"cards_removed":["alterego_mod:PerceptionDisorder"],"damage_healed":0,"gold_gain":0,"player_choice":"Removed Power","damage_taken":0,"max_hp_gain":0,"max_hp_loss":0,"event_name":"Falling","floor":39,"gold_loss":0},{"damage_healed":0,"gold_gain":0,"player_choice":"Fight","damage_taken":0,"max_hp_gain":0,"max_hp_loss":0,"event_name":"MindBloom","floor":44,"gold_loss":0},{"damage_healed":0,"gold_gain":0,"player_choice":"Fight","damage_taken":0,"max_hp_gain":0,"max_hp_loss":0,"event_name":"OrinTheCat","floor":48,"gold_loss":0}],"is_beta":false,"boss_relics":[{"not_picked":["construct:WeddingRing","Coffee Dripper"],"picked":"Velvet Choker"},{"not_picked":["Sozu","Tiny House"],"picked":"Black Star"}],"items_purged_floors":[7,19],"is_endless":false,"potions_floor_spawned":[1,4,12,20,21,33,36,42,45,47,54],"ascension_level":4}}