{"host":"sav7uxregyirlf69","time":1609508938,"event":{"mods":["AchievementEnabler","BaseMod","Colored Map","DeckTracker","Keyboard Shortcuts","Minty Spire (QoL Compilation)","READ ME - Guardian Mod","StSLib","SuperFastMode"],"gold_per_floor":[111,111,36,36,50,50,75,105,105,143,157,181,206,206,206,206,206],"floor_reached":16,"playtime":224,"items_purged":[],"score":204,"play_id":"2d02f204-14f0-496d-9db3-72e9606e9033","local_time":"20210101224858","is_ascension_mode":true,"campfire_choices":[{"data":"Neutralize","floor":6.0,"key":"SMITH"},{"data":"Calculated Gamble","floor":15,"key":"SMITH"}],"circlet_count":0,"master_deck":["AscendersBane","Strike_G","Strike_G","Strike_G","Strike_G","Defend_G","Defend_G","Defend_G","Defend_G","Defend_G","Survivor","Neutralize+1","Reflex","Calculated Gamble+1","Footwork","Deadly Poison","Dagger Throw","Blade Dance"],"relics":["Ring of the Snake","Golden Idol","Matryoshka","Regal Pillow","StrikeDummy","Pear"],"acts_visited":[],"potions_floor_usage":[10,16,16],"damage_taken":[{"damage":1.0,"enemies":"Jaw Worm","floor":1.0,"turns":4.0},{"damage":9.0,"enemies":"2 Louse","floor":5.0,"turns":3.0},{"damage":0.0,"enemies":"Small Slimes","floor":7.0,"turns":4.0},{"damage":6,"enemies":"Gremlin Nob","floor":10,"turns":3},{"damage":6,"enemies":"3 Louse","floor":11,"turns":4},{"damage":15,"enemies":"Large Slime","floor":12,"turns":6},{"damage":3,"enemies":"2 Fungi Beasts","floor":13,"turns":3},{"damage":33,"enemies":"Slime Boss","floor":16,"turns":6}],"seed_played":"5632455131754171797","potions_obtained":[{"floor":0.0,"key":"GhostInAJar"},{"floor":0.0,"key":"FearPotion"},{"floor":10,"key":"Swift Potion"}],"is_trial":false,"path_per_floor":["M","?","?","T","M","R","M","?","T","E","M","M","M","?","R","B"],"character_chosen":"THE_SILENT","items_purchased":[],"campfire_rested":0,"item_purchase_floors":[],"current_hp_per_floor":[58,58,58,58,49,49,49,49,49,53,47,32,29,29,29,0,0],"gold":206,"neow_bonus":"THREE_SMALL_POTIONS","is_daily":false,"chose_seed":false,"campfire_upgraded":2,"win_rate":0.0,"timestamp":1609508938,"path_taken":["M","?","?","?","M","R","M","?","T","E","M","M","M","?","R","BOSS"],"items_purchased_type":[],"build_version":"2020-12-22","purchased_purges":0,"victory":false,"max_hp_per_floor":[66,60,60,60,60,60,60,60,60,70,70,70,70,70,70,70,70],"card_choices":[{"not_picked":["Underhanded Strike","Quick Slash"],"picked":"Reflex","floor":1.0},{"not_picked":["Leg Sweep","Sucker Punch","Cloak And Dagger"],"picked":"SKIP","floor":5.0},{"not_picked":["Eviscerate","Quick Slash"],"picked":"Calculated Gamble","floor":7.0},{"not_picked":["Flechettes","Riddle With Holes"],"picked":"Footwork","floor":10},{"not_picked":["Doppelganger","Calculated Gamble"],"picked":"Deadly Poison","floor":11},{"not_picked":["Choke","Calculated Gamble"],"picked":"Dagger Throw","floor":12},{"not_picked":["Distraction","Catalyst"],"picked":"Blade Dance","floor":13}],"player_experience":1100362,"relics_obtained":[{"floor":4.0,"key":"Matryoshka"},{"floor":9,"key":"Regal Pillow"},{"floor":9,"key":"StrikeDummy"},{"floor":10,"key":"Pear"}],"event_choices":[{"damage_healed":0.0,"max_hp_gain":0.0,"max_hp_loss":6.0,"gold_gain":0.0,"event_name":"Golden Idol","player_choice":"Lose Max HP","floor":2.0,"gold_loss":0.0,"damage_taken":0.0,"relics_obtained":["Golden Idol"]},{"cards_removed":["Strike_G"],"damage_healed":0.0,"max_hp_gain":0.0,"max_hp_loss":0.0,"gold_gain":0.0,"event_name":"The Cleric","player_choice":"Card Removal","floor":3.0,"gold_loss":75.0,"damage_taken":0.0},{"damage_healed":0,"gold_gain":30,"player_choice":"Searched \u00271\u0027 times","damage_taken":0,"max_hp_gain":0,"max_hp_loss":0,"event_name":"Dead Adventurer","floor":8,"gold_loss":0},{"damage_healed":0,"gold_gain":0,"player_choice":"Ignored","damage_taken":0,"max_hp_gain":0,"max_hp_loss":0,"event_name":"Liars Game","floor":14,"gold_loss":0}],"is_beta":false,"boss_relics":[],"items_purged_floors":[],"is_endless":false,"potions_floor_spawned":[5,10,12],"killed_by":"Slime Boss","ascension_level":20}}