{"host":"sc0o2qwpf9j16a4i","time":1609519703,"event":{"mods":["AchievementEnabler","BaseMod","BetterRewards","Block Reminder","Colored Map","Colored Powertips","Custom Start","Highlight Path","Minty Spire (QoL Compilation)","Relic Stats"],"gold_per_floor":[99,20,20,20,0,0,0,0,0,0,0,0,0,0,0,0,0,0,0,0,0,0,0,0,0,0,0,0,0,0,0,0,0,0,0,0,0,0,0,0,0,0,0,0,0,0,0],"floor_reached":46,"playtime":1396,"items_purged":[],"score":1203,"play_id":"e85369ab-bd1d-45eb-9a9b-c9188c834908","local_time":"20210101184823","is_ascension_mode":true,"campfire_choices":[{"floor":6.0,"key":"REST"},{"floor":10.0,"key":"REST"},{"data":"Inflame","floor":12.0,"key":"SMITH"},{"floor":15.0,"key":"REST"},{"floor":25,"key":"REST"},{"floor":28,"key":"REST"},{"floor":30,"key":"REST"},{"data":"Limit Break","floor":32,"key":"SMITH"},{"data":"True Grit","floor":44,"key":"SMITH"}],"circlet_count":0,"master_deck":["AscendersBane","Strike_R","Strike_R","Defend_R","Defend_R","Defend_R","Defend_R","Cleave","Iron Wave","Shockwave","Pommel Strike","Spot Weakness","True Grit","Inflame+1","Clothesline","Limit Break+1","Entrench","Heavy Blade","Dark Embrace","Feel No Pain","Headbutt","True Grit+1","Sever Soul","Decay","Reaper","Disarm","Dual Wield","Inflame","Fiend Fire","Inflame","Entrench","Magnetism","Flame Barrier","Reaper","Heavy Blade"],"relics":["Ectoplasm","Bag of Preparation","Anchor","Dream Catcher","Snecko Eye","Red Mask","Pen Nib","InkBottle","Akabeko","Runic Cube","Boot","Regal Pillow","Meat on the Bone"],"acts_visited":["Exordium","TheCity","TheBeyond"],"potions_floor_usage":[33,33,40,42,42],"damage_taken":[{"damage":9.0,"enemies":"Jaw Worm","floor":1.0,"turns":4.0},{"damage":3.0,"enemies":"2 Louse","floor":3.0,"turns":3.0},{"damage":17.0,"enemies":"Small Slimes","floor":4.0,"turns":4.0},{"damage":30.0,"enemies":"3 Sentries","floor":7.0,"turns":8.0},{"damage":0.0,"enemies":"Exordium Wildlife","floor":8.0,"turns":3.0},{"damage":0.0,"enemies":"Blue Slaver","floor":11.0,"turns":2.0},{"damage":0.0,"enemies":"2 Fungi Beasts","floor":13.0,"turns":4.0},{"damage":0.0,"enemies":"Slime Boss","floor":16.0,"turns":4.0},{"damage":21.0,"enemies":"3 Byrds","floor":18.0,"turns":4.0},{"damage":1.0,"enemies":"2 Thieves","floor":20.0,"turns":3.0},{"damage":24.0,"enemies":"Masked Bandits","floor":21.0,"turns":4.0},{"damage":0.0,"enemies":"Snake Plant","floor":22.0,"turns":3.0},{"damage":8.0,"enemies":"Book of Stabbing","floor":23.0,"turns":4.0},{"damage":44,"enemies":"Slavers","floor":29,"turns":6},{"damage":70,"enemies":"Collector","floor":33,"turns":9},{"damage":9,"enemies":"Orb Walker","floor":35,"turns":3},{"damage":1,"enemies":"3 Shapes","floor":36,"turns":3},{"damage":42,"enemies":"Nemesis","floor":40,"turns":11},{"damage":32,"enemies":"Giant Head","floor":42,"turns":6},{"damage":28,"enemies":"Spire Growth","floor":45,"turns":5},{"damage":68,"enemies":"Reptomancer","floor":46,"turns":2}],"seed_played":"1132953906796103057","potions_obtained":[{"floor":3.0,"key":"ColorlessPotion"},{"floor":11.0,"key":"PowerPotion"},{"floor":13.0,"key":"AttackPotion"},{"floor":20.0,"key":"Ancient Potion"},{"floor":22.0,"key":"SteroidPotion"},{"floor":23,"key":"SpeedPotion"},{"floor":35,"key":"Dexterity Potion"},{"floor":36,"key":"Energy Potion"},{"floor":40,"key":"ElixirPotion"}],"is_trial":false,"path_per_floor":["M","$","M","M","?","R","E","M","T","R","M","R","M","?","R","B",null,"M","?","M","?","M","E","?","R","T","?","R","E","R","?","R","B",null,"M","M","?","?","T","E","?","E","T","R","M","E"],"character_chosen":"IRONCLAD","items_purchased":["Fire Potion","Iron Wave"],"campfire_rested":6,"item_purchase_floors":[2,2],"current_hp_per_floor":[59,59,56,39,39,61,31,31,31,53,53,53,53,42,64,64,72,51,51,50,26,26,18,18,40,40,40,62,38,60,60,60,21,62,54,69,69,59,59,32,32,66,66,66,65,0,0],"gold":0,"neow_bonus":"BOSS_RELIC","is_daily":false,"chose_seed":false,"campfire_upgraded":3,"win_rate":0.0,"timestamp":1609519703,"path_taken":["M","$","M","M","?","R","E","M","T","R","M","R","M","?","R","BOSS","M","?","M","?","M","E","?","R","T","?","R","E","R","?","R","BOSS","M","M","?","?","?","E","?","E","T","R","?","E"],"items_purchased_type":["Potion","Card"],"build_version":"2020-12-22","purchased_purges":0,"victory":false,"max_hp_per_floor":[75,75,75,75,75,75,75,75,75,75,75,75,75,75,75,75,75,75,75,75,75,75,75,75,75,75,75,75,75,75,75,75,75,75,75,75,75,75,75,75,75,75,75,75,75,75,75],"relic_stats":{"Dream Catcher":4,"Regal Pillow":0,"counters":[21,95],"Snecko Eye":[134,117,135,124],"Ectoplasm":681,"Pen Nib":[7],"Bag of Preparation":[34],"Boot":[0],"obtain_stats":[{"Regal Pillow":42,"Pen Nib":23,"Bag of Preparation":7,"Boot":40,"Burning Blood":0,"Akabeko":29,"Anchor":9,"Dream Catcher":14,"Snecko Eye":17,"Ectoplasm":0,"Red Mask":21,"InkBottle":26,"Runic Cube":34,"Meat on the Bone":43},{"Regal Pillow":19,"Pen Nib":13,"Bag of Preparation":4,"Boot":18,"Burning Blood":0,"Akabeko":14,"Anchor":5,"Dream Catcher":7,"Snecko Eye":8,"Ectoplasm":0,"Red Mask":11,"InkBottle":13,"Runic Cube":15,"Meat on the Bone":19},{"Regal Pillow":88,"Pen Nib":50,"Bag of Preparation":19,"Boot":82,"Burning Blood":0,"Akabeko":56,"Anchor":22,"Dream Catcher":28,"Snecko Eye":32,"Ectoplasm":0,"Red Mask":43,"InkBottle":50,"Runic Cube":65,"Meat on the Bone":88}],"InkBottle":[16],"Runic Cube":[15],"Meat on the Bone":0},"card_choices":[{"not_picked":["True Grit","Body Slam"],"picked":"Cleave","floor":1.0},{"not_picked":["Dual Wield","Perfected Strike"],"picked":"Shockwave","floor":3.0},{"not_picked":["Headbutt","Intimidate"],"picked":"Pommel Strike","floor":4.0},{"not_picked":["Sword Boomerang","Clothesline"],"picked":"Spot Weakness","floor":7.0},{"not_picked":["Infernal Blade","Flex"],"picked":"True Grit","floor":8.0},{"not_picked":["Heavy Blade","Cleave"],"picked":"Inflame","floor":11.0},{"not_picked":["Flex","Cleave"],"picked":"Clothesline","floor":13.0},{"not_picked":["Exhume","Corruption"],"picked":"Limit Break","floor":16.0},{"not_picked":["Cleave","Blood for Blood"],"picked":"Entrench","floor":18.0},{"not_picked":["Sword Boomerang","Sever Soul"],"picked":"Feel No Pain","floor":20.0},{"not_picked":["Hemokinesis","Warcry"],"picked":"Headbutt","floor":21.0},{"not_picked":["Warcry","Reckless Charge+1"],"picked":"True Grit","floor":22.0},{"not_picked":["Sever Soul","Warcry+1","Fire Breathing"],"picked":"SKIP","floor":23},{"not_picked":["Warcry+1","Fire Breathing"],"picked":"Sever Soul","floor":23},{"not_picked":["True Grit","Reckless Charge"],"picked":"Disarm","floor":28},{"not_picked":["Rupture","Shrug It Off"],"picked":"Dual Wield","floor":29},{"not_picked":["Berserk","Perfected Strike"],"picked":"Inflame","floor":30},{"not_picked":["Juggernaut","Immolate"],"picked":"Fiend Fire","floor":33},{"not_picked":["Clothesline+1","True Grit"],"picked":"Inflame","floor":35},{"not_picked":["Thunderclap","Body Slam"],"picked":"Entrench","floor":36},{"not_picked":["Blind","Mind Blast"],"picked":"Magnetism","floor":38},{"not_picked":["Combust","Iron Wave","Thunderclap+1"],"picked":"SKIP","floor":40},{"not_picked":["Sword Boomerang","Ghostly Armor"],"picked":"Reaper","floor":42},{"not_picked":["Havoc+1","Armaments"],"picked":"Heavy Blade","floor":45}],"player_experience":481545,"relics_obtained":[{"floor":7.0,"key":"Bag of Preparation"},{"floor":9.0,"key":"Anchor"},{"floor":21.0,"key":"Red Mask"},{"floor":23,"key":"Pen Nib"},{"floor":26,"key":"InkBottle"},{"floor":29,"key":"Akabeko"},{"floor":40,"key":"Boot"},{"floor":42,"key":"Regal Pillow"},{"floor":43,"key":"Meat on the Bone"}],"event_choices":[{"damage_healed":0.0,"max_hp_gain":0.0,"max_hp_loss":0.0,"gold_gain":0.0,"event_name":"World of Goop","player_choice":"Left Gold","floor":5.0,"gold_loss":20.0,"damage_taken":0.0},{"damage_healed":0.0,"max_hp_gain":0.0,"max_hp_loss":0.0,"gold_gain":0.0,"event_name":"Scrap Ooze","player_choice":"Success","floor":14.0,"gold_loss":0.0,"damage_taken":11.0,"relics_obtained":["Dream Catcher"]},{"damage_healed":0.0,"max_hp_gain":0.0,"max_hp_loss":0.0,"gold_gain":0.0,"cards_transformed":["Strike_R","Strike_R"],"event_name":"Drug Dealer","player_choice":"Became Test Subject","floor":19.0,"gold_loss":0.0,"damage_taken":0.0,"cards_obtained":["Heavy Blade","Dark Embrace"]},{"damage_healed":0.0,"max_hp_gain":0.0,"max_hp_loss":0.0,"gold_gain":0.0,"event_name":"Masked Bandits","player_choice":"Fought Bandits","floor":21.0,"gold_loss":0.0,"damage_taken":0.0},{"damage_healed":0,"gold_gain":0,"player_choice":"Smashed Altar","damage_taken":0,"max_hp_gain":0,"max_hp_loss":0,"event_name":"Forgotten Altar","floor":24,"gold_loss":0,"cards_obtained":["Decay"]},{"damage_healed":0,"gold_gain":0,"player_choice":"Read","damage_taken":0,"max_hp_gain":0,"max_hp_loss":0,"event_name":"The Library","floor":27,"gold_loss":0,"cards_obtained":["Reaper"]},{"damage_healed":0,"gold_gain":0,"player_choice":"Ignored","damage_taken":0,"max_hp_gain":0,"max_hp_loss":0,"event_name":"The Mausoleum","floor":31,"gold_loss":0},{"cards_removed":["Bash"],"damage_healed":0,"gold_gain":0,"player_choice":"Removed Attack","damage_taken":0,"max_hp_gain":0,"max_hp_loss":0,"event_name":"Falling","floor":37,"gold_loss":0},{"damage_healed":0,"gold_gain":0,"player_choice":"Memory 3","damage_taken":10,"max_hp_gain":0,"max_hp_loss":0,"event_name":"SensoryStone","floor":38,"gold_loss":0},{"damage_healed":0,"gold_gain":0,"cards_transformed":["Strike_R"],"player_choice":"Transformed","damage_taken":0,"max_hp_gain":0,"max_hp_loss":0,"event_name":"Transmorgrifier","floor":41,"gold_loss":0,"cards_obtained":["Flame Barrier"]}],"is_beta":false,"boss_relics":[{"not_picked":["Empty Cage","Pandora\u0027s Box"],"picked":"Snecko Eye"},{"not_picked":["Sozu","Mark of Pain"],"picked":"Runic Cube"}],"items_purged_floors":[],"is_endless":false,"potions_floor_spawned":[3,11,13,20,22,23,35,36,40],"killed_by":"Reptomancer","ascension_level":20}}