{"host":"zw3x6hwkln2702ol","time":1609481900,"event":{"mods":["AchievementEnabler","BaseMod","Card Forge","Colored Map","Minty Spire (QoL Compilation)","StSLib","TestMod"],"gold_per_floor":[113,134,150,150,550,598,619,619,645,683,702,9,9,24,24,123,123,143,164,164,200,31,82,82,138,138,138,163,163,203,230,230,328,328,351,374,60,60,60,119,143,164,190,226,249,267,307,339,339,341,341,341,17,64,66,66],"floor_reached":55,"playtime":3271,"items_purged":["Strike_G","Defend_G"],"score":1636,"play_id":"3e033e19-29f4-4ee3-87b0-bb86a4d1970b","local_time":"20210101141820","is_ascension_mode":true,"campfire_choices":[{"floor":8.0,"key":"REST"},{"data":"Neutralize","floor":15.0,"key":"SMITH"},{"data":"A Thousand Cuts","floor":24.0,"key":"SMITH"},{"data":"Caltrops","floor":27.0,"key":"SMITH"},{"data":"Night Terror","floor":32,"key":"SMITH"},{"floor":49,"key":"RECALL"},{"floor":52,"key":"REST"}],"circlet_count":0,"master_deck":["AscendersBane","Strike_G+1","Defend_G+1","Defend_G+1","Survivor+1","Neutralize+1","PiercingWail+1","Infinite Blades+1","Caltrops+1","Caltrops+1","Noxious Fumes+1","Dagger Spray+1","Storm of Steel+1","A Thousand Cuts+1","Noxious Fumes+1","Adrenaline+1","Catalyst+1","Backflip+1","Reflex+1","Backflip+1","Corpse Explosion+1","Night Terror+1","After Image+1","Acrobatics+1","Bullet Time+1","testmod-Superconductor+1","Madness+1","Madness+1","Tools of the Trade+1","Escape Plan+1","Finisher+1","Cloak And Dagger+1","Choke+1","Footwork+1","testmod-DisillusionmentEcho","Acrobatics+1"],"relics":["Ring of the Snake","Hammer of Thor","Seething Fire","Anvil of the Gods","testmod-TheFather","Golden Idol","Orichalcum","Bag of Marbles","Blood Vial","Mummified Hand","Letter Opener","testmod-CardMagician","testmod-ArcanaOfDestiny","StrikeDummy","Centennial Puzzle","testmod-StringDisintegrator","Vajra","Regal Pillow","Anchor","Happy Flower","Smiling Mask","OrangePellets","Ninja Scroll"],"acts_visited":["Exordium","TheCity","TheBeyond","TheEnding"],"potions_floor_usage":[33,42,47,50,50],"damage_taken":[{"damage":1.0,"enemies":"Jaw Worm","floor":1.0,"turns":3.0},{"damage":0.0,"enemies":"2 Louse","floor":2.0,"turns":2.0},{"damage":6.0,"enemies":"Small Slimes","floor":3.0,"turns":4.0},{"damage":29.0,"enemies":"Gremlin Nob","floor":6.0,"turns":5.0},{"damage":14.0,"enemies":"Exordium Thugs","floor":7.0,"turns":4.0},{"damage":18.0,"enemies":"Lagavulin","floor":10.0,"turns":8.0},{"damage":5.0,"enemies":"3 Louse","floor":11.0,"turns":3.0},{"damage":0.0,"enemies":"2 Fungi Beasts","floor":14.0,"turns":2.0},{"damage":11.0,"enemies":"The Guardian","floor":16.0,"turns":9.0},{"damage":9.0,"enemies":"2 Thieves","floor":18.0,"turns":2.0},{"damage":4.0,"enemies":"Shell Parasite","floor":19.0,"turns":6.0},{"damage":12.0,"enemies":"Centurion and Healer","floor":21.0,"turns":6.0},{"damage":2.0,"enemies":"Slavers","floor":23.0,"turns":3.0},{"damage":4.0,"enemies":"Gremlin Leader","floor":25.0,"turns":4.0},{"damage":0,"enemies":"Snake Plant","floor":28,"turns":3},{"damage":0,"enemies":"Slavers","floor":30,"turns":1},{"damage":0,"enemies":"Cultist and Chosen","floor":31,"turns":3},{"damage":0,"enemies":"Champ","floor":33,"turns":7},{"damage":0,"enemies":"Orb Walker","floor":35,"turns":2},{"damage":3,"enemies":"3 Darklings","floor":36,"turns":2},{"damage":0,"enemies":"Reptomancer","floor":40,"turns":3},{"damage":0,"enemies":"Sphere and 2 Shapes","floor":41,"turns":1},{"damage":14,"enemies":"Maw","floor":42,"turns":5},{"damage":9,"enemies":"Nemesis","floor":44,"turns":5},{"damage":0,"enemies":"3 Darklings","floor":45,"turns":1},{"damage":0,"enemies":"Spire Growth","floor":46,"turns":4},{"damage":1,"enemies":"Giant Head","floor":47,"turns":6},{"damage":2,"enemies":"Jaw Worm Horde","floor":48,"turns":2},{"damage":31,"enemies":"Time Eater","floor":50,"turns":6},{"damage":19,"enemies":"Shield and Spear","floor":54,"turns":4},{"damage":50,"enemies":"The Heart","floor":55,"turns":5}],"seed_played":"8844365565824910056","potions_obtained":[{"floor":1.0,"key":"SpeedPotion"},{"floor":3.0,"key":"SkillPotion"},{"floor":7.0,"key":"Explosive Potion"},{"floor":16.0,"key":"Weak Potion"},{"floor":18.0,"key":"Swift Potion"},{"floor":19.0,"key":"GamblersBrew"},{"floor":30,"key":"Energy Potion"},{"floor":33,"key":"SkillPotion"},{"floor":47,"key":"Regen Potion"},{"floor":48,"key":"Block Potion"}],"is_trial":false,"path_per_floor":["M","M","M","?","?","E","M","R","T","E","M","$","?","M","R","B",null,"M","M","?","M","$","E","R","E","T","R","M","?","E","M","R","B",null,"M","M","$","?","?","E","M","M","T","E","M","M","E","M","R","B",null,"R","$","E","B"],"character_chosen":"THE_SILENT","items_purchased":["Mummified Hand","Letter Opener","Block Potion","BlessingOfTheForge","Catalyst","testmod-Superconductor","Vajra","testmod-DisillusionmentEcho","OrangePellets"],"campfire_rested":2,"item_purchase_floors":[12,12,12,12,22,37,37,53,53],"current_hp_per_floor":[64,64,58,58,58,29,15,34,34,16,13,13,13,15,15,6,50,43,41,41,31,31,31,31,29,29,29,31,31,33,35,35,37,58,60,59,59,47,47,49,51,39,39,32,34,36,37,37,37,22,54,65,65,46,0,0],"gold":66,"neow_bonus":"TEN_PERCENT_HP_BONUS","is_daily":false,"chose_seed":false,"campfire_upgraded":4,"win_rate":0.0,"timestamp":1609481900,"path_taken":["M","M","M","?","?","E","M","R","T","E","M","$","?","?","R","BOSS","M","M","?","M","$","E","R","E","T","R","M","?","E","M","R","BOSS","M","M","$","?","?","E","M","M","T","E","?","M","E","M","R","BOSS","R","$","E","BOSS"],"items_purchased_type":["Relic","Relic","Potion","Potion","Card","Card","Relic","Card","Relic"],"build_version":"2020-12-22","purchased_purges":2,"victory":false,"max_hp_per_floor":[72,72,72,65,65,65,65,65,65,65,65,65,65,65,65,65,65,65,65,65,65,65,65,65,65,65,65,65,65,65,65,65,65,65,65,65,65,65,65,65,65,65,65,65,65,65,65,65,65,65,65,65,65,65,65,65],"card_choices":[{"not_picked":["Backstab","Dodge and Roll"],"picked":"PiercingWail","floor":1.0},{"not_picked":["Catalyst","Bane"],"picked":"Infinite Blades","floor":2.0},{"not_picked":["PiercingWail","Eviscerate"],"picked":"Caltrops","floor":3.0},{"not_picked":["Outmaneuver","Predator"],"picked":"Caltrops","floor":6.0},{"not_picked":["Underhanded Strike","PiercingWail","Prepared"],"picked":"SKIP","floor":7.0},{"not_picked":["Dodge and Roll","Deflect"],"picked":"Noxious Fumes","floor":10.0},{"not_picked":["Terror","Prepared"],"picked":"Dagger Spray","floor":11.0},{"not_picked":["Flying Knee","Catalyst"],"picked":"Storm of Steel","floor":14.0},{"not_picked":["Grand Finale","Storm of Steel"],"picked":"A Thousand Cuts","floor":16.0},{"not_picked":["Distraction","Prepared"],"picked":"Noxious Fumes","floor":18.0},{"not_picked":["Skewer","Prepared","Dagger Spray"],"picked":"SKIP","floor":19.0},{"not_picked":["Flying Knee","Quick Slash"],"picked":"Adrenaline","floor":21.0},{"not_picked":["Blade Dance","Accuracy+1"],"picked":"Backflip","floor":23.0},{"not_picked":["Expertise","Well Laid Plans"],"picked":"Reflex+1","floor":25.0},{"not_picked":["Flying Knee","Masterful Stab"],"picked":"Backflip","floor":28},{"not_picked":["Cloak And Dagger","Deflect"],"picked":"After Image","floor":30},{"not_picked":["Dodge and Roll+1","Backflip"],"picked":"Acrobatics","floor":31},{"not_picked":["Wraith Form v2","Grand Finale"],"picked":"Bullet Time","floor":33},{"not_picked":["Deflect+1","Dash","Sucker Punch+1"],"picked":"SKIP","floor":35},{"not_picked":["Backflip","Dodge and Roll","Outmaneuver"],"picked":"SKIP","floor":36},{"not_picked":["Sucker Punch","Escape Plan","Leg Sweep+1"],"picked":"SKIP","floor":40},{"not_picked":["Underhanded Strike","Riddle With Holes","Acrobatics"],"picked":"SKIP","floor":41},{"not_picked":["A Thousand Cuts","Dagger Spray+1"],"picked":"Escape Plan+1","floor":42},{"not_picked":["Bullet Time","Deflect"],"picked":"Finisher+1","floor":44},{"not_picked":["Distraction","Slice+1"],"picked":"Cloak And Dagger+1","floor":45},{"not_picked":["Deadly Poison+1","Flying Knee+1"],"picked":"Choke","floor":46},{"not_picked":["Wraith Form v2","Catalyst","Backstab"],"picked":"SKIP","floor":47},{"not_picked":["Blade Dance","Deflect"],"picked":"Footwork","floor":48},{"not_picked":["Sucker Punch","Riddle With Holes"],"picked":"Acrobatics+1","floor":54}],"player_experience":331362,"relics_obtained":[{"floor":6.0,"key":"Orichalcum"},{"floor":9.0,"key":"Bag of Marbles"},{"floor":10.0,"key":"Blood Vial"},{"floor":23.0,"key":"testmod-ArcanaOfDestiny"},{"floor":25.0,"key":"StrikeDummy"},{"floor":30,"key":"Centennial Puzzle"},{"floor":40,"key":"Regal Pillow"},{"floor":43,"key":"Anchor"},{"floor":44,"key":"Happy Flower"},{"floor":47,"key":"Smiling Mask"},{"floor":54,"key":"Ninja Scroll"}],"event_choices":[{"damage_healed":0.0,"max_hp_gain":0.0,"max_hp_loss":7.0,"gold_gain":0.0,"event_name":"Golden Idol","player_choice":"Lose Max HP","floor":4.0,"gold_loss":0.0,"damage_taken":0.0,"relics_obtained":["Golden Idol"]},{"damage_healed":0.0,"max_hp_gain":0.0,"max_hp_loss":0.0,"gold_gain":400.0,"event_name":"¶÷ÂåË¹µÄÅÌ×Ó","player_choice":"Sell","floor":5.0,"relics_lost":["testmod-TestBox"],"gold_loss":0.0,"damage_taken":0.0},{"cards_removed":["Strike_G"],"damage_healed":0.0,"max_hp_gain":0.0,"max_hp_loss":0.0,"gold_gain":0.0,"event_name":"Purifier","player_choice":"Purged","floor":13.0,"gold_loss":0.0,"damage_taken":0.0},{"cards_removed":["Strike_G"],"damage_healed":0.0,"max_hp_gain":0.0,"max_hp_loss":0.0,"gold_gain":0.0,"event_name":"Back to Basics","player_choice":"Elegance","floor":20.0,"gold_loss":0.0,"damage_taken":0.0},{"damage_healed":0,"gold_gain":0,"cards_transformed":["Defend_G","Defend_G"],"player_choice":"Became Test Subject","damage_taken":0,"max_hp_gain":0,"max_hp_loss":0,"event_name":"Drug Dealer","floor":29,"gold_loss":0,"cards_obtained":["Corpse Explosion","Night Terror"]},{"damage_healed":0,"gold_gain":0,"player_choice":"Embrace Madness","damage_taken":12,"max_hp_gain":0,"max_hp_loss":0,"event_name":"Winding Halls","floor":38,"gold_loss":0,"cards_obtained":["Madness","Madness"]},{"damage_healed":0,"gold_gain":0,"cards_transformed":["Strike_G"],"player_choice":"Transformed","damage_taken":0,"max_hp_gain":0,"max_hp_loss":0,"event_name":"Transmorgrifier","floor":39,"gold_loss":0,"cards_obtained":["Tools of the Trade"]}],"is_beta":false,"boss_relics":[{"not_picked":["testmod-Nine","testmod-NegativeEmotionEnhancer"],"picked":"testmod-CardMagician"},{"not_picked":["Velvet Choker","Busted Crown"],"picked":"testmod-StringDisintegrator"}],"items_purged_floors":[12,22],"is_endless":false,"potions_floor_spawned":[1,3,7,16,18,19,30,33,36,40,41,47,48],"killed_by":"The Heart","ascension_level":15}}