{"host":"ishme5wb80o83upk","time":1609526053,"event":{"mods":["Arknights The Spire","BaseMod","Minty Spire (QoL Compilation)","StSLib"],"gold_per_floor":[216,232,66,16,16,16,47,61,61,61,81,115,115,15,15,113,113,128,128,142,156,31,31,45,78,102,102,102,127,127,155,155,250,250,267,177,27,27,40,74,74,107,107,127,153,153,153],"floor_reached":46,"playtime":2612,"items_purged":["ats:Strike V","ats:Strike G","ats:Very Hot Blade","ats:Defend"],"score":741,"play_id":"b472525a-bd55-45d9-882e-db681a411e13","local_time":"20210102033413","is_ascension_mode":true,"campfire_choices":[{"data":"Discovery","floor":6.0,"key":"SMITH"},{"data":"ats:Emotion Absorption","floor":10.0,"key":"SMITH"},{"data":"ats:Neurotoxin","floor":13.0,"key":"SMITH"},{"data":"ats:Thorns","floor":15.0,"key":"SMITH"},{"data":"ats:Roar Of Ursus","floor":23.0,"key":"SMITH"},{"data":"Ghostly","floor":30.0,"key":"SMITH"},{"data":"Ghostly","floor":32.0,"key":"SMITH"},{"data":"ats:Disruption Kick","floor":41,"key":"SMITH"}],"circlet_count":0,"master_deck":["ats:Armor Crushing Shot","ats:Defend","ats:Emotion Absorption+1","ats:Neurotoxin+1","ats:Thorns+1","Discovery+1","ats:Flexible Camouflage","ats:Automatic Cover","ats:Poison Spread","ats:Roar Of Ursus+1","Ghostly+1","Ghostly+1","Ghostly+1","Ghostly","Ghostly","ats:Assault Order","ats:Burning Ground","ats:Directed Diagnosis+1","ats:Disruption Kick+1","ats:Sword Rain","ats:Burning Ground+1","ats:Shell Defense+1"],"relics":["ats:Sanity Plus","ats:Originium","HornCleat","Bottled Tornado","Pantograph","Runic Pyramid","Toy Ornithopter","Bag of Marbles","PreservedInsect","Oddly Smooth Stone","Centennial Puzzle","Ornamental Fan","Toxic Egg 2","ats:Berate"],"acts_visited":["Exordium","TheCity","TheBeyond"],"potions_floor_usage":[40,40,44,45,45],"damage_taken":[{"damage":4.0,"enemies":"2 Louse","floor":1.0,"turns":4.0},{"damage":10.0,"enemies":"Jaw Worm","floor":2.0,"turns":6.0},{"damage":24.0,"enemies":"3 Sentries","floor":7.0,"turns":8.0},{"damage":0.0,"enemies":"Small Slimes","floor":8.0,"turns":3.0},{"damage":4.0,"enemies":"Looter","floor":11.0,"turns":3.0},{"damage":8.0,"enemies":"Gremlin Nob","floor":12.0,"turns":4.0},{"damage":30.0,"enemies":"The Guardian","floor":16.0,"turns":9.0},{"damage":5.0,"enemies":"Shell Parasite","floor":18.0,"turns":8.0},{"damage":3.0,"enemies":"2 Thieves","floor":20.0,"turns":4.0},{"damage":6.0,"enemies":"Snake Plant","floor":21.0,"turns":6.0},{"damage":2.0,"enemies":"Snecko","floor":24.0,"turns":5.0},{"damage":5.0,"enemies":"Gremlin Leader","floor":25.0,"turns":6.0},{"damage":2.0,"enemies":"Book of Stabbing","floor":29.0,"turns":5.0},{"damage":0.0,"enemies":"Gremlin Leader","floor":31.0,"turns":6.0},{"damage":1.0,"enemies":"Automaton","floor":33.0,"turns":9.0},{"damage":4.0,"enemies":"Orb Walker","floor":35.0,"turns":8.0},{"damage":4.0,"enemies":"3 Shapes","floor":39.0,"turns":3.0},{"damage":5,"enemies":"Giant Head","floor":40,"turns":9},{"damage":14,"enemies":"Reptomancer","floor":42,"turns":8},{"damage":22,"enemies":"Writhing Mass","floor":44,"turns":7},{"damage":3,"enemies":"Giant Head","floor":45,"turns":8},{"damage":38,"enemies":"Transient","floor":46,"turns":1}],"seed_played":"-3714461502939804642","potions_obtained":[{"floor":12.0,"key":"Block Potion"},{"floor":18.0,"key":"DistilledChaos"},{"floor":20.0,"key":"DuplicationPotion"},{"floor":29.0,"key":"SteroidPotion"},{"floor":42,"key":"Regen Potion"},{"floor":44,"key":"Swift Potion"}],"is_trial":false,"path_per_floor":["M","M","$","?","?","R","E","M","T","R","M","E","R","$","R","B",null,"M","?","M","M","$","R","M","E","T","?","?","E","R","E","R","B",null,"M","?","$","T","M","E","R","E","T","M","E","M"],"character_chosen":"DOCTOR_CLASS","items_purchased":["Discovery"],"campfire_rested":0,"item_purchase_floors":[3],"current_hp_per_floor":[68,58,58,58,51,51,36,39,39,39,35,27,27,27,27,22,72,67,36,35,36,36,36,36,31,31,31,31,29,29,29,29,35,36,35,35,35,35,31,36,36,22,22,26,33,0,0],"gold":153,"neow_bonus":"HUNDRED_GOLD","is_daily":false,"chose_seed":false,"campfire_upgraded":8,"win_rate":0.0,"timestamp":1609526053,"path_taken":["M","M","$","?","?","R","E","M","T","R","M","E","R","$","R","BOSS","M","?","M","M","$","R","M","E","T","?","?","E","R","E","R","BOSS","M","?","?","?","?","E","R","E","T","M","E","M"],"items_purchased_type":["Card"],"build_version":"2020-12-22","purchased_purges":4,"victory":false,"max_hp_per_floor":[72,72,72,72,72,72,72,72,72,72,72,72,72,72,72,72,72,72,36,36,36,36,36,36,36,36,36,36,36,36,36,36,36,36,36,36,36,36,36,36,36,36,36,36,36,36,36],"card_choices":[{"not_picked":["ats:Consecutive Shot Auto","ats:Childhood Dance"],"picked":"ats:Neurotoxin","floor":1.0},{"not_picked":["ats:Hammer On","ats:Consecutive Shot Auto"],"picked":"ats:Thorns","floor":2.0},{"not_picked":["ats:Collapsing Strike","ats:Curse Doll"],"picked":"ats:Flexible Camouflage","floor":7.0},{"not_picked":["ats:Powerful Strike","ats:Nebulous Foxfire"],"picked":"ats:Automatic Cover","floor":8.0},{"not_picked":["ats:Childhood Dance","ats:Powerful Strike"],"picked":"ats:Poison Spread","floor":11.0},{"not_picked":["ats:Consecutive Shot Auto","ats:Directed Diagnosis"],"picked":"ats:Very Hot Blade","floor":12.0},{"not_picked":["ats:Fractured Body","ats:Echo Reverb"],"picked":"ats:Roar Of Ursus","floor":16.0},{"not_picked":["ats:Consecutive Shot Auto","ats:Ignite","ats:Healing Strengthening"],"picked":"SKIP","floor":18.0},{"not_picked":["ats:Cat Scratch","ats:Powerful Strike","ats:Consecutive Shot Auto"],"picked":"SKIP","floor":20.0},{"not_picked":["ats:Consecutive Shot Auto","ats:Encircling Forest"],"picked":"ats:Assault Order","floor":21.0},{"not_picked":["ats:Hook Shot+1","ats:Spore Proliferation","ats:Shell Defense"],"picked":"SKIP","floor":24.0},{"not_picked":["ats:Curse Doll","ats:Magnetic Hammer"],"picked":"ats:Burning Ground","floor":25.0},{"not_picked":["ats:Steam Pump","ats:Leaping Hammer"],"picked":"ats:Directed Diagnosis+1","floor":29.0},{"not_picked":["ats:Consecutive Shot Auto","ats:Shell Defense","ats:Shadow Assault"],"picked":"SKIP","floor":31.0},{"not_picked":["ats:Wolf Pack","ats:Fractured Body"],"picked":"ats:Disruption Kick","floor":33.0},{"not_picked":["ats:Flexible Camouflage","ats:Poison Spread"],"picked":"ats:Sword Rain","floor":35.0},{"not_picked":["ats:Revitalization","ats:Flexible Camouflage","ats:Apocalypse+1"],"picked":"SKIP","floor":39.0},{"not_picked":["ats:Childhood Dance","ats:Very Hot Blade"],"picked":"ats:Burning Ground+1","floor":40},{"not_picked":["ats:Hammer On+1","ats:Very Hot Blade+1"],"picked":"ats:Shell Defense+1","floor":42},{"not_picked":["ats:Assault Order+1","ats:Flexible Camouflage+1","ats:Shell Defense+1"],"picked":"SKIP","floor":44},{"not_picked":["ats:Collapsing Strike+1","ats:Beaten Up+1","ats:Childhood Dance+1"],"picked":"SKIP","floor":45}],"player_experience":1076203,"relics_obtained":[{"floor":7.0,"key":"ats:Originium"},{"floor":7.0,"key":"HornCleat"},{"floor":9.0,"key":"Bottled Tornado"},{"floor":12.0,"key":"ats:Originium"},{"floor":12.0,"key":"Pantograph"},{"floor":25.0,"key":"ats:Originium"},{"floor":25.0,"key":"Toy Ornithopter"},{"floor":26.0,"key":"Bag of Marbles"},{"floor":29.0,"key":"PreservedInsect"},{"floor":31.0,"key":"Oddly Smooth Stone"},{"floor":40,"key":"ats:Originium"},{"floor":40,"key":"Centennial Puzzle"},{"floor":42,"key":"Ornamental Fan"},{"floor":43,"key":"Toxic Egg 2"},{"floor":45,"key":"ats:Berate"}],"event_choices":[{"cards_removed":["ats:Defend"],"damage_healed":0.0,"max_hp_gain":0.0,"max_hp_loss":0.0,"gold_gain":0.0,"event_name":"The Cleric","player_choice":"Card Removal","floor":4.0,"gold_loss":50.0,"damage_taken":0.0},{"cards_removed":["ats:Strike C"],"damage_healed":0.0,"max_hp_gain":0.0,"max_hp_loss":0.0,"gold_gain":0.0,"event_name":"Golden Wing","player_choice":"Card Removal","floor":5.0,"gold_loss":0.0,"damage_taken":7.0},{"damage_healed":0.0,"max_hp_gain":0.0,"max_hp_loss":36.0,"gold_gain":0.0,"event_name":"Ghosts","player_choice":"Became a Ghost","floor":19.0,"gold_loss":0.0,"damage_taken":0.0,"cards_obtained":["Ghostly","Ghostly","Ghostly","Ghostly","Ghostly"]},{"cards_removed":["ats:Defend"],"damage_healed":0.0,"max_hp_gain":0.0,"max_hp_loss":0.0,"gold_gain":0.0,"event_name":"Back to Basics","player_choice":"Elegance","floor":27.0,"gold_loss":0.0,"damage_taken":0.0},{"damage_healed":0.0,"max_hp_gain":0.0,"max_hp_loss":0.0,"gold_gain":0.0,"event_name":"Vampires","player_choice":"Ignored","floor":28.0,"gold_loss":0.0,"damage_taken":0.0},{"cards_removed":["ats:Strike S"],"damage_healed":0.0,"max_hp_gain":0.0,"max_hp_loss":0.0,"gold_gain":0.0,"event_name":"Designer","player_choice":"Upgrade and Remove","floor":36.0,"gold_loss":90.0,"damage_taken":0.0,"cards_upgraded":["Ghostly"]}],"is_beta":false,"boss_relics":[{"not_picked":["Busted Crown","Ectoplasm"],"picked":"Runic Pyramid"},{"not_picked":["Runic Dome","Empty Cage"],"picked":"ats:Sanity Plus"}],"items_purged_floors":[3,14,22,37],"is_endless":false,"potions_floor_spawned":[12,18,20,29,42,44],"killed_by":"Transient","ascension_level":4}}