{"host":"5fasz840ryq7obdf","time":1609529281,"event":{"mods":["AchievementEnabler","BaseMod","Bestiary","Better Altar","Better Skull","Better Third Choice","BetterRewards","Block Reminder","Colored Powertips","Curses Come First","Highlight Path","Minty Spire (QoL Compilation)","Quick Restart","Relic Sorter","Relic Stats","Replay The Spire","Shop Mod","Spicy Shops","StSLib","SuperFastMode"],"gold_per_floor":[113,113,113,113,138,179,179,215,261,276,276,310,334,334,334,334,334],"floor_reached":16,"playtime":810,"items_purged":[],"score":340,"play_id":"a69b514e-d6ec-47c9-afaf-6a666c67e4bd","local_time":"20210101192801","is_ascension_mode":true,"campfire_choices":[{"data":"Fusion","floor":7.0,"key":"SMITH"},{"data":"FIFO Queue","floor":11.0,"key":"SMITH"}],"circlet_count":0,"master_deck":["AscendersBane","Strike_B","Strike_B","Strike_B","Strike_B","Defend_B","Defend_B","Defend_B","Zap","Dualcast","Biased Cognition","Coolheaded","Blizzard","Fusion+1","Regret","Pain","Capacitor","Compile Driver","Electrodynamics","FIFO Queue+1","Stack","Hologram","Aggregate"],"relics":["Cracked Core","Ice Cream","FrozenCore","Golden Idol","Juzu Bracelet","WarpedTongs","Mercury Hourglass","Replay:Baseball","Strawberry","Cables"],"acts_visited":["Exordium"],"potions_floor_usage":[14],"damage_taken":[{"damage":0.0,"enemies":"Cultist","floor":1.0,"turns":3.0},{"damage":4.0,"enemies":"Small Slimes","floor":5.0,"turns":2.0},{"damage":6.0,"enemies":"3 Sentries","floor":6.0,"turns":7.0},{"damage":3.0,"enemies":"Gremlin Nob","floor":8.0,"turns":3.0},{"damage":12.0,"enemies":"Jaw Worm","floor":10.0,"turns":2.0},{"damage":8.0,"enemies":"Lagavulin","floor":12.0,"turns":5.0},{"damage":3,"enemies":"Lots of Slimes","floor":13,"turns":2},{"damage":0,"enemies":"Exordium Wildlife","floor":14,"turns":1},{"damage":5,"enemies":"Slime Boss","floor":16,"turns":3}],"seed_played":"-7806036505312690903","potions_obtained":[{"floor":6.0,"key":"SmokeBomb"},{"floor":10.0,"key":"SpeedPotion"}],"is_trial":false,"path_per_floor":["M","?","?","?","M","E","R","E","T","M","R","E","M","M","R","B"],"character_chosen":"DEFECT","items_purchased":["Ice Cream","Biased Cognition","Coolheaded","Blizzard"],"campfire_rested":0,"item_purchase_floors":[0,0,0,0],"current_hp_per_floor":[32,32,32,32,28,22,22,19,26,14,14,6,3,3,3,0,0],"gold":334,"neow_bonus":"","is_daily":false,"chose_seed":false,"campfire_upgraded":2,"win_rate":0.0,"timestamp":1609529281,"path_taken":["M","?","?","?","M","E","R","E","T","M","R","E","M","M","R","BOSS"],"items_purchased_type":["Relic","Card","Card","Card"],"build_version":"2020-12-22","purchased_purges":0,"victory":false,"max_hp_per_floor":[71,64,64,64,64,64,64,64,71,71,71,71,71,71,71,71,71],"relic_stats":{"counters":[76,371],"Golden Idol":39,"Juzu Bracelet":1,"obtain_stats":[{"Ice Cream":0,"Divine Protection":40,"CeramicFish":31,"Vajra":9,"Runic Capacitor":0,"FrozenCore":0,"Sozu":17,"Replay:Frozen Program":0,"DollysMirror":31,"Strawberry":9,"HandDrill":0,"Kunai":25,"Happy Flower":19,"Oddly Smooth Stone":0,"Velvet Choker":17,"Pen Nib":6,"Cables":0,"WarpedTongs":4,"SlaversCollar":34,"Replay:Baseball":8,"ReplayTheSpireMod:Shallot":38,"Shuriken":9,"ReplayTheSpireMod:TigerMarble":8,"Symbiotic Virus":0,"Meat on the Bone":11,"Darkstone Periapt":30,"Lantern":0,"Torii":0,"Singing Bowl":0,"Juzu Bracelet":26,"Ancient Tea Set":14,"Emotion Chip":0,"Dream Catcher":29,"Replay:Bandana":47,"Mummified Hand":9,"Gambling Chip":6,"Tiny Chest":0,"Red Mask":20,"Cracked Core":0,"InkBottle":23,"Golden Idol":2,"PreservedInsect":28,"Geode":6,"Mercury Hourglass":6,"Peace Pipe":14,"DataDisk":25,"Orrery":0,"Turnip":21,"Garlic":0,"Membership Card":38,"TungstenRod":23},{"Ice Cream":18,"Divine Protection":52,"CeramicFish":46,"Vajra":61,"Runic Capacitor":25,"FrozenCore":67,"Sozu":9,"Replay:Frozen Program":25,"DollysMirror":17,"Strawberry":71,"HandDrill":25,"Kunai":14,"Happy Flower":10,"Oddly Smooth Stone":0,"Velvet Choker":39,"Pen Nib":23,"Cables":0,"WarpedTongs":68,"SlaversCollar":47,"Replay:Baseball":61,"ReplayTheSpireMod:Shallot":50,"Shuriken":6,"ReplayTheSpireMod:TigerMarble":35,"Symbiotic Virus":28,"Meat on the Bone":7,"Darkstone Periapt":17,"Lantern":28,"Torii":0,"Singing Bowl":0,"Juzu Bracelet":44,"Ancient Tea Set":8,"Emotion Chip":0,"Dream Catcher":45,"Replay:Bandana":54,"Mummified Hand":35,"Gambling Chip":5,"Tiny Chest":18,"Red Mask":11,"Cracked Core":0,"InkBottle":43,"Golden Idol":68,"PreservedInsect":16,"Geode":33,"Mercury Hourglass":70,"Peace Pipe":38,"DataDisk":44,"Orrery":0,"Turnip":41,"Garlic":56,"Membership Card":50,"TungstenRod":13},{"Ice Cream":76,"Divine Protection":261,"CeramicFish":213,"Vajra":317,"Runic Capacitor":103,"FrozenCore":343,"Sozu":31,"Replay:Frozen Program":103,"DollysMirror":66,"Strawberry":358,"HandDrill":103,"Kunai":50,"Happy Flower":35,"Oddly Smooth Stone":0,"Velvet Choker":164,"Pen Nib":97,"Cables":0,"WarpedTongs":346,"SlaversCollar":227,"Replay:Baseball":317,"ReplayTheSpireMod:Shallot":241,"Shuriken":18,"ReplayTheSpireMod:TigerMarble":144,"Symbiotic Virus":113,"Meat on the Bone":21,"Darkstone Periapt":66,"Lantern":113,"Torii":0,"Singing Bowl":0,"Juzu Bracelet":192,"Ancient Tea Set":24,"Emotion Chip":0,"Dream Catcher":204,"Replay:Bandana":278,"Mummified Hand":144,"Gambling Chip":15,"Tiny Chest":76,"Red Mask":36,"Cracked Core":0,"InkBottle":186,"Golden Idol":346,"PreservedInsect":61,"Geode":130,"Mercury Hourglass":355,"Peace Pipe":158,"DataDisk":192,"Orrery":0,"Turnip":173,"Garlic":298,"Membership Card":241,"TungstenRod":46}],"FrozenCore":[13],"WarpedTongs":[25],"Mercury Hourglass":[66],"Cables":[4,3,1,0,0]},"card_choices":[{"not_picked":["Panic Button","Melter"],"picked":"Fusion","floor":1.0},{"not_picked":["BasicCrystalCard","Cold Snap"],"picked":"Capacitor","floor":5.0},{"not_picked":["Leap","ReplayTheSpireMod:Repulse"],"picked":"Compile Driver","floor":6.0},{"not_picked":["Biased Cognition","Barrage"],"picked":"Electrodynamics","floor":8.0},{"not_picked":["Stack","Beam Cell"],"picked":"FIFO Queue","floor":10.0},{"not_picked":["ReplayTheSpireMod:System Scan","Fusion"],"picked":"Stack","floor":12.0},{"not_picked":["Turbo","ReplayTheSpireMod:GoodbyeWorld"],"picked":"Hologram","floor":13}],"player_experience":1343291,"relics_obtained":[{"floor":6.0,"key":"Mercury Hourglass"},{"floor":8.0,"key":"Replay:Baseball"},{"floor":9.0,"key":"Strawberry"},{"floor":12.0,"key":"Cables"}],"event_choices":[{"damage_healed":0.0,"max_hp_gain":0.0,"max_hp_loss":7.0,"gold_gain":0.0,"event_name":"Golden Idol","player_choice":"Lose Max HP","floor":2.0,"gold_loss":0.0,"damage_taken":0.0,"relics_obtained":["Golden Idol"]},{"damage_healed":0.0,"max_hp_gain":0.0,"max_hp_loss":0.0,"gold_gain":0.0,"event_name":"Big Fish","player_choice":"Box","floor":3.0,"gold_loss":0.0,"damage_taken":0.0,"relics_obtained":["Juzu Bracelet"],"cards_obtained":["Regret"]},{"damage_healed":0.0,"max_hp_gain":0.0,"max_hp_loss":0.0,"gold_gain":0.0,"event_name":"Accursed Blacksmith","player_choice":"Rummage","floor":4.0,"gold_loss":0.0,"damage_taken":0.0,"relics_obtained":["WarpedTongs"],"cards_obtained":["Pain"]}],"is_beta":false,"boss_relics":[],"items_purged_floors":[],"is_endless":false,"potions_floor_spawned":[6,10],"killed_by":"Slime Boss","ascension_level":20}}