{"host":"lkyw40t68mxhwfjf","time":1609499304,"event":{"mods":["2.2 Compatiblity","Act Like it!","Arknights The Spire","BaseMod","Hallownest","HololiveMod","Hubris","Koishi","Lobotomy","Marisa¡]Ãú«B¡@Å]²z¨F¡^","Minty Spire (QoL Compilation)","Prisma Mod","Reimu¡]³Õ???¡^","Remilia¡]Á¢¦Ì²ú?¡^","Replay The Spire","RumiaBox-ÅS¦Ì?ªº¯«¯µ²°¤l","StSLib","The Animator","The Servant 0.9.4","TheSwordswoman","WarShipGirlsR/??¤Ö¤kR mod","Youmu¡]»î¾z§¯?¡^","Yuyuko"],"gold_per_floor":[111,126,126,116,44,44,59,59,59,93,43,70,82,32,32,127,127,143,143,162,176,194,194,205,205,228,266,292,292,325,325,325],"floor_reached":31,"playtime":2558,"items_purged":[],"score":292,"play_id":"dfea81fc-5efe-4b4f-91ec-fc612bf466a1","local_time":"20210101190824","is_ascension_mode":false,"campfire_choices":[{"data":"ats:Emotion Absorption","floor":6,"key":"SMITH"},{"data":"ats:Ambush","floor":8,"key":"SMITH"},{"floor":15,"key":"REST"},{"data":"ats:Wolf Pack","floor":25,"key":"SMITH"},{"data":"ats:Dogmatic Field","floor":29,"key":"SMITH"}],"circlet_count":0,"master_deck":["ats:Strike C","ats:Strike G","ats:Armor Crushing Shot","ats:Defend","ats:Defend","ats:Defend","ats:Defend","ats:Emotion Absorption+1","ats:Cat Scratch","ats:Ambush+1","ats:Overload","ats:Leaping Hammer","ats:Powerful Strike","ats:Flexible Camouflage","ats:Apocalypse","ats:Hammer On","ats:Wolf Pack+1","ats:Assault Order","ats:Charging Defense","ats:Hammer On","ats:Blood Oath","ats:Shell Defense","ats:Dogmatic Field+1","ats:Poison Spread","hubris:Greed","ats:Explosion Area Strengthen","hubris:Greed","ats:Healing Strengthening+1","hubris:Greed","ats:Flexible Camouflage","hubris:Greed"],"relics":["ats:Sanity","ats:Originium","Shuriken","HornCleat","Hololive_Finger","ZombieArmy","ats:Hidden Killer"],"acts_visited":["Exordium","TheCity"],"potions_floor_usage":[27,31],"damage_taken":[{"damage":10,"enemies":"Jaw Worm","floor":1,"turns":5},{"damage":0,"enemies":"2 Louse","floor":2,"turns":2},{"damage":4,"enemies":"Cultist","floor":7,"turns":3},{"damage":14,"enemies":"3 Sentries","floor":10,"turns":9},{"damage":18,"enemies":"Lagavulin","floor":12,"turns":7},{"damage":0,"enemies":"2 Fungi Beasts","floor":13,"turns":4},{"damage":56,"enemies":"Hexaghost","floor":16,"turns":12},{"damage":14,"enemies":"Spheric Guardian","floor":18,"turns":4},{"damage":8,"enemies":"3 Byrds","floor":20,"turns":5},{"damage":17,"enemies":"Centurion and Healer","floor":21,"turns":7},{"damage":0,"enemies":"3 Cultists","floor":22,"turns":7},{"damage":44,"enemies":"Snake Plant","floor":24,"turns":7},{"damage":53,"enemies":"Gremlin Leader","floor":27,"turns":10},{"damage":16,"enemies":"Cultist and Chosen","floor":28,"turns":7},{"damage":22,"enemies":"Snecko","floor":30,"turns":5},{"damage":93,"enemies":"Slavers","floor":31,"turns":3}],"seed_played":"4110703969931961440","potions_obtained":[{"floor":2,"key":"Regen Potion"},{"floor":7,"key":"DuplicationPotion"},{"floor":10,"key":"MagicPotion:ReiMu"},{"floor":27,"key":"Adrenaline Potion"}],"is_trial":false,"path_per_floor":["M","M","?","?","$","R","M","R","T","E","?","E","M","$","R","B",null,"M","?","M","M","M","?","M","R","T","E","M","R","M","E"],"character_chosen":"DOCTOR_CLASS","items_purchased":["ats:Overload","ats:Hammer On"],"campfire_rested":1,"item_purchase_floors":[5,14],"current_hp_per_floor":[67,67,60,60,60,60,56,56,56,42,42,24,24,24,47,7,77,63,63,59,50,58,58,48,48,48,62,77,77,69,0,0],"gold":325,"neow_bonus":"RANDOM_EVENT","is_daily":false,"chose_seed":false,"campfire_upgraded":4,"win_rate":0.0,"timestamp":1609499304,"path_taken":["M","M","?","?","$","R","M","R","T","E","?","E","M","$","R","BOSS","M","?","M","M","?","?","M","R","T","E","M","R","M","E"],"items_purchased_type":["Card","Card"],"build_version":"2020-12-22","purchased_purges":0,"victory":false,"max_hp_per_floor":[77,77,77,77,77,77,77,77,77,77,77,77,77,77,77,77,77,77,77,77,77,77,77,77,77,77,77,77,77,77,77,77],"card_choices":[{"not_picked":["ats:Leaping Hammer","ats:Apocalypse"],"picked":"ats:Cat Scratch","floor":1},{"not_picked":["ats:Shell Defense","ats:Consecutive Shot Auto"],"picked":"ats:Ambush","floor":2},{"not_picked":["ats:Spore Proliferation","ats:Childhood Dance"],"picked":"ats:Leaping Hammer","floor":7},{"not_picked":["ats:Consecutive Shot Auto","ats:Charging Defense"],"picked":"ats:Powerful Strike","floor":10},{"not_picked":["ats:Poison Spread","ats:Revitalization"],"picked":"ats:Flexible Camouflage","floor":12},{"not_picked":["ats:Ignite","ats:Cat Scratch"],"picked":"ats:Apocalypse","floor":13},{"not_picked":["ats:Rat Pack","ats:Calcification"],"picked":"ats:Wolf Pack","floor":16},{"not_picked":["ats:Cat Scratch","ats:Revitalization+1"],"picked":"ats:Assault Order","floor":18},{"not_picked":["ats:Hook Shot","ats:Curse Doll"],"picked":"ats:Blood Oath","floor":20},{"not_picked":["ats:Chain Hook","ats:Childhood Dance"],"picked":"ats:Shell Defense","floor":21},{"not_picked":["ats:Powerful Strike+1","ats:Ignite","ats:Part Time Job"],"picked":"SKIP","floor":22},{"not_picked":["ats:Powerful Strike","ats:Consecutive Shot Auto"],"picked":"ats:Poison Spread","floor":24},{"not_picked":["ats:Poison Spread","ats:Spore Proliferation"],"picked":"ats:Explosion Area Strengthen","floor":27},{"not_picked":["ats:Leaping Hammer+1","ats:Powerful Strike"],"picked":"ats:Healing Strengthening+1","floor":28},{"not_picked":["ats:Curse Doll","ats:Healing Strengthening"],"picked":"ats:Flexible Camouflage","floor":30}],"player_experience":381901,"relics_obtained":[{"floor":10,"key":"ats:Originium"},{"floor":10,"key":"Shuriken"},{"floor":12,"key":"ats:Originium"},{"floor":12,"key":"HornCleat"},{"floor":26,"key":"ZombieArmy"},{"floor":27,"key":"ats:Originium"},{"floor":27,"key":"ats:Hidden Killer"}],"event_choices":[{"damage_healed":0,"gold_gain":0,"player_choice":"Donut","damage_taken":0,"max_hp_gain":5,"max_hp_loss":0,"event_name":"Big Fish","floor":0,"gold_loss":0},{"cards_removed":["ats:Strike V"],"damage_healed":0,"gold_gain":0,"player_choice":"Card Removal","damage_taken":7,"max_hp_gain":0,"max_hp_loss":0,"event_name":"Golden Wing","floor":3,"gold_loss":0},{"cards_removed":["ats:Strike S"],"damage_healed":0,"gold_gain":0,"player_choice":"Card Removal","damage_taken":0,"max_hp_gain":0,"max_hp_loss":0,"event_name":"The Cleric","floor":11,"gold_loss":50},{"damage_healed":0,"gold_gain":0,"player_choice":"2 cards matched","damage_taken":0,"max_hp_gain":0,"max_hp_loss":0,"event_name":"Match and Keep!","floor":19,"gold_loss":0,"cards_obtained":["ats:Charging Defense","ats:Hammer On"]},{"damage_healed":0,"gold_gain":0,"player_choice":"Read","damage_taken":0,"max_hp_gain":0,"max_hp_loss":0,"event_name":"The Library","floor":23,"gold_loss":0,"cards_obtained":["ats:Dogmatic Field"]}],"is_beta":false,"boss_relics":[{"not_picked":["Tiny House","ats:Sanity Plus"],"picked":"Hololive_Finger"}],"items_purged_floors":[],"is_endless":false,"potions_floor_spawned":[2,7,10,12,24,27,28],"killed_by":"Slavers","ascension_level":0}}