{"host":"9n6i2vl93jt4o42q","time":1609470775,"event":{"mods":["BaseMod","Minty Spire (QoL Compilation)","Relic Stats"],"gold_per_floor":[119,119,133,149,30,30,62,62,108,183,213,266,266,276,276,353,353,364,364,381,400,400,400],"floor_reached":22,"playtime":996,"items_purged":["Strike_R"],"score":378,"play_id":"e359e92a-ba20-4b7e-b972-8f054a05e6db","local_time":"20210101041255","is_ascension_mode":true,"campfire_choices":[{"data":"Rampage","floor":6,"key":"SMITH"},{"floor":8,"key":"REST"},{"data":"Clothesline","floor":15,"key":"SMITH"}],"circlet_count":0,"master_deck":["AscendersBane","Strike_R","Strike_R","Strike_R","Strike_R","Defend_R","Defend_R","Defend_R","Defend_R","Bash+1","Whirlwind+1","Dropkick","Rampage+1","Impervious","Fire Breathing","Flame Barrier","Clothesline+1","Feed","CurseOfTheBell","Headbutt+1"],"relics":["Burning Blood","Dream Catcher","Bronze Scales","Peace Pipe","Pen Nib","Calling Bell","Omamori","Letter Opener","StoneCalendar"],"acts_visited":["Exordium","TheCity"],"potions_floor_usage":[7,18,20,22],"damage_taken":[{"damage":5,"enemies":"2 Louse","floor":1,"turns":4},{"damage":12,"enemies":"Small Slimes","floor":3,"turns":2},{"damage":7,"enemies":"Jaw Worm","floor":4,"turns":2},{"damage":40,"enemies":"Lagavulin","floor":7,"turns":5},{"damage":30,"enemies":"3 Sentries","floor":11,"turns":4},{"damage":1,"enemies":"3 Louse","floor":14,"turns":2},{"damage":33,"enemies":"Hexaghost","floor":16,"turns":9},{"damage":36,"enemies":"Spheric Guardian","floor":18,"turns":5},{"damage":30,"enemies":"2 Thieves","floor":20,"turns":3},{"damage":16,"enemies":"Centurion and Healer","floor":21,"turns":7},{"damage":16,"enemies":"Snake Plant","floor":22,"turns":3}],"seed_played":"2641770643147276769","potions_obtained":[{"floor":1,"key":"Explosive Potion"},{"floor":3,"key":"Regen Potion"},{"floor":14,"key":"BloodPotion"},{"floor":18,"key":"FearPotion"}],"is_trial":false,"path_per_floor":["M","?","M","M","$","R","E","R","T","?","E","T","?","M","R","B",null,"M","?","M","M","M"],"character_chosen":"IRONCLAD","items_purchased":["Rampage"],"campfire_rested":1,"item_purchase_floors":[5],"current_hp_per_floor":[69,69,63,62,62,62,40,62,62,51,27,27,32,37,37,10,63,49,49,25,15,0,0],"gold":400,"neow_bonus":"UPGRADE_CARD","is_daily":false,"chose_seed":false,"campfire_upgraded":2,"win_rate":0.0,"timestamp":1609470775,"path_taken":["M","?","M","M","$","R","E","R","T","?","E","?","?","M","R","BOSS","M","?","M","M","M"],"items_purchased_type":["Card"],"build_version":"2020-12-22","purchased_purges":1,"victory":false,"max_hp_per_floor":[75,75,75,75,75,75,75,75,75,75,75,75,80,80,80,80,80,80,80,80,80,80,80],"relic_stats":{"Peace Pipe":0,"Dream Catcher":1,"counters":[11,46],"Bronze Scales":[84],"StoneCalendar":[49],"Pen Nib":[4],"Letter Opener":[0],"obtain_stats":[{"Peace Pipe":11,"Calling Bell":17,"Dream Catcher":7,"Bronze Scales":9,"StoneCalendar":17,"Pen Nib":12,"Omamori":17,"Letter Opener":17,"Burning Blood":0},{"Peace Pipe":5,"Calling Bell":7,"Dream Catcher":4,"Bronze Scales":4,"StoneCalendar":7,"Pen Nib":5,"Omamori":7,"Letter Opener":7,"Burning Blood":0},{"Peace Pipe":17,"Calling Bell":28,"Dream Catcher":13,"Bronze Scales":13,"StoneCalendar":28,"Pen Nib":17,"Omamori":28,"Letter Opener":28,"Burning Blood":0}],"Burning Blood":60},"card_choices":[{"not_picked":["Bloodletting","Twin Strike"],"picked":"Whirlwind","floor":1},{"not_picked":["Sentinel","True Grit"],"picked":"Dropkick","floor":3},{"not_picked":["Dual Wield","Evolve","Dark Embrace"],"picked":"SKIP","floor":4},{"not_picked":["Ghostly Armor","Havoc"],"picked":"Impervious","floor":7},{"not_picked":["Wild Strike","Shockwave"],"picked":"Fire Breathing","floor":8},{"not_picked":["Evolve","Perfected Strike"],"picked":"Flame Barrier","floor":11},{"not_picked":["Dark Embrace","Cleave"],"picked":"Clothesline","floor":14},{"not_picked":["Bludgeon","Fiend Fire"],"picked":"Feed","floor":16},{"not_picked":["Clothesline+1","Armaments"],"picked":"Headbutt+1","floor":18},{"not_picked":["Uppercut","Twin Strike","Anger"],"picked":"SKIP","floor":20},{"not_picked":["Searing Blow","Flex","True Grit"],"picked":"SKIP","floor":21}],"player_experience":2007083,"relics_obtained":[{"floor":7,"key":"Dream Catcher"},{"floor":9,"key":"Bronze Scales"},{"floor":11,"key":"Peace Pipe"},{"floor":12,"key":"Pen Nib"},{"floor":17,"key":"Omamori"},{"floor":17,"key":"Letter Opener"},{"floor":17,"key":"StoneCalendar"}],"event_choices":[{"damage_healed":0,"gold_gain":0,"player_choice":"Grow","damage_taken":0,"max_hp_gain":0,"max_hp_loss":0,"event_name":"Living Wall","floor":2,"gold_loss":0,"cards_upgraded":["Whirlwind"]},{"damage_healed":0,"gold_gain":75,"player_choice":"Gather Gold","damage_taken":11,"max_hp_gain":0,"max_hp_loss":0,"event_name":"World of Goop","floor":10,"gold_loss":0},{"damage_healed":0,"gold_gain":0,"player_choice":"Donut","damage_taken":0,"max_hp_gain":5,"max_hp_loss":0,"event_name":"Big Fish","floor":13,"gold_loss":0},{"damage_healed":0,"gold_gain":0,"player_choice":"Ignored","damage_taken":0,"max_hp_gain":0,"max_hp_loss":0,"event_name":"The Mausoleum","floor":19,"gold_loss":0}],"is_beta":false,"boss_relics":[{"not_picked":["SlaversCollar","SacredBark"],"picked":"Calling Bell"}],"items_purged_floors":[5],"is_endless":false,"potions_floor_spawned":[1,3,4,14,18],"killed_by":"Snake Plant","ascension_level":19}}