{"host":"n4oa921u88t6jog9","time":1609513889,"event":{"mods":["AchievementEnabler","BaseMod","DeckTracker","Keyboard Shortcuts","Minty Spire (QoL Compilation)","Quick Restart","StSLib","SuperFastMode"],"gold_per_floor":[116,132,145,158,168,168,197,209,236,236,270,270,289,306,306,377,377,376,259,259,259,184,184,261,261,286,186,206,220,95,110,110,186,186,201,201,226,226,76,76,94,94,94,113,113,132,151,505,505,505],"floor_reached":51,"playtime":2495,"items_purged":["Strike_G","Strike_G","Defend_G","Defend_G"],"score":1340,"play_id":"44872f4d-77cc-4f22-b4e9-191c25cd80b8","local_time":"20210102001128","is_ascension_mode":true,"campfire_choices":[{"data":"Well Laid Plans","floor":6.0,"key":"SMITH"},{"floor":10.0,"key":"REST"},{"data":"Acrobatics","floor":12.0,"key":"SMITH"},{"data":"Tactician","floor":15.0,"key":"SMITH"},{"data":"Reflex","floor":23.0,"key":"SMITH"},{"data":"Acrobatics","floor":25.0,"key":"SMITH"},{"data":"Backflip","floor":32.0,"key":"SMITH"},{"data":"Blur","floor":40,"key":"SMITH"},{"data":"Grand Finale","floor":49,"key":"SMITH"}],"circlet_count":0,"master_deck":["AscendersBane","Strike_G","Strike_G","Defend_G","Defend_G","Survivor","Neutralize","Die Die Die","Well Laid Plans+1","Blur+1","Grand Finale+1","Acrobatics+1","Leg Sweep","Acrobatics+1","Dagger Throw","Tactician+1","Backflip+1","Reflex+1","Escape Plan+1"],"relics":["Ring of the Snake","Bird Faced Urn","Strawberry","Akabeko","SacredBark","Art of War","Busted Crown","Unceasing Top","Oddly Smooth Stone","Old Coin"],"acts_visited":["Exordium","TheCity","TheBeyond"],"potions_floor_usage":[],"damage_taken":[{"damage":4.0,"enemies":"Small Slimes","floor":1.0,"turns":3.0},{"damage":0.0,"enemies":"2 Louse","floor":2.0,"turns":1.0},{"damage":0.0,"enemies":"Jaw Worm","floor":3.0,"turns":5.0},{"damage":0.0,"enemies":"3 Louse","floor":4.0,"turns":1.0},{"damage":12.0,"enemies":"2 Fungi Beasts","floor":5.0,"turns":5.0},{"damage":15.0,"enemies":"Gremlin Nob","floor":7.0,"turns":3.0},{"damage":9.0,"enemies":"Blue Slaver","floor":8.0,"turns":7.0},{"damage":0.0,"enemies":"Lagavulin","floor":11.0,"turns":5.0},{"damage":0.0,"enemies":"3 Louse","floor":13.0,"turns":1.0},{"damage":16.0,"enemies":"Exordium Thugs","floor":14.0,"turns":6.0},{"damage":8.0,"enemies":"The Guardian","floor":16.0,"turns":10.0},{"damage":5.0,"enemies":"2 Thieves","floor":18.0,"turns":4.0},{"damage":0.0,"enemies":"Spheric Guardian","floor":28.0,"turns":2.0},{"damage":0.0,"enemies":"Centurion and Healer","floor":29.0,"turns":3.0},{"damage":0.0,"enemies":"3 Cultists","floor":31.0,"turns":2.0},{"damage":0.0,"enemies":"Champ","floor":33.0,"turns":11.0},{"damage":8.0,"enemies":"Orb Walker","floor":35.0,"turns":4.0},{"damage":0.0,"enemies":"Mind Bloom Boss Battle","floor":37.0,"turns":5.0},{"damage":8,"enemies":"3 Darklings","floor":41,"turns":2},{"damage":0,"enemies":"Spire Growth","floor":44,"turns":3},{"damage":0,"enemies":"Transient","floor":46,"turns":6},{"damage":3,"enemies":"3 Darklings","floor":47,"turns":2},{"damage":12,"enemies":"2 Orb Walkers","floor":48,"turns":3},{"damage":6,"enemies":"Donu and Deca","floor":50,"turns":3}],"seed_played":"-2275929264494851408","potions_obtained":[{"floor":1.0,"key":"DistilledChaos"},{"floor":2.0,"key":"ColorlessPotion"},{"floor":8.0,"key":"FearPotion"},{"floor":16.0,"key":"ColorlessPotion"},{"floor":29.0,"key":"AttackPotion"},{"floor":31.0,"key":"Block Potion"},{"floor":37,"key":"SteroidPotion"}],"is_trial":false,"path_per_floor":["M","M","M","M","M","R","E","M","T","R","E","R","M","M","R","B",null,"M","$","?","?","?","R","T","R","T","$","M","M","$","M","R","B",null,"M","?","?","?","$","R","M","?","T","M","$","M","M","?","R","B",null],"character_chosen":"THE_SILENT","items_purchased":["Reflex"],"campfire_rested":1,"item_purchase_floors":[19],"current_hp_per_floor":[55,55,55,55,43,43,28,21,28,49,51,51,51,37,37,31,63,60,60,60,60,60,60,60,60,60,60,62,64,64,66,66,68,72,65,65,67,67,67,67,61,61,61,63,63,65,64,54,54,50],"gold":505,"neow_bonus":"ONE_RANDOM_RARE_CARD","is_daily":false,"chose_seed":false,"campfire_upgraded":8,"win_rate":0.0,"timestamp":1609513888,"path_taken":["M","M","M","M","M","R","E","M","T","R","E","R","M","M","R","BOSS","M","$","?","?","?","R","?","R","T","?","M","M","$","M","R","BOSS","M","?","?","?","?","R","M","?","T","M","$","M","?","?","R","BOSS"],"items_purchased_type":["Card"],"build_version":"2020-12-22","purchased_purges":4,"victory":true,"max_hp_per_floor":[66,66,66,66,66,66,66,66,73,73,73,73,73,73,73,73,73,73,73,73,73,73,73,73,73,73,73,73,73,73,73,73,73,73,73,73,73,73,73,73,73,69,69,69,69,69,69,69,69,69],"card_choices":[{"not_picked":["Heel Hook","Backflip"],"picked":"Well Laid Plans","floor":1.0},{"not_picked":["PiercingWail","Sucker Punch"],"picked":"Blur","floor":2.0},{"not_picked":["Prepared","PiercingWail"],"picked":"Grand Finale","floor":3.0},{"not_picked":["Deflect","Underhanded Strike"],"picked":"Acrobatics","floor":4.0},{"not_picked":["All Out Attack","Slice","Choke"],"picked":"SKIP","floor":5.0},{"not_picked":["Deflect","Calculated Gamble","Bane"],"picked":"SKIP","floor":7.0},{"not_picked":["Calculated Gamble","Flechettes"],"picked":"Leg Sweep","floor":8.0},{"not_picked":["Footwork","Envenom"],"picked":"Acrobatics","floor":11.0},{"not_picked":["Eviscerate","Dagger Throw","Outmaneuver"],"picked":"SKIP","floor":13.0},{"not_picked":["Eviscerate","Outmaneuver"],"picked":"Dagger Throw","floor":13.0},{"not_picked":["Poisoned Stab","Calculated Gamble"],"picked":"Tactician","floor":14.0},{"not_picked":["Deadly Poison","Setup"],"picked":"Backflip","floor":18.0},{"not_picked":["Poisoned Stab+1","Dodge and Roll"],"picked":"Escape Plan+1","floor":28.0},{"not_picked":["Underhanded Strike","Acrobatics","Dagger Spray"],"picked":"SKIP","floor":29.0},{"not_picked":["Flying Knee","Blade Dance","Sucker Punch"],"picked":"SKIP","floor":31.0},{"not_picked":["Flying Knee"],"picked":"SKIP","floor":35.0},{"not_picked":["Cloak And Dagger"],"picked":"SKIP","floor":41},{"not_picked":["Bane"],"picked":"SKIP","floor":44},{"not_picked":["Dash"],"picked":"SKIP","floor":46},{"not_picked":["Acrobatics+1"],"picked":"SKIP","floor":47}],"player_experience":374322,"relics_obtained":[{"floor":7.0,"key":"Bird Faced Urn"},{"floor":9.0,"key":"Strawberry"},{"floor":11.0,"key":"Akabeko"},{"floor":26.0,"key":"Art of War"},{"floor":37,"key":"Unceasing Top"},{"floor":43,"key":"Oddly Smooth Stone"},{"floor":48,"key":"Old Coin"}],"event_choices":[{"damage_healed":0.0,"max_hp_gain":0.0,"max_hp_loss":0.0,"gold_gain":0.0,"event_name":"The Mausoleum","player_choice":"Ignored","floor":20.0,"gold_loss":0.0,"damage_taken":0.0},{"damage_healed":0.0,"max_hp_gain":0.0,"max_hp_loss":0.0,"gold_gain":0.0,"event_name":"Cursed Tome","player_choice":"Ignored","floor":21.0,"gold_loss":0.0,"damage_taken":0.0},{"cards_removed":["Defend_G"],"damage_healed":0.0,"max_hp_gain":0.0,"max_hp_loss":0.0,"gold_gain":0.0,"event_name":"Beggar","player_choice":"Gave Gold","floor":22.0,"gold_loss":75.0,"damage_taken":0.0},{"cards_removed":["Strike_G"],"damage_healed":0.0,"max_hp_gain":0.0,"max_hp_loss":0.0,"gold_gain":0.0,"event_name":"Falling","player_choice":"Removed Attack","floor":36.0,"gold_loss":0.0,"damage_taken":0.0},{"damage_healed":0.0,"max_hp_gain":0.0,"max_hp_loss":0.0,"gold_gain":0.0,"event_name":"MindBloom","player_choice":"Fight","floor":37.0,"gold_loss":0.0,"damage_taken":0.0},{"damage_healed":0,"gold_gain":0,"player_choice":"Memory 1","damage_taken":0,"max_hp_gain":0,"max_hp_loss":0,"event_name":"SensoryStone","floor":38,"gold_loss":0},{"damage_healed":0,"gold_gain":0,"player_choice":"Max HP","damage_taken":0,"max_hp_gain":0,"max_hp_loss":4,"event_name":"Winding Halls","floor":42,"gold_loss":0},{"damage_healed":0,"gold_gain":0,"player_choice":"Fight","damage_taken":0,"max_hp_gain":0,"max_hp_loss":0,"event_name":"Mysterious Sphere","floor":48,"gold_loss":0}],"is_beta":false,"boss_relics":[{"not_picked":["Fusion Hammer","Velvet Choker"],"picked":"SacredBark"},{"not_picked":["Astrolabe","WristBlade"],"picked":"Busted Crown"}],"items_purged_floors":[19,27,30,39],"is_endless":false,"potions_floor_spawned":[1,2,4,8,16,29,31,37,41,47],"ascension_level":17}}