{"host":"ltca6yxwulbhza25","time":1609474455,"event":{"mods":["BaseMod","Colored Map","Colored Powertips","Minty Spire (QoL Compilation)","Quick Restart","Shop Mod","StSLib","The Blue Laboratory"],"gold_per_floor":[309,321,321,64,75,100,100,100,100,100,115,65,83,8,8,113,113,132,132,143,143,158,158,158],"floor_reached":23,"playtime":771,"items_purged":["Strike_G"],"score":253,"play_id":"505491c6-d9dc-4e5f-be7e-1464465d1b8f","local_time":"20210101121415","is_ascension_mode":true,"campfire_choices":[{"floor":7.0,"key":"REST"},{"data":"Caltrops","floor":10.0,"key":"SMITH"},{"floor":15.0,"key":"REST"}],"circlet_count":0,"master_deck":["Strike_G","Strike_G","Strike_G+1","Strike_G","Defend_G","Defend_G","Defend_G+1","Survivor","Neutralize","Caltrops+1","Deadly Poison","Burst","Noxious Fumes+1"],"relics":["HoveringKite","Mercury Hourglass","StoneCalendar","White Beast Statue","SacredBark","Nilry\u0027s Codex"],"acts_visited":["TheCity"],"potions_floor_usage":[16,16,16,18,22,23,23],"damage_taken":[{"damage":0.0,"enemies":"Cultist","floor":1.0,"turns":5.0},{"damage":11.0,"enemies":"Jaw Worm","floor":2.0,"turns":3.0},{"damage":0.0,"enemies":"Small Slimes","floor":5.0,"turns":2.0},{"damage":17.0,"enemies":"3 Sentries","floor":6.0,"turns":8.0},{"damage":0.0,"enemies":"Looter","floor":11.0,"turns":2.0},{"damage":5.0,"enemies":"Large Slime","floor":13.0,"turns":4.0},{"damage":0,"enemies":"Slime Boss","floor":16,"turns":7},{"damage":22,"enemies":"Shell Parasite","floor":18,"turns":6},{"damage":4,"enemies":"Chosen","floor":20,"turns":3},{"damage":6,"enemies":"Centurion and Healer","floor":22,"turns":6},{"damage":27,"enemies":"Slavers","floor":23,"turns":1}],"seed_played":"3592218902946734592","potions_obtained":[{"floor":1.0,"key":"FearPotion"},{"floor":6.0,"key":"SteroidPotion"},{"floor":11.0,"key":"BlessingOfTheForge"},{"floor":13.0,"key":"blueLaboratory:AbyssPotion"},{"floor":16,"key":"ColorlessPotion"},{"floor":18,"key":"Poison Potion"},{"floor":20,"key":"Poison Potion"},{"floor":22,"key":"blueLaboratory:Virophage"}],"is_trial":false,"path_per_floor":["M","M","?","$","M","E","R","?","T","R","M","?","M","$","R","B",null,"M","?","M","?","M","E"],"character_chosen":"THE_SILENT","items_purchased":["Mercury Hourglass"],"campfire_rested":2,"item_purchase_floors":[4],"current_hp_per_floor":[70,59,52,52,52,35,56,42,42,42,42,42,37,37,58,58,70,48,32,28,28,22,0,0],"gold":158,"neow_bonus":"BOSS_RELIC","is_daily":false,"chose_seed":false,"campfire_upgraded":1,"win_rate":0.0,"timestamp":1609474455,"path_taken":["M","M","?","$","M","E","R","?","T","R","M","?","M","$","R","BOSS","M","?","M","?","M","E"],"items_purchased_type":["Relic"],"build_version":"2020-12-22","purchased_purges":1,"victory":false,"max_hp_per_floor":[70,70,70,70,70,70,70,70,70,70,70,70,70,70,70,70,70,70,70,70,70,70,70,70],"card_choices":[{"not_picked":["Distraction","Riddle With Holes","Sucker Punch"],"picked":"SKIP","floor":1.0},{"not_picked":["Backflip","Deflect","Endless Agony"],"picked":"SKIP","floor":2.0},{"not_picked":["Outmaneuver","Acrobatics"],"picked":"Caltrops","floor":5.0},{"not_picked":["Sucker Punch","Bane"],"picked":"Deadly Poison","floor":6.0},{"not_picked":["Backflip","Dagger Spray","Prepared"],"picked":"SKIP","floor":11.0},{"not_picked":["Dash","Deflect","Outmaneuver"],"picked":"SKIP","floor":13.0},{"not_picked":["Die Die Die","Tools of the Trade"],"picked":"Burst","floor":16},{"not_picked":["Skewer","Distraction","Eviscerate"],"picked":"SKIP","floor":18},{"not_picked":["Dagger Spray","Calculated Gamble","Reflex"],"picked":"SKIP","floor":20},{"not_picked":["Outmaneuver","Sucker Punch"],"picked":"Noxious Fumes+1","floor":22}],"player_experience":12010,"relics_obtained":[{"floor":6.0,"key":"StoneCalendar"},{"floor":9.0,"key":"White Beast Statue"},{"floor":19,"key":"Nilry\u0027s Codex"}],"event_choices":[{"cards_removed":["Defend_G"],"damage_healed":0.0,"max_hp_gain":0.0,"max_hp_loss":0.0,"gold_gain":0.0,"event_name":"Golden Wing","player_choice":"Card Removal","floor":3.0,"gold_loss":0.0,"damage_taken":7.0},{"damage_healed":0.0,"max_hp_gain":0.0,"max_hp_loss":0.0,"gold_gain":0.0,"event_name":"Shining Light","player_choice":"Entered Light","floor":8.0,"gold_loss":0.0,"damage_taken":14.0,"cards_upgraded":["Defend_G","Strike_G"]},{"cards_removed":["Defend_G"],"damage_healed":0.0,"max_hp_gain":0.0,"max_hp_loss":0.0,"gold_gain":0.0,"event_name":"The Cleric","player_choice":"Card Removal","floor":12.0,"gold_loss":50.0,"damage_taken":0.0},{"damage_healed":0,"gold_gain":0,"player_choice":"Obtained Book","damage_taken":16,"max_hp_gain":0,"max_hp_loss":0,"event_name":"Cursed Tome","floor":19,"gold_loss":0},{"damage_healed":0,"gold_gain":0,"player_choice":"Ignored","damage_taken":0,"max_hp_gain":0,"max_hp_loss":0,"event_name":"Ghosts","floor":21,"gold_loss":0}],"is_beta":false,"boss_relics":[{"not_picked":["Runic Pyramid","Calling Bell"],"picked":"SacredBark"}],"items_purged_floors":[14],"is_endless":false,"potions_floor_spawned":[1,6,11,13,16,18,20,22],"killed_by":"Slavers","ascension_level":1}}