{"host":"v711dtdb46xe9u7l","time":1609536229,"event":{"mods":["BaseMod","Minty Spire (QoL Compilation)","StSLib"],"gold_per_floor":[118,128,148,165,115,144,144,173,173,206,219,233,233,262,262,363,363,374,299,200,300,58,83,83,113,113,125,125,136,136,154,154,254,254,264,264,264,275,38,38,58,58,58,89,103,103,0,0,0,0,0,0,0,35,35,35],"floor_reached":55,"playtime":4029,"items_purged":["Defend_B","Defend_B"],"score":985,"play_id":"fa34e488-0d23-4114-8ce4-984e9283834f","local_time":"20210101212349","is_ascension_mode":true,"campfire_choices":[{"data":"Chill","floor":7,"key":"SMITH"},{"floor":13,"key":"REST"},{"data":"Multi-Cast","floor":15,"key":"SMITH"},{"data":"Blizzard","floor":24,"key":"SMITH"},{"floor":28,"key":"RECALL"},{"data":"Buffer","floor":32,"key":"SMITH"},{"data":"Echo Form","floor":40,"key":"SMITH"},{"data":"Defragment","floor":42,"key":"SMITH"},{"data":"Glacier","floor":46,"key":"SMITH"},{"data":"Leap","floor":49,"key":"SMITH"},{"data":"Stack","floor":52,"key":"SMITH"}],"circlet_count":0,"master_deck":["Strike_B","Strike_B","Zap","Dualcast","Chill+1","Blizzard+1","FTL","Ball Lightning","Cold Snap","Stack+1","Self Repair","Multi-Cast+1","Undo","Capacitor","Echo Form+1","Conserve Battery","Leap+1","Glacier+1","Rip and Tear+1","Tempest+1","Buffer+1","Streamline+1","Forethought","Coolheaded","Defragment+1","Barrage+1","Hologram+1","Chill+1"],"relics":["Cracked Core","NeowsBlessing","White Beast Statue","StrikeDummy","Matryoshka","Mercury Hourglass","Blue Candle","Coffee Dripper","Membership Card","Blood Vial","Strawberry","Oddly Smooth Stone","Empty Cage","Bag of Preparation","TungstenRod","Toy Ornithopter","Question Card","Shovel","Red Mask","HornCleat"],"acts_visited":["Exordium","TheCity","TheBeyond","TheEnding"],"potions_floor_usage":[4,10,14,16,23,31,41,41,41,41,44,54,54,54,55],"damage_taken":[{"damage":0,"enemies":"Small Slimes","floor":1,"turns":1},{"damage":0,"enemies":"Jaw Worm","floor":2,"turns":1},{"damage":0,"enemies":"Cultist","floor":3,"turns":1},{"damage":11,"enemies":"Large Slime","floor":4,"turns":5},{"damage":18,"enemies":"Lagavulin","floor":6,"turns":5},{"damage":18,"enemies":"Gremlin Nob","floor":8,"turns":4},{"damage":8,"enemies":"3 Sentries","floor":10,"turns":6},{"damage":6,"enemies":"Blue Slaver","floor":11,"turns":3},{"damage":3,"enemies":"2 Fungi Beasts","floor":12,"turns":3},{"damage":2,"enemies":"Lagavulin","floor":14,"turns":5},{"damage":33,"enemies":"The Guardian","floor":16,"turns":12},{"damage":0,"enemies":"Spheric Guardian","floor":18,"turns":4},{"damage":25,"enemies":"Slavers","floor":23,"turns":9},{"damage":0,"enemies":"Gremlin Leader","floor":25,"turns":6},{"damage":7,"enemies":"Shell Parasite","floor":27,"turns":4},{"damage":3,"enemies":"Centurion and Healer","floor":29,"turns":8},{"damage":0,"enemies":"Snecko","floor":31,"turns":5},{"damage":21,"enemies":"Collector","floor":33,"turns":12},{"damage":13,"enemies":"3 Shapes","floor":35,"turns":3},{"damage":10,"enemies":"3 Darklings","floor":38,"turns":4},{"damage":14,"enemies":"Spire Growth","floor":41,"turns":8},{"damage":6,"enemies":"Reptomancer","floor":44,"turns":9},{"damage":0,"enemies":"Sphere and 2 Shapes","floor":45,"turns":4},{"damage":0,"enemies":"Time Eater","floor":50,"turns":14},{"damage":29,"enemies":"Shield and Spear","floor":54,"turns":9},{"damage":112,"enemies":"The Heart","floor":55,"turns":8}],"seed_played":"-3203840714051687151","potions_obtained":[{"floor":3,"key":"Dexterity Potion"},{"floor":8,"key":"Block Potion"},{"floor":10,"key":"FocusPotion"},{"floor":11,"key":"SkillPotion"},{"floor":12,"key":"FearPotion"},{"floor":14,"key":"ColorlessPotion"},{"floor":16,"key":"DuplicationPotion"},{"floor":23,"key":"Fire Potion"},{"floor":25,"key":"Block Potion"},{"floor":31,"key":"AttackPotion"},{"floor":33,"key":"EntropicBrew"},{"floor":35,"key":"Block Potion"},{"floor":41,"key":"Explosive Potion"},{"floor":44,"key":"AttackPotion"},{"floor":54,"key":"Ancient Potion"}],"is_trial":false,"path_per_floor":["M","M","M","M","?","E","R","E","T","E","M","M","R","E","R","B",null,"M","?","$","?","$","E","R","E","T","M","R","M","?","M","R","B",null,"M","?","?","M","$","R","M","R","T","E","M","R","?","$","R","B",null,"R","$","E","B"],"character_chosen":"DEFECT","items_purchased":["Leap","Membership Card","Glacier","Bag of Preparation","TungstenRod","Defragment"],"campfire_rested":1,"item_purchase_floors":[20,22,22,39,39,39],"current_hp_per_floor":[75,75,75,64,64,46,46,28,28,20,21,25,47,52,52,26,63,70,70,70,70,70,52,52,68,68,70,70,82,82,82,82,68,79,75,75,75,74,74,74,82,82,82,81,82,82,82,82,82,82,82,82,82,70,0,0],"gold":35,"neow_bonus":"THREE_ENEMY_KILL","is_daily":false,"chose_seed":false,"campfire_upgraded":9,"win_rate":0.0,"timestamp":1609536229,"path_taken":["M","M","M","M","?","E","R","E","T","E","M","M","R","E","R","BOSS","M","?","$","?","$","E","R","E","T","M","R","?","?","M","R","BOSS","M","?","?","M","$","R","M","R","T","E","M","R","?","?","R","BOSS","R","$","E","BOSS"],"items_purchased_type":["Card","Relic","Card","Relic","Relic","Card"],"build_version":"2020-12-22","purchased_purges":2,"victory":false,"max_hp_per_floor":[75,75,75,75,75,75,75,75,75,75,75,75,75,75,75,75,75,75,75,75,75,75,75,75,82,82,82,82,82,82,82,82,82,82,82,82,82,82,82,82,82,82,82,82,82,82,82,82,82,82,82,82,82,82,82,82],"card_choices":[{"not_picked":["Stack","Streamline"],"picked":"Chill","floor":1},{"not_picked":["Streamline","Redo"],"picked":"Blizzard","floor":2},{"not_picked":["Go for the Eyes","Storm"],"picked":"FTL","floor":3},{"not_picked":["Force Field","Blizzard"],"picked":"Ball Lightning","floor":4},{"not_picked":["Scrape","Streamline"],"picked":"Cold Snap","floor":6},{"not_picked":["Lockon","Hello World"],"picked":"Stack","floor":8},{"not_picked":["White Noise","Lockon"],"picked":"Self Repair","floor":10},{"not_picked":["Sweeping Beam","Reprogram"],"picked":"Multi-Cast","floor":11},{"not_picked":["Sweeping Beam","Hologram"],"picked":"Undo","floor":12},{"not_picked":["Barrage","Rebound"],"picked":"Capacitor","floor":14},{"not_picked":["Meteor Strike","Hyperbeam"],"picked":"Echo Form","floor":16},{"not_picked":["Rebound","Fusion"],"picked":"Conserve Battery","floor":18},{"not_picked":["Turbo+1","Leap","White Noise"],"picked":"SKIP","floor":23},{"not_picked":["Cold Snap","Melter"],"picked":"Rip and Tear+1","floor":25},{"not_picked":["Self Repair","Compile Driver+1"],"picked":"Tempest+1","floor":27},{"not_picked":["FTL","Reprogram","Steam"],"picked":"SKIP","floor":29},{"not_picked":["Leap","Steam"],"picked":"Buffer","floor":31},{"not_picked":["Creative AI","Meteor Strike"],"picked":"All For One","floor":33},{"not_picked":["Darkness","Gash+1"],"picked":"Streamline+1","floor":35},{"not_picked":["Dramatic Entrance","Sadistic Nature"],"picked":"Forethought","floor":37},{"not_picked":["Steam","Streamline"],"picked":"Coolheaded","floor":38},{"not_picked":["Steam","Scrape"],"picked":"Barrage+1","floor":41},{"not_picked":["Fusion","Scrape","Auto Shields+1"],"picked":"Hologram+1","floor":44},{"not_picked":["Fusion+1","Double Energy+1","Turbo"],"picked":"Chill+1","floor":45},{"not_picked":["Beam Cell+1","Sweeping Beam","Barrage","Darkness"],"picked":"SKIP","floor":54}],"player_experience":283121,"relics_obtained":[{"floor":6,"key":"White Beast Statue"},{"floor":8,"key":"StrikeDummy"},{"floor":9,"key":"Matryoshka"},{"floor":10,"key":"Mercury Hourglass"},{"floor":14,"key":"Blue Candle"},{"floor":23,"key":"Blood Vial"},{"floor":25,"key":"Strawberry"},{"floor":26,"key":"Oddly Smooth Stone"},{"floor":43,"key":"Toy Ornithopter"},{"floor":43,"key":"Question Card"},{"floor":44,"key":"Shovel"},{"floor":54,"key":"HornCleat"}],"event_choices":[{"cards_removed":["Strike_B"],"damage_healed":0,"gold_gain":0,"player_choice":"Card Removal","damage_taken":0,"max_hp_gain":0,"max_hp_loss":0,"event_name":"The Cleric","floor":5,"gold_loss":50},{"cards_removed":["Strike_B"],"damage_healed":0,"gold_gain":0,"player_choice":"Gave Gold","damage_taken":0,"max_hp_gain":0,"max_hp_loss":0,"event_name":"Beggar","floor":19,"gold_loss":75},{"damage_healed":0,"gold_gain":100,"player_choice":"Pray","damage_taken":0,"max_hp_gain":0,"max_hp_loss":0,"event_name":"Golden Shrine","floor":21,"gold_loss":0},{"damage_healed":0,"gold_gain":0,"player_choice":"Ignored","damage_taken":0,"max_hp_gain":0,"max_hp_loss":0,"event_name":"Vampires","floor":30,"gold_loss":0},{"cards_removed":["All For One"],"damage_healed":0,"gold_gain":0,"player_choice":"Removed Attack","damage_taken":0,"max_hp_gain":0,"max_hp_loss":0,"event_name":"Falling","floor":36,"gold_loss":0},{"damage_healed":0,"gold_gain":0,"player_choice":"Memory 1","damage_taken":0,"max_hp_gain":0,"max_hp_loss":0,"event_name":"SensoryStone","floor":37,"gold_loss":0},{"damage_healed":0,"gold_gain":0,"player_choice":"Paid","damage_taken":0,"relics_obtained":["Red Mask"],"max_hp_gain":0,"max_hp_loss":0,"event_name":"Tomb of Lord Red Mask","floor":47,"gold_loss":103}],"is_beta":false,"boss_relics":[{"not_picked":["Snecko Eye","SacredBark"],"picked":"Coffee Dripper"},{"not_picked":["Astrolabe","Calling Bell"],"picked":"Empty Cage"}],"items_purged_floors":[20,22],"is_endless":false,"potions_floor_spawned":[3,8,10,11,12,14,16,18,23,25,27,29,31,33,35,38,41,44,45,54],"killed_by":"The Heart","ascension_level":5}}