{"host":"0i8dz4ityulxi1rd","time":1609474300,"event":{"mods":["BaseMod","Colored Map","Colored Powertips","Custom Start","Highlight Path","Hubris","Infinite Spire","Keyboard Shortcuts","Minty Spire (QoL Compilation)","StSLib","SuperFastMode"],"gold_per_floor":[32,59,59,59,84,84,139,170,170,202,237,257,257,297,297,434,434,459,369,397,412,412,412,443,443,512,535,564,576,576,686,686,785,785,797,797,857,857,912,912,939,967,967,1005,1005,1022,1022,1132,1132,1228,1228,1239,1251,1251,1251,1257,1284,1284,1311,1311,1340,1358,1358,1358,1358,1358,1471,1471,1469,1519,1526,1538,1526,1552,1557,1564,1564,1564,1564,1564,1566,1581,1581,1678,1728,1735,1738,1738,1638,1638,1664,1676,1712,1724,1736,1769,1819,1831,1878,1890,1988,2000,2023,2046,2008,2020,2037,2078,2102,2147,2159,2171,2183,2214,2226,2246,2258,2363,2375,2387,2411,2435,2447,2459,2466,2504,2516,2552,2579,2590,2611,2623,2642,2654,2746,2758,2765,2779,2784,2796,2803,2815,2829,2841,2853,2891,2903,2915,2937,2949,2961,3068,3080,3092,3104,3140,3275],"floor_reached":158,"playtime":5926,"items_purged":["Defend_G","Cloak And Dagger","Flying Knee","Sanctity","Defend_B+1","Study+1","hubris:MerchantsHand+1","SandsOfTime+1","Evaluate+1","Deadly Poison","Shockwave"],"score":5679,"play_id":"33b0da4b-210b-4760-aa46-6dcb59573dc4","local_time":"20210101131140","daily_mods":["Diverse","Colorless Cards"],"is_ascension_mode":true,"campfire_choices":[{"data":"hubris:MerchantsHand","floor":6.0,"key":"SMITH"},{"data":"Study","floor":13.0,"key":"SMITH"},{"floor":15.0,"key":"REST"},{"data":"infinitespire:Neurotoxin","floor":23.0,"key":"SMITH"},{"data":"Crippling Poison","floor":25.0,"key":"SMITH"},{"data":"infinitespire:Collect","floor":32.0,"key":"SMITH"},{"data":"Adrenaline","floor":47.0,"key":"SMITH"},{"data":"Recycle","floor":49.0,"key":"SMITH"},{"data":"hubris:DoWhile","floor":58.0,"key":"SMITH"},{"data":"Genetic Algorithm","floor":64.0,"key":"SMITH"},{"data":"TalkToTheHand","floor":66.0,"key":"SMITH"},{"data":"Burst","floor":79.0,"key":"SMITH"},{"data":"Catalyst","floor":83.0,"key":"SMITH"},{"data":"WheelKick","floor":92.0,"key":"SMITH"},{"data":"Exhume","floor":98.0,"key":"SMITH"},{"data":"Seek","floor":100.0,"key":"SMITH"},{"data":"infinitespire:FutureSight","floor":117.0,"key":"SMITH"},{"floor":127.0,"key":"REST"},{"data":"infinitespire:Collect","floor":132.0,"key":"SMITH"},{"floor":134.0,"key":"REST"},{"floor":142,"key":"REST"},{"floor":144,"key":"REST"},{"floor":147,"key":"REST"},{"floor":151,"key":"REST"},{"floor":154,"key":"REST"}],"circlet_count":0,"master_deck":["Shrug It Off+1","Reinforced Body+1","Crippling Poison+1","hubris:Insight+1","Madness+1","Recycle+1","infinitespire:Collect+1","Adrenaline+1","hubris:DoWhile+1","Genetic Algorithm+1","Burst+1","Catalyst+1","Seeing Red+1","Seek+1","Exhume+1","infinitespire:FutureSight+1","infinitespire:Collect+1","Chill+1","Barricade"],"relics":["Smiling Mask","hubris:NiceRug","Bag of Preparation","Mummified Hand","Astrolabe","Nunchaku","Mercury Hourglass","infinitespire:FocusingShard","Bronze Scales","hubris:TerracottaHorce","hubris:AstralHammer","The Courier","Black Star","hubris:MedicalManual","Incense Burner","Question Card","infinitespire:Lucky Rock","Gremlin Horn","Bag of Marbles","Blood Vial","hubris:BundleOfHerbs","hubris:Backtick","hubris:Zylophone","hubris:DisguiseKit","infinitespire:Midas Blood","Unceasing Top","Strawberry","CeramicFish","Bottled Lightning","hubris:OldNail","hubris:Teleporter","Shuriken","Vajra","WingedGreaves","infinitespire:BottledMercury","hubris:Towel","Omamori","Tiny House","Membership Card","MawBank","Happy Flower","Turnip","White Beast Statue","Juzu Bracelet","hubris:DisguiseKit","MealTicket","Busted Crown","Eternal Feather","infinitespire:Beetle Shell","Boot","hubris:CrystalStatue","Orichalcum","Matryoshka","Mango","Ice Cream","Medical Kit","hubris:MysteriousPyramids","hubris:SlimyHat","Runic Dome","infinitespire:Cupcake","hubris:TinFlute","Pear","Lantern","Tiny Chest","Anchor","Art of War","Red Mask","Philosopher\u0027s Stone","CloakClasp","hubris:TenFootPole","infinitespire:Bottled Soul","Sundial","hubris:ScarierMask","Pantograph","hubris:Reverence"],"acts_visited":[],"potions_floor_usage":[],"damage_taken":[{"damage":0.0,"enemies":"2 Louse","floor":1.0,"turns":4.0},{"damage":0.0,"enemies":"Cultist","floor":2.0,"turns":4.0},{"damage":4.0,"enemies":"Jaw Worm","floor":5.0,"turns":5.0},{"damage":14.0,"enemies":"Gremlin Gang","floor":7.0,"turns":5.0},{"damage":11.0,"enemies":"2 Fungi Beasts","floor":8.0,"turns":5.0},{"damage":0.0,"enemies":"Large Slime","floor":10.0,"turns":6.0},{"damage":23.0,"enemies":"Lagavulin","floor":11.0,"turns":10.0},{"damage":0.0,"enemies":"Looter","floor":12.0,"turns":4.0},{"damage":0.0,"enemies":"3 Louse","floor":14.0,"turns":5.0},{"damage":36.0,"enemies":"Slime Boss","floor":16.0,"turns":19.0},{"damage":7.0,"enemies":"Shell Parasite","floor":18.0,"turns":15.0},{"damage":3.0,"enemies":"Spheric Guardian","floor":20.0,"turns":18.0},{"damage":0.0,"enemies":"Snake Plant","floor":21.0,"turns":4.0},{"damage":2.0,"enemies":"Book of Stabbing","floor":24.0,"turns":8.0},{"damage":9.0,"enemies":"Cultist and Chosen","floor":27.0,"turns":6.0},{"damage":1.0,"enemies":"Nightmare","floor":28.0,"turns":8.0},{"damage":0.0,"enemies":"Chosen and Byrds","floor":29.0,"turns":5.0},{"damage":0.0,"enemies":"Colosseum Slavers","floor":31.0,"turns":3.0},{"damage":0.0,"enemies":"Colosseum Nobs","floor":31.0,"turns":4.0},{"damage":0.0,"enemies":"Collector","floor":33.0,"turns":5.0},{"damage":0.0,"enemies":"Orb Walker","floor":35.0,"turns":3.0},{"damage":0.0,"enemies":"Mind Bloom Boss Battle","floor":37.0,"turns":4.0},{"damage":0.0,"enemies":"2 Orb Walkers","floor":39.0,"turns":6.0},{"damage":0.0,"enemies":"Giant Head","floor":41.0,"turns":5.0},{"damage":3.0,"enemies":"3 Darklings","floor":42.0,"turns":3.0},{"damage":0.0,"enemies":"Nightmare","floor":44.0,"turns":6.0},{"damage":0.0,"enemies":"Transient","floor":46.0,"turns":5.0},{"damage":0.0,"enemies":"infinitespire:Three Voidlings","floor":48.0,"turns":3.0},{"damage":6.0,"enemies":"Nightmare_Alpha","floor":48.0,"turns":6.0},{"damage":0.0,"enemies":"Time Eater","floor":50.0,"turns":11.0},{"damage":0.0,"enemies":"Cultist","floor":52.0,"turns":2.0},{"damage":0.0,"enemies":"Jaw Worm","floor":53.0,"turns":1.0},{"damage":0.0,"enemies":"2 Louse","floor":56.0,"turns":1.0},{"damage":0.0,"enemies":"3 Sentries","floor":57.0,"turns":2.0},{"damage":0.0,"enemies":"Nightmare","floor":59.0,"turns":1.0},{"damage":0.0,"enemies":"3 Sentries","floor":61.0,"turns":3.0},{"damage":0.0,"enemies":"Large Slime","floor":62.0,"turns":1.0},{"damage":0.0,"enemies":"Hexaghost","floor":67.0,"turns":1.0},{"damage":0.0,"enemies":"3 Byrds","floor":69.0,"turns":2.0},{"damage":0.0,"enemies":"Spheric Guardian","floor":71.0,"turns":1.0},{"damage":0.0,"enemies":"Centurion and Healer","floor":73.0,"turns":2.0},{"damage":0.0,"enemies":"Book of Stabbing","floor":74.0,"turns":1.0},{"damage":0.0,"enemies":"Chosen and Byrds","floor":75.0,"turns":2.0},{"damage":0.0,"enemies":"Slavers","floor":76.0,"turns":3.0},{"damage":0.0,"enemies":"Shelled Parasite and Fungi","floor":82.0,"turns":1.0},{"damage":0.0,"enemies":"Champ","floor":84.0,"turns":1.0},{"damage":0.0,"enemies":"Orb Walker","floor":86.0,"turns":1.0},{"damage":0.0,"enemies":"3 Shapes","floor":87.0,"turns":3.0},{"damage":0.0,"enemies":"Reptomancer","floor":91.0,"turns":1.0},{"damage":0.0,"enemies":"Writhing Mass","floor":93.0,"turns":1.0},{"damage":0.0,"enemies":"Transient","floor":96.0,"turns":1.0},{"damage":0.0,"enemies":"Giant Head","floor":97.0,"turns":1.0},{"damage":0.0,"enemies":"Nightmare","floor":99.0,"turns":1.0},{"damage":0.0,"enemies":"Donu and Deca","floor":101.0,"turns":2.0},{"damage":0.0,"enemies":"Small Slimes","floor":103.0,"turns":1.0},{"damage":0.0,"enemies":"Jaw Worm","floor":104.0,"turns":1.0},{"damage":0.0,"enemies":"2 Louse","floor":107.0,"turns":1.0},{"damage":0.0,"enemies":"Gremlin Nob","floor":108.0,"turns":1.0},{"damage":0.0,"enemies":"Exordium Thugs","floor":109.0,"turns":1.0},{"damage":0.0,"enemies":"Nightmare","floor":110.0,"turns":1.0},{"damage":0.0,"enemies":"Gremlin Nob","floor":114.0,"turns":1.0},{"damage":0.0,"enemies":"3 Sentries","floor":116.0,"turns":2.0},{"damage":0.0,"enemies":"The Guardian","floor":118.0,"turns":1.0},{"damage":0.0,"enemies":"2 Thieves","floor":120.0,"turns":2.0},{"damage":0.0,"enemies":"Chosen","floor":121.0,"turns":1.0},{"damage":0.0,"enemies":"Snake Plant","floor":122.0,"turns":1.0},{"damage":0.0,"enemies":"3 Cultists","floor":125.0,"turns":2.0},{"damage":0.0,"enemies":"Nightmare_Alpha","floor":126.0,"turns":1.0},{"damage":0.0,"enemies":"Book of Stabbing","floor":129.0,"turns":1.0},{"damage":0.0,"enemies":"Centurion and Healer","floor":130.0,"turns":2.0},{"damage":0.0,"enemies":"Snake Plant","floor":133.0,"turns":1.0},{"damage":0.0,"enemies":"Champ","floor":135.0,"turns":1.0},{"damage":0.0,"enemies":"3 Darklings","floor":137.0,"turns":2.0},{"damage":0.0,"enemies":"Orb Walker","floor":138.0,"turns":1.0},{"damage":0,"enemies":"4 Shapes","floor":139,"turns":4},{"damage":0,"enemies":"Jaw Worm Horde","floor":141,"turns":2},{"damage":0,"enemies":"Nightmare_Alpha","floor":146,"turns":1},{"damage":0,"enemies":"Writhing Mass","floor":149,"turns":1},{"damage":0,"enemies":"infinitespire:LordOfFortification","floor":152,"turns":1},{"damage":0,"enemies":"Shield and Spear","floor":156,"turns":1},{"damage":73,"enemies":"The Heart","floor":157,"turns":6}],"seed_played":"-1447786423065267192","potions_obtained":[{"floor":1.0,"key":"Fruit Juice"},{"floor":7.0,"key":"Strength Potion"},{"floor":10.0,"key":"StancePotion"},{"floor":12.0,"key":"SpeedPotion"},{"floor":14.0,"key":"PowerPotion"},{"floor":21.0,"key":"Block Potion"},{"floor":24.0,"key":"Block Potion"},{"floor":53.0,"key":"Strength Potion"},{"floor":57.0,"key":"Ancient Potion"},{"floor":85.0,"key":"Block Potion"},{"floor":86.0,"key":"DuplicationPotion"},{"floor":107.0,"key":"EssenceOfSteel"}],"is_trial":true,"path_per_floor":["M","M","?","$","M","R","M","M","T","M","E","M","R","M","R","B",null,"M","?","M","M","$","R","E","R","T","M","NM","M","AVR","?","R","B",null,"M","?","?","$","?","?","E","M","T","NM","$","M","R","?","R","B",null,"M","M","AVR","?","M","E","R","NM","T","E","M","$","R","$","R","B",null,"M","?","M","$","M","E","M","E","T","?","R","AVR","?","M","R","B",null,"M","M","?","NS","AVR","E","R","M","T","?","M","E","R","NM","R","B",null,"M","M","?","?","M","E","M","NM","T","$","?","E","AVR","E","R","B",null,"M","M","M","?","AVR","M","NM","R","T","E","M","?","R","M","R","B",null,"M","M","M","$","M","R","?","R","T","NM","R","NS","M","$","R","B",null,"R","$","E","B",null],"character_chosen":"WATCHER","items_purchased":[],"campfire_rested":8,"item_purchase_floors":[],"current_hp_per_floor":[80,80,80,80,76,76,62,51,51,51,28,28,28,28,52,16,80,73,73,70,70,70,70,68,68,68,59,58,58,58,58,58,58,75,75,75,75,75,75,75,75,72,72,72,72,74,74,72,72,74,79,80,80,80,80,80,80,80,87,87,87,87,87,87,87,87,87,87,87,87,87,27,29,31,33,35,35,35,35,35,18,20,20,22,80,82,84,84,84,84,86,86,88,88,88,90,92,92,94,94,96,97,97,97,97,97,97,97,97,97,97,97,100,114,114,114,114,114,114,114,114,114,114,114,114,124,124,124,124,124,124,124,124,124,124,124,124,124,124,124,124,124,121,124,124,124,124,124,124,124,124,124,124,124,124,124,51],"gold":3287,"neow_bonus":"","is_daily":false,"chose_seed":false,"campfire_upgraded":17,"win_rate":0.0,"timestamp":1609474300,"path_taken":["M","M","?","$","?","R","M","?","T","M","E","M","R","M","R","BOSS","M","?","M","?","$","R","E","R","T","M","NM","M","AVR","?","R","BOSS","M","?","?","$","?","?","E","?","T","NM","?","M","R","?","R","BOSS","M","M","AVR","?","M","E","R","NM","T","E","M","$","R","$","R","BOSS","M","?","M","?","M","E","M","E","T","?","R","AVR","?","M","R","BOSS","M","M","?","NS","AVR","E","R","M","T","?","M","E","R","NM","R","BOSS","M","M","?","?","M","E","M","NM","T","$","?","E","AVR","E","R","BOSS","M","M","M","?","AVR","M","NM","R","T","E","M","?","R","M","R","BOSS","M","M","M","$","M","R","?","R","T","NM","R","NS","M","?","R","BOSS","R","$","E","BOSS"],"items_purchased_type":[],"build_version":"2020-12-22","purchased_purges":11,"victory":true,"max_hp_per_floor":[80,80,80,80,80,80,80,80,80,80,80,80,80,80,80,80,80,80,80,80,80,80,80,80,80,80,80,80,80,80,80,80,80,80,80,80,80,80,80,80,80,80,80,80,80,80,80,80,80,80,80,80,80,80,80,80,80,80,87,87,87,87,87,87,87,87,87,87,87,87,87,87,87,87,87,87,87,87,87,87,92,92,92,92,97,97,97,97,97,97,97,97,97,97,97,97,97,97,97,97,97,97,97,97,97,97,97,97,97,97,97,97,100,114,114,114,114,114,114,114,114,114,114,114,114,124,124,124,124,124,124,124,124,124,124,124,124,124,124,124,124,124,124,124,124,124,124,124,124,124,124,124,124,124,124,124,124],"card_choices":[{"not_picked":["Underhanded Strike","JustLucky"],"picked":"Flying Knee","floor":1.0},{"not_picked":["Dodge and Roll","Perfected Strike","hubris:Ssssneak"],"picked":"SKIP","floor":2.0},{"not_picked":["Backflip","Hemokinesis"],"picked":"Shrug It Off","floor":5.0},{"not_picked":["Caltrops","Poisoned Stab"],"picked":"Cloak And Dagger","floor":7.0},{"not_picked":["Warcry","PathToVictory"],"picked":"Study","floor":8.0},{"not_picked":["Heavy Blade","hubris:StunningStrike"],"picked":"Sanctity","floor":10.0},{"not_picked":["CrushJoints","hubris:PowerSurge"],"picked":"Reinforced Body","floor":11.0},{"not_picked":["Fusion","Thunderclap"],"picked":"Crippling Poison","floor":12.0},{"not_picked":["Dropkick","FlurryOfBlows","Flechettes"],"picked":"SKIP","floor":14.0},{"not_picked":["Offering","Echo Form"],"picked":"infinitespire:Neurotoxin","floor":16.0},{"not_picked":["Weave","Collect","Barrage+1"],"picked":"SKIP","floor":18.0},{"not_picked":["Dagger Spray","Steam","Skewer"],"picked":"SKIP","floor":20.0},{"not_picked":["Anger+1","ThirdEye","FlurryOfBlows"],"picked":"SKIP","floor":21.0},{"not_picked":["SignatureMove","Carnage","Sword Boomerang"],"picked":"SKIP","floor":24.0},{"not_picked":["ThirdEye","Coolheaded"],"picked":"Recycle","floor":27.0},{"not_picked":["infinitespire:Oblivion","hubris:Fate"],"picked":"infinitespire:Collect","floor":28.0},{"not_picked":["SignatureMove","Shrug It Off+1"],"picked":"Deadly Poison","floor":28.0},{"not_picked":["Infinite Blades","Protect"],"picked":"Adrenaline","floor":29.0},{"not_picked":["Wild Strike+1","Gash"],"picked":"TalkToTheHand","floor":31.0},{"not_picked":["Purity+1","Scrape"],"picked":"WheelKick","floor":35.0},{"not_picked":["hubris:Sniper","Twin Strike"],"picked":"SandsOfTime+1","floor":37.0},{"not_picked":["EmptyFist+1","hubris:Insight+1","hubris:SharpeningStone"],"picked":"SKIP","floor":41.0},{"not_picked":["FTL","Outmaneuver+1","Dagger Throw","Dodge and Roll"],"picked":"SKIP","floor":42.0},{"not_picked":["Consecrate","CrushJoints","hubris:PowerSurge"],"picked":"Quick Slash+1","floor":44.0},{"not_picked":["Leap+1","Go for the Eyes","Aggregate+1","Recycle"],"picked":"SKIP","floor":46.0},{"not_picked":["Demon Form","Master of Strategy","hubris:SpecializedCircuitry"],"picked":"hubris:DoWhile","floor":50.0},{"not_picked":["Poisoned Stab","hubris:SharpeningStone","Flying Knee","Streamline"],"picked":"SKIP","floor":52.0},{"not_picked":["Study","Redo","Forethought"],"picked":"Genetic Algorithm","floor":53.0},{"not_picked":["Gash","infinitespire:OneForAll","Pommel Strike","Consume","Bane"],"picked":"SKIP","floor":56.0},{"not_picked":["Sweeping Beam","BootSequence","Conserve Battery","Body Slam","Flechettes"],"picked":"SKIP","floor":57.0},{"not_picked":["Deflect","Reaper","Uppercut","Havoc","Acrobatics"],"picked":"SKIP","floor":59.0},{"not_picked":["Deflect","Reaper","Uppercut","Havoc","Acrobatics"],"picked":"SKIP","floor":59.0},{"not_picked":["Madness","Backflip","Immolate","White Noise","Quick Slash"],"picked":"SKIP","floor":61.0},{"not_picked":["Consume","Choke","Steam","Conserve Battery","Sucker Punch"],"picked":"SKIP","floor":62.0},{"not_picked":["Core Surge","Glass Knife","hubris:StunningStrike","Seek"],"picked":"Burst","floor":67.0},{"not_picked":["CrushJoints","Go for the Eyes","Ball Lightning","Tantrum","Underhanded Strike"],"picked":"SKIP","floor":69.0},{"not_picked":["hubris:Counter","Shrug It Off","Cleave","Tempest","Tactician"],"picked":"SKIP","floor":71.0},{"not_picked":["Backflip","Burning Pact","Flex+1","Sweeping Beam","Prepared"],"picked":"SKIP","floor":73.0},{"not_picked":["Masterful Stab","Halt","Reckless Charge","Ghostly Armor","Well Laid Plans"],"picked":"SKIP","floor":74.0},{"not_picked":["Protect+1","hubris:Sniper+1","Heavy Blade","Clothesline","Deflect"],"picked":"SKIP","floor":75.0},{"not_picked":["Thunder Strike","Body Slam","Flex","Choke","Eviscerate"],"picked":"SKIP","floor":76.0},{"not_picked":["FollowUp","Anger","Power Through+1","Coolheaded"],"picked":"Catalyst","floor":82.0},{"not_picked":["WaveOfTheHand","Leg Sweep+1","Finisher","Stack","Slice"],"picked":"SKIP","floor":86.0},{"not_picked":["Dagger Spray","Cleave+1","Pray+1","Evaluate","Expertise"],"picked":"SKIP","floor":87.0},{"not_picked":["Predator+1","Prostrate+1","Redo","Bouncing Flask+1","Dagger Spray"],"picked":"SKIP","floor":91.0},{"not_picked":["Consecrate+1","Steam+1","Heatsinks","Blur"],"picked":"Seeing Red+1","floor":93.0},{"not_picked":["Rampage","Pummel","Iron Wave","hubris:SlightOfHand"],"picked":"Seek","floor":96.0},{"not_picked":["Go for the Eyes","Sucker Punch","Deflect","Bouncing Flask"],"picked":"Exhume","floor":97.0},{"not_picked":["infinitespire:SevenWalls","infinitespire:DeathsTouch"],"picked":"infinitespire:FutureSight","floor":99.0},{"not_picked":["hubris:Counter","Wireheading+1","Shrug It Off","CarveReality","Flying Knee"],"picked":"SKIP","floor":99.0},{"not_picked":["ThirdEye","CrushJoints","Dagger Throw"],"picked":"SKIP","floor":103.0},{"not_picked":["ThirdEye","CrushJoints","Dagger Throw"],"picked":"SKIP","floor":103.0},{"not_picked":["Reckless Charge","Panacea","Blur"],"picked":"SKIP","floor":104.0},{"not_picked":["Intimidate","Seeing Red","Dagger Spray"],"picked":"SKIP","floor":107.0},{"not_picked":["Underhanded Strike","Inflame","Endless Agony"],"picked":"SKIP","floor":108.0},{"not_picked":["Perseverance","Beam Cell","hubris:SlightOfHand"],"picked":"SKIP","floor":109.0},{"not_picked":["Shockwave","Deadly Poison","Predator"],"picked":"SKIP","floor":110.0},{"not_picked":["Deadly Poison","Predator"],"picked":"Shockwave","floor":110.0},{"not_picked":["Masterful Stab","All For One","Setup"],"picked":"SKIP","floor":114.0},{"not_picked":["Fasting2","Swivel","Blur"],"picked":"SKIP","floor":116.0},{"not_picked":["Dash","Poisoned Stab","Bane"],"picked":"SKIP","floor":120.0},{"not_picked":["Calculated Gamble","CutThroughFate","Storm of Steel"],"picked":"SKIP","floor":121.0},{"not_picked":["MentalFortress+1","Shrug It Off","Sucker Punch"],"picked":"SKIP","floor":122.0},{"not_picked":["Setup","Searing Blow","Reflex"],"picked":"SKIP","floor":125.0},{"not_picked":["Tactician","Transmutation","PiercingWail"],"picked":"SKIP","floor":126.0},{"not_picked":["hubris:SlightOfHand","Ball Lightning","Tactician"],"picked":"SKIP","floor":129.0},{"not_picked":["Sweeping Beam","Iron Wave","Setup"],"picked":"SKIP","floor":130.0},{"not_picked":["infinitespire:DeathsTouch","infinitespire:NeuralNetwork"],"picked":"infinitespire:Collect","floor":131.0},{"not_picked":["Infinite Blades","Fire Breathing","Finisher"],"picked":"SKIP","floor":133.0},{"not_picked":["FlyingSleeves","All Out Attack+1","Outmaneuver"],"picked":"SKIP","floor":137.0},{"not_picked":["JustLucky+1","Defragment+1","Deadly Poison"],"picked":"SKIP","floor":138.0},{"not_picked":["Impervious","Hologram","Slice"],"picked":"SKIP","floor":139},{"not_picked":["Iron Wave","Coolheaded","Dagger Throw"],"picked":"SKIP","floor":141},{"not_picked":["Aggregate+1","ForeignInfluence","infinitespire:Neurotoxin"],"picked":"SKIP","floor":146},{"not_picked":["Aggregate+1","ForeignInfluence","infinitespire:Neurotoxin"],"picked":"SKIP","floor":146},{"not_picked":["Aggregate","Perfected Strike","Caltrops"],"picked":"SKIP","floor":149},{"not_picked":["Underhanded Strike","Cloak And Dagger"],"picked":"Chill+1","floor":156},{"not_picked":["Tools of the Trade","infinitespire:Neurotoxin"],"picked":"Barricade","floor":157}],"player_experience":1285763,"relics_obtained":[{"floor":9.0,"key":"Bag of Preparation"},{"floor":11.0,"key":"Mummified Hand"},{"floor":24.0,"key":"Nunchaku"},{"floor":26.0,"key":"Mercury Hourglass"},{"floor":28.0,"key":"infinitespire:FocusingShard"},{"floor":31.0,"key":"hubris:AstralHammer"},{"floor":31.0,"key":"The Courier"},{"floor":37.0,"key":"hubris:MedicalManual"},{"floor":39.0,"key":"Incense Burner"},{"floor":41.0,"key":"Question Card"},{"floor":41.0,"key":"infinitespire:Lucky Rock"},{"floor":43.0,"key":"Gremlin Horn"},{"floor":44.0,"key":"Bag of Marbles"},{"floor":44.0,"key":"Blood Vial"},{"floor":48.0,"key":"hubris:BundleOfHerbs"},{"floor":57.0,"key":"infinitespire:Midas Blood"},{"floor":57.0,"key":"Unceasing Top"},{"floor":59.0,"key":"Strawberry"},{"floor":59.0,"key":"CeramicFish"},{"floor":60.0,"key":"Bottled Lightning"},{"floor":61.0,"key":"hubris:OldNail"},{"floor":61.0,"key":"hubris:Teleporter"},{"floor":74.0,"key":"Shuriken"},{"floor":74.0,"key":"Vajra"},{"floor":76.0,"key":"WingedGreaves"},{"floor":76.0,"key":"infinitespire:BottledMercury"},{"floor":91.0,"key":"MawBank"},{"floor":91.0,"key":"Happy Flower"},{"floor":94.0,"key":"Turnip"},{"floor":97.0,"key":"White Beast Statue"},{"floor":97.0,"key":"Juzu Bracelet"},{"floor":99.0,"key":"hubris:DisguiseKit"},{"floor":99.0,"key":"MealTicket"},{"floor":108.0,"key":"infinitespire:Beetle Shell"},{"floor":108.0,"key":"Boot"},{"floor":110.0,"key":"hubris:CrystalStatue"},{"floor":110.0,"key":"Orichalcum"},{"floor":111.0,"key":"Matryoshka"},{"floor":114.0,"key":"Mango"},{"floor":114.0,"key":"Ice Cream"},{"floor":116.0,"key":"hubris:MysteriousPyramids"},{"floor":116.0,"key":"hubris:SlimyHat"},{"floor":126.0,"key":"hubris:TinFlute"},{"floor":126.0,"key":"Pear"},{"floor":128.0,"key":"Lantern"},{"floor":128.0,"key":"Tiny Chest"},{"floor":129.0,"key":"Anchor"},{"floor":129.0,"key":"Art of War"},{"floor":131.0,"key":"Red Mask"},{"floor":145,"key":"CloakClasp"},{"floor":145,"key":"hubris:TenFootPole"},{"floor":146,"key":"infinitespire:Bottled Soul"},{"floor":146,"key":"Sundial"},{"floor":156,"key":"Pantograph"},{"floor":156,"key":"hubris:Reverence"}],"event_choices":[{"damage_healed":0.0,"max_hp_gain":0.0,"max_hp_loss":0.0,"gold_gain":0.0,"event_name":"Upgrade Shrine","player_choice":"Upgraded","floor":3.0,"gold_loss":0.0,"damage_taken":0.0,"cards_upgraded":["hubris:MerchantsHand"]},{"cards_removed":["Strike_R"],"damage_healed":0.0,"max_hp_gain":0.0,"max_hp_loss":0.0,"gold_gain":0.0,"event_name":"Designer","player_choice":"Upgrade and Remove","floor":19.0,"gold_loss":90.0,"damage_taken":0.0,"cards_upgraded":["Defend_B"]},{"damage_healed":0.0,"max_hp_gain":0.0,"max_hp_loss":0.0,"gold_gain":0.0,"event_name":"Colosseum","player_choice":"Fight","floor":31.0,"gold_loss":0.0,"damage_taken":0.0},{"damage_healed":0.0,"max_hp_gain":0.0,"max_hp_loss":0.0,"gold_gain":0.0,"event_name":"Colosseum","player_choice":"Fought Nobs","floor":31.0,"gold_loss":0.0,"damage_taken":0.0},{"cards_removed":["Strike_B"],"damage_healed":0.0,"max_hp_gain":0.0,"max_hp_loss":0.0,"gold_gain":0.0,"event_name":"Falling","player_choice":"Removed Attack","floor":36.0,"gold_loss":0.0,"damage_taken":0.0},{"damage_healed":0.0,"max_hp_gain":0.0,"max_hp_loss":0.0,"gold_gain":0.0,"event_name":"MindBloom","player_choice":"Fight","floor":37.0,"gold_loss":0.0,"damage_taken":0.0},{"damage_healed":0.0,"max_hp_gain":0.0,"max_hp_loss":0.0,"gold_gain":0.0,"event_name":"Mysterious Sphere","player_choice":"Fight","floor":39.0,"gold_loss":0.0,"damage_taken":0.0},{"damage_healed":0.0,"max_hp_gain":0.0,"max_hp_loss":0.0,"gold_gain":0.0,"event_name":"Lab","player_choice":"Got Potions","floor":40.0,"gold_loss":0.0,"damage_taken":0.0},{"cards_removed":["Defend_R"],"damage_healed":0.0,"max_hp_gain":0.0,"max_hp_loss":0.0,"gold_gain":0.0,"event_name":"Living Wall","player_choice":"Forget","floor":55.0,"gold_loss":0.0,"damage_taken":0.0},{"damage_healed":0.0,"max_hp_gain":0.0,"max_hp_loss":0.0,"gold_gain":100.0,"event_name":"The Joust","player_choice":"Bet on Murderer","floor":70.0,"gold_loss":50.0,"damage_taken":0.0},{"damage_healed":0.0,"max_hp_gain":5.0,"max_hp_loss":0.0,"gold_gain":0.0,"event_name":"Forgotten Altar","player_choice":"Shed Blood","floor":81.0,"gold_loss":0.0,"damage_taken":22.0},{"cards_removed":["hubris:MerchantsHand"],"damage_healed":0.0,"max_hp_gain":0.0,"max_hp_loss":0.0,"gold_gain":0.0,"event_name":"Falling","player_choice":"Removed Attack","floor":88.0,"gold_loss":0.0,"damage_taken":0.0},{"damage_healed":0.0,"max_hp_gain":0.0,"max_hp_loss":0.0,"gold_gain":0.0,"event_name":"Upgrade Shrine","player_choice":"Upgraded","floor":95.0,"gold_loss":0.0,"damage_taken":0.0,"cards_upgraded":["Reinforced Body"]},{"cards_removed":["WheelKick"],"damage_healed":0.0,"max_hp_gain":0.0,"max_hp_loss":0.0,"gold_gain":0.0,"event_name":"The Cleric","player_choice":"Card Removal","floor":105.0,"gold_loss":50.0,"damage_taken":0.0},{"damage_healed":0.0,"max_hp_gain":0.0,"max_hp_loss":0.0,"gold_gain":0.0,"event_name":"WeMeetAgain","player_choice":"Gave Potion","floor":106.0,"gold_loss":0.0,"damage_taken":0.0,"relics_obtained":["Eternal Feather"]},{"damage_healed":0.0,"max_hp_gain":0.0,"max_hp_loss":0.0,"gold_gain":0.0,"event_name":"Back to Basics","player_choice":"Simplicity","floor":123.0,"gold_loss":0.0,"damage_taken":0.0,"cards_upgraded":[]},{"damage_healed":0,"gold_gain":0,"player_choice":"Punched","damage_taken":3,"max_hp_gain":0,"max_hp_loss":0,"event_name":"Designer","floor":143,"gold_loss":0}],"is_beta":false,"boss_relics":[{"not_picked":["Empty Cage","Snecko Eye"],"picked":"Astrolabe"},{"not_picked":["hubris:VirtuousBlindfold","infinitespire:Cupcake"],"picked":"Black Star"},{"not_picked":["hubris:BlackHole","Pandora\u0027s Box"],"picked":"hubris:Backtick"},{"not_picked":["hubris:BlackHole","hubris:GrandSneckoEye","Runic Pyramid"]},{"not_picked":["hubris:Stopwatch","Velvet Choker"],"picked":"Tiny House"},{"not_picked":["hubris:HollowSoul","Cursed Key"],"picked":"Busted Crown"},{"not_picked":["Sozu","Cursed Key"],"picked":"Runic Dome"},{"not_picked":["Velvet Choker","Pandora\u0027s Box"],"picked":"Philosopher\u0027s Stone"},{"not_picked":["hubris:CrackedHourglass","Runic Pyramid"],"picked":"hubris:ScarierMask"}],"items_purged_floors":[30,54,72,72,72,72,72,72,80,90,115],"is_endless":true,"potions_floor_spawned":[1,7,10,12,14,21,24,27,31,31,41,46,48,48,53,57,61,67,71,76,82,86,96,97,101,103,104,107,108,109,114,116,118,120,121,122,125,129,130,133,135,137,138,139,141,149,152,156,157],"ascension_level":5}}