{"host":"1zfbckszmdcrhnfi","time":1609488677,"event":{"mods":["AchievementEnabler","BaseMod","Colored Map","Downfall","Marisa£®ÏF”Í°°ƒß¿Ì…≥£©","Minty Spire (QoL Compilation)","Replay The Spire","Shop Mod","StSLib","The Cursed","The Servant 0.9.4"],"gold_per_floor":[113,113,32,42,59,84,84,104,104,114,114,127,127,139,139,235,235,254,254,111,111,81,107,107,136,183,183,123,140,173,193,193,292,292,311,323,323,142,142,168,168,495,521,540,570,618,618,653,653,653,653],"floor_reached":50,"playtime":3219,"items_purged":["TheCursedMod:SpitefulPlan","Replay:Hysterical Blindness"],"score":774,"play_id":"9e9588cc-be0c-440a-8532-f15f12b3fabe","local_time":"20210101161117","is_ascension_mode":true,"campfire_choices":[{"data":"TheCursedMod:HellsGateOpen","floor":7.0,"key":"SMITH"},{"floor":11.0,"key":"RECALL"},{"data":"TheCursedMod:SmokeScreen","floor":13.0,"key":"SMITH"},{"floor":15.0,"key":"REST"},{"floor":24.0,"key":"REST"},{"floor":27.0,"key":"REST"},{"floor":32.0,"key":"REST"},{"floor":41.0,"key":"REST"},{"floor":47.0,"key":"REST"},{"floor":49,"key":"REST"}],"circlet_count":0,"master_deck":["TheCursedMod:Strike_TheCursed","TheCursedMod:Strike_TheCursed","TheCursedMod:Strike_TheCursed","TheCursedMod:Strike_TheCursed","TheCursedMod:Defend_TheCursed","TheCursedMod:Defend_TheCursed","TheCursedMod:CursedWand","TheCursedMod:CleanUpWorkshop","TheCursedMod:Dregs","TheCursedMod:SurpriseAttack","TheCursedMod:HellsGateOpen+1","TheCursedMod:CursedAmulet","TheCursedMod:SmokeScreen+1","TheCursedMod:TroublousMinions","TheCursedMod:OutForBlood","TheCursedMod:Hemoplague","TheCursedMod:SpitefulStrike+1","ReplayTheSpireMod:Faulty Equipment","TheCursedMod:FleshFromBone+1","TheCursedMod:SurpriseAttack+1","TheCursedMod:HellfireBreathing","TheCursedMod:VoidForm","Voices","Amnesia","TheCursedMod:WearCloak+1","TheCursedMod:HellfireBreathing","TheCursedMod:SpitefulStrike","Parasite","TheCursedMod:BlessingInDisguise","TheCursedMod:HellfireBreathing"],"relics":["TheCursedMod:BlackMagic101","NeowsBlessing","Blood Vial","Cursed Key","TheCursedMod:CrystalBall","Pen Nib","Bag of Marbles","TheCursedMod:Tack","Replay:Ancient Bell","Replay:Wax Seal","Garlic","Bird Faced Urn","Blue Doll","Old Coin","Omamori","MealTicket","CatCart","Pet Ghost"],"acts_visited":["Exordium","TheCity","TheBeyond"],"potions_floor_usage":[48],"damage_taken":[{"damage":0.0,"enemies":"Small Slimes","floor":1.0,"turns":1.0},{"damage":0.0,"enemies":"Cultist","floor":4.0,"turns":1.0},{"damage":0.0,"enemies":"Jaw Worm","floor":5.0,"turns":1.0},{"damage":13.0,"enemies":"3 Sentries","floor":6.0,"turns":13.0},{"damage":1.0,"enemies":"2 Fungi Beasts","floor":8.0,"turns":5.0},{"damage":11.0,"enemies":"Lots of Slimes","floor":10.0,"turns":7.0},{"damage":7.0,"enemies":"Large Slime","floor":12.0,"turns":5.0},{"damage":4.0,"enemies":"Blue Slaver","floor":14.0,"turns":4.0},{"damage":28.0,"enemies":"The Guardian","floor":16.0,"turns":14.0},{"damage":0.0,"enemies":"3 Byrds","floor":18.0,"turns":6.0},{"damage":16.0,"enemies":"2 Thieves","floor":22.0,"turns":5.0},{"damage":25.0,"enemies":"Gremlin Leader","floor":23.0,"turns":5.0},{"damage":12.0,"enemies":"Book of Stabbing","floor":25.0,"turns":5.0},{"damage":9.0,"enemies":"Centurion and Healer","floor":29.0,"turns":5.0},{"damage":9.0,"enemies":"Replay:Snechameleon","floor":30.0,"turns":4.0},{"damage":8.0,"enemies":"Shelled Parasite and Fungi","floor":31.0,"turns":5.0},{"damage":32.0,"enemies":"Champ","floor":33.0,"turns":11.0},{"damage":8.0,"enemies":"3 Shapes","floor":35.0,"turns":5.0},{"damage":11.0,"enemies":"3 Darklings","floor":36.0,"turns":5.0},{"damage":43.0,"enemies":"Giant Head","floor":40.0,"turns":7.0},{"damage":12.0,"enemies":"Nemesis","floor":42.0,"turns":5.0},{"damage":17.0,"enemies":"Jaw Worm Horde","floor":44.0,"turns":4.0},{"damage":43.0,"enemies":"Reptomancer","floor":45.0,"turns":6.0},{"damage":0.0,"enemies":"Orin","floor":46.0,"turns":9.0},{"damage":47,"enemies":"Nemesis","floor":48,"turns":7},{"damage":75,"enemies":"Awakened One","floor":50,"turns":5}],"seed_played":"-4173459411229281936","potions_obtained":[{"floor":2.0,"key":"EssenceOfSteel"},{"floor":2.0,"key":"AttackPotion"},{"floor":2.0,"key":"EssenceOfSteel"},{"floor":8.0,"key":"LiquidMemories"},{"floor":12.0,"key":"Fire Potion"},{"floor":18.0,"key":"SkillPotion"},{"floor":30.0,"key":"Toxic Potion"},{"floor":36.0,"key":"EssenceOfSteel"},{"floor":46.0,"key":"SneckoOil"}],"is_trial":false,"path_per_floor":["M","?","$","M","M","E","R","M","T","M","R","M","R","M","R","B",null,"M","?","$","?","M","E","R","E","T","R","?","M","E","M","R","B",null,"M","M","?","$","?","E","R","E","T","M","E","?","R","E","R","B"],"character_chosen":"THE_CURSED","items_purchased":["TheCursedMod:HellsGateOpen","TheCursedMod:Hemoplague","TheCursedMod:HellfireBreathing"],"campfire_rested":7,"item_purchase_floors":[3,20,38],"current_hp_per_floor":[75,75,75,75,75,62,62,63,63,54,54,49,49,47,69,43,75,75,75,75,75,59,36,58,48,48,70,70,63,56,50,72,42,75,70,64,64,64,64,31,52,54,54,47,16,30,51,14,35,0,0],"gold":653,"neow_bonus":"THREE_ENEMY_KILL","is_daily":false,"chose_seed":false,"campfire_upgraded":2,"win_rate":0.0,"timestamp":1609488677,"path_taken":["M","?","$","M","M","E","R","M","T","?","R","M","R","M","R","BOSS","M","?","$","?","M","E","R","E","T","R","?","M","E","?","R","BOSS","M","M","?","$","?","E","R","E","T","M","E","?","R","E","R","BOSS"],"items_purchased_type":["Card","Card","Card"],"build_version":"2020-12-22","purchased_purges":2,"victory":false,"max_hp_per_floor":[75,75,75,75,75,75,75,75,75,75,75,75,75,75,75,75,75,75,75,75,75,75,75,75,75,75,75,75,75,75,75,75,75,75,75,75,71,71,71,71,71,71,71,71,71,71,71,71,71,71,71],"card_choices":[{"not_picked":["TheCursedMod:Stigma","TheCursedMod:RapidMovement"],"picked":"TheCursedMod:SurpriseAttack","floor":1.0},{"not_picked":["TheCursedMod:RavingStaff","TheCursedMod:CursedBlade"],"picked":"TheCursedMod:CursedAmulet","floor":4.0},{"not_picked":["TheCursedMod:StunningStrike","TheCursedMod:CursedMace"],"picked":"TheCursedMod:SpitefulPlan","floor":5.0},{"not_picked":["TheCursedMod:SpitefulStrike","TheCursedMod:PrepareRite","TheCursedMod:VitalStrike"],"picked":"SKIP","floor":6.0},{"not_picked":["TheCursedMod:DoubleShield","TheCursedMod:VitalStrike","TheCursedMod:TacticalStrike"],"picked":"SKIP","floor":8.0},{"not_picked":["TheCursedMod:VitalStrike","TheCursedMod:Wield"],"picked":"TheCursedMod:SmokeScreen","floor":10.0},{"not_picked":["TheCursedMod:ParallelWorld","TheCursedMod:VitalStrike","TheCursedMod:CircleOfBlood"],"picked":"SKIP","floor":12.0},{"not_picked":["TheCursedMod:RapidMovement","TheCursedMod:RavingStaff"],"picked":"TheCursedMod:TroublousMinions","floor":14.0},{"not_picked":["TheCursedMod:NeowsMight","TheCursedMod:StunningStrike"],"picked":"TheCursedMod:OutForBlood","floor":16.0},{"not_picked":["TheCursedMod:FleshFromBone+1","TheCursedMod:CursedAmulet","TheCursedMod:EmpowerCircles"],"picked":"SKIP","floor":18.0},{"not_picked":["TheCursedMod:AshesToAshes+1","TheCursedMod:AbyssShockwave+1"],"picked":"TheCursedMod:SpitefulStrike+1","floor":22.0},{"not_picked":["TheCursedMod:RapidMovement","TheCursedMod:CircleOfAmplification+1","TheCursedMod:SoulReap"],"picked":"SKIP","floor":23.0},{"not_picked":["TheCursedMod:CircleOfAmplification","TheCursedMod:SaltUponWound","TheCursedMod:WearCloak"],"picked":"SKIP","floor":25.0},{"not_picked":["TheCursedMod:SpitefulPlan","TheCursedMod:CircleOfFlame"],"picked":"TheCursedMod:FleshFromBone+1","floor":29.0},{"not_picked":["TheCursedMod:CircleOfFlame+1","TheCursedMod:Stretching+1"],"picked":"TheCursedMod:SurpriseAttack+1","floor":30.0},{"not_picked":["TheCursedMod:SpitefulStrike","TheCursedMod:Stigma"],"picked":"TheCursedMod:HellfireBreathing","floor":31.0},{"not_picked":["TheCursedMod:DemonicPact","TheCursedMod:OutForBlood"],"picked":"TheCursedMod:VoidForm","floor":33.0},{"not_picked":["Hallucinations","Regret"],"picked":"Replay:Hysterical Blindness","floor":34.0},{"not_picked":["hexamod:Haunted","Normality"],"picked":"Voices","floor":34.0},{"not_picked":["Delirium","sneckomod:Bewildered"],"picked":"Amnesia","floor":34.0},{"not_picked":["TheCursedMod:CursedBoomerang+1","TheCursedMod:CursedShiv"],"picked":"TheCursedMod:WearCloak+1","floor":35.0},{"not_picked":["TheCursedMod:CircleOfFlame+1","TheCursedMod:SpitefulPlan+1","TheCursedMod:VoidForm"],"picked":"SKIP","floor":36.0},{"not_picked":["TheCursedMod:Wield","TheCursedMod:CircleOfFlame+1"],"picked":"TheCursedMod:SpitefulStrike","floor":40.0},{"not_picked":["TheCursedMod:Obscuration+1","TheCursedMod:CircleOfCorruption+1","TheCursedMod:Stigma"],"picked":"SKIP","floor":42.0},{"not_picked":["TheCursedMod:CircleOfFlame+1","TheCursedMod:RavingStaff"],"picked":"TheCursedMod:BlessingInDisguise","floor":44.0},{"not_picked":["TheCursedMod:BlessingInDisguise+1","TheCursedMod:CircleOfCorruption+1","TheCursedMod:ShockAndAwe"],"picked":"SKIP","floor":45.0},{"not_picked":["TheCursedMod:VitalStrike","TheCursedMod:CursedShiv+1"],"picked":"TheCursedMod:HellfireBreathing","floor":48}],"player_experience":181059,"relics_obtained":[{"floor":6.0,"key":"Blood Vial"},{"floor":23.0,"key":"TheCursedMod:CrystalBall"},{"floor":25.0,"key":"Pen Nib"},{"floor":26.0,"key":"Bag of Marbles"},{"floor":30.0,"key":"TheCursedMod:Tack"},{"floor":40.0,"key":"Blue Doll"},{"floor":42.0,"key":"Old Coin"},{"floor":43.0,"key":"Omamori"},{"floor":45.0,"key":"MealTicket"},{"floor":46.0,"key":"CatCart"},{"floor":48,"key":"Pet Ghost"}],"event_choices":[{"damage_healed":0.0,"max_hp_gain":0.0,"max_hp_loss":0.0,"gold_gain":0.0,"event_name":"Lab","player_choice":"Got Potions","floor":2.0,"gold_loss":0.0,"damage_taken":0.0},{"damage_healed":0.0,"max_hp_gain":0.0,"max_hp_loss":0.0,"gold_gain":0.0,"cards_transformed":["TheCursedMod:Defend_TheCursed","TheCursedMod:Defend_TheCursed"],"event_name":"Drug Dealer","player_choice":"Became Test Subject","floor":21.0,"gold_loss":0.0,"damage_taken":0.0,"cards_obtained":["TheCursedMod:CircleOfFocus","TheCursedMod:SpitefulPray"]},{"cards_removed":["TheCursedMod:CircleOfFocus"],"damage_healed":0.0,"max_hp_gain":0.0,"max_hp_loss":0.0,"gold_gain":0.0,"event_name":"Designer","player_choice":"Single Remove","floor":28.0,"gold_loss":60.0,"damage_taken":0.0},{"damage_healed":0.0,"max_hp_gain":0.0,"max_hp_loss":4.0,"gold_gain":0.0,"event_name":"Winding Halls","player_choice":"Max HP","floor":37.0,"gold_loss":0.0,"damage_taken":0.0},{"cards_removed":["TheCursedMod:SpitefulPray"],"damage_healed":0.0,"max_hp_gain":0.0,"max_hp_loss":0.0,"gold_gain":0.0,"event_name":"Falling","player_choice":"Removed Skill","floor":39.0,"gold_loss":0.0,"damage_taken":0.0},{"damage_healed":0.0,"max_hp_gain":0.0,"max_hp_loss":0.0,"gold_gain":0.0,"event_name":"OrinTheCat","player_choice":"Fight","floor":46.0,"gold_loss":0.0,"damage_taken":0.0}],"is_beta":false,"boss_relics":[{"not_picked":["Painkiller Herb","TheCursedMod:OminousMark"],"picked":"Cursed Key"},{"not_picked":["Fusion Hammer","SacredBark"],"picked":"Replay:Ancient Bell"},{"not_picked":["Dream Catcher","Boot"],"picked":"Replay:Wax Seal"},{"not_picked":["HornCleat","InkBottle"],"picked":"Garlic"},{"not_picked":["Lizard Tail","Replay:Towering Pillar of Hats"],"picked":"Bird Faced Urn"}],"items_purged_floors":[20,38],"is_endless":false,"potions_floor_spawned":[5,8,10,12,18,23,29,30,36,42,45,46],"killed_by":"Awakened One","ascension_level":1}}