{"host":"s0ikvqhe10eopvjn","time":1609525139,"event":{"mods":["Act Like it!","Bard","BaseMod","Better Third Choice","Block Reminder","Colored Map","Colored Powertips","DeckTracker","Downfall","GifTheSpireLib","Halation","Hallownest","Hermit","Highlight Path","Hubris","Infinite Spire","Mad Scientist","Minty Spire (QoL Compilation)","Permanent Neow","Random Character Button","Replay The Spire","StSLib","The Blackbeard","The Blue Laboratory","The Bug Knight","The Construct","The Cursed","The Disciple","The Hierophant","The Marked","The Mystic","The Necromancer","The Poker Player","The Runesmith","The Servant 0.9.4"],"gold_per_floor":[0,18,28,47,147,158,158,83,95,95,95,113,113,143,162,262,262,187,204,221,13,13,13,13],"floor_reached":22,"playtime":1349,"items_purged":["Slimebound:Strike_Slimebound"],"score":188,"play_id":"fdf2682f-964d-4b55-9716-ebea1b397995","local_time":"20210101181859","is_ascension_mode":false,"campfire_choices":[{"floor":1,"key":"RECALL"},{"data":"Slimebound:Split","floor":8,"key":"SMITH"},{"data":"Slimebound:CorrosiveSpit","floor":11,"key":"SMITH"},{"floor":13,"key":"REST"},{"data":"Slimebound:PrepareCrush","floor":18,"key":"SMITH"}],"circlet_count":0,"master_deck":["Slimebound:Strike_Slimebound","Slimebound:Strike_Slimebound","Slimebound:Tackle","Slimebound:Defend_Slimebound+1","Slimebound:Defend_Slimebound+1","Slimebound:Defend_Slimebound+1","Slimebound:Defend_Slimebound+1","Slimebound:Split+1","Slimebound:CorrosiveSpit+1","Slimebound:GoopSpray","Slimebound:SplitLeeching","Slimebound:SplitAcid+1","Slimebound:SplitBruiser","Slimebound:SplitAcid","Slimebound:Gluttony","Slimebound:Grow","Slimebound:RejuvenatingLick","Slimebound:PrepareCrush+1","Slimebound:RollThrough+1","Slimebound:Replication"],"relics":["Slimebound:AbsorbEndCombat","hubris:MedicalManual","Replay:Bottled Eggs","downfall:HeartBlessingRed","Smiling Mask","Black Star","downfall:HeartBlessingGreen","Toolbox"],"acts_visited":["Exordium","TheCity"],"potions_floor_usage":[12,16],"damage_taken":[{"damage":5,"enemies":"2 Louse","floor":2,"turns":2},{"damage":7,"enemies":"Cultist","floor":3,"turns":3},{"damage":22,"enemies":"Jaw Worm","floor":4,"turns":2},{"damage":19,"enemies":"Gremlin Gang","floor":6,"turns":4},{"damage":20,"enemies":"Red Slaver","floor":9,"turns":3},{"damage":24,"enemies":"Blue Slaver","floor":12,"turns":3},{"damage":61,"enemies":"Gremlin Nob","floor":14,"turns":5},{"damage":20,"enemies":"Large Slime","floor":15,"turns":4},{"damage":53,"enemies":"downfall:Watcher","floor":16,"turns":10},{"damage":24,"enemies":"3 Byrds","floor":19,"turns":4},{"damage":30,"enemies":"Snake Plant","floor":20,"turns":3},{"damage":32,"enemies":"downfall:FleeingMerchant","floor":21,"turns":4},{"damage":82,"enemies":"downfall:Augmenter","floor":22,"turns":5}],"seed_played":"-2340647935050971978","potions_obtained":[{"floor":6,"key":"PowerPotion"},{"floor":9,"key":"blueLaboratory:NullPotion"},{"floor":14,"key":"PowerPotion"}],"is_trial":false,"path_per_floor":["R_BF","M","M","M","?","M","T","R","M","?","R","M","R","E","M","B",null,"R","M","M","$","?"],"character_chosen":"SLIMEBOUND","items_purchased":["Toolbox"],"campfire_rested":1,"item_purchase_floors":[21],"current_hp_per_floor":[60,60,60,53,53,54,54,54,58,58,58,46,60,19,27,24,60,60,56,46,52,0,0,0],"gold":13,"neow_bonus":"ONE_RARE_RELIC","is_daily":false,"chose_seed":false,"campfire_upgraded":3,"win_rate":0.0,"timestamp":1609525139,"path_taken":["R_BF","M","M","M","?","?","T","R","M","?","R","M","R","E","M","BOSS","R","M","?","?","?"],"items_purchased_type":["Relic"],"build_version":"2020-12-22","purchased_purges":1,"victory":false,"max_hp_per_floor":[60,60,60,60,60,60,60,60,60,60,60,60,60,60,60,60,60,60,60,60,60,60,60,60],"card_choices":[{"not_picked":["Slimebound:LeechEnergy","Slimebound:PressTheAttack"],"picked":"Slimebound:GoopSpray","floor":2},{"not_picked":["Slimebound:RollThrough","Slimebound:PressTheAttack"],"picked":"Slimebound:SplitLeeching","floor":3},{"not_picked":["Slimebound:HauntingLick","Slimebound:SlimeSpikes"],"picked":"Slimebound:SplitAcid","floor":4},{"not_picked":["Slimebound:RollThrough","Slimebound:LeechingTouch"],"picked":"Slimebound:SplitBruiser","floor":6},{"not_picked":["Slimebound:GrowthPunch","Slimebound:SplitBruiser"],"picked":"Slimebound:SplitAcid","floor":9},{"not_picked":["Slimebound:FormOfPuddle","Slimebound:RollThrough"],"picked":"Slimebound:Gluttony","floor":12},{"not_picked":["Slimebound:SamplingLick","Slimebound:GoopSpray"],"picked":"Slimebound:Grow","floor":14},{"not_picked":["Slimebound:ComboTackle","Slimebound:DuplicatedForm"],"picked":"Slimebound:RejuvenatingLick","floor":15},{"not_picked":["Slimebound:Teamwork","Slimebound:DouseInSlime"],"picked":"Slimebound:PrepareCrush","floor":16},{"not_picked":["Slimebound:Prepare+1","Slimebound:SplitAcid","Slimebound:ComboTackle"],"picked":"SKIP","floor":19},{"not_picked":["Slimebound:LeechingTouch+1","Slimebound:Schlurp"],"picked":"Slimebound:RollThrough+1","floor":20},{"not_picked":["Slimebound:FinishingTackle","Slimebound:RollThrough"],"picked":"Slimebound:Replication","floor":21}],"player_experience":117404,"relics_obtained":[{"floor":7,"key":"Replay:Bottled Eggs"},{"floor":14,"key":"Smiling Mask"}],"event_choices":[{"damage_healed":0,"gold_gain":0,"player_choice":"Forge","damage_taken":0,"max_hp_gain":0,"max_hp_loss":0,"event_name":"Accursed Blacksmith","floor":10,"gold_loss":0,"cards_upgraded":["Slimebound:SplitAcid"]}],"is_beta":false,"boss_relics":[{"not_picked":["hubris:BlackHole","halation:Risk"],"picked":"Black Star"}],"items_purged_floors":[21],"is_endless":false,"potions_floor_spawned":[6,9,14],"killed_by":"downfall:Augmenter","ascension_level":0}}