{"host":"bu0lvejwxlz725fi","time":1609534118,"event":{"mods":["AchievementEnabler","Astrologer","BaseMod","Colored Powertips","Downfall","Hermit","Jorbs\u0027s Wanderer Trilogy","Minty Spire (QoL Compilation)","Quick Restart","Robot Space Explorer","StSLib","The Bug Knight","The Disciple","The Hierophant","The Necromancer","The Runesmith","The Servant 0.9.4","The Wild Card"],"gold_per_floor":[116,129,129,141,140,140,158,158,158,81,116,129,152,199,199,292,292,300,337,36,37,59,59,107,107,107,107,145,145,145],"floor_reached":29,"playtime":2897,"items_purged":[],"score":351,"play_id":"de3f2bbb-4241-4fd1-9c26-203f1f00d12c","local_time":"20210101214838","is_ascension_mode":false,"campfire_choices":[{"data":"hierophant:ChurchCoffers","floor":6.0,"key":"SMITH"},{"data":"hierophant:Doubloon","floor":8.0,"key":"SMITH"},{"floor":15.0,"key":"REST"},{"floor":23,"key":"REST"},{"floor":27,"key":"REST"}],"circlet_count":0,"master_deck":["hierophant:Punish","hierophant:Defend_Hierophant","hierophant:Defend_Hierophant","hierophant:Defend_Hierophant","hierophant:Defend_Hierophant","hierophant:ChurchCoffers+1","CurseOfTheBell","hierophant:ThreeLashes","hierophant:Smite","hierophant:Doubloon+1","hierophant:FieryStrike","hierophant:OrnateBuckler","hierophant:PassingBell","hierophant:Doubloon","hierophant:Doubloon","hierophant:Charity","hierophant:Zeal","hierophant:Flagellation","hierophant:Anathema","hierophant:Doubloon","hierophant:MirrorShield","hierophant:RustyCrate","hierophant:Doubloon","hierophant:Doubloon","hierophant:EyeForCoin","hierophant:Doubloon","hierophant:DivineIntervention","hierophant:Encroach","Bite","Bite","Bite","Bite","Bite","hierophant:Doubloon","hierophant:Doomsaying+1"],"relics":["Calling Bell","Centennial Puzzle","Shuriken","Ginger","Juzu Bracelet","Omamori","Philosopher\u0027s Stone","Frozen Egg 2","Kunai","Nunchaku"],"acts_visited":["Exordium","TheCity"],"potions_floor_usage":[],"damage_taken":[{"damage":0.0,"enemies":"2 Louse","floor":1.0,"turns":1.0},{"damage":0.0,"enemies":"Small Slimes","floor":2.0,"turns":2.0},{"damage":6.0,"enemies":"Jaw Worm","floor":4.0,"turns":2.0},{"damage":7.0,"enemies":"Large Slime","floor":5.0,"turns":3.0},{"damage":13.0,"enemies":"Gremlin Nob","floor":7.0,"turns":3.0},{"damage":0.0,"enemies":"2 Fungi Beasts","floor":11.0,"turns":2.0},{"damage":2.0,"enemies":"Blue Slaver","floor":12.0,"turns":2.0},{"damage":0.0,"enemies":"Exordium Thugs","floor":13.0,"turns":2.0},{"damage":2.0,"enemies":"Looter","floor":14.0,"turns":2.0},{"damage":55.0,"enemies":"Hexaghost","floor":16.0,"turns":8.0},{"damage":12.0,"enemies":"Chosen","floor":18.0,"turns":2.0},{"damage":0.0,"enemies":"Spheric Guardian","floor":19.0,"turns":1.0},{"damage":23.0,"enemies":"Centurion and Healer","floor":21.0,"turns":6.0},{"damage":20,"enemies":"Chosen and Byrds","floor":22,"turns":4},{"damage":31,"enemies":"Book of Stabbing","floor":24,"turns":3},{"damage":27,"enemies":"3 Cultists","floor":28,"turns":5},{"damage":0,"enemies":"Centurion and Healer","floor":29,"turns":1}],"seed_played":"6275804872176207312","potions_obtained":[{"floor":1.0,"key":"Energy Potion"},{"floor":2.0,"key":"Explosive Potion"},{"floor":5.0,"key":"SteroidPotion"},{"floor":7.0,"key":"Block Potion"},{"floor":14.0,"key":"Dexterity Potion"},{"floor":19.0,"key":"Dexterity Potion"},{"floor":22,"key":"champ:CounterPotion"}],"is_trial":false,"path_per_floor":["M","M","?","M","M","R","E","R","T","$","M","M","M","M","R","B",null,"M","M","$","M","M","R","E","?","T","R","M","M"],"character_chosen":"HIEROPHANT","items_purchased":["hierophant:PassingBell","hierophant:Doubloon","hierophant:RustyCrate","Frozen Egg 2"],"campfire_rested":3,"item_purchase_floors":[10,10,20,20],"current_hp_per_floor":[75,75,80,74,67,67,54,54,54,54,54,52,52,50,74,19,80,68,68,68,45,25,49,18,18,18,34,17,17,17],"gold":145,"neow_bonus":"BOSS_RELIC","is_daily":false,"chose_seed":false,"campfire_upgraded":2,"win_rate":0.0,"timestamp":1609534118,"path_taken":["M","M","?","M","M","R","E","R","T","$","M","M","M","M","R","BOSS","M","M","$","M","M","R","E","?","T","R","M","M"],"items_purchased_type":["Card","Card","Card","Relic"],"build_version":"2020-12-22","purchased_purges":0,"victory":false,"max_hp_per_floor":[75,75,80,80,80,80,80,80,80,80,80,80,80,80,80,80,80,80,80,80,80,80,80,80,56,56,56,56,56,56],"card_choices":[{"not_picked":["hierophant:MorningPrayer","hierophant:Racketeering"],"picked":"hierophant:ThreeLashes","floor":1.0},{"not_picked":["hierophant:Purify","hierophant:Chorus"],"picked":"hierophant:Smite","floor":2.0},{"not_picked":["hierophant:Zeal","hierophant:AuricBeam"],"picked":"hierophant:Doubloon","floor":4.0},{"not_picked":["hierophant:ArchangelShield","hierophant:Shelter"],"picked":"hierophant:FieryStrike","floor":5.0},{"not_picked":["hierophant:Batter","hierophant:FlamingChariot"],"picked":"hierophant:OrnateBuckler","floor":7.0},{"not_picked":["hierophant:Upheaval","hierophant:Purify"],"picked":"hierophant:Charity","floor":11.0},{"not_picked":["hierophant:Chorus","hierophant:SolarFlare","hierophant:FlamingChariot"],"picked":"SKIP","floor":12.0},{"not_picked":["hierophant:Remorse","hierophant:Purify"],"picked":"hierophant:Zeal","floor":13.0},{"not_picked":["hierophant:RustyCrate","hierophant:HammerAndAnvil"],"picked":"hierophant:Flagellation","floor":14.0},{"not_picked":["hierophant:LocustPlague","hierophant:Determination"],"picked":"hierophant:Anathema","floor":16.0},{"not_picked":["hierophant:Shelter+1","hierophant:Racketeering"],"picked":"hierophant:Doubloon","floor":18.0},{"not_picked":["hierophant:Purify","hierophant:DisplayOfPower"],"picked":"hierophant:MirrorShield","floor":19.0},{"not_picked":["hierophant:RepressedViolence+1","hierophant:Smite"],"picked":"hierophant:EyeForCoin","floor":21.0},{"not_picked":["hierophant:Charity+1","hierophant:Chorus+1"],"picked":"hierophant:DivineIntervention","floor":22},{"not_picked":["hierophant:Prophecy","hierophant:Mercenaries"],"picked":"hierophant:Encroach","floor":24},{"not_picked":["hierophant:Racketeering+1","hierophant:Shelter"],"picked":"hierophant:Doomsaying+1","floor":28}],"player_experience":144014,"relics_obtained":[{"floor":0.0,"key":"Centennial Puzzle"},{"floor":0.0,"key":"Shuriken"},{"floor":0.0,"key":"Ginger"},{"floor":7.0,"key":"Juzu Bracelet"},{"floor":9.0,"key":"Omamori"},{"floor":24,"key":"Kunai"},{"floor":26,"key":"Nunchaku"}],"event_choices":[{"damage_healed":0.0,"max_hp_gain":5.0,"max_hp_loss":0.0,"gold_gain":0.0,"event_name":"Big Fish","player_choice":"Donut","floor":3.0,"gold_loss":0.0,"damage_taken":0.0},{"damage_healed":0,"gold_gain":0,"player_choice":"Became a vampire","damage_taken":0,"max_hp_gain":0,"max_hp_loss":24,"event_name":"Vampires","floor":25,"gold_loss":0,"cards_obtained":["Bite","Bite","Bite","Bite","Bite"]}],"is_beta":false,"boss_relics":[{"not_picked":["Runic Pyramid","Velvet Choker"],"picked":"Philosopher\u0027s Stone"}],"items_purged_floors":[],"is_endless":false,"potions_floor_spawned":[1,2,5,7,14,19,22],"killed_by":"Centurion and Healer","ascension_level":0}}