{"host":"9n6i2vl93jt4o42q","time":1609515707,"event":{"mods":["BaseMod","Minty Spire (QoL Compilation)","Relic Stats"],"gold_per_floor":[116,191,61,31,50,50,61,61,143,170,170,5,25,35,35,111,111,123,123,123,135,135,135,145,145,171,206,131,149,149,161,161,161,161],"floor_reached":33,"playtime":3681,"items_purged":[],"score":530,"play_id":"22b6a527-e409-4ba3-ade9-6d7b7454e1d6","local_time":"20210101164147","is_ascension_mode":true,"campfire_choices":[{"data":"All Out Attack","floor":6.0,"key":"SMITH"},{"data":"Acrobatics","floor":8.0,"key":"SMITH"},{"floor":11.0,"key":"REST"},{"floor":15.0,"key":"REST"},{"floor":23.0,"key":"REST"},{"floor":25.0,"key":"REST"},{"floor":30.0,"key":"REST"},{"floor":32,"key":"REST"}],"circlet_count":0,"master_deck":["AscendersBane","Strike_G","Strike_G","Strike_G","Strike_G","Defend_G","Defend_G","Defend_G","Defend_G","Defend_G","Survivor","Neutralize","Poisoned Stab","All Out Attack+1","Acrobatics+1","Backflip","Deflect","Adrenaline","Caltrops+1","Sucker Punch","Deadly Poison","Underhanded Strike","Slice","Venomology","RitualDagger","Wraith Form v2+1","Backflip+1","Dagger Throw","PiercingWail"],"relics":["HoveringKite","Frozen Egg 2","Ornamental Fan","SlaversCollar","Lantern","Strawberry","Pen Nib"],"acts_visited":["Exordium","TheCity"],"potions_floor_usage":[33,33],"damage_taken":[{"damage":4.0,"enemies":"Small Slimes","floor":1.0,"turns":5.0},{"damage":6.0,"enemies":"Jaw Worm","floor":5.0,"turns":4.0},{"damage":6.0,"enemies":"Cultist","floor":7.0,"turns":4.0},{"damage":27.0,"enemies":"Lagavulin","floor":10.0,"turns":7.0},{"damage":15.0,"enemies":"Exordium Thugs","floor":13.0,"turns":5.0},{"damage":8.0,"enemies":"Large Slime","floor":14.0,"turns":3.0},{"damage":17.0,"enemies":"The Guardian","floor":16.0,"turns":10.0},{"damage":23.0,"enemies":"Spheric Guardian","floor":18.0,"turns":5.0},{"damage":16.0,"enemies":"Chosen","floor":21.0,"turns":6.0},{"damage":9.0,"enemies":"Centurion and Healer","floor":24.0,"turns":8.0},{"damage":35.0,"enemies":"Gremlin Leader","floor":27.0,"turns":9.0},{"damage":4.0,"enemies":"Snecko","floor":29.0,"turns":4.0},{"damage":18,"enemies":"Sentry and Sphere","floor":31,"turns":7},{"damage":50,"enemies":"Automaton","floor":33,"turns":14}],"seed_played":"-6642614864901305022","potions_obtained":[{"floor":4.0,"key":"DuplicationPotion"},{"floor":4.0,"key":"DuplicationPotion"},{"floor":7.0,"key":"GhostInAJar"},{"floor":13.0,"key":"Fire Potion"},{"floor":14.0,"key":"Dexterity Potion"},{"floor":18.0,"key":"DistilledChaos"},{"floor":31,"key":"SkillPotion"}],"is_trial":false,"path_per_floor":["M","?","$","?","M","R","M","R","T","E","R","$","M","M","R","B",null,"M","?","?","M","T","R","M","R","T","E","?","M","R","M","R","B"],"character_chosen":"THE_SILENT","items_purchased":["All Out Attack","Acrobatics","Caltrops+1","Sucker Punch","Deadly Poison"],"campfire_rested":6,"item_purchase_floors":[3,3,12,12,12],"current_hp_per_floor":[55,44,44,44,38,38,32,32,32,5,24,24,9,1,20,3,50,27,21,21,5,5,24,15,34,41,6,6,2,23,5,26,0,0],"gold":161,"neow_bonus":"BOSS_RELIC","is_daily":false,"chose_seed":false,"campfire_upgraded":2,"win_rate":0.0,"timestamp":1609515707,"path_taken":["M","?","$","?","?","R","M","R","T","E","R","?","M","M","R","BOSS","M","?","?","M","?","R","M","R","T","E","?","M","R","M","R","BOSS"],"items_purchased_type":["Card","Card","Card","Card","Card"],"build_version":"2020-12-22","purchased_purges":0,"victory":false,"max_hp_per_floor":[66,66,66,66,66,66,66,66,66,66,66,66,66,66,66,66,66,66,66,66,66,66,66,66,66,73,73,73,73,73,73,73,73,73],"relic_stats":{"counters":[14,91],"Ornamental Fan":[80],"HoveringKite":[41],"Pen Nib":[5],"obtain_stats":[{"SlaversCollar":17,"Lantern":22,"Ornamental Fan":10,"Strawberry":26,"HoveringKite":0,"Pen Nib":27,"Frozen Egg 2":9,"Ring of the Snake":0},{"SlaversCollar":7,"Lantern":9,"Ornamental Fan":4,"Strawberry":10,"HoveringKite":0,"Pen Nib":11,"Frozen Egg 2":3,"Ring of the Snake":0},{"SlaversCollar":38,"Lantern":49,"Ornamental Fan":20,"Strawberry":57,"HoveringKite":0,"Pen Nib":66,"Frozen Egg 2":13,"Ring of the Snake":0}]},"card_choices":[{"not_picked":["Cloak And Dagger","Setup"],"picked":"Poisoned Stab","floor":1.0},{"not_picked":["Deflect","Blade Dance"],"picked":"Backflip","floor":5.0},{"not_picked":["Poisoned Stab","Cloak And Dagger"],"picked":"Deflect","floor":7.0},{"not_picked":["Cloak And Dagger","Quick Slash"],"picked":"Adrenaline","floor":10.0},{"not_picked":["Acrobatics","Deadly Poison"],"picked":"Underhanded Strike","floor":13.0},{"not_picked":["Outmaneuver","Caltrops+1"],"picked":"Slice","floor":14.0},{"not_picked":["Bullet Time","Night Terror"],"picked":"Venomology","floor":16.0},{"not_picked":["Dagger Spray","Deflect","Outmaneuver"],"picked":"SKIP","floor":18.0},{"not_picked":["Heel Hook","Sucker Punch"],"picked":"Wraith Form v2+1","floor":21.0},{"not_picked":["Slice","Quick Slash"],"picked":"Backflip+1","floor":24.0},{"not_picked":["Outmaneuver","Leg Sweep"],"picked":"Dagger Throw","floor":27.0},{"not_picked":["Venomology","Dagger Spray"],"picked":"PiercingWail","floor":29.0},{"not_picked":["Poisoned Stab","Catalyst","Outmaneuver"],"picked":"SKIP","floor":31}],"player_experience":2020238,"relics_obtained":[{"floor":9.0,"key":"Frozen Egg 2"},{"floor":10.0,"key":"Ornamental Fan"},{"floor":22.0,"key":"Lantern"},{"floor":26.0,"key":"Strawberry"},{"floor":27.0,"key":"Pen Nib"}],"event_choices":[{"damage_healed":0.0,"max_hp_gain":0.0,"max_hp_loss":0.0,"gold_gain":75.0,"event_name":"World of Goop","player_choice":"Gather Gold","floor":2.0,"gold_loss":0.0,"damage_taken":11.0},{"damage_healed":0.0,"max_hp_gain":0.0,"max_hp_loss":0.0,"gold_gain":0.0,"event_name":"The Woman in Blue","player_choice":"Bought 2 Potions","floor":4.0,"gold_loss":0.0,"damage_taken":0.0},{"damage_healed":0.0,"max_hp_gain":0.0,"max_hp_loss":0.0,"gold_gain":0.0,"event_name":"Nest","player_choice":"Joined the Cult","floor":19.0,"gold_loss":0.0,"damage_taken":6.0,"cards_obtained":["RitualDagger"]},{"damage_healed":0.0,"max_hp_gain":0.0,"max_hp_loss":0.0,"gold_gain":0.0,"event_name":"Vampires","player_choice":"Ignored","floor":20.0,"gold_loss":0.0,"damage_taken":0.0},{"cards_removed":["Strike_G"],"damage_healed":0.0,"max_hp_gain":0.0,"max_hp_loss":0.0,"gold_gain":0.0,"event_name":"Beggar","player_choice":"Gave Gold","floor":28.0,"gold_loss":75.0,"damage_taken":0.0}],"is_beta":false,"boss_relics":[{"not_picked":["Fusion Hammer","Sozu"],"picked":"SlaversCollar"}],"items_purged_floors":[],"is_endless":false,"potions_floor_spawned":[5,7,13,14,18,27,31],"killed_by":"Automaton","ascension_level":20}}