{"host":"n3x47g3cen64bqy7","time":1609487957,"event":{"mods":["Aspiration","BaseMod","Downfall","Hermit","Hubris","Minty Spire (QoL Compilation)","Replay The Spire","Shop Mod","StSLib","The Construct","The Cursed","The Runesmith"],"gold_per_floor":[116,129,54,65,65,91,91,108,161,161,195,211,229,854,854,957,957,970,594,791,510,510,510,559,579,579,338,699,745,781,781,781,908,1008,1060,1089,1122,1122,861,861,905,942,994,1035,1077,1123,844,885,885,923,923,923,465,510,564],"floor_reached":56,"playtime":1835,"items_purged":["Strike_G","Strike_G","Strike_G","Strike_G","Defend_G","Defend_G","Defend_G","Defend_G","Neutralize"],"score":1504,"play_id":"3b9e1bfe-0a46-477d-82bc-1c1d9c1621f8","local_time":"20210101155917","is_ascension_mode":false,"campfire_choices":[{"data":"Cloak And Dagger","floor":7.0,"key":"SMITH"},{"data":"Cloak And Dagger","floor":10.0,"key":"SMITH"},{"data":"Hidden Blade","floor":15.0,"key":"SMITH"},{"data":"Cloak And Dagger","floor":23,"key":"SMITH"},{"data":"Cloak And Dagger","floor":32,"key":"SMITH"},{"floor":49,"key":"RECALL"},{"data":"Tactician","floor":52,"key":"SMITH"}],"circlet_count":0,"master_deck":["Survivor","Cloak And Dagger+1","Cloak And Dagger+1","Accuracy+1","Caltrops+1","Hidden Blade+1","Accuracy+1","Accuracy","Cloak And Dagger+1","Cloak And Dagger+1","Tactician+1","Prepared+1"],"relics":["Ring of the Snake","StrikeDummy","Blue Doll","Ginger","Membership Card","WristBlade","Anchor","Replay:Bandana","Guide Book","MerchantsRug","aspiration:Nostalgia","Runesmith:BrokenRuby","InkBottle","hubris:BundleOfHerbs","PreservedInsect","aspiration:ChemicalBlood","Chemical X","Nunchaku","hubris:Zylophone","Happy Flower","Replay:Wanted Poster","Replay:Multitool","Lantern","TheAbacus","hubris:AncientText","hubris:BottledRain","Replay:Baseball","Pen Nib","Tingsha","Centennial Puzzle","OrangePellets","Chameleon Ring"],"acts_visited":["Exordium","TheCity","TheBeyond","TheEnding"],"potions_floor_usage":[24,33,33,55,55,55,55,55],"damage_taken":[{"damage":3.0,"enemies":"Small Slimes","floor":1.0,"turns":4.0},{"damage":8.0,"enemies":"Jaw Worm","floor":2.0,"turns":3.0},{"damage":0.0,"enemies":"2 Louse","floor":4.0,"turns":3.0},{"damage":30.0,"enemies":"Replay:BlueRogue","floor":6.0,"turns":6.0},{"damage":4.0,"enemies":"Looter","floor":8.0,"turns":3.0},{"damage":0.0,"enemies":"Gremlin Nob","floor":11.0,"turns":3.0},{"damage":0.0,"enemies":"Exordium Wildlife","floor":12.0,"turns":2.0},{"damage":6.0,"enemies":"Large Slime","floor":13.0,"turns":5.0},{"damage":12.0,"enemies":"The Guardian","floor":16.0,"turns":4.0},{"damage":3,"enemies":"3 Byrds","floor":18,"turns":3},{"damage":2,"enemies":"Book of Stabbing","floor":24,"turns":3},{"damage":0,"enemies":"Spheric Guardian","floor":25,"turns":2},{"damage":14,"enemies":"Slavers","floor":29,"turns":4},{"damage":0,"enemies":"Cultist and Chosen","floor":30,"turns":2},{"damage":15,"enemies":"Collector","floor":33,"turns":3},{"damage":0,"enemies":"3 Darklings","floor":35,"turns":3},{"damage":0,"enemies":"Orb Walker","floor":36,"turns":1},{"damage":0,"enemies":"Jaw Worm Horde","floor":37,"turns":1},{"damage":0,"enemies":"Spire Growth","floor":41,"turns":1},{"damage":0,"enemies":"3 Darklings","floor":42,"turns":1},{"damage":0,"enemies":"Reptomancer","floor":44,"turns":2},{"damage":0,"enemies":"Jaw Worm Horde","floor":45,"turns":1},{"damage":0,"enemies":"Writhing Mass","floor":46,"turns":2},{"damage":0,"enemies":"Maw","floor":48,"turns":1},{"damage":0,"enemies":"Time Eater","floor":50,"turns":3},{"damage":0,"enemies":"Shield and Spear","floor":54,"turns":1},{"damage":50,"enemies":"The Heart","floor":55,"turns":5}],"seed_played":"7042595073536796809","potions_obtained":[{"floor":1.0,"key":"Strength Potion"},{"floor":2.0,"key":"Regen Potion"},{"floor":8.0,"key":"Adrenaline Potion"},{"floor":11.0,"key":"SneckoOil"},{"floor":25,"key":"champ:CounterPotion"},{"floor":29,"key":"Strength Potion"},{"floor":33,"key":"SkillPotion"},{"floor":33,"key":"DuplicationPotion"},{"floor":42,"key":"Energy Potion"},{"floor":55,"key":"Cursed Concoction"}],"is_trial":false,"path_per_floor":["M","M","$","M","?","E","R","M","T","R","E","M","M","$","R","B",null,"M","$","?","$","?","R","E","M","T","$","$","E","M","?","R","B",null,"M","M","M","?","$","R","M","M","T","E","M","M","$","M","R","B",null,"R","$","E","B",null],"character_chosen":"THE_SILENT","items_purchased":["Membership Card","Anchor","Replay:Bandana","Accuracy","Guide Book","MerchantsRug","Cloak And Dagger","aspiration:Nostalgia","InkBottle","PreservedInsect","aspiration:ChemicalBlood","Chemical X","Nunchaku","hubris:Zylophone","Lantern","TheAbacus","Replay:Baseball","Pen Nib","Tingsha","Centennial Puzzle","OrangePellets","Prepared+1"],"campfire_rested":0,"item_purchase_floors":[14,19,19,19,19,19,19,21,21,27,27,28,28,28,39,39,47,47,53,53,53,53],"current_hp_per_floor":[67,59,59,59,59,29,29,25,25,25,25,25,19,19,19,7,70,67,67,67,67,67,67,68,68,68,68,68,54,54,46,46,31,70,70,70,70,70,70,70,70,70,70,70,70,70,70,70,70,70,70,70,70,70,20],"gold":564,"neow_bonus":"RANDOM_EVENT","is_daily":false,"chose_seed":false,"campfire_upgraded":6,"win_rate":0.0,"timestamp":1609487957,"path_taken":["M","M","$","M","?","E","R","M","T","R","E","M","M","$","R","BOSS","M","$","?","$","?","R","E","M","T","?","$","E","M","?","R","BOSS","M","M","M","?","$","R","M","M","T","E","M","?","$","M","R","BOSS","R","$","E","BOSS"],"items_purchased_type":["Relic","Relic","Relic","Card","Relic","Relic","Card","Relic","Relic","Relic","Relic","Relic","Relic","Relic","Relic","Relic","Relic","Relic","Relic","Relic","Relic","Card"],"build_version":"2020-12-22","purchased_purges":9,"victory":true,"max_hp_per_floor":[70,70,70,70,70,70,70,70,70,70,70,70,70,70,70,70,70,70,70,70,70,70,70,70,70,70,70,70,70,70,70,70,70,70,70,70,70,70,70,70,70,70,70,70,70,70,70,70,70,70,70,70,70,70,70],"card_choices":[{"not_picked":["Distraction","Flying Knee"],"picked":"Cloak And Dagger","floor":1.0},{"not_picked":["Deadly Poison","Backflip"],"picked":"Cloak And Dagger","floor":2.0},{"not_picked":["Setup","ReplayTheSpireMod:Shiv Toss"],"picked":"Accuracy","floor":4.0},{"not_picked":["Leg Sweep","Burst"],"picked":"Caltrops","floor":6.0},{"not_picked":["Endless Agony","Bane","Prepared"],"picked":"SKIP","floor":8.0},{"not_picked":["Calculated Gamble","Backflip","Prepared"],"picked":"SKIP","floor":11.0},{"not_picked":["Dagger Spray","hubris:TrickCloak","Dagger Throw"],"picked":"SKIP","floor":12.0},{"not_picked":["Prepared","Dagger Throw"],"picked":"Hidden Blade","floor":13.0},{"not_picked":["Quick Slash","Sneak Up","Bane"],"picked":"SKIP","floor":18},{"not_picked":["Crippling Poison+1","Dagger Throw+1"],"picked":"Cloak And Dagger","floor":20},{"not_picked":["Bane+1","ReplayTheSpireMod:Exploit Weakness","Fluid Movement"],"picked":"SKIP","floor":24},{"not_picked":["Endless Agony+1","Crippling Poison","Toxin Wave+1"],"picked":"SKIP","floor":25},{"not_picked":["PiercingWail","Deflect","Venomology"],"picked":"SKIP","floor":29},{"not_picked":["Accuracy","Cloak And Dagger+1","Expertise"],"picked":"SKIP","floor":30},{"not_picked":["Slice","Deadly Poison+1"],"picked":"Tactician","floor":35},{"not_picked":["Sucker Punch","Deflect","PiercingWail"],"picked":"SKIP","floor":36},{"not_picked":["Endless Agony+1","Backflip","Envenom"],"picked":"SKIP","floor":37},{"not_picked":["Well Laid Plans+1","Hidden Blade","Dodge and Roll+1"],"picked":"SKIP","floor":41},{"not_picked":["Backflip+1","Hidden Blade","Sucker Punch+1"],"picked":"SKIP","floor":42},{"not_picked":["Atom Bomb","Footwork+1","Skewer+1"],"picked":"SKIP","floor":44},{"not_picked":["Sucker Punch+1","Dagger Spray+1","Replay:Poison Smokescreen"],"picked":"SKIP","floor":45},{"not_picked":["hubris:SlightOfHand","Cloak And Dagger+1","Hidden Blade+1"],"picked":"SKIP","floor":46},{"not_picked":["Hidden Blade+1","Accuracy","Cloak And Dagger+1"],"picked":"SKIP","floor":48},{"not_picked":["Riddle With Holes","Eviscerate+1","Poisoned Stab"],"picked":"SKIP","floor":54}],"player_experience":101563,"relics_obtained":[{"floor":6.0,"key":"StrikeDummy"},{"floor":9.0,"key":"Blue Doll"},{"floor":11.0,"key":"Ginger"},{"floor":24,"key":"hubris:BundleOfHerbs"},{"floor":29,"key":"Happy Flower"},{"floor":43,"key":"hubris:AncientText"},{"floor":44,"key":"hubris:BottledRain"},{"floor":54,"key":"Chameleon Ring"}],"event_choices":[{"cards_removed":["Defend_G"],"damage_healed":0.0,"max_hp_gain":0.0,"max_hp_loss":0.0,"gold_gain":0.0,"event_name":"Living Wall","player_choice":"Forget","floor":0.0,"gold_loss":0.0,"damage_taken":0.0},{"cards_removed":["Strike_G"],"damage_healed":0,"gold_gain":0,"player_choice":"Elegance","damage_taken":0,"max_hp_gain":0,"max_hp_loss":0,"event_name":"Back to Basics","floor":22,"gold_loss":0},{"damage_healed":0,"gold_gain":0,"player_choice":"Gave Potion","damage_taken":0,"relics_obtained":["Replay:Multitool"],"max_hp_gain":0,"max_hp_loss":0,"event_name":"WeMeetAgain","floor":38,"gold_loss":0},{"damage_healed":0,"gold_gain":0,"player_choice":"Ignored","damage_taken":0,"max_hp_gain":0,"max_hp_loss":0,"event_name":"Transmorgrifier","floor":40,"gold_loss":0}],"is_beta":false,"boss_relics":[{"not_picked":["Replay:Drink Me","Replay:Ancient Bell"],"picked":"WristBlade"},{"not_picked":["Cursed Key","Snecko Eye"],"picked":"Replay:Wanted Poster"}],"items_purged_floors":[3,14,19,21,27,28,39,47,53],"is_endless":false,"potions_floor_spawned":[1,2,8,11,16,18,25,29,33,35,37,42,44,54],"ascension_level":0}}