{"host":"lkyw40t68mxhwfjf","time":1609509607,"event":{"mods":["2.2 Compatiblity","Act Like it!","Arknights The Spire","BaseMod","Hallownest","HololiveMod","Hubris","Koishi","Lobotomy","Marisa¡]Ãú«B¡@Å]²z¨F¡^","Minty Spire (QoL Compilation)","Prisma Mod","Reimu¡]³Õ???¡^","Remilia¡]Á¢¦Ì²ú?¡^","Replay The Spire","RumiaBox-ÅS¦Ì?ªº¯«¯µ²°¤l","StSLib","The Animator","The Servant 0.9.4","TheSwordswoman","WarShipGirlsR/??¤Ö¤kR mod","Youmu¡]»î¾z§¯?¡^","Yuyuko"],"gold_per_floor":[112,187,201,20,39,39,39,57,57,57,57],"floor_reached":10,"playtime":337,"items_purged":[],"score":58,"play_id":"83326733-ca4c-4599-ac9a-859e58c04d99","local_time":"20210101220007","is_ascension_mode":false,"campfire_choices":[{"data":"ats:Counter Healing Mode","floor":6,"key":"SMITH"}],"circlet_count":0,"master_deck":["ats:Strike C","ats:Strike G","ats:Strike S","ats:Strike V","ats:Armor Crushing Shot","ats:Defend","ats:Defend","ats:Defend","ats:Defend","ats:Emotion Absorption+1","ats:Explosion Area Strengthen","ats:Healing Drone","ats:Apocalypse","ats:Flexible Camouflage","ats:Flexible Camouflage","ats:Counter Healing Mode+1","ats:Assault Order"],"relics":["ats:Sanity","ats:Hidden Killer"],"acts_visited":["Exordium"],"potions_floor_usage":[],"damage_taken":[{"damage":0,"enemies":"2 Louse","floor":1,"turns":2},{"damage":5,"enemies":"Small Slimes","floor":3,"turns":4},{"damage":17,"enemies":"Cultist","floor":5,"turns":5},{"damage":0,"enemies":"Large Slime","floor":8,"turns":6},{"damage":98,"enemies":"Lagavulin","floor":10,"turns":11}],"seed_played":"-4396346203988152011","potions_obtained":[],"is_trial":false,"path_per_floor":["M","?","M","$","M","R","?","M","T","E"],"character_chosen":"DOCTOR_CLASS","items_purchased":["ats:Flexible Camouflage","ats:Hidden Killer"],"campfire_rested":0,"item_purchase_floors":[4,4],"current_hp_per_floor":[72,61,62,62,65,65,65,72,72,0,0],"gold":57,"neow_bonus":"THREE_CARDS","is_daily":false,"chose_seed":false,"campfire_upgraded":1,"win_rate":0.0,"timestamp":1609509607,"path_taken":["M","?","M","$","M","R","?","?","T","E"],"items_purchased_type":["Card","Relic"],"build_version":"2020-12-22","purchased_purges":0,"victory":false,"max_hp_per_floor":[72,72,72,72,72,72,72,72,72,72,72],"card_choices":[{"not_picked":["ats:Cat Scratch","ats:Part Time Job"],"picked":"ats:Explosion Area Strengthen","floor":0},{"not_picked":["ats:Flexible Camouflage","ats:Assault Order"],"picked":"ats:Healing Drone","floor":1},{"not_picked":["ats:Guardian Obelisk","ats:Explosion Area Strengthen"],"picked":"ats:Apocalypse","floor":3},{"not_picked":["ats:Consecutive Shot Auto","ats:Steam Pump"],"picked":"ats:Counter Healing Mode","floor":5},{"not_picked":["ats:Apocalypse","ats:Red Shift"],"picked":"ats:Assault Order","floor":8}],"player_experience":393515,"relics_obtained":[],"event_choices":[{"damage_healed":0,"gold_gain":75,"player_choice":"Gather Gold","damage_taken":11,"max_hp_gain":0,"max_hp_loss":0,"event_name":"World of Goop","floor":2,"gold_loss":0},{"damage_healed":0,"gold_gain":0,"player_choice":"Upgraded","damage_taken":0,"max_hp_gain":0,"max_hp_loss":0,"event_name":"Upgrade Shrine","floor":7,"gold_loss":0,"cards_upgraded":["ats:Emotion Absorption"]}],"is_beta":false,"boss_relics":[],"items_purged_floors":[],"is_endless":false,"potions_floor_spawned":[],"killed_by":"Lagavulin","ascension_level":0}}