{"host":"6r3ioyv75hs1gp74","time":1609539755,"event":{"mods":["AchievementEnabler","BaseMod","Better Third Choice","Colored Map","Colored Powertips","Minty Spire (QoL Compilation)","StSLib"],"gold_per_floor":[110,110,128,78,153,153,184,184,184,184,184,219,239,4,4,106,106,122,149,181,181,26,26,60,60,60,60,83,97,111,125,125,221,221,236,236,287,1,14,26,26,46,72,84,84,130,34,51,51,51],"floor_reached":51,"playtime":3749,"items_purged":["Strike_G","Defend_G"],"score":646,"play_id":"6fda3cb8-3eab-453b-9ad0-bf4dbed15a35","local_time":"20210101222235","is_ascension_mode":false,"campfire_choices":[{"data":"Defend_G","floor":6,"key":"SMITH"},{"floor":8,"key":"REST"},{"floor":10,"key":"REST"},{"floor":15,"key":"REST"},{"data":"Corpse Explosion","floor":23,"key":"SMITH"},{"floor":25,"key":"REST"},{"data":"Blade Dance","floor":27,"key":"SMITH"},{"floor":32,"key":"REST"},{"floor":41,"key":"REST"},{"floor":45,"key":"REST"},{"floor":49,"key":"REST"}],"circlet_count":0,"master_deck":["Strike_G","Strike_G","Defend_G","Defend_G","Defend_G+1","Survivor","Neutralize","CurseOfTheBell","Flying Knee","Caltrops+1","Blade Dance+1","Leg Sweep","Blur","Cloak And Dagger","Infinite Blades+1","Leg Sweep","A Thousand Cuts+1","Well Laid Plans+1","Predator+1","Noxious Fumes+1","Corpse Explosion+1","Noxious Fumes+1","Quick Slash+1","Slice","Bane+1","Night Terror","Sucker Punch+1","Envenom+1","Deflect+1","Finisher+1","Panache+1","Panache+1","Bouncing Flask+1","Noxious Fumes+1","Finisher+1"],"relics":["Calling Bell","Ancient Tea Set","Frozen Egg 2","WingedGreaves","Strawberry","Snake Skull","Mummified Hand","Membership Card","Sozu","Regal Pillow","Red Mask","Pen Nib","Whetstone","Toy Ornithopter","HoveringKite","Prayer Wheel","Blood Vial","DollysMirror","Omamori","Boot","Anchor"],"acts_visited":["Exordium","TheCity","TheBeyond"],"potions_floor_usage":[7,16,16,33],"damage_taken":[{"damage":6,"enemies":"Jaw Worm","floor":1,"turns":7},{"damage":3,"enemies":"2 Louse","floor":3,"turns":2},{"damage":36,"enemies":"3 Sentries","floor":7,"turns":7},{"damage":37,"enemies":"Gremlin Nob","floor":12,"turns":5},{"damage":0,"enemies":"Cultist","floor":13,"turns":4},{"damage":9,"enemies":"Hexaghost","floor":16,"turns":12},{"damage":9,"enemies":"Chosen","floor":18,"turns":4},{"damage":17,"enemies":"Masked Bandits","floor":20,"turns":3},{"damage":21,"enemies":"Gremlin Leader","floor":24,"turns":6},{"damage":0,"enemies":"Shell Parasite","floor":29,"turns":3},{"damage":17,"enemies":"Shelled Parasite and Fungi","floor":30,"turns":4},{"damage":3,"enemies":"Snecko","floor":31,"turns":3},{"damage":33,"enemies":"Collector","floor":33,"turns":8},{"damage":13,"enemies":"3 Shapes","floor":35,"turns":5},{"damage":34,"enemies":"2 Orb Walkers","floor":37,"turns":5},{"damage":19,"enemies":"3 Darklings","floor":39,"turns":4},{"damage":0,"enemies":"Transient","floor":40,"turns":5},{"damage":13,"enemies":"Maw","floor":42,"turns":5},{"damage":43,"enemies":"4 Shapes","floor":44,"turns":3},{"damage":1,"enemies":"Transient","floor":48,"turns":5},{"damage":68,"enemies":"Donu and Deca","floor":50,"turns":5}],"seed_played":"-5428217154028092392","potions_obtained":[{"floor":3,"key":"LiquidBronze"},{"floor":12,"key":"Swift Potion"},{"floor":13,"key":"Weak Potion"},{"floor":16,"key":"BlessingOfTheForge"}],"is_trial":false,"path_per_floor":["M","?","M","?","?","R","E","R","T","R","?","E","M","$","R","B",null,"M","T","?","?","$","R","E","R","T","R","T","M","M","M","R","B",null,"M","?","?","$","M","M","R","M","T","M","R","T","?","M","R","B",null],"character_chosen":"THE_SILENT","items_purchased":["Infinite Blades+1","Membership Card","Leg Sweep","Corpse Explosion","Noxious Fumes+1","Quick Slash","Slice","Blood Vial","Panache+1","DollysMirror"],"campfire_rested":8,"item_purchase_floors":[14,14,14,22,22,22,22,38,38,38],"current_hp_per_floor":[64,64,61,61,50,50,21,44,44,67,67,30,30,30,53,44,77,68,68,51,51,51,51,30,68,68,68,68,68,51,48,77,46,77,64,64,30,30,13,15,53,42,42,1,39,39,39,40,77,9],"gold":51,"neow_bonus":"BOSS_RELIC","is_daily":false,"chose_seed":false,"campfire_upgraded":3,"win_rate":0.0,"timestamp":1609539755,"path_taken":["M","?","M","?","?","R","E","R","T","R","?","E","?","$","R","BOSS","M","?","?","?","$","R","E","R","T","R","?","M","M","M","R","BOSS","M","?","?","$","M","M","R","?","T","M","R","?","?","M","R","BOSS"],"items_purchased_type":["Card","Relic","Card","Card","Card","Card","Card","Relic","Card","Relic"],"build_version":"2020-12-22","purchased_purges":2,"victory":true,"max_hp_per_floor":[70,70,70,70,70,70,77,77,77,77,77,77,77,77,77,77,77,77,77,77,77,77,77,77,77,77,77,77,77,77,77,77,77,77,77,77,77,77,77,77,77,77,77,77,77,77,77,77,77,77],"card_choices":[{"not_picked":["Leg Sweep","Expertise"],"picked":"Flying Knee","floor":1},{"not_picked":["Deadly Poison","Backstab"],"picked":"Blade Dance","floor":3},{"not_picked":["Bane","Flying Knee"],"picked":"Leg Sweep","floor":7},{"not_picked":["Deadly Poison","Expertise"],"picked":"Blur","floor":12},{"not_picked":["Outmaneuver","Escape Plan"],"picked":"Cloak And Dagger","floor":13},{"not_picked":["Doppelganger","Unload"],"picked":"A Thousand Cuts+1","floor":16},{"not_picked":["Flechettes+1","Sucker Punch"],"picked":"Well Laid Plans+1","floor":18},{"not_picked":["Bane+1","PiercingWail"],"picked":"Predator","floor":20},{"not_picked":["Backflip","Reflex"],"picked":"Bane+1","floor":24},{"not_picked":["Well Laid Plans+1","PiercingWail+1"],"picked":"Night Terror","floor":29},{"not_picked":["Deflect","Tactician"],"picked":"Sucker Punch+1","floor":30},{"not_picked":["Dodge and Roll+1","Dagger Spray+1","Underhanded Strike"],"picked":"SKIP","floor":31},{"not_picked":["Venomology","Tools of the Trade+1"],"picked":"Envenom+1","floor":33},{"not_picked":["Underhanded Strike+1","Cloak And Dagger"],"picked":"Deflect+1","floor":35},{"not_picked":["Poisoned Stab","Dash+1"],"picked":"Finisher+1","floor":37},{"not_picked":["PiercingWail","Sucker Punch"],"picked":"Bouncing Flask+1","floor":39},{"not_picked":["Calculated Gamble","Heel Hook+1","Sucker Punch"],"picked":"SKIP","floor":39},{"not_picked":["Wraith Form v2+1","Slice+1"],"picked":"Noxious Fumes+1","floor":40},{"not_picked":["Bane","Heel Hook","Flying Knee+1"],"picked":"SKIP","floor":40},{"not_picked":["Prepared","Acrobatics+1","Bouncing Flask"],"picked":"SKIP","floor":42},{"not_picked":["Underhanded Strike","Choke","Blur"],"picked":"SKIP","floor":42},{"not_picked":["Reflex+1","Flying Knee"],"picked":"Finisher+1","floor":44},{"not_picked":["Outmaneuver","Finisher+1","Backflip"],"picked":"SKIP","floor":44},{"not_picked":["Dagger Spray","Bane","Leg Sweep"],"picked":"SKIP","floor":48},{"not_picked":["Flechettes+1","Bane","Poisoned Stab+1"],"picked":"SKIP","floor":48}],"player_experience":47704,"relics_obtained":[{"floor":0,"key":"Ancient Tea Set"},{"floor":0,"key":"Frozen Egg 2"},{"floor":0,"key":"WingedGreaves"},{"floor":7,"key":"Strawberry"},{"floor":9,"key":"Snake Skull"},{"floor":12,"key":"Mummified Hand"},{"floor":19,"key":"Regal Pillow"},{"floor":20,"key":"Red Mask"},{"floor":24,"key":"Pen Nib"},{"floor":26,"key":"Whetstone"},{"floor":28,"key":"Toy Ornithopter"},{"floor":37,"key":"Prayer Wheel"},{"floor":43,"key":"Omamori"},{"floor":46,"key":"Boot"}],"event_choices":[{"damage_healed":0,"gold_gain":0,"cards_transformed":["Defend_G"],"player_choice":"Change","damage_taken":0,"max_hp_gain":0,"max_hp_loss":0,"event_name":"Living Wall","floor":2,"gold_loss":0,"cards_obtained":["Caltrops"]},{"cards_removed":["Strike_G"],"damage_healed":0,"gold_gain":0,"player_choice":"Card Removal","damage_taken":0,"max_hp_gain":0,"max_hp_loss":0,"event_name":"The Cleric","floor":4,"gold_loss":50},{"damage_healed":0,"gold_gain":75,"player_choice":"Gold","damage_taken":11,"max_hp_gain":0,"max_hp_loss":0,"event_name":"betterThird:BetterGoop","floor":5,"gold_loss":0},{"damage_healed":0,"gold_gain":0,"player_choice":"Ignored","damage_taken":0,"max_hp_gain":0,"max_hp_loss":0,"event_name":"NoteForYourself","floor":11,"gold_loss":0},{"damage_healed":0,"gold_gain":0,"player_choice":"Fought Bandits","damage_taken":0,"max_hp_gain":0,"max_hp_loss":0,"event_name":"Masked Bandits","floor":20,"gold_loss":0},{"damage_healed":0,"gold_gain":0,"player_choice":"Read","damage_taken":0,"max_hp_gain":0,"max_hp_loss":0,"event_name":"The Library","floor":21,"gold_loss":0,"cards_obtained":["Noxious Fumes"]},{"cards_removed":["Strike_G"],"damage_healed":0,"gold_gain":0,"player_choice":"Removed Attack","damage_taken":0,"max_hp_gain":0,"max_hp_loss":0,"event_name":"Falling","floor":36,"gold_loss":0},{"damage_healed":0,"gold_gain":0,"player_choice":"Fight","damage_taken":0,"max_hp_gain":0,"max_hp_loss":0,"event_name":"Mysterious Sphere","floor":37,"gold_loss":0},{"damage_healed":0,"gold_gain":0,"player_choice":"Paid Gold","damage_taken":0,"relics_obtained":["Anchor"],"max_hp_gain":0,"max_hp_loss":0,"event_name":"WeMeetAgain","floor":47,"gold_loss":96}],"is_beta":false,"boss_relics":[{"not_picked":["Busted Crown","Runic Pyramid"],"picked":"Sozu"},{"not_picked":["Runic Dome","Cursed Key"],"picked":"HoveringKite"}],"items_purged_floors":[22,38],"is_endless":false,"potions_floor_spawned":[3,12,13,16,24,30,35,39,40,44],"ascension_level":0}}