{"host":"hszimsrtxxc2k25w","time":1609518810,"event":{"mods":["AchievementEnabler","BaseMod","Colored Map","DeckTracker","Minty Spire (QoL Compilation)","Rare Cards Sparkle","SuperFastMode"],"gold_per_floor":[113,125,50,50,50,84,104,104,104,122,141,141,154,13,13,90,90,103,115,40,90,110,110,110,110],"floor_reached":24,"playtime":568,"items_purged":[],"score":446,"play_id":"486a7ca0-a1a5-41d0-b49c-b4811eddc57b","local_time":"20210102013330","is_ascension_mode":true,"campfire_choices":[{"data":"Strike_R","floor":8.0,"key":"PURGE"},{"data":"Armaments","floor":12.0,"key":"SMITH"},{"data":"Strike_R","floor":15.0,"key":"PURGE"}],"circlet_count":0,"master_deck":["AscendersBane","Defend_R","Defend_R","Defend_R","Defend_R","Bash","Armaments+1","Demon Form","Carnage","Shrug It Off","Entrench","Dark Embrace","Evolve","Pommel Strike","Immolate","Rampage"],"relics":["Burning Blood","NeowsBlessing","Peace Pipe","Unceasing Top","Cursed Key"],"acts_visited":["Exordium","TheCity"],"potions_floor_usage":[],"damage_taken":[{"damage":0.0,"enemies":"Jaw Worm","floor":1.0,"turns":1.0},{"damage":0.0,"enemies":"Small Slimes","floor":2.0,"turns":1.0},{"damage":0.0,"enemies":"Gremlin Nob","floor":6.0,"turns":1.0},{"damage":4.0,"enemies":"2 Louse","floor":7.0,"turns":4.0},{"damage":8.0,"enemies":"Blue Slaver","floor":10.0,"turns":4.0},{"damage":1.0,"enemies":"2 Fungi Beasts","floor":11.0,"turns":3.0},{"damage":9.0,"enemies":"Looter","floor":13.0,"turns":5.0},{"damage":33.0,"enemies":"Slime Boss","floor":16.0,"turns":9.0},{"damage":37.0,"enemies":"Spheric Guardian","floor":18.0,"turns":6.0},{"damage":9,"enemies":"2 Thieves","floor":19,"turns":4},{"damage":16,"enemies":"Cultist and Chosen","floor":22,"turns":7},{"damage":30,"enemies":"Snake Plant","floor":24,"turns":3}],"seed_played":"4621687941698431400","potions_obtained":[{"floor":6.0,"key":"AttackPotion"},{"floor":10.0,"key":"DistilledChaos"},{"floor":13.0,"key":"Swift Potion"}],"is_trial":false,"path_per_floor":["M","M","?","$","?","E","M","R","T","M","M","R","M","$","R","B",null,"M","M","?","?","M","?","M"],"character_chosen":"IRONCLAD","items_purchased":["Evolve","Pommel Strike"],"campfire_rested":0,"item_purchase_floors":[14,14],"current_hp_per_floor":[74,75,75,75,75,75,75,75,75,73,75,75,72,72,72,45,68,37,34,34,34,24,24,0,0],"gold":110,"neow_bonus":"THREE_ENEMY_KILL","is_daily":false,"chose_seed":false,"campfire_upgraded":1,"win_rate":0.0,"timestamp":1609518810,"path_taken":["M","M","?","$","?","E","M","R","T","M","M","R","M","$","R","BOSS","M","M","?","?","M","?","M"],"items_purchased_type":["Card","Card"],"build_version":"2020-12-22","purchased_purges":0,"victory":false,"max_hp_per_floor":[75,75,75,75,75,75,75,75,75,75,75,75,75,75,75,75,75,75,75,75,75,75,75,75,75],"card_choices":[{"not_picked":["Heavy Blade","Bloodletting"],"picked":"Armaments","floor":1.0},{"not_picked":["Clash","Thunderclap","Cleave"],"picked":"SKIP","floor":2.0},{"not_picked":["Iron Wave","Thunderclap","Metallicize"],"picked":"SKIP","floor":6.0},{"not_picked":["Second Wind","Wild Strike"],"picked":"Carnage","floor":7.0},{"not_picked":["Intimidate","Infernal Blade"],"picked":"Shrug It Off","floor":10.0},{"not_picked":["Reckless Charge","True Grit"],"picked":"Entrench","floor":11.0},{"not_picked":["Sentinel","Cleave"],"picked":"Dark Embrace","floor":13.0},{"not_picked":["Brutality","Corruption"],"picked":"Immolate","floor":16.0},{"not_picked":["Heavy Blade","Clash","Rampage"],"picked":"SKIP","floor":18.0},{"not_picked":["Heavy Blade","Clash"],"picked":"Rampage","floor":18.0},{"not_picked":["True Grit","Armaments","Cleave"],"picked":"SKIP","floor":19},{"not_picked":["Flame Barrier","Perfected Strike","Brutality"],"picked":"SKIP","floor":22}],"player_experience":599674,"relics_obtained":[{"floor":6.0,"key":"Peace Pipe"},{"floor":9.0,"key":"Unceasing Top"}],"event_choices":[{"cards_removed":["Strike_R"],"damage_healed":0.0,"max_hp_gain":0.0,"max_hp_loss":0.0,"gold_gain":0.0,"event_name":"The Cleric","player_choice":"Card Removal","floor":3.0,"gold_loss":75.0,"damage_taken":0.0},{"damage_healed":0.0,"max_hp_gain":0.0,"max_hp_loss":0.0,"gold_gain":0.0,"cards_transformed":["Strike_R"],"event_name":"Living Wall","player_choice":"Change","floor":5.0,"gold_loss":0.0,"damage_taken":0.0,"cards_obtained":["Demon Form"]},{"cards_removed":["Strike_R"],"damage_healed":0,"gold_gain":0,"player_choice":"Gave Gold","damage_taken":0,"max_hp_gain":0,"max_hp_loss":0,"event_name":"Beggar","floor":20,"gold_loss":75},{"damage_healed":0,"gold_gain":50,"player_choice":"Stole From Cult","damage_taken":0,"max_hp_gain":0,"max_hp_loss":0,"event_name":"Nest","floor":21,"gold_loss":0},{"damage_healed":0,"gold_gain":0,"player_choice":"Ignored","damage_taken":0,"max_hp_gain":0,"max_hp_loss":0,"event_name":"Ghosts","floor":23,"gold_loss":0}],"is_beta":false,"boss_relics":[{"not_picked":["Busted Crown","Snecko Eye"],"picked":"Cursed Key"}],"items_purged_floors":[],"is_endless":false,"potions_floor_spawned":[6,10,11,13,16],"killed_by":"Snake Plant","ascension_level":20}}