{"host":"yvb207ks1sg3cxef","time":1609538479,"event":{"mods":["2.2 Compatiblity","BaseMod","Bestiary","Colored Powertips","Minty Spire (QoL Compilation)","Permanent Neow","Quick Restart","Relic Stats","StSLib"],"gold_per_floor":[118,134,150,165,179,213,213,229,229,243,243,271,271,287,287,363,363,374,374,374,43,58,88,104,104,104,104,54,54,66,76,76,152,152,162,0,25,39,56,56,75,109,188,234,234,260,260,285,285,285,285,285,39,65,65],"floor_reached":56,"playtime":5411,"items_purged":["Strike_G","Parasite"],"score":2628,"play_id":"4bfa6c90-6be6-4f57-81f7-8a9b2ea163c8","local_time":"20210102033119","is_ascension_mode":true,"campfire_choices":[{"floor":7.0,"key":"REST"},{"data":"Apotheosis","floor":15.0,"key":"SMITH"},{"floor":27.0,"key":"RECALL"},{"floor":29.0,"key":"REST"},{"floor":32.0,"key":"REST"},{"floor":40,"key":"REST"},{"floor":49,"key":"REST"},{"floor":52,"key":"REST"}],"circlet_count":0,"master_deck":["AscendersBane","Defend_G","Defend_G","Defend_G","Defend_G","Defend_G","Survivor","Neutralize","Apotheosis+1","Heel Hook","Masterful Stab","Footwork","Prepared","Crippling Poison","Deadly Poison","Tactician","Backflip","Tools of the Trade","Acrobatics","Ghostly","Ghostly","Ghostly","Backflip","Footwork","Tactician","Reflex","Prepared","Malaise","Corpse Explosion+1","Glass Knife+1","Bouncing Flask+1","Dodge and Roll+1","Backflip","Prepared","Prepared+1","Calculated Gamble","Adrenaline","Flash of Steel","Blur","Apotheosis","Blur"],"relics":["Ring of the Snake","Art of War","Paper Crane","Nunchaku","Fusion Hammer","Tough Bandages","Smiling Mask","Ornamental Fan","Astrolabe","Red Mask","Gambling Chip","Question Card","Pocketwatch","Bottled Tornado","Toy Ornithopter","Thread and Needle","Boot"],"acts_visited":["Exordium","TheCity","TheBeyond","TheEnding"],"potions_floor_usage":[54],"damage_taken":[{"damage":0.0,"enemies":"Cultist","floor":1.0,"turns":4.0},{"damage":0.0,"enemies":"2 Louse","floor":2.0,"turns":4.0},{"damage":0.0,"enemies":"Small Slimes","floor":3.0,"turns":3.0},{"damage":4.0,"enemies":"2 Fungi Beasts","floor":4.0,"turns":4.0},{"damage":4.0,"enemies":"Lots of Slimes","floor":5.0,"turns":5.0},{"damage":42.0,"enemies":"Gremlin Nob","floor":6.0,"turns":5.0},{"damage":5.0,"enemies":"Exordium Wildlife","floor":8.0,"turns":5.0},{"damage":0.0,"enemies":"Looter","floor":10.0,"turns":4.0},{"damage":10.0,"enemies":"3 Sentries","floor":12.0,"turns":8.0},{"damage":1.0,"enemies":"2 Fungi Beasts","floor":14.0,"turns":4.0},{"damage":7.0,"enemies":"Hexaghost","floor":16.0,"turns":10.0},{"damage":19.0,"enemies":"Spheric Guardian","floor":18.0,"turns":5.0},{"damage":0.0,"enemies":"Shell Parasite","floor":22.0,"turns":6.0},{"damage":0.0,"enemies":"Book of Stabbing","floor":23.0,"turns":8.0},{"damage":0.0,"enemies":"Snake Plant","floor":24.0,"turns":6.0},{"damage":0.0,"enemies":"Snecko","floor":30.0,"turns":8.0},{"damage":0.0,"enemies":"Centurion and Healer","floor":31.0,"turns":8.0},{"damage":12.0,"enemies":"Collector","floor":33.0,"turns":18.0},{"damage":0.0,"enemies":"3 Shapes","floor":35.0,"turns":5.0},{"damage":2.0,"enemies":"Mind Bloom Boss Battle","floor":37.0,"turns":9.0},{"damage":0.0,"enemies":"3 Darklings","floor":38.0,"turns":3.0},{"damage":0,"enemies":"Transient","floor":39,"turns":6},{"damage":0,"enemies":"Jaw Worm Horde","floor":41,"turns":4},{"damage":0,"enemies":"Giant Head","floor":42,"turns":7},{"damage":0,"enemies":"2 Orb Walkers","floor":44,"turns":5},{"damage":4,"enemies":"Reptomancer","floor":46,"turns":8},{"damage":0,"enemies":"Giant Head","floor":48,"turns":9},{"damage":0,"enemies":"Awakened One","floor":50,"turns":18},{"damage":0,"enemies":"Shield and Spear","floor":54,"turns":10},{"damage":0,"enemies":"The Heart","floor":55,"turns":12}],"seed_played":"7429375369456796116","potions_obtained":[{"floor":3.0,"key":"Swift Potion"},{"floor":4.0,"key":"Dexterity Potion"},{"floor":6.0,"key":"SteroidPotion"},{"floor":8.0,"key":"LiquidMemories"},{"floor":16.0,"key":"DistilledChaos"},{"floor":23.0,"key":"Block Potion"},{"floor":33.0,"key":"GhostInAJar"},{"floor":39,"key":"AttackPotion"},{"floor":42,"key":"SkillPotion"},{"floor":54,"key":"Explosive Potion"}],"is_trial":false,"path_per_floor":["M","M","M","M","M","E","R","M","T","M","?","E","?","M","R","B",null,"M","?","?","$","M","E","M","?","T","R","$","R","M","M","R","B",null,"M","?","?","M","M","R","M","E","T","?","T","E","?","E","R","B",null,"R","$","E","B",null],"character_chosen":"THE_SILENT","items_purchased":["Tough Bandages","Apotheosis"],"campfire_rested":6,"item_purchase_floors":[21,53],"current_hp_per_floor":[59,59,59,55,51,9,27,22,22,22,15,5,20,19,19,12,48,29,29,29,29,29,29,29,29,29,29,29,30,30,30,30,18,27,27,27,25,25,25,30,30,30,30,30,30,26,26,26,30,30,30,30,27,27,27],"gold":65,"neow_bonus":"RANDOM_COLORLESS_2","is_daily":false,"chose_seed":false,"campfire_upgraded":1,"win_rate":0.0,"timestamp":1609538479,"path_taken":["M","M","?","M","?","E","R","M","T","M","?","E","?","M","R","BOSS","M","?","?","$","M","E","M","?","T","R","$","R","M","?","R","BOSS","M","?","?","M","M","R","M","E","T","?","?","E","?","E","R","BOSS","R","$","E","BOSS"],"items_purchased_type":["Relic","Card"],"build_version":"2020-12-22","purchased_purges":2,"victory":true,"max_hp_per_floor":[60,60,60,60,60,60,60,60,60,60,60,60,60,60,60,60,60,60,60,30,30,30,30,30,30,30,30,30,30,30,30,30,30,30,30,30,30,30,30,30,30,30,30,30,30,30,30,30,30,30,30,30,27,27,27],"relic_stats":{"counters":[30,211],"Astrolabe":["Corpse Explosion","Glass Knife","Bouncing Flask"],"Smiling Mask":75,"Question Card":5,"Boot":[5],"Nunchaku":[30],"Tough Bandages":[2295],"Ornamental Fan":[164],"Gambling Chip":[56],"Art of War":[47],"obtain_stats":[{"Astrolabe":34,"Thread and Needle":48,"Paper Crane":9,"Bottled Tornado":45,"Smiling Mask":23,"Question Card":42,"Boot":54,"Nunchaku":12,"Tough Bandages":21,"Ornamental Fan":26,"Gambling Chip":37,"Fusion Hammer":17,"Art of War":6,"Red Mask":36,"Toy Ornithopter":46,"Ring of the Snake":0,"Pocketwatch":44},{"Astrolabe":18,"Thread and Needle":27,"Paper Crane":7,"Bottled Tornado":25,"Smiling Mask":14,"Question Card":24,"Boot":29,"Nunchaku":9,"Tough Bandages":12,"Ornamental Fan":15,"Gambling Chip":20,"Fusion Hammer":11,"Art of War":6,"Red Mask":19,"Toy Ornithopter":26,"Ring of the Snake":0,"Pocketwatch":25},{"Astrolabe":115,"Thread and Needle":171,"Paper Crane":30,"Bottled Tornado":154,"Smiling Mask":75,"Question Card":149,"Boot":199,"Nunchaku":42,"Tough Bandages":61,"Ornamental Fan":81,"Gambling Chip":129,"Fusion Hammer":56,"Art of War":25,"Red Mask":120,"Toy Ornithopter":162,"Ring of the Snake":0,"Pocketwatch":154}],"Toy Ornithopter":0,"Ring of the Snake":[60],"Pocketwatch":[12]},"card_choices":[{"not_picked":["Secret Weapon","Chrysalis"],"picked":"Apotheosis","floor":0.0},{"not_picked":["Flechettes","Distraction"],"picked":"Heel Hook","floor":1.0},{"not_picked":["Accuracy","PiercingWail"],"picked":"Masterful Stab","floor":2.0},{"not_picked":["Outmaneuver","Deflect"],"picked":"Footwork","floor":3.0},{"not_picked":["Deadly Poison","Cloak And Dagger"],"picked":"Prepared","floor":4.0},{"not_picked":["Quick Slash","Eviscerate","Acrobatics"],"picked":"SKIP","floor":5.0},{"not_picked":["Accuracy","Dagger Spray"],"picked":"Crippling Poison","floor":6.0},{"not_picked":["Finisher","Heel Hook"],"picked":"Deadly Poison","floor":8.0},{"not_picked":["Underhanded Strike","Riddle With Holes","Bane"],"picked":"SKIP","floor":10.0},{"not_picked":["Catalyst","Glass Knife"],"picked":"Tactician","floor":12.0},{"not_picked":["Outmaneuver","Bane"],"picked":"Backflip","floor":14.0},{"not_picked":["Burst","Venomology"],"picked":"Tools of the Trade","floor":16.0},{"not_picked":["Masterful Stab","Riddle With Holes"],"picked":"Acrobatics","floor":18.0},{"not_picked":["Underhanded Strike","Dagger Throw"],"picked":"Backflip","floor":22.0},{"not_picked":["Dash+1","Bullet Time"],"picked":"Footwork","floor":23.0},{"not_picked":["Sucker Punch","Quick Slash","Backstab"],"picked":"SKIP","floor":24.0},{"not_picked":["PiercingWail","Deflect"],"picked":"Reflex","floor":30.0},{"not_picked":["Predator","Bouncing Flask"],"picked":"Prepared","floor":31.0},{"not_picked":["Die Die Die","Corpse Explosion"],"picked":"Malaise","floor":33.0},{"not_picked":["Eviscerate","Heel Hook"],"picked":"Dodge and Roll+1","floor":35.0},{"not_picked":["Deadly Poison+1","Terror"],"picked":"Backflip","floor":37.0},{"not_picked":["Dagger Throw","Sucker Punch","Underhanded Strike+1"],"picked":"SKIP","floor":38.0},{"not_picked":["Finisher","Blade Dance"],"picked":"Prepared","floor":39},{"not_picked":["Dagger Spray","Finisher","Dagger Throw"],"picked":"SKIP","floor":41},{"not_picked":["Flying Knee","Endless Agony"],"picked":"Prepared+1","floor":42},{"not_picked":["Accuracy","Prepared","Heel Hook+1"],"picked":"Calculated Gamble","floor":44},{"not_picked":["Prepared","Bane+1","Outmaneuver"],"picked":"Adrenaline","floor":46},{"not_picked":["Dark Shackles","Chrysalis","Good Instincts"],"picked":"Flash of Steel","floor":47},{"not_picked":["Choke","Dodge and Roll","Caltrops"],"picked":"Blur","floor":48},{"not_picked":["Glass Knife","Deadly Poison","Setup+1"],"picked":"Blur","floor":54}],"player_experience":273488,"relics_obtained":[{"floor":6.0,"key":"Art of War"},{"floor":9.0,"key":"Paper Crane"},{"floor":12.0,"key":"Nunchaku"},{"floor":23.0,"key":"Smiling Mask"},{"floor":26.0,"key":"Ornamental Fan"},{"floor":37.0,"key":"Gambling Chip"},{"floor":42,"key":"Question Card"},{"floor":44,"key":"Pocketwatch"},{"floor":45,"key":"Bottled Tornado"},{"floor":46,"key":"Toy Ornithopter"},{"floor":48,"key":"Thread and Needle"},{"floor":54,"key":"Boot"}],"event_choices":[{"cards_removed":["Strike_G"],"damage_healed":0.0,"max_hp_gain":0.0,"max_hp_loss":0.0,"gold_gain":0.0,"event_name":"Golden Wing","player_choice":"Card Removal","floor":11.0,"gold_loss":0.0,"damage_taken":7.0},{"damage_healed":15.0,"max_hp_gain":0.0,"max_hp_loss":0.0,"gold_gain":0.0,"event_name":"Mushrooms","player_choice":"Healed and dodged fight","floor":13.0,"gold_loss":0.0,"damage_taken":0.0,"cards_obtained":["Parasite"]},{"damage_healed":0.0,"max_hp_gain":0.0,"max_hp_loss":0.0,"gold_gain":0.0,"event_name":"Vampires","player_choice":"Ignored","floor":19.0,"gold_loss":0.0,"damage_taken":0.0},{"damage_healed":0.0,"max_hp_gain":0.0,"max_hp_loss":30.0,"gold_gain":0.0,"event_name":"Ghosts","player_choice":"Became a Ghost","floor":20.0,"gold_loss":0.0,"damage_taken":0.0,"cards_obtained":["Ghostly","Ghostly","Ghostly"]},{"damage_healed":0.0,"max_hp_gain":0.0,"max_hp_loss":0.0,"gold_gain":0.0,"event_name":"Duplicator","player_choice":"Copied","floor":25.0,"gold_loss":0.0,"damage_taken":0.0,"cards_obtained":["Tactician"]},{"damage_healed":0.0,"max_hp_gain":0.0,"max_hp_loss":0.0,"gold_gain":0.0,"event_name":"Tomb of Lord Red Mask","player_choice":"Paid","floor":36.0,"gold_loss":162.0,"damage_taken":0.0,"relics_obtained":["Red Mask"]},{"damage_healed":0.0,"max_hp_gain":0.0,"max_hp_loss":0.0,"gold_gain":0.0,"event_name":"MindBloom","player_choice":"Fight","floor":37.0,"gold_loss":0.0,"damage_taken":0.0},{"damage_healed":0,"gold_gain":0,"player_choice":"Fight","damage_taken":0,"max_hp_gain":0,"max_hp_loss":0,"event_name":"Mysterious Sphere","floor":44,"gold_loss":0},{"damage_healed":0,"gold_gain":0,"player_choice":"Memory 1","damage_taken":0,"max_hp_gain":0,"max_hp_loss":0,"event_name":"SensoryStone","floor":47,"gold_loss":0}],"is_beta":false,"boss_relics":[{"not_picked":["Ring of the Serpent","SlaversCollar"],"picked":"Fusion Hammer"},{"not_picked":["Velvet Choker","Sozu"],"picked":"Astrolabe"}],"items_purged_floors":[28,53],"is_endless":false,"potions_floor_spawned":[3,4,6,8,10,16,23,30,31,33,35,39,42,48,54],"ascension_level":19}}