{"host":"g01l53quoe6lrer0","time":1609529454,"event":{"mods":["2.2 Compatiblity","BaseMod","Colored Map","Highlight Path","Keyboard Shortcuts","Minty Spire (QoL Compilation)","Permanent Neow","Quick Restart","StSLib","everything is the same but u backflip on backflip"],"gold_per_floor":[209,223,223,223,223,223,248,248,325,359,359,391,411,0,0,99,99,109,109,9,9,9,9,22,57,81,107,142,158,183,197,197,293,293,305,316,316,316,365,365,385,110,110,110,129,129,129,155,155,155],"floor_reached":51,"playtime":1897,"items_purged":["Strike_R","Strike_R","Cleave"],"score":952,"play_id":"0e833254-d079-4675-8d1c-90924c5e58e1","local_time":"20210102043054","is_ascension_mode":true,"campfire_choices":[{"data":"Dropkick","floor":6.0,"key":"SMITH"},{"data":"Rampage","floor":8.0,"key":"SMITH"},{"data":"Fiend Fire","floor":11.0,"key":"SMITH"},{"data":"Pommel Strike","floor":15.0,"key":"SMITH"},{"data":"Immolate","floor":23.0,"key":"SMITH"},{"data":"Dual Wield","floor":32,"key":"SMITH"},{"data":"Madness","floor":40,"key":"SMITH"},{"data":"Double Tap","floor":47,"key":"SMITH"},{"data":"Deep Breath","floor":49,"key":"SMITH"}],"circlet_count":0,"master_deck":["Defend_R","Defend_R","Bash+1","Dropkick+1","Burning Pact","Rampage+1","Fiend Fire+1","Dual Wield+1","Pommel Strike+1","Trip","Immolate+1","Clash","RitualDagger","Spot Weakness","Inflame+1","Seeing Red","Warcry","Metallicize+1","Barricade+1","Double Tap+1","Body Slam+1","Madness","Madness+1","True Grit+1","Twin Strike+1","Deep Breath+1","Carnage+1"],"relics":["Burning Blood","FossilizedHelix","Mango","Mummified Hand","Pen Nib","Orichalcum","Paper Frog","Sozu","Bottled Flame","Frozen Egg 2","MealTicket","Boot","Red Mask","Shuriken","Empty Cage","Torii","Bag of Marbles","Kunai","Anchor"],"acts_visited":["Exordium","TheCity","TheBeyond"],"potions_floor_usage":[50,50],"damage_taken":[{"damage":6.0,"enemies":"Cultist","floor":1.0,"turns":4.0},{"damage":0.0,"enemies":"Small Slimes","floor":2.0,"turns":3.0},{"damage":20.0,"enemies":"Gremlin Nob","floor":7.0,"turns":5.0},{"damage":28.0,"enemies":"3 Sentries","floor":10.0,"turns":8.0},{"damage":18.0,"enemies":"Lagavulin","floor":12.0,"turns":4.0},{"damage":0.0,"enemies":"2 Louse","floor":13.0,"turns":4.0},{"damage":24.0,"enemies":"The Guardian","floor":16.0,"turns":7.0},{"damage":1.0,"enemies":"2 Thieves","floor":18.0,"turns":3.0},{"damage":0,"enemies":"3 Byrds","floor":24,"turns":4},{"damage":0,"enemies":"Gremlin Leader","floor":25,"turns":4},{"damage":24,"enemies":"Slavers","floor":27,"turns":3},{"damage":0,"enemies":"Masked Bandits","floor":28,"turns":2},{"damage":0,"enemies":"Shelled Parasite and Fungi","floor":29,"turns":2},{"damage":0,"enemies":"Gremlin Leader","floor":30,"turns":2},{"damage":0,"enemies":"Snecko","floor":31,"turns":4},{"damage":69,"enemies":"Automaton","floor":33,"turns":9},{"damage":0,"enemies":"3 Darklings","floor":35,"turns":1},{"damage":9,"enemies":"Orb Walker","floor":36,"turns":3},{"damage":25,"enemies":"2 Orb Walkers","floor":39,"turns":3},{"damage":0,"enemies":"3 Darklings","floor":41,"turns":2},{"damage":1,"enemies":"Maw","floor":45,"turns":5},{"damage":0,"enemies":"Nemesis","floor":48,"turns":3},{"damage":75,"enemies":"Awakened One","floor":50,"turns":7}],"seed_played":"-8407151175830712079","potions_obtained":[{"floor":2.0,"key":"Regen Potion"},{"floor":7.0,"key":"BlessingOfTheForge"},{"floor":12.0,"key":"Dexterity Potion"},{"floor":13.0,"key":"Regen Potion"}],"is_trial":false,"path_per_floor":["M","M","?","?","T","R","E","R","T","E","R","E","M","$","R","B",null,"M","?","$","?","T","R","M","E","T","E","?","M","E","M","R","B",null,"M","M","?","?","?","R","M","$","T","$","M","?","R","E","R","B",null],"character_chosen":"IRONCLAD","items_purchased":["Paper Frog","Trip","Bag of Marbles"],"campfire_rested":0,"item_purchase_floors":[14,14,42],"current_hp_per_floor":[80,80,85,85,85,85,85,85,85,63,63,63,69,69,69,51,99,99,93,93,93,93,93,99,99,99,81,87,93,99,99,99,36,99,99,96,84,84,65,65,71,86,86,99,99,99,99,99,99,42],"gold":155,"neow_bonus":"HUNDRED_GOLD","is_daily":false,"chose_seed":false,"campfire_upgraded":9,"win_rate":0.0,"timestamp":1609529454,"path_taken":["M","?","?","?","?","R","E","R","T","E","R","E","M","$","R","BOSS","M","?","$","?","?","R","M","E","T","E","?","M","E","M","R","BOSS","M","M","?","?","?","R","M","$","T","?","M","?","R","E","R","BOSS"],"items_purchased_type":["Relic","Card","Relic"],"build_version":"2020-12-22","purchased_purges":3,"victory":true,"max_hp_per_floor":[80,80,85,85,85,85,99,99,99,99,99,99,99,99,99,99,99,99,99,99,99,99,99,99,99,99,99,99,99,99,99,99,99,99,99,99,99,99,99,99,99,99,99,99,99,99,99,99,99,99],"card_choices":[{"not_picked":["Flex","Armaments"],"picked":"Dropkick","floor":1.0},{"not_picked":["Reckless Charge","Armaments"],"picked":"Burning Pact","floor":2.0},{"not_picked":["Armaments","Feel No Pain"],"picked":"Rampage","floor":7.0},{"not_picked":["Warcry","Armaments"],"picked":"Fiend Fire","floor":10.0},{"not_picked":["Blood for Blood","True Grit"],"picked":"Dual Wield","floor":12.0},{"not_picked":["Carnage","Flex"],"picked":"Pommel Strike","floor":13.0},{"not_picked":["Feed","Barricade"],"picked":"Immolate","floor":16.0},{"not_picked":["Thunderclap","Blood for Blood"],"picked":"Clash","floor":18.0},{"not_picked":["Pommel Strike","Perfected Strike+1"],"picked":"Inflame+1","floor":24},{"not_picked":["Infernal Blade+1","Twin Strike"],"picked":"Seeing Red","floor":25},{"not_picked":["Wild Strike","Whirlwind"],"picked":"Warcry","floor":27},{"not_picked":["Armaments+1","Flex"],"picked":"Metallicize+1","floor":28},{"not_picked":["Infernal Blade","Limit Break","Burning Pact"],"picked":"SKIP","floor":29},{"not_picked":["Clothesline","Perfected Strike+1"],"picked":"Barricade+1","floor":30},{"not_picked":["Sword Boomerang","Clash+1","Burning Pact"],"picked":"SKIP","floor":31},{"not_picked":["Fiend Fire","Brutality+1"],"picked":"Double Tap","floor":33},{"not_picked":["Searing Blow","Armaments"],"picked":"Body Slam+1","floor":35},{"not_picked":["Clothesline+1","Uppercut","Perfected Strike+1"],"picked":"SKIP","floor":36},{"not_picked":["Ghostly Armor","Headbutt"],"picked":"True Grit+1","floor":39},{"not_picked":["Anger+1","Second Wind","Clothesline"],"picked":"SKIP","floor":41},{"not_picked":["Immolate","Blood for Blood+1"],"picked":"Twin Strike+1","floor":45},{"not_picked":["PanicButton","Mind Blast"],"picked":"Deep Breath","floor":46},{"not_picked":["Perfected Strike","Clothesline"],"picked":"Carnage+1","floor":48}],"player_experience":6255,"relics_obtained":[{"floor":5.0,"key":"FossilizedHelix"},{"floor":7.0,"key":"Mango"},{"floor":9.0,"key":"Mummified Hand"},{"floor":10.0,"key":"Pen Nib"},{"floor":12.0,"key":"Orichalcum"},{"floor":22.0,"key":"Bottled Flame"},{"floor":25,"key":"Frozen Egg 2"},{"floor":26,"key":"MealTicket"},{"floor":27,"key":"Boot"},{"floor":28,"key":"Red Mask"},{"floor":30,"key":"Shuriken"},{"floor":39,"key":"Torii"},{"floor":43,"key":"Kunai"},{"floor":48,"key":"Anchor"}],"event_choices":[{"damage_healed":0.0,"max_hp_gain":5.0,"max_hp_loss":0.0,"gold_gain":0.0,"event_name":"Big Fish","player_choice":"Donut","floor":3.0,"gold_loss":0.0,"damage_taken":0.0},{"damage_healed":0.0,"max_hp_gain":0.0,"max_hp_loss":0.0,"gold_gain":0.0,"event_name":"Living Wall","player_choice":"Grow","floor":4.0,"gold_loss":0.0,"damage_taken":0.0,"cards_upgraded":["Bash"]},{"damage_healed":0.0,"max_hp_gain":0.0,"max_hp_loss":0.0,"gold_gain":0.0,"event_name":"Nest","player_choice":"Joined the Cult","floor":19.0,"gold_loss":0.0,"damage_taken":6.0,"cards_obtained":["RitualDagger"]},{"damage_healed":0.0,"max_hp_gain":0.0,"max_hp_loss":0.0,"gold_gain":0.0,"cards_transformed":["Strike_R","Strike_R"],"event_name":"Drug Dealer","player_choice":"Became Test Subject","floor":21.0,"gold_loss":0.0,"damage_taken":0.0,"cards_obtained":["Cleave","Spot Weakness"]},{"damage_healed":0,"gold_gain":0,"player_choice":"Fought Bandits","damage_taken":0,"max_hp_gain":0,"max_hp_loss":0,"event_name":"Masked Bandits","floor":28,"gold_loss":0},{"damage_healed":0,"gold_gain":0,"player_choice":"Embrace Madness","damage_taken":12,"max_hp_gain":0,"max_hp_loss":0,"event_name":"Winding Halls","floor":37,"gold_loss":0,"cards_obtained":["Madness","Madness"]},{"cards_removed":["Defend_R"],"damage_healed":0,"gold_gain":0,"player_choice":"Removed Skill","damage_taken":0,"max_hp_gain":0,"max_hp_loss":0,"event_name":"Falling","floor":38,"gold_loss":0},{"damage_healed":0,"gold_gain":0,"player_choice":"Fight","damage_taken":0,"max_hp_gain":0,"max_hp_loss":0,"event_name":"Mysterious Sphere","floor":39,"gold_loss":0},{"damage_healed":0,"gold_gain":0,"player_choice":"Memory 1","damage_taken":0,"max_hp_gain":0,"max_hp_loss":0,"event_name":"SensoryStone","floor":46,"gold_loss":0}],"is_beta":false,"boss_relics":[{"not_picked":["SlaversCollar","Mark of Pain"],"picked":"Sozu"},{"not_picked":["Black Star","Tiny House"],"picked":"Empty Cage"}],"items_purged_floors":[14,20,42],"is_endless":false,"potions_floor_spawned":[2,7,12,13,25,27,28,33,35,41],"ascension_level":2}}