{"host":"wy23tj84iquxuyyu","time":1609463253,"event":{"mods":["Aspiration","BaseMod","Better Note","Colored Map","Fireblade Mod","Hermit","Marked Mod","Minty Spire (QoL Compilation)","Random Character Button","Rare Cards Sparkle","Relic Stats","Replay The Spire","Retaliation","Spicy Shops","StSLib","The Cursed","The Death Knight","The Necromancer","Trackpad"],"gold_per_floor":[113,38,52,52,52,80,80,80,104,104,117,147,163,163,163,292,292,305,319,40,40,61,95,95,95,141,141,122,135,135,95,95,225,225,239,239,113,27,46,46,70,94,94,117,132,132,132],"floor_reached":46,"playtime":2741,"items_purged":[],"score":623,"play_id":"a612cd14-e02b-44f2-9043-ec98807ccb2a","local_time":"20201231200733","is_ascension_mode":false,"campfire_choices":[{"data":"MarkedMod:PinPointDefense","floor":8,"key":"SMITH"},{"floor":15,"key":"REST"},{"floor":24,"key":"REST"},{"data":"Injury","floor":27,"key":"PURGE"},{"floor":30,"key":"REST"},{"data":"PathToVictory","floor":32,"key":"SMITH"},{"data":"Barricade","floor":40,"key":"SMITH"}],"circlet_count":0,"master_deck":["Strike_P+1","Strike_P","Strike_P","Defend_P","Defend_P","Defend_P","Defend_P","Eruption","Vigilance","PathToVictory+1","MarkedMod:PinPointDefense+1","MarkedMod:PinPointDefense","MarkedMod:GentlePulse","MarkedMod:ChiBlock","MarkedMod:Acupuncture","MarkedMod:GentlePulse+1","MarkedMod:FirstStrike","Barricade+1","ReplayReversal","ReplayTheSpireMod:Stacked"],"relics":["PureWater","NeowsBlessing","Boot","DeathKnight:PutricidesVial","Blue Doll","Golden Idol","aspiration:IroncladSkillbook","trackpad:DisasterInABottle","Replay:Baseball","aspiration:Stabinomicon","Peace Pipe","Centennial Puzzle","Busted Crown","Blue Candle","trackpad:Mousetrap","Bag of Marbles"],"acts_visited":["Exordium","TheCity","TheBeyond"],"potions_floor_usage":[16,23,29,29,33,39,41,41,41,41,42],"damage_taken":[{"damage":0,"enemies":"2 Louse","floor":1,"turns":1},{"damage":0,"enemies":"Small Slimes","floor":3,"turns":2},{"damage":0,"enemies":"3 Sentries","floor":6,"turns":2},{"damage":0,"enemies":"Cultist","floor":11,"turns":4},{"damage":33,"enemies":"Lagavulin","floor":12,"turns":9},{"damage":3,"enemies":"Looter","floor":13,"turns":4},{"damage":12,"enemies":"Hexaghost","floor":16,"turns":9},{"damage":17,"enemies":"2 Thieves","floor":18,"turns":4},{"damage":6,"enemies":"Spheric Guardian","floor":19,"turns":5},{"damage":15,"enemies":"Snecko","floor":22,"turns":5},{"damage":20,"enemies":"Book of Stabbing","floor":23,"turns":6},{"damage":6,"enemies":"Centurion and Healer","floor":29,"turns":4},{"damage":16,"enemies":"Pondfish","floor":33,"turns":8},{"damage":14,"enemies":"3 Shapes","floor":35,"turns":7},{"damage":11,"enemies":"3 Darklings","floor":39,"turns":4},{"damage":33,"enemies":"Writhing Mass","floor":41,"turns":5},{"damage":0,"enemies":"Maw","floor":42,"turns":6},{"damage":22,"enemies":"Transient","floor":44,"turns":5},{"damage":4,"enemies":"Writhing Mass","floor":45,"turns":4},{"damage":23,"enemies":"Spire Growth","floor":46,"turns":3}],"seed_played":"4561212551910582094","potions_obtained":[{"floor":6,"key":"Dexterity Potion"},{"floor":10,"key":"EssenceOfSteel"},{"floor":10,"key":"Ambrosia"},{"floor":10,"key":"BottledMiracle"},{"floor":12,"key":"DistilledChaos"},{"floor":29,"key":"DDmod:CleansePotion"},{"floor":39,"key":"Explosive Potion"},{"floor":44,"key":"Cursed Concoction"}],"is_trial":false,"path_per_floor":["M","$","M","?","$","E","?","R","T","?","M","E","M","?","R","B",null,"M","M","$","?","M","E","R","T","T","R","$","M","R","?","R","B",null,"M","?","$","?","M","R","M","M","T","M","M","M"],"character_chosen":"WATCHER","items_purchased":["MarkedMod:PinPointDefense","trackpad:DisasterInABottle","Replay:Baseball","MarkedMod:FirstStrike","Blue Candle"],"campfire_rested":3,"item_purchase_floors":[2,20,20,28,37],"current_hp_per_floor":[72,72,72,72,72,72,72,72,72,72,72,39,36,36,57,45,72,59,57,57,57,46,30,51,51,51,51,51,49,70,70,70,58,72,62,69,69,69,62,62,33,37,37,19,19,0,0],"gold":132,"neow_bonus":"THREE_ENEMY_KILL","is_daily":false,"chose_seed":false,"campfire_upgraded":3,"win_rate":0.0,"timestamp":1609463253,"path_taken":["M","$","M","?","$","E","?","R","T","?","?","E","M","?","R","BOSS","M","M","$","?","?","E","R","?","T","R","?","M","R","?","R","BOSS","M","?","$","?","M","R","M","M","T","M","?","M"],"items_purchased_type":["Card","Relic","Relic","Card","Relic"],"build_version":"2020-12-22","purchased_purges":0,"victory":false,"max_hp_per_floor":[72,72,72,72,72,72,72,72,72,72,72,72,72,72,72,72,72,72,72,72,72,72,72,72,72,72,72,72,72,72,72,72,72,72,72,72,72,72,72,72,72,72,72,72,72,72,72],"relic_stats":{"Peace Pipe":1,"Centennial Puzzle":[24],"Busted Crown":12,"counters":[20,97],"Golden Idol":97,"Blue Candle":[0],"Boot":[11],"obtain_stats":[{"trackpad:Mousetrap":38,"NeowsBlessing":0,"Golden Idol":14,"Blue Candle":37,"Blue Doll":12,"aspiration:Stabinomicon":23,"Boot":6,"trackpad:DisasterInABottle":20,"aspiration:IroncladSkillbook":17,"Peace Pipe":25,"Replay:Baseball":20,"Centennial Puzzle":26,"Busted Crown":34,"DeathKnight:PutricidesVial":9,"Bag of Marbles":43,"PureWater":0},{"trackpad:Mousetrap":14,"NeowsBlessing":0,"Golden Idol":6,"Blue Candle":14,"Blue Doll":5,"aspiration:Stabinomicon":11,"Boot":3,"trackpad:DisasterInABottle":9,"aspiration:IroncladSkillbook":7,"Peace Pipe":11,"Replay:Baseball":9,"Centennial Puzzle":11,"Busted Crown":13,"DeathKnight:PutricidesVial":3,"Bag of Marbles":17,"PureWater":0},{"trackpad:Mousetrap":70,"NeowsBlessing":0,"Golden Idol":22,"Blue Candle":70,"Blue Doll":18,"aspiration:Stabinomicon":51,"Boot":5,"trackpad:DisasterInABottle":40,"aspiration:IroncladSkillbook":31,"Peace Pipe":51,"Replay:Baseball":40,"Centennial Puzzle":51,"Busted Crown":63,"DeathKnight:PutricidesVial":5,"Bag of Marbles":85,"PureWater":0}]},"card_choices":[{"not_picked":["Replay:Hum","EmptyBody"],"picked":"PathToVictory","floor":1},{"not_picked":["Crescendo","Sanctity","SashWhip"],"picked":"SKIP","floor":3},{"not_picked":["EmptyFist","Meditate","CrushJoints"],"picked":"SKIP","floor":6},{"not_picked":["FlurryOfBlows","SandsOfTime","BowlingBash"],"picked":"SKIP","floor":11},{"not_picked":["LikeWater","Collect"],"picked":"MarkedMod:PinPointDefense","floor":12},{"not_picked":["WaveOfTheHand","ConjureBlade"],"picked":"MarkedMod:GentlePulse","floor":13},{"not_picked":["Scrawl","Brilliance"],"picked":"MarkedMod:ChiBlock","floor":16},{"not_picked":["Vengeance+1","JustLucky+1","Bloodletting"],"picked":"MarkedMod:Acupuncture","floor":18},{"not_picked":["Replay:AtTheReady+1","DDmod:SpikedSkill+1","Massacre+1"],"picked":"MarkedMod:GentlePulse","floor":19},{"not_picked":["Cleave","Halt","Replay:DivineShield","Twin Strike"],"picked":"SKIP","floor":22},{"not_picked":["JustLucky","Heavy Blade","DDmod:PokeAttack","Bludgeon"],"picked":"SKIP","floor":23},{"not_picked":["Wild Strike+1","ReplayTheSpireMod:Corrosion Curse","DDmod:EasePowerCard","DDmod:ScaleUpSkill+1"],"picked":"SKIP","floor":29},{"not_picked":["Reaper","Replay:Many Hands","LessonLearned"],"picked":"Barricade","floor":33},{"not_picked":["FlurryOfBlows+1","Sentinel"],"picked":"SKIP","floor":35},{"not_picked":["Replay:Undeath\u0027s Touch"],"picked":"ReplayReversal","floor":39},{"not_picked":["Replay:ManipulateFuture","LikeWater"],"picked":"SKIP","floor":41},{"not_picked":["True Grit","CrushJoints"],"picked":"SKIP","floor":42},{"not_picked":["Defy Death+1","Perfected Strike"],"picked":"SKIP","floor":44},{"not_picked":["Rage"],"picked":"ReplayTheSpireMod:Stacked","floor":45}],"player_experience":843758,"relics_obtained":[{"floor":6,"key":"Boot"},{"floor":9,"key":"DeathKnight:PutricidesVial"},{"floor":12,"key":"Blue Doll"},{"floor":23,"key":"aspiration:Stabinomicon"},{"floor":25,"key":"Peace Pipe"},{"floor":26,"key":"Centennial Puzzle"},{"floor":43,"key":"Bag of Marbles"}],"event_choices":[{"damage_healed":0,"gold_gain":0,"player_choice":"Ignored","damage_taken":0,"max_hp_gain":0,"max_hp_loss":0,"event_name":"Liars Game","floor":7,"gold_loss":0},{"damage_healed":0,"gold_gain":0,"player_choice":"Got Potions","damage_taken":0,"max_hp_gain":0,"max_hp_loss":0,"event_name":"Lab","floor":10,"gold_loss":0},{"damage_healed":0,"gold_gain":0,"player_choice":"Take Wound","damage_taken":0,"relics_obtained":["Golden Idol"],"max_hp_gain":0,"max_hp_loss":0,"event_name":"Golden Idol","floor":14,"gold_loss":0,"cards_obtained":["Injury"]},{"damage_healed":0,"gold_gain":0,"player_choice":"Ignored","damage_taken":0,"max_hp_gain":0,"max_hp_loss":0,"event_name":"N\u0027loth","floor":21,"gold_loss":0},{"damage_healed":0,"gold_gain":0,"player_choice":"Upgraded Two","damage_taken":0,"max_hp_gain":0,"max_hp_loss":0,"event_name":"Designer","floor":31,"gold_loss":40,"cards_upgraded":["Strike_P","MarkedMod:GentlePulse"]},{"damage_healed":0,"gold_gain":0,"player_choice":"Paid Gold","damage_taken":0,"relics_obtained":["trackpad:Mousetrap"],"max_hp_gain":0,"max_hp_loss":0,"event_name":"WeMeetAgain","floor":38,"gold_loss":86}],"is_beta":false,"boss_relics":[{"not_picked":["aspiration:FutureDiary","Pandora\u0027s Box"],"picked":"aspiration:IroncladSkillbook"},{"not_picked":["Ring of Chaos","Painkiller Herb"],"picked":"Busted Crown"}],"items_purged_floors":[],"is_endless":false,"potions_floor_spawned":[6,12,13,16,19,29,39,44,45],"killed_by":"Spire Growth","ascension_level":0}}