{"host":"ff0k6g9g9j8o52vm","time":1609464005,"event":{"mods":["AchievementEnabler","Aspiration","Astrologer","BaseMod","Beaked The Cultist","Better Altar","Better Note","Better Sensory Stone","Better Skull","Better Third Choice","Colored Map","Colored Powertips","Curses Come First","Downfall","Energized Spire","GifTheSpireLib","Gremlin Mod","Hermit","Highlight Path","Hubris","Infinite Spire","Jorbs\u0027s Wanderer Trilogy","Koishi","Marisa????????","Minty Spire (QoL Compilation)","Quick Restart","Random Character Button","Replay The Spire","Robot Space Explorer","Shade Mod","Somnambulant","StSLib","The Bug Knight","The Clintock","The Construct","The Cursed","The Disciple","The Dragon Tamer","The Forsaken","The Gatherer","The Hayseed","The Hierophant","The Jungle","The Marked","The Mystic","The Necromancer","The Poker Player","The Runesmith","The Sage","The Saiyan","The Senshi","The Servant 0.9.4","The Wild Card","TheArtist","Wandering Minibosses","Yuri Mod","vexMod"],"gold_per_floor":[109,128,139,159,176,176,208,225,252,270,316,327,327,337,337,434,434,451,451,451,466,486,486,498,514,514,528,528,6,6,23,23,118,118,128,144,144,161,161,161,173,193,193,193,193,193,93,106,106,106],"floor_reached":51,"playtime":5443,"items_purged":["PokerPlayerMod:Diamond1","PokerPlayerMod:Spade1"],"score":659,"play_id":"486bcdc5-be99-4892-82c5-4624e5274167","local_time":"20201231172005","is_ascension_mode":false,"metric_token":3666,"campfire_choices":[{"data":"PokerPlayerMod:BadJoker","floor":6,"key":"SMITH"},{"floor":13,"key":"REST"},{"floor":15,"key":"REST"},{"data":"PokerPlayerMod:Promotion","floor":23,"key":"SMITH"},{"data":"infinitespire:Punishment","floor":32,"key":"SMITH"},{"floor":40,"key":"REST"},{"floor":44,"key":"REST"},{"floor":46,"key":"REST"},{"data":"PokerPlayerMod:WasteCollection","floor":49,"key":"SMITH"}],"circlet_count":0,"master_deck":["PokerPlayerMod:Diamond2","PokerPlayerMod:Diamond3","PokerPlayerMod:Diamond4","PokerPlayerMod:Diamond5","PokerPlayerMod:Spade2","PokerPlayerMod:Spade3","PokerPlayerMod:Spade4","PokerPlayerMod:Club1","PokerPlayerMod:Club2","PokerPlayerMod:Heart2","PokerPlayerMod:TrumpStrike","PokerPlayerMod:BadJoker+1","PokerPlayerMod:Mulligan","PokerPlayerMod:Fold","PokerPlayerMod:DartThrow+1","PokerPlayerMod:CloakAndDiamond","PokerPlayerMod:Raise","PokerPlayerMod:Diamond6","PokerPlayerMod:Spade5","PokerPlayerMod:ClubShade","PokerPlayerMod:RiskyBet","PokerPlayerMod:Promotion+1","PokerPlayerMod:Heart5","PokerPlayerMod:WasteCollection+1","infinitespire:Punishment+1","infinitespire:Starlight","PokerPlayerMod:Spade5","PokerPlayerMod:ClubDance","PokerPlayerMod:DamnStraight","PokerPlayerMod:StackedDeck","PokerPlayerMod:Heart10+","PokerPlayerMod:Club3","PokerPlayerMod:Club2","PokerPlayerMod:HiddenCard","PokerPlayerMod:Raise","PokerPlayerMod:ClubStrike","PokerPlayerMod:Promotion"],"relics":["PokerPlayerMod:DeckCase","Dream Catcher","hubris:OldNail","Bronze Scales","Busted Crown","construct:FoamFinger","energizedSpire:StickyHand","infinitespire:Joker Card","Orrery","aspiration:RitualDagger","hubris:Towel","Meat on the Bone"],"acts_visited":["Exordium","Exordium","TheBeyond"],"potions_floor_usage":[7,18,33,33,41,50],"damage_taken":[{"damage":9,"enemies":"Cultist","floor":1,"turns":4},{"damage":1,"enemies":"2 Louse","floor":2,"turns":2},{"damage":0,"enemies":"Jaw Worm","floor":3,"turns":3},{"damage":0,"enemies":"Large Slime","floor":4,"turns":3},{"damage":6,"enemies":"Blue Slaver","floor":5,"turns":3},{"damage":19,"enemies":"Replay:BlueRogue","floor":7,"turns":6},{"damage":8,"enemies":"Exordium Thugs","floor":8,"turns":4},{"damage":0,"enemies":"3 Louse","floor":10,"turns":2},{"damage":13,"enemies":"2 Fungi Beasts","floor":12,"turns":3},{"damage":18,"enemies":"Blue Slaver","floor":14,"turns":3},{"damage":33,"enemies":"Slime Boss","floor":16,"turns":10},{"damage":11,"enemies":"theJungle:5_Spyders","floor":18,"turns":8},{"damage":1,"enemies":"theJungle:GiantWrat","floor":21,"turns":3},{"damage":0,"enemies":"theJungle:2_Snecko_Cultists","floor":22,"turns":4},{"damage":0,"enemies":"theJungle:SlimyTreeVines","floor":24,"turns":3},{"damage":0,"enemies":"theJungle:Lyon","floor":25,"turns":2},{"damage":8,"enemies":"theJungle:JungleHuntersEncounter","floor":27,"turns":4},{"damage":3,"enemies":"theJungle:Snecko_Cultist_And_Trap","floor":31,"turns":17},{"damage":70,"enemies":"theJungle:TotemBoss","floor":33,"turns":7},{"damage":22,"enemies":"3 Shapes","floor":35,"turns":4},{"damage":3,"enemies":"Orb Walker","floor":36,"turns":1},{"damage":40,"enemies":"Sphere and 2 Shapes","floor":38,"turns":7},{"damage":54,"enemies":"Transient","floor":41,"turns":5},{"damage":21,"enemies":"3 Darklings","floor":42,"turns":2},{"damage":22,"enemies":"Sphere and 2 Shapes","floor":48,"turns":4},{"damage":67,"enemies":"Donu and Deca","floor":50,"turns":8}],"seed_played":"8233128147053848541","potions_obtained":[{"floor":3,"key":"Elixir"},{"floor":4,"key":"champ:CounterPotion"},{"floor":5,"key":"Block Potion"},{"floor":7,"key":"Elixir"},{"floor":10,"key":"Weak Potion"},{"floor":16,"key":"AttackPotion"},{"floor":24,"key":"BlessingOfTheForge"},{"floor":36,"key":"sagemod:Wine"},{"floor":48,"key":"Adrenaline Potion"}],"is_trial":false,"path_per_floor":["M","M","M","M","M","R","E","M","T","M","T","M","R","M","R","B",null,"M","AVR","?","M","M","R","M","M","T","M","?","$","?","M","R","B",null,"M","M","?","M","?","R","M","M","T","R","?","R","NS","M","R","B",null],"character_chosen":"THE_POKER_PLAYER","items_purchased":["PokerPlayerMod:StackedDeck","PokerPlayerMod:Heart10+","Orrery"],"campfire_rested":5,"item_purchase_floors":[29,29,29],"current_hp_per_floor":[48,50,52,52,48,48,31,25,25,25,25,15,32,16,33,10,57,55,55,55,56,56,56,57,57,57,49,49,49,49,57,57,9,57,40,37,37,30,30,47,32,17,17,34,34,51,51,44,44,27],"gold":106,"neow_bonus":"TEN_PERCENT_HP_BONUS","is_daily":false,"chose_seed":false,"campfire_upgraded":4,"win_rate":0.0,"timestamp":1609464005,"path_taken":["M","M","M","M","M","R","E","M","T","M","?","M","R","M","R","BOSS","M","AVR","?","M","M","R","M","M","T","M","?","$","?","M","R","BOSS","M","M","?","M","?","R","M","M","T","R","?","R","NS","M","R","BOSS"],"items_purchased_type":["Card","Undefined","Relic"],"build_version":"2020-12-22","purchased_purges":2,"victory":true,"max_hp_per_floor":[57,57,57,57,57,57,57,57,57,57,57,57,57,57,57,57,57,57,57,57,57,57,57,57,57,57,57,57,57,57,57,57,57,57,57,57,57,57,57,57,57,57,57,57,57,57,57,57,57,57],"card_choices":[{"not_picked":["PokerPlayerMod:MagicTrick","PokerPlayerMod:Spade7"],"picked":"PokerPlayerMod:Fold","floor":1},{"not_picked":["PokerPlayerMod:MagicTrick","PokerPlayerMod:CloakAndDiamond"],"picked":"PokerPlayerMod:DartThrow","floor":2},{"not_picked":["PokerPlayerMod:Spade1","PokerPlayerMod:Diamond3"],"picked":"PokerPlayerMod:CloakAndDiamond","floor":3},{"not_picked":["PokerPlayerMod:DiamondStrike","PokerPlayerMod:Diamond2"],"picked":"PokerPlayerMod:Raise","floor":4},{"not_picked":["PokerPlayerMod:PoorCopy","PokerPlayerMod:CloakAndDiamond"],"picked":"PokerPlayerMod:Diamond6","floor":5},{"not_picked":["PokerPlayerMod:MagicTrick","PokerPlayerMod:Diamond1"],"picked":"PokerPlayerMod:Spade5","floor":7},{"not_picked":["PokerPlayerMod:Diamond1","PokerPlayerMod:ClubsClub","PokerPlayerMod:Diamond4"],"picked":"SKIP","floor":8},{"not_picked":["PokerPlayerMod:DiamondStrike","PokerPlayerMod:Diamond3"],"picked":"PokerPlayerMod:ClubShade","floor":10},{"not_picked":["PokerPlayerMod:ClubShade","PokerPlayerMod:Spade4","PokerPlayerMod:Configure"],"picked":"SKIP","floor":12},{"not_picked":["PokerPlayerMod:Configure","PokerPlayerMod:Spade3"],"picked":"PokerPlayerMod:RiskyBet","floor":13},{"not_picked":["PokerPlayerMod:CardBurn","PokerPlayerMod:Diamond4"],"picked":"PokerPlayerMod:Promotion","floor":14},{"not_picked":["PokerPlayerMod:SpadeStrike","PokerPlayerMod:Diamond2"],"picked":"PokerPlayerMod:Heart5","floor":15},{"not_picked":["PokerPlayerMod:Diamond9","PokerPlayerMod:GamblerForm"],"picked":"PokerPlayerMod:WasteCollection","floor":16},{"not_picked":["PokerPlayerMod:Diamond1"],"picked":"SKIP","floor":18},{"not_picked":[],"picked":"PokerPlayerMod:Spade5","floor":21},{"not_picked":["PokerPlayerMod:RiskyBet"],"picked":"SKIP","floor":22},{"not_picked":[],"picked":"PokerPlayerMod:ClubDance","floor":24},{"not_picked":["PokerPlayerMod:Diamond2"],"picked":"SKIP","floor":25},{"not_picked":[],"picked":"PokerPlayerMod:DamnStraight","floor":27},{"not_picked":[],"picked":"PokerPlayerMod:Club3","floor":29},{"not_picked":[],"picked":"PokerPlayerMod:Club2","floor":29},{"not_picked":[],"picked":"PokerPlayerMod:HiddenCard","floor":29},{"not_picked":[],"picked":"PokerPlayerMod:Raise","floor":29},{"not_picked":[],"picked":"PokerPlayerMod:ClubStrike","floor":29},{"not_picked":["PokerPlayerMod:Diamond2"],"picked":"SKIP","floor":31},{"not_picked":[],"picked":"PokerPlayerMod:Promotion","floor":33},{"not_picked":["PokerPlayerMod:Spade5"],"picked":"SKIP","floor":35},{"not_picked":[],"picked":"PokerPlayerMod:MagicTrick+1","floor":36},{"not_picked":["PokerPlayerMod:DartThrow"],"picked":"SKIP","floor":38},{"not_picked":["PokerPlayerMod:Diamond2"],"picked":"SKIP","floor":41},{"not_picked":["PokerPlayerMod:Diamond3"],"picked":"SKIP","floor":42},{"not_picked":["PokerPlayerMod:Harden+1"],"picked":"SKIP","floor":48}],"player_experience":933658,"relics_obtained":[{"floor":7,"key":"Dream Catcher"},{"floor":9,"key":"hubris:OldNail"},{"floor":11,"key":"Bronze Scales"},{"floor":26,"key":"infinitespire:Joker Card"},{"floor":43,"key":"Meat on the Bone"}],"event_choices":[{"cards_removed":["PokerPlayerMod:Spade1"],"damage_healed":0,"gold_gain":0,"player_choice":"Give","damage_taken":0,"max_hp_gain":0,"max_hp_loss":0,"event_name":"betterNote:BetterNote","floor":20,"gold_loss":0,"cards_obtained":["mysticmod:Strike_Mystic"]},{"damage_healed":0,"gold_gain":0,"player_choice":"Forge","damage_taken":0,"max_hp_gain":0,"max_hp_loss":0,"event_name":"Accursed Blacksmith","floor":30,"gold_loss":0,"cards_upgraded":["PokerPlayerMod:DartThrow"]},{"damage_healed":0,"gold_gain":0,"player_choice":"Ignored","damage_taken":0,"max_hp_gain":0,"max_hp_loss":0,"event_name":"Mysterious Sphere","floor":45,"gold_loss":0}],"is_beta":false,"boss_relics":[{"not_picked":["hubris:RunicObelisk","aspiration:MarisaSkillbook"],"picked":"Busted Crown"},{"not_picked":["Philosopher\u0027s Stone","ReplayTheSpireMod:SealedPack"],"picked":"aspiration:RitualDagger"}],"items_purged_floors":[19,29],"is_endless":false,"potions_floor_spawned":[3,4,5,7,10,16,24,25,31,36,48],"ascension_level":0}}