{"host":"3vgzk5mhz751jdrj","time":1609498745,"event":{"mods":["2.2 Compatiblity","AchievementEnabler","Act Like it!","Aspiration","BaseMod","Better Match","Better Note","Better Sensory Stone","Better Skull","Better Third Choice","Block Reminder","Colored Map","Conspire","Displayed Cursed Tome","Downfall","Downfall-Rebalance","Friendly Minions","GifTheSpireLib","Halation","Hubris","Marked Mod","Mimic Mod","Minty Spire (QoL Compilation)","Quick Restart","Rare Cards Sparkle","Replay The Spire","Reworked Bosses","Shop Mod","Spicy Shops","Spikes Relics","StSLib","Stuff the Spire","The Marked","Trackpad","vexMod"],"gold_per_floor":[114,126,39,56,69,99,99,114,138,138,154,78,78,95,95,95,95],"floor_reached":16,"playtime":606,"items_purged":[],"score":104,"play_id":"8da68430-c16e-4e0f-94ef-33b5a1b78a1a","local_time":"20210101055905","is_ascension_mode":false,"campfire_choices":[{"data":"theMarked:Polarize","floor":7,"key":"SMITH"},{"data":"theMarked:EternalStudent","floor":15,"key":"SMITH"}],"circlet_count":0,"master_deck":["theMarked:Strike","theMarked:Strike","theMarked:Strike","theMarked:Strike","theMarked:Strike","theMarked:Defend","theMarked:Defend","theMarked:Defend","theMarked:Defend","theMarked:SoldierOfQuellstein+1","theMarked:EmpowerWeapon","theMarked:Overcharge","theMarked:Defy","theMarked:Polarize+1","theMarked:Reabsorb+1","theMarked:EternalStudent+1"],"relics":["theMarked:ArtifactOfAir","Omamori","MealTicket","vexMod:PlasmaPancake"],"acts_visited":["Exordium"],"potions_floor_usage":[6,11,16,16],"damage_taken":[{"damage":0,"enemies":"Cultist","floor":1,"turns":3},{"damage":2,"enemies":"Small Slimes","floor":2,"turns":3},{"damage":1,"enemies":"Jaw Worm","floor":4,"turns":3},{"damage":7,"enemies":"Blue Slaver","floor":5,"turns":4},{"damage":26,"enemies":"3 Sentries","floor":6,"turns":5},{"damage":0,"enemies":"Large Slime","floor":8,"turns":3},{"damage":0,"enemies":"2 Fungi Beasts","floor":11,"turns":1},{"damage":0,"enemies":"Exordium Thugs","floor":14,"turns":3},{"damage":58,"enemies":"Hexaghost","floor":16,"turns":9}],"seed_played":"4509202573662263029","potions_obtained":[{"floor":5,"key":"ColorlessPotion"},{"floor":8,"key":"Energy Potion"},{"floor":11,"key":"Guardian:BlockOnCardUsePotion"},{"floor":14,"key":"Elixir"}],"is_trial":false,"path_per_floor":["M","M","$","M","M","E","R","M","T","T","M","$","?","M","R","B"],"character_chosen":"THE_DEFAULT","items_purchased":["theMarked:Overcharge","theMarked:EternalStudent"],"campfire_rested":0,"item_purchase_floors":[3,12],"current_hp_per_floor":[70,68,68,67,60,34,34,34,34,40,40,55,55,55,55,0,0],"gold":95,"neow_bonus":"UPGRADE_CARD","is_daily":false,"chose_seed":false,"campfire_upgraded":2,"win_rate":0.0,"timestamp":1609498745,"path_taken":["M","M","$","M","M","E","R","M","T","?","?","$","?","?","R","BOSS"],"items_purchased_type":["Card","Card"],"build_version":"2020-12-22","purchased_purges":0,"victory":false,"max_hp_per_floor":[70,70,70,70,70,70,70,70,70,76,76,76,76,76,76,76,76],"card_choices":[{"not_picked":["theMarked:ResourceFulStrike","theMarked:RepellingDischarge"],"picked":"theMarked:EmpowerWeapon","floor":1},{"not_picked":["theMarked:WardOff","theMarked:ChainLightning","theMarked:Panic"],"picked":"SKIP","floor":2},{"not_picked":["theMarked:Parkour","theMarked:BanishingStrike","theMarked:HeightenedSenses"],"picked":"SKIP","floor":4},{"not_picked":["theMarked:EmpowerWeapon","theMarked:ResourceFulStrike"],"picked":"theMarked:Defy","floor":5},{"not_picked":["theMarked:Frustration","theMarked:Parkour"],"picked":"theMarked:Polarize","floor":6},{"not_picked":["theMarked:BanishingStrike","theMarked:ChainLightning"],"picked":"theMarked:Reabsorb","floor":8},{"not_picked":["theMarked:HeightenedSenses","theMarked:Parkour","theMarked:ResourceFulStrike"],"picked":"SKIP","floor":11},{"not_picked":["theMarked:Overcharge","theMarked:WastefulDefense","theMarked:ComboAttacks"],"picked":"SKIP","floor":14}],"player_experience":403449,"relics_obtained":[{"floor":6,"key":"Omamori"},{"floor":9,"key":"MealTicket"},{"floor":10,"key":"vexMod:PlasmaPancake"}],"event_choices":[{"damage_healed":0,"gold_gain":0,"player_choice":"Forge","damage_taken":0,"max_hp_gain":0,"max_hp_loss":0,"event_name":"Accursed Blacksmith","floor":13,"gold_loss":0,"cards_upgraded":["theMarked:Reabsorb"]}],"is_beta":false,"boss_relics":[],"items_purged_floors":[],"is_endless":false,"potions_floor_spawned":[5,8,11,14],"killed_by":"Hexaghost","ascension_level":0}}