{"host":"hg4d4z00zcdsq8kr","time":1609531572,"event":{"mods":["BaseMod","Downfall","Hubris","Infinite Spire","Minty Spire (QoL Compilation)","Replay The Spire","StSLib","The Bug Knight","The Cursed"],"gold_per_floor":[110,110,10,21,41,41,66,84,84,115,115,129,140,152,152,251,251,268,281,298,19,19,47,47,47,47,47,73,84,102,112,112,112,112],"floor_reached":33,"playtime":1516,"items_purged":["Strike_R"],"score":301,"play_id":"04ad6f05-c122-477c-8f8b-d9c2e38ce9cd","local_time":"20210101230612","is_ascension_mode":false,"campfire_choices":[{"data":"Spot Weakness","floor":6,"key":"SMITH"},{"data":"ReplayTheSpireMod:Muscle Training","floor":11,"key":"SMITH"},{"data":"expansioncontent:DefensiveStance","floor":15,"key":"SMITH"},{"floor":25,"key":"REST"},{"floor":32,"key":"REST"}],"circlet_count":0,"master_deck":["Strike_R","Strike_R","Strike_R","Strike_R","Defend_R","Defend_R","Defend_R","Defend_R","Bash+1","Thunderclap","expansioncontent:DefensiveStance+1","ReplayTheSpireMod:IOU","Panache+1","Cleave","Spot Weakness+1","Massacre","ReplayTheSpireMod:Muscle Training+1","Heavy Blade","Shrug It Off","Impervious+1","Flame Barrier+1","Uppercut","Twin Strike+1","Pommel Strike","Seeing Red","ReplayTheSpireMod:Stacked+1"],"relics":["Burning Blood","ReplayTheSpireMod:TigerMarble","ReplayTheSpireMod:CursedCoin","Bag of Marbles","ReplayTheSpireMod:Shallot","Kunai","hubris:Backtick","Brimstone","Guide Book","Blue Doll","Centennial Puzzle","Toxic Egg 2"],"acts_visited":["Exordium","TheCity"],"potions_floor_usage":[7,10,13,18,23,29,31,33],"damage_taken":[{"damage":0,"enemies":"2 Louse","floor":1,"turns":2},{"damage":4,"enemies":"infinitespire:Voidling","floor":4,"turns":5},{"damage":2,"enemies":"Cultist","floor":5,"turns":4},{"damage":9,"enemies":"3 Sentries","floor":7,"turns":5},{"damage":9,"enemies":"2 Fungi Beasts","floor":8,"turns":3},{"damage":12,"enemies":"Replay:BlueRogue","floor":10,"turns":5},{"damage":1,"enemies":"Large Slime","floor":12,"turns":5},{"damage":1,"enemies":"Looter","floor":13,"turns":2},{"damage":0,"enemies":"Exordium Wildlife","floor":14,"turns":2},{"damage":33,"enemies":"Hexaghost","floor":16,"turns":7},{"damage":1,"enemies":"Chosen","floor":18,"turns":2},{"damage":10,"enemies":"Chosen and Byrds","floor":19,"turns":3},{"damage":8,"enemies":"Shelled Parasite and Fungi","floor":20,"turns":4},{"damage":26,"enemies":"Replay:Snechameleon","floor":23,"turns":5},{"damage":54,"enemies":"Nightmare","floor":28,"turns":7},{"damage":6,"enemies":"Centurion and Healer","floor":29,"turns":3},{"damage":26,"enemies":"Snake Plant","floor":30,"turns":3},{"damage":13,"enemies":"Cultist and Chosen","floor":31,"turns":4},{"damage":41,"enemies":"Champ","floor":33,"turns":7}],"seed_played":"-5617589596290013342","potions_obtained":[{"floor":5,"key":"Regen Potion"},{"floor":8,"key":"ColorlessPotion"},{"floor":10,"key":"Adrenaline Potion"},{"floor":16,"key":"Adrenaline Potion"},{"floor":19,"key":"BlessingOfTheForge"},{"floor":23,"key":"SpeedPotion"},{"floor":28,"key":"Reflective Coating"},{"floor":29,"key":"Strength Potion"}],"is_trial":false,"path_per_floor":["M","?","$","M","M","R","E","M","T","E","R","M","M","M","R","B",null,"M","M","M","$","?","E","?","R","T","?","NM","M","M","M","R","B"],"character_chosen":"IRONCLAD","items_purchased":["expansioncontent:DefensiveStance","ReplayTheSpireMod:CursedCoin","Panache","Guide Book","Pommel Strike"],"campfire_rested":2,"item_purchase_floors":[3,3,3,21,21],"current_hp_per_floor":[80,80,80,80,80,80,80,77,77,71,71,76,80,80,80,53,80,80,76,74,74,74,54,54,78,78,78,30,30,10,11,35,0,0],"gold":112,"neow_bonus":"RANDOM_COMMON_RELIC","is_daily":false,"chose_seed":false,"campfire_upgraded":3,"win_rate":0.0,"timestamp":1609531572,"path_taken":["M","?","$","M","M","R","E","M","T","E","R","M","?","?","R","BOSS","M","M","M","$","?","E","?","R","T","?","NM","?","M","M","R","BOSS"],"items_purchased_type":["Card","Relic","Card","Relic","Card"],"build_version":"2020-12-22","purchased_purges":1,"victory":false,"max_hp_per_floor":[80,80,80,80,80,80,80,80,80,80,80,80,80,80,80,80,80,80,80,80,80,80,80,80,80,80,80,80,80,80,80,80,80,80],"card_choices":[{"not_picked":["Clash","Reckless Charge"],"picked":"Thunderclap","floor":1},{"not_picked":["hubris:CleavingFinish","hubris:SharpeningStone"],"picked":"Cleave","floor":4},{"not_picked":["Run Through","Abandon"],"picked":"Spot Weakness","floor":5},{"not_picked":["ReplayTheSpireMod:Limb From Limb","Life Link"],"picked":"Massacre","floor":7},{"not_picked":["Havoc","Headbutt"],"picked":"ReplayTheSpireMod:Muscle Training","floor":8},{"not_picked":["Fiend Fire","Perfected Strike"],"picked":"Heavy Blade","floor":10},{"not_picked":["Twin Strike","Clash","Sever Soul"],"picked":"SKIP","floor":12},{"not_picked":["hubris:SharpeningStone","Warcry"],"picked":"Shrug It Off","floor":13},{"not_picked":["Feel No Pain","Warcry","Reckless Charge"],"picked":"SKIP","floor":14},{"not_picked":["hubris:StunningStrike","Immolate"],"picked":"Impervious","floor":16},{"not_picked":["Pummel+1","Feel No Pain"],"picked":"Flame Barrier+1","floor":18},{"not_picked":["Clothesline","infinitespire:OneForAll+1"],"picked":"Uppercut","floor":19},{"not_picked":["Sword Boomerang+1","Flex+1"],"picked":"Twin Strike+1","floor":20},{"not_picked":["Brutality","Replay:Undeath\u0027s Touch+1","Cleave"],"picked":"SKIP","floor":23},{"not_picked":["Sword Boomerang","Bloodletting+1"],"picked":"ReplayTheSpireMod:Stacked+1","floor":28},{"not_picked":["Cleave","Feel No Pain","Armaments+1"],"picked":"SKIP","floor":29},{"not_picked":["Perfected Strike","Twin Strike","Run Through"],"picked":"SKIP","floor":30},{"not_picked":["Havoc+1","hubris:ReadiedAction+1","ReplayReversal+1"],"picked":"SKIP","floor":31}],"player_experience":676424,"relics_obtained":[{"floor":7,"key":"Bag of Marbles"},{"floor":9,"key":"ReplayTheSpireMod:Shallot"},{"floor":10,"key":"Kunai"},{"floor":23,"key":"Blue Doll"},{"floor":26,"key":"Centennial Puzzle"},{"floor":28,"key":"Toxic Egg 2"}],"event_choices":[{"damage_healed":0,"gold_gain":0,"player_choice":"Forge","damage_taken":0,"max_hp_gain":0,"max_hp_loss":0,"event_name":"Accursed Blacksmith","floor":2,"gold_loss":0,"cards_upgraded":["Bash"]},{"damage_healed":0,"gold_gain":0,"player_choice":"Read","damage_taken":0,"max_hp_gain":0,"max_hp_loss":0,"event_name":"The Library","floor":22,"gold_loss":0,"cards_obtained":["Seeing Red"]}],"is_beta":false,"boss_relics":[{"not_picked":["Philosopher\u0027s Stone","Replay:Bronze Core"],"picked":"hubris:Backtick"}],"items_purged_floors":[21],"is_endless":false,"potions_floor_spawned":[5,8,10,16,19,23,28,29],"killed_by":"Champ","ascension_level":0}}