{"host":"82vjcvwyw2j7afb1","time":1609515848,"event":{"mods":["BaseMod","Colored Map","DeckTracker","Keyboard Shortcuts","Minty Spire (QoL Compilation)","Permanent Neow","Quick Restart","StSLib","SuperFastMode","everything is the same but u backflip on backflip"],"gold_per_floor":[219,219,219,229,8,8,35,35,35,35,49,66,66,77,77,181,181,196,169,169,183,203,218,232,232,282,299,299,299],"floor_reached":28,"playtime":1588,"items_purged":["Strike_B"],"score":224,"play_id":"29b99bf2-b6a6-4a7a-bfcd-1f5c6262fc4a","local_time":"20210102004408","is_ascension_mode":false,"campfire_choices":[{"data":"Beam Cell","floor":6.0,"key":"SMITH"},{"data":"Hologram","floor":8.0,"key":"SMITH"},{"data":"Zap","floor":10.0,"key":"SMITH"},{"data":"Loop","floor":13.0,"key":"SMITH"},{"data":"Double Energy","floor":15.0,"key":"SMITH"},{"data":"Fission","floor":25,"key":"SMITH"}],"circlet_count":0,"master_deck":["Strike_B","Strike_B","Strike_B","Defend_B","Defend_B","Defend_B","Defend_B","Zap+1","Dualcast","Beam Cell+1","Hologram+1","Loop+1","Seek","Double Energy+1","Fission+1","Glacier","Ball Lightning","Zap","Reboot","Beam Cell","Consume","Conserve Battery","Lockon","Biased Cognition"],"relics":["Cracked Core","Strawberry","Regal Pillow","Happy Flower","Ornamental Fan","MealTicket","Inserter","Centennial Puzzle"],"acts_visited":["Exordium","TheCity"],"potions_floor_usage":[24,27],"damage_taken":[{"damage":1.0,"enemies":"Jaw Worm","floor":1.0,"turns":3.0},{"damage":6.0,"enemies":"Cultist","floor":4.0,"turns":3.0},{"damage":21.0,"enemies":"3 Sentries","floor":7.0,"turns":8.0},{"damage":0.0,"enemies":"Small Slimes","floor":11.0,"turns":3.0},{"damage":0.0,"enemies":"Exordium Wildlife","floor":12.0,"turns":2.0},{"damage":1.0,"enemies":"2 Fungi Beasts","floor":14.0,"turns":3.0},{"damage":11.0,"enemies":"Slime Boss","floor":16.0,"turns":7.0},{"damage":15.0,"enemies":"Spheric Guardian","floor":18.0,"turns":5.0},{"damage":15.0,"enemies":"2 Thieves","floor":19.0,"turns":5.0},{"damage":8.0,"enemies":"Snecko","floor":21.0,"turns":6.0},{"damage":11,"enemies":"Shelled Parasite and Fungi","floor":22,"turns":7},{"damage":7,"enemies":"Centurion and Healer","floor":23,"turns":7},{"damage":5,"enemies":"Cultist and Chosen","floor":24,"turns":6},{"damage":11,"enemies":"Shelled Parasite and Fungi","floor":27,"turns":6},{"damage":14,"enemies":"Centurion and Healer","floor":28,"turns":3}],"seed_played":"-1239648013399987942","potions_obtained":[{"floor":4.0,"key":"Fire Potion"},{"floor":7.0,"key":"EntropicBrew"},{"floor":16.0,"key":"Weak Potion"},{"floor":18.0,"key":"Block Potion"},{"floor":23,"key":"SneckoOil"},{"floor":24,"key":"Explosive Potion"}],"is_trial":false,"path_per_floor":["M","?","?","M","$","R","E","R","T","R","M","M","R","M","R","B",null,"M","M","?","M","M","M","M","R","T","M","M"],"character_chosen":"DEFECT","items_purchased":["Happy Flower"],"campfire_rested":0,"item_purchase_floors":[5],"current_hp_per_floor":[74,78,78,72,72,72,51,51,51,51,51,51,51,50,50,39,82,67,52,52,44,33,26,21,21,21,10,0,0],"gold":299,"neow_bonus":"HUNDRED_GOLD","is_daily":false,"chose_seed":false,"campfire_upgraded":6,"win_rate":0.0,"timestamp":1609515848,"path_taken":["M","?","?","M","$","R","E","R","T","R","M","M","R","?","R","BOSS","M","M","?","M","M","?","M","R","T","M","M"],"items_purchased_type":["Relic"],"build_version":"2020-12-22","purchased_purges":1,"victory":false,"max_hp_per_floor":[75,82,82,82,82,82,82,82,82,82,82,82,82,82,82,82,82,82,82,82,82,82,82,82,82,82,82,82,82],"card_choices":[{"not_picked":["Ball Lightning","Steam"],"picked":"Conserve Battery","floor":1.0},{"not_picked":["Stack","Fusion"],"picked":"Beam Cell","floor":4.0},{"not_picked":["Gash","Cold Snap"],"picked":"Hologram","floor":7.0},{"not_picked":["Barrage","Chill"],"picked":"Loop","floor":11.0},{"not_picked":["Cold Snap","Compile Driver"],"picked":"Seek","floor":12.0},{"not_picked":["Coolheaded","Beam Cell"],"picked":"Double Energy","floor":14.0},{"not_picked":["Rainbow","Biased Cognition"],"picked":"Fission","floor":16.0},{"not_picked":["BootSequence+1","Compile Driver"],"picked":"Glacier","floor":18.0},{"not_picked":["Self Repair","Go for the Eyes"],"picked":"Ball Lightning","floor":19.0},{"not_picked":["Compile Driver","Hologram","Sweeping Beam"],"picked":"SKIP","floor":21.0},{"not_picked":["FTL","Force Field+1"],"picked":"Consume","floor":22},{"not_picked":["Beam Cell+1","Storm"],"picked":"Conserve Battery","floor":23},{"not_picked":["Double Energy","Leap+1"],"picked":"Lockon","floor":24},{"not_picked":["Go for the Eyes","Barrage+1"],"picked":"Biased Cognition","floor":27}],"player_experience":43995,"relics_obtained":[{"floor":7.0,"key":"Ornamental Fan"},{"floor":9.0,"key":"MealTicket"},{"floor":26,"key":"Centennial Puzzle"}],"event_choices":[{"damage_healed":0.0,"max_hp_gain":0.0,"max_hp_loss":0.0,"gold_gain":0.0,"event_name":"Scrap Ooze","player_choice":"Success","floor":2.0,"gold_loss":0.0,"damage_taken":3.0,"relics_obtained":["Strawberry"]},{"cards_removed":["Conserve Battery"],"damage_healed":0.0,"max_hp_gain":0.0,"max_hp_loss":0.0,"gold_gain":0.0,"event_name":"WeMeetAgain","player_choice":"Gave Card","floor":3.0,"gold_loss":0.0,"damage_taken":0.0,"relics_obtained":["Regal Pillow"]},{"damage_healed":0.0,"max_hp_gain":0.0,"max_hp_loss":0.0,"gold_gain":0.0,"event_name":"Match and Keep!","player_choice":"3 cards matched","floor":20.0,"gold_loss":0.0,"damage_taken":0.0,"cards_obtained":["Zap","Reboot","Beam Cell"]}],"is_beta":false,"boss_relics":[{"not_picked":["FrozenCore","Nuclear Battery"],"picked":"Inserter"}],"items_purged_floors":[5],"is_endless":false,"potions_floor_spawned":[4,7,16,18,23,24],"killed_by":"Centurion and Healer","ascension_level":0}}