{"host":"vfg9szunmpjwj08o","time":1609539455,"event":{"mods":["Act Like it!","BaseMod","Challenge The Spire","Colored Map","Colored Powertips","Minty Spire (QoL Compilation)","StSLib","Waifu the Spire"],"gold_per_floor":[114,114,124,274,67,67,99,99,99,99,99,125,144,159,159,232,232,245,265,277,42,42,42],"floor_reached":22,"playtime":730,"items_purged":["Doubt"],"score":476,"play_id":"7da009c5-fb48-446a-9ac6-915b1f213436","local_time":"20210101231735","is_ascension_mode":true,"campfire_choices":[{"data":"Zap","floor":6.0,"key":"SMITH"},{"data":"Dualcast","floor":8.0,"key":"SMITH"},{"data":"Recycle","floor":11.0,"key":"SMITH"},{"data":"Defragment","floor":15.0,"key":"SMITH"}],"circlet_count":0,"master_deck":["AscendersBane","Strike_B","Strike_B","Defend_B","Defend_B","Defend_B","Defend_B","Zap+1","Dualcast+1","Hologram","Gash","Defragment+1","Recycle+1","Gash","Darkness","Electrodynamics","Coolheaded","All For One","Fusion+1","Skim","Glacier","Defragment","Coolheaded","Compile Driver"],"relics":["Cracked Core","NeowsBlessing","HornCleat","Matryoshka","Sundial","Inserter"],"acts_visited":["Exordium","TheCity"],"potions_floor_usage":[],"damage_taken":[{"damage":0.0,"enemies":"Cultist","floor":1.0,"turns":1.0},{"damage":0.0,"enemies":"Small Slimes","floor":3.0,"turns":1.0},{"damage":0.0,"enemies":"3 Sentries","floor":7.0,"turns":1.0},{"damage":0.0,"enemies":"Gremlin Nob","floor":12.0,"turns":4.0},{"damage":0.0,"enemies":"2 Louse","floor":13.0,"turns":3.0},{"damage":0.0,"enemies":"Exordium Wildlife","floor":14.0,"turns":3.0},{"damage":20.0,"enemies":"The Guardian","floor":16.0,"turns":9.0},{"damage":13.0,"enemies":"Chosen","floor":18.0,"turns":4.0},{"damage":17.0,"enemies":"Shell Parasite","floor":19.0,"turns":5.0},{"damage":33.0,"enemies":"Centurion and Healer","floor":20.0,"turns":6.0},{"damage":6,"enemies":"Cultist and Chosen","floor":22,"turns":3}],"seed_played":"-8972594175433050793","potions_obtained":[{"floor":3.0,"key":"PowerPotion"},{"floor":13.0,"key":"SpeedPotion"},{"floor":20.0,"key":"Dexterity Potion"}],"is_trial":false,"path_per_floor":["M","?","M","?","$","R","E","R","T","?","R","E","M","M","R","B",null,"M","M","M","$","M"],"character_chosen":"DEFECT","items_purchased":["Defragment","Recycle","Glacier","Defragment","Coolheaded","Compile Driver"],"campfire_rested":0,"item_purchase_floors":[5,5,21,21,21,21],"current_hp_per_floor":[64,64,64,64,64,64,64,64,64,64,64,64,64,64,64,44,64,51,34,1,1,0,0],"gold":42,"neow_bonus":"THREE_ENEMY_KILL","is_daily":false,"chose_seed":false,"campfire_upgraded":4,"win_rate":0.0,"timestamp":1609539455,"path_taken":["M","?","M","?","$","R","E","R","T","?","R","E","M","M","R","BOSS","M","?","M","$","M"],"items_purchased_type":["Card","Card","Card","Card","Card","Card"],"build_version":"2020-12-22","purchased_purges":1,"victory":false,"max_hp_per_floor":[71,71,71,71,71,71,71,71,71,71,71,71,71,71,71,71,71,71,71,71,71,71,71],"card_choices":[{"not_picked":["Steam","Rebound"],"picked":"Hologram","floor":1.0},{"not_picked":["Hologram","Turbo"],"picked":"Gash","floor":3.0},{"not_picked":["Consume","Melter"],"picked":"Gash","floor":7.0},{"not_picked":["Sunder","Aggregate"],"picked":"Electrodynamics","floor":12.0},{"not_picked":["Beam Cell","Capacitor"],"picked":"Coolheaded","floor":13.0},{"not_picked":["Cold Snap","Conserve Battery","Leap"],"picked":"SKIP","floor":14.0},{"not_picked":["Electrodynamics","Thunder Strike"],"picked":"All For One","floor":16.0},{"not_picked":["Loop","Consume"],"picked":"Fusion+1","floor":18.0},{"not_picked":["Auto Shields","Sweeping Beam","Steam"],"picked":"SKIP","floor":19.0},{"not_picked":["Fusion","Gash"],"picked":"Skim","floor":20.0}],"player_experience":1027982,"relics_obtained":[{"floor":7.0,"key":"HornCleat"},{"floor":9.0,"key":"Matryoshka"},{"floor":12.0,"key":"Sundial"}],"event_choices":[{"cards_removed":["Strike_B"],"damage_healed":0.0,"max_hp_gain":0.0,"max_hp_loss":0.0,"gold_gain":0.0,"event_name":"Living Wall","player_choice":"Forget","floor":2.0,"gold_loss":0.0,"damage_taken":0.0},{"damage_healed":0.0,"max_hp_gain":0.0,"max_hp_loss":0.0,"gold_gain":150.0,"event_name":"Liars Game","player_choice":"AGREE","floor":4.0,"gold_loss":0.0,"damage_taken":0.0,"cards_obtained":["Doubt"]},{"damage_healed":0.0,"max_hp_gain":0.0,"max_hp_loss":0.0,"gold_gain":0.0,"cards_transformed":["Strike_B"],"event_name":"Transmorgrifier","player_choice":"Transformed","floor":10.0,"gold_loss":0.0,"damage_taken":0.0,"cards_obtained":["Darkness"]}],"is_beta":false,"boss_relics":[{"not_picked":["Busted Crown","Tiny House"],"picked":"Inserter"}],"items_purged_floors":[5],"is_endless":false,"potions_floor_spawned":[3,13,20],"killed_by":"Cultist and Chosen","ascension_level":19}}