{"host":"ko4b5atusvmax52d","time":1609494229,"event":{"mods":["AchievementEnabler","Act Like it!","Aspiration","BaseMod","Better Third Choice","BetterRewards","Friendly Minions","Halation","Hermit","Hubris","Infinite Spire","Koishi","Marisa????????","Minty Spire (QoL Compilation)","Rare Cards Sparkle","Replay The Spire","Shade Mod","Spicy Shops","StSLib","SuperFastMode","The Animator","The Bug Knight","The Hierophant","The Senshi","The Wild Card","Wandering Minibosses","vexMod"],"gold_per_floor":[131,158,158,158,2,2,2,2,2,2,30,50,70,100,100,203,203,218,218,250,268,278,309,309,309,309,337,357,357,357,372,387,486,486,581,1247,1266,1286,1286,1286,1303,1303,1303,1316,1316,1352,1367,1381,569,582,582,582,582,582,455,505,505,505],"floor_reached":57,"playtime":3164,"items_purged":["Regret","animator:Defend","animator:Strike"],"score":752,"play_id":"19d7266d-a5aa-469b-b8b3-89b6b7add06b","local_time":"20210101104349","is_ascension_mode":false,"campfire_choices":[{"data":"animator:ShinjiMatou","floor":6,"key":"SMITH"},{"data":"animator:Defend_Fate","floor":8,"key":"SMITH"},{"data":"animator:Strike_Fate","floor":10,"key":"SMITH"},{"floor":15,"key":"REST"},{"data":"animator:Saber","floor":25,"key":"SMITH"},{"floor":34,"key":"REST"},{"floor":42,"key":"RECALL"},{"floor":51,"key":"REST"},{"data":"animator:Emilia","floor":54,"key":"SMITH"}],"circlet_count":0,"master_deck":["animator:Strike_Fate","animator:Defend_Fate","animator:Strike","animator:Defend","animator:Alexander","animator:Rider","animator:ShinjiMatou","animator:DolaStephanie","animator:Alexander","animator:ShinjiMatou","animator:DolaStephanie","animator:Cocytus","animator:Saber","Mind Blast","animator:Berserker","animator:Elesis","Shade:SensePrey","animator:GoblinSlayer","animator:Saber","animator:EmiyaShirou","animator:DolaRiku","animator:CowGirl","animator:Illya","animator:Assassin","Parasite","animator:Emilia","animator:Cocytus+1","animator:Fredrika+1","animator:Mikaela+1"],"relics":["animator:TheWolleyCore"],"acts_visited":["Exordium","TheCity","TheBeyond","TheEnding","EYB:TheUnnamedReign"],"potions_floor_usage":[11,16,21,21,31,31,50,50,52,57],"damage_taken":[{"damage":1,"enemies":"Cultist","floor":1,"turns":4},{"damage":11,"enemies":"Jaw Worm","floor":2,"turns":4},{"damage":22,"enemies":"3 Sentries","floor":11,"turns":7},{"damage":4,"enemies":"2 Louse","floor":12,"turns":2},{"damage":9,"enemies":"Red Slaver","floor":13,"turns":2},{"damage":6,"enemies":"Blue Slaver","floor":14,"turns":2},{"damage":27,"enemies":"Hexaghost","floor":16,"turns":7},{"damage":16,"enemies":"2 Thieves","floor":18,"turns":2},{"damage":0,"enemies":"Spheric Guardian","floor":20,"turns":2},{"damage":0,"enemies":"Snake Plant","floor":21,"turns":1},{"damage":11,"enemies":"Snecko","floor":22,"turns":3},{"damage":12,"enemies":"HollowMod:Nosk","floor":23,"turns":4},{"damage":5,"enemies":"Replay:Snechameleon","floor":27,"turns":4},{"damage":0,"enemies":"Centurion and Healer","floor":28,"turns":3},{"damage":12,"enemies":"Shelled Parasite and Fungi","floor":31,"turns":3},{"damage":0,"enemies":"Snake Plant","floor":32,"turns":3},{"damage":30,"enemies":"Automaton","floor":35,"turns":6},{"damage":0,"enemies":"Orb Walker","floor":37,"turns":2},{"damage":13,"enemies":"3 Shapes","floor":38,"turns":3},{"damage":32,"enemies":"Maw","floor":41,"turns":5},{"damage":28,"enemies":"3 Darklings","floor":44,"turns":4},{"damage":11,"enemies":"4 Shapes","floor":46,"turns":3},{"damage":8,"enemies":"Sphere and 2 Shapes","floor":47,"turns":2},{"damage":14,"enemies":"Writhing Mass","floor":48,"turns":4},{"damage":0,"enemies":"3 Darklings","floor":50,"turns":3},{"damage":16,"enemies":"hubris:GrandSnecko","floor":52,"turns":10},{"damage":54,"enemies":"animator:UNNAMED_CULTIST_1","floor":56,"turns":11},{"damage":53,"enemies":"animator:UNNAMED_HAT","floor":57,"turns":10}],"seed_played":"-423479701419276423","potions_obtained":[{"floor":2,"key":"SkillPotion"},{"floor":11,"key":"BlessingOfTheForge"},{"floor":12,"key":"SteroidPotion"},{"floor":14,"key":"Languid Potion"},{"floor":18,"key":"Energy Potion"},{"floor":20,"key":"Swift Potion"},{"floor":27,"key":"Languid Potion"},{"floor":32,"key":"Dexterity Potion"},{"floor":35,"key":"Explosive Potion"},{"floor":41,"key":"ColorlessPotion"},{"floor":56,"key":"animator:FalseLifePotion"}],"is_trial":false,"path_per_floor":["M","M","?","?","$","R","?","R","T","R","E","M","M","M","R","B",null,"M","AVR","M","M","M","E","?","R","T","E","M","PTL","PTL","M","M","?","R","B",null,"M","M","?","?","M","R","?","M","T","M","M","M","$","M","R","B",null,"R","??","M","M"],"character_chosen":"THE_ANIMATOR","items_purchased":["vexMod:PaidLearning","Vajra","infinitespire:PuzzleCube","animator:Emilia","Happy Flower"],"campfire_rested":3,"item_purchase_floors":[5,49,49,49,49],"current_hp_per_floor":[65,54,54,54,54,54,54,54,54,54,32,28,19,13,32,6,67,51,51,51,51,40,28,28,28,28,23,23,23,23,11,11,11,31,1,67,68,56,56,56,24,24,60,32,32,21,15,1,1,1,19,3,62,62,98,44,0,0],"gold":505,"neow_bonus":"NOSTALGIA","is_daily":false,"chose_seed":false,"campfire_upgraded":5,"win_rate":0.0,"timestamp":1609494229,"path_taken":["M","?","?","?","$","R","?","R","T","R","E","M","M","M","R","BOSS","M","AVR","M","M","M","E","?","R","T","E","M","PTL","PTL","M","?","?","R","BOSS","M","M","?","?","M","R","?","M","T","M","M","?","$","M","R","BOSS","R","??","M","M"],"items_purchased_type":["Relic","Relic","Relic","Card","Relic"],"build_version":"2020-12-22","purchased_purges":3,"victory":false,"max_hp_per_floor":[66,66,66,66,66,66,66,66,66,66,66,66,66,66,66,67,67,67,67,67,67,67,67,67,67,67,67,67,67,67,67,67,67,67,67,67,68,69,69,69,69,69,60,60,60,60,62,62,62,62,62,62,62,62,98,98,98,98],"card_choices":[{"not_picked":["animator:Alexander","animator:LizardPriest"],"picked":"animator:ShinjiMatou","floor":1},{"not_picked":["animator:PandorasActor","animator:AcuraTooru"],"picked":"animator:DolaStephanie","floor":2},{"not_picked":["animator:Shinoa","animator:Evileye"],"picked":"animator:Alexander","floor":11},{"not_picked":["animator:RinTohsaka","animator:Illya"],"picked":"animator:ShinjiMatou","floor":12},{"not_picked":["animator:ChaikaBohdan","animator:GuildGirl"],"picked":"animator:DolaStephanie","floor":13},{"not_picked":["animator:Konayuki","animator:Vesta"],"picked":"animator:Cocytus","floor":14},{"not_picked":["animator:Rimuru","animator:Elesis"],"picked":"animator:Saber","floor":16},{"not_picked":["animator:Demiurge","animator:FielNirvalen","animator:UneriGinkaku"],"picked":"SKIP","floor":18},{"not_picked":["animator:Illya","animator:RinTohsaka"],"picked":"animator:Berserker","floor":20},{"not_picked":["animator:ShinjiMatou","animator:DolaSchwi"],"picked":"animator:Elesis","floor":21},{"not_picked":["animator:RinTohsaka","animator:Konayuki","animator:Jibril"],"picked":"SKIP","floor":22},{"not_picked":["animator:Entoma","animator:Demiurge","animator:ChaikaBohdan"],"picked":"SKIP","floor":23},{"not_picked":["animator:Chung","animator:GuildGirl+1","animator:Tet"],"picked":"SKIP","floor":28},{"not_picked":["animator:ShinjiMatou","animator:Demiurge","animator:Add"],"picked":"SKIP","floor":31},{"not_picked":["animator:Rena","animator:Aisha"],"picked":"animator:GoblinSlayer","floor":32},{"not_picked":["animator:FeridBathory","animator:Elesis"],"picked":"animator:Saber","floor":35},{"not_picked":["animator:Illya","animator:ShinjiMatou"],"picked":"animator:EmiyaShirou","floor":37},{"not_picked":["animator:AcuraTooru","animator:Add"],"picked":"animator:DolaRiku+1","floor":38},{"not_picked":["animator:Rider+1","animator:RinTohsaka"],"picked":"animator:CowGirl","floor":41},{"not_picked":["animator:Shinoa","animator:Shion","animator:Mikaela"],"picked":"SKIP","floor":44},{"not_picked":["animator:Alexander","animator:Berserker"],"picked":"animator:Illya","floor":46},{"not_picked":["animator:Cocytus+1","animator:DolaCouronne+1"],"picked":"animator:Assassin","floor":47},{"not_picked":["animator:SakuraMatou","animator:Yuuichirou+1","animator:Yoichi"],"picked":"SKIP","floor":48},{"not_picked":["animator:Mikaela","animator:Tet+1","animator:Kaijin"],"picked":"SKIP","floor":50},{"not_picked":["animator:Togame","animator:Raven+1"],"picked":"animator:Mikaela+1","floor":56}],"player_experience":245155,"relics_obtained":[{"floor":3,"key":"animator:WornHelmet"},{"floor":9,"key":"infinitespire:CheckeredPen"},{"floor":11,"key":"aspiration:DSix"},{"floor":23,"key":"animator:ShionDessert"},{"floor":27,"key":"Anchor"},{"floor":45,"key":"Mirror"},{"floor":55,"key":"animator:TheWolleyCore"}],"event_choices":[{"damage_healed":0,"gold_gain":0,"player_choice":"Box","damage_taken":0,"relics_obtained":["halation:PromiseList"],"max_hp_gain":0,"max_hp_loss":0,"event_name":"Big Fish","floor":4,"gold_loss":0,"cards_obtained":["Regret"]},{"damage_healed":0,"gold_gain":0,"player_choice":"0 cards matched","damage_taken":0,"max_hp_gain":0,"max_hp_loss":0,"event_name":"Match and Keep!","floor":7,"gold_loss":0,"cards_obtained":[]},{"damage_healed":0,"gold_gain":0,"player_choice":"Read","damage_taken":0,"max_hp_gain":0,"max_hp_loss":0,"event_name":"The Library","floor":24,"gold_loss":0,"cards_obtained":["Shade:SensePrey"]},{"damage_healed":0,"gold_gain":99,"player_choice":"Steal","damage_taken":0,"max_hp_gain":0,"max_hp_loss":0,"event_name":"betterThird:BetterNest","floor":33,"gold_loss":0},{"damage_healed":60,"gold_gain":0,"player_choice":"Heal","damage_taken":0,"max_hp_gain":0,"max_hp_loss":9,"event_name":"The Moai Head","floor":43,"gold_loss":0}],"is_beta":false,"boss_relics":[{"not_picked":["halation:Yufonium","Replay:Wanted Poster"],"picked":"Philosopher\u0027s Stone"},{"not_picked":["vexMod:ImprovementManual","vexMod:CursedCompass"],"picked":"vexMod:RockOfEvil"}],"items_purged_floors":[19,49,49],"is_endless":false,"potions_floor_spawned":[2,11,12,14,18,20,27,32,35,41,44,47],"killed_by":"animator:UNNAMED_HAT","ascension_level":0}}