{"host":"ELF","time":1609501657,"event":{"mods":["BaseMod","Minty Spire (QoL Compilation)"],"gold_per_floor":[118,34,52,52,52,96,96,109,133,149,184,164,183,199,199,199,199],"floor_reached":16,"playtime":612,"items_purged":[],"score":274,"play_id":"dc0c431c-342f-4848-875c-ca6a392afe44","local_time":"20210101054737","is_ascension_mode":true,"campfire_choices":[{"data":"Phantasmal Killer","floor":7.0,"key":"SMITH"},{"floor":15.0,"key":"REST"}],"circlet_count":0,"master_deck":["AscendersBane","Strike_G","Strike_G","Strike_G","Strike_G","Strike_G","Defend_G","Defend_G","Defend_G","Defend_G","Defend_G","Survivor","Neutralize","Deadly Poison","Crippling Poison","Infinite Blades","Injury","Neutralize","Phantasmal Killer+1","Acrobatics","Acrobatics","Deadly Poison","Quick Slash","Wraith Form v2"],"relics":["Ring of the Snake","NeowsBlessing","Golden Idol","Tiny Chest","Blood Vial","Nunchaku"],"acts_visited":["Exordium"],"potions_floor_usage":[16],"damage_taken":[{"damage":0.0,"enemies":"Jaw Worm","floor":1.0,"turns":1.0},{"damage":0.0,"enemies":"Small Slimes","floor":3.0,"turns":1.0},{"damage":0.0,"enemies":"3 Sentries","floor":6.0,"turns":2.0},{"damage":11.0,"enemies":"Cultist","floor":8.0,"turns":5.0},{"damage":3.0,"enemies":"Looter","floor":10.0,"turns":4.0},{"damage":40.0,"enemies":"Lagavulin","floor":11.0,"turns":6.0},{"damage":10.0,"enemies":"Exordium Thugs","floor":13.0,"turns":5.0},{"damage":2.0,"enemies":"Red Slaver","floor":14.0,"turns":2.0},{"damage":24,"enemies":"Hexaghost","floor":16,"turns":9}],"seed_played":"-2843233729755811867","potions_obtained":[{"floor":3.0,"key":"Dexterity Potion"},{"floor":6.0,"key":"ColorlessPotion"},{"floor":11.0,"key":"BlessingOfTheForge"},{"floor":12.0,"key":"ColorlessPotion"},{"floor":13.0,"key":"AttackPotion"},{"floor":14.0,"key":"Fire Potion"}],"is_trial":false,"path_per_floor":["M","$","M","?","?","E","R","M","T","M","E","?","M","M","R","B"],"character_chosen":"THE_SILENT","items_purchased":["Crippling Poison"],"campfire_rested":1,"item_purchase_floors":[2],"current_hp_per_floor":[59,59,59,59,59,59,59,48,48,47,9,9,1,1,20,0,0],"gold":199,"neow_bonus":"THREE_ENEMY_KILL","is_daily":false,"chose_seed":false,"campfire_upgraded":1,"win_rate":0.0,"timestamp":1609501657,"path_taken":["M","$","M","?","?","E","R","?","T","M","E","?","M","M","R","BOSS"],"items_purchased_type":["Card"],"build_version":"2020-12-18","purchased_purges":0,"victory":false,"max_hp_per_floor":[66,66,66,66,66,66,66,66,66,66,66,66,66,66,66,66,66],"card_choices":[{"not_picked":["Poisoned Stab","Flechettes"],"picked":"Deadly Poison","floor":1.0},{"not_picked":["Poisoned Stab","Bane"],"picked":"Infinite Blades","floor":3.0},{"not_picked":["PiercingWail","Poisoned Stab"],"picked":"Acrobatics","floor":6.0},{"not_picked":["Slice","Outmaneuver"],"picked":"Acrobatics","floor":8.0},{"not_picked":["Underhanded Strike","Prepared"],"picked":"Deadly Poison","floor":10.0},{"not_picked":["Outmaneuver","Dodge and Roll"],"picked":"Quick Slash","floor":11.0},{"not_picked":["Eviscerate","Well Laid Plans"],"picked":"Wraith Form v2","floor":13.0},{"not_picked":["Concentrate","Flechettes","Slice"],"picked":"SKIP","floor":14.0}],"player_experience":3136293,"relics_obtained":[{"floor":6.0,"key":"Tiny Chest"},{"floor":9.0,"key":"Blood Vial"},{"floor":11.0,"key":"Nunchaku"}],"event_choices":[{"damage_healed":0.0,"max_hp_gain":0.0,"max_hp_loss":0.0,"gold_gain":0.0,"event_name":"Golden Idol","player_choice":"Take Wound","floor":4.0,"gold_loss":0.0,"damage_taken":0.0,"relics_obtained":["Golden Idol"],"cards_obtained":["Injury"]},{"damage_healed":0.0,"max_hp_gain":0.0,"max_hp_loss":0.0,"gold_gain":0.0,"event_name":"Match and Keep!","player_choice":"2 cards matched","floor":5.0,"gold_loss":0.0,"damage_taken":0.0,"cards_obtained":["Neutralize","Phantasmal Killer"]},{"damage_healed":0.0,"max_hp_gain":0.0,"max_hp_loss":0.0,"gold_gain":0.0,"event_name":"The Woman in Blue","player_choice":"Bought 1 Potion","floor":12.0,"gold_loss":0.0,"damage_taken":0.0}],"is_beta":true,"boss_relics":[],"items_purged_floors":[],"is_endless":false,"potions_floor_spawned":[3,6,11,13,14],"killed_by":"Hexaghost","ascension_level":20}}