{"host":"3qkmyeoym75lj4wn","time":1609507144,"event":{"mods":["2.2 Compatiblity","BaseMod","Block Reminder","Colored Powertips","Highlight Path","Minty Spire (QoL Compilation)","Permanent Neow","Potion Indicator Mod","Rare Cards Sparkle","Relic Stats","StSLib"],"gold_per_floor":[110,110,110,110,123,123,150,150,174,199,199,231,17,28,28,104,104,116,41,56,56,68,68,68],"floor_reached":23,"playtime":683,"items_purged":["Strike_B"],"score":464,"play_id":"d0b0b301-77fc-4daf-8a26-4d259e6a0412","local_time":"20210101131904","is_ascension_mode":true,"campfire_choices":[{"floor":6,"key":"REST"},{"data":"Zap","floor":8,"key":"SMITH"},{"data":"Ball Lightning","floor":11,"key":"SMITH"},{"floor":15,"key":"REST"}],"circlet_count":0,"master_deck":["AscendersBane","Strike_B","Strike_B","Defend_B","Defend_B","Defend_B","Defend_B+1","Zap+1","Dualcast","Sweeping Beam+1","Cold Snap","Ball Lightning+1","Chill","Core Surge","Cold Snap","Go for the Eyes","Steam"],"relics":["Cracked Core","NeowsBlessing","DataDisk","InkBottle","Smiling Mask","Potion Belt","Lantern","Medical Kit","Inserter"],"acts_visited":["Exordium","TheCity"],"potions_floor_usage":[10,12,22,23],"damage_taken":[{"damage":0,"enemies":"2 Louse","floor":1,"turns":1},{"damage":0,"enemies":"Small Slimes","floor":5,"turns":1},{"damage":0,"enemies":"Lagavulin","floor":7,"turns":1},{"damage":5,"enemies":"Gremlin Nob","floor":10,"turns":3},{"damage":19,"enemies":"3 Sentries","floor":12,"turns":4},{"damage":0,"enemies":"Cultist","floor":14,"turns":2},{"damage":21,"enemies":"Slime Boss","floor":16,"turns":7},{"damage":17,"enemies":"2 Thieves","floor":18,"turns":5},{"damage":7,"enemies":"Shell Parasite","floor":20,"turns":4},{"damage":9,"enemies":"Sentry and Sphere","floor":22,"turns":6},{"damage":35,"enemies":"Gremlin Leader","floor":23,"turns":6}],"seed_played":"8811429467276453250","potions_obtained":[{"floor":4,"key":"DistilledChaos"},{"floor":4,"key":"EssenceOfDarkness"},{"floor":10,"key":"DuplicationPotion"},{"floor":20,"key":"DuplicationPotion"},{"floor":22,"key":"Weak Potion"}],"is_trial":false,"path_per_floor":["M","?","?","?","M","R","E","R","T","E","R","E","$","M","R","B",null,"M","?","M","?","M","E"],"character_chosen":"DEFECT","items_purchased":["Medical Kit"],"campfire_rested":2,"item_purchase_floors":[13],"current_hp_per_floor":[64,43,25,25,25,46,46,46,46,41,41,22,22,22,43,22,59,42,42,35,35,26,0,0],"gold":68,"neow_bonus":"THREE_ENEMY_KILL","is_daily":false,"chose_seed":false,"campfire_upgraded":2,"win_rate":0.0,"timestamp":1609507144,"path_taken":["M","?","?","?","?","R","E","R","T","E","R","E","$","M","R","BOSS","M","?","M","?","M","E"],"items_purchased_type":["Relic"],"build_version":"2020-12-22","purchased_purges":1,"victory":false,"max_hp_per_floor":[71,71,71,71,71,71,71,71,71,71,71,71,71,71,71,71,71,71,71,71,71,71,71,71],"relic_stats":{"Inserter":[10],"counters":[11,40],"Smiling Mask":25,"Medical Kit":[1],"obtain_stats":[{"Potion Belt":10,"DataDisk":3,"Lantern":12,"Inserter":17,"NeowsBlessing":0,"Cracked Core":0,"Smiling Mask":9,"Medical Kit":13,"InkBottle":7},{"Potion Belt":4,"DataDisk":1,"Lantern":5,"Inserter":7,"NeowsBlessing":0,"Cracked Core":0,"Smiling Mask":3,"Medical Kit":5,"InkBottle":3},{"Potion Belt":6,"DataDisk":1,"Lantern":10,"Inserter":19,"NeowsBlessing":0,"Cracked Core":0,"Smiling Mask":3,"Medical Kit":10,"InkBottle":3}],"InkBottle":[13]},"card_choices":[{"not_picked":["Compile Driver","Barrage"],"picked":"Sweeping Beam","floor":1},{"not_picked":["Hologram","Skim"],"picked":"Capacitor","floor":5},{"not_picked":["Creative AI","Barrage"],"picked":"Cold Snap","floor":7},{"not_picked":["Sweeping Beam","Stack"],"picked":"Ball Lightning","floor":10},{"not_picked":["Multi-Cast","Turbo","Static Discharge"],"picked":"SKIP","floor":12},{"not_picked":["White Noise","Turbo"],"picked":"Chill","floor":14},{"not_picked":["Meteor Strike","Fission"],"picked":"Core Surge","floor":16},{"not_picked":["Heatsinks","Redo"],"picked":"Cold Snap","floor":18},{"not_picked":["Streamline","Gash"],"picked":"Go for the Eyes","floor":20},{"not_picked":["Beam Cell","Sweeping Beam","Multi-Cast"],"picked":"SKIP","floor":22}],"player_experience":1631851,"relics_obtained":[{"floor":7,"key":"InkBottle"},{"floor":9,"key":"Smiling Mask"},{"floor":10,"key":"Potion Belt"},{"floor":12,"key":"Lantern"}],"event_choices":[{"damage_healed":0,"gold_gain":0,"player_choice":"Entered Light","damage_taken":21,"max_hp_gain":0,"max_hp_loss":0,"event_name":"Shining Light","floor":2,"gold_loss":0,"cards_upgraded":["Sweeping Beam","Defend_B"]},{"damage_healed":0,"gold_gain":0,"player_choice":"Success","damage_taken":18,"relics_obtained":["DataDisk"],"max_hp_gain":0,"max_hp_loss":0,"event_name":"Scrap Ooze","floor":3,"gold_loss":0},{"damage_healed":0,"gold_gain":0,"player_choice":"Got Potions","damage_taken":0,"max_hp_gain":0,"max_hp_loss":0,"event_name":"Lab","floor":4,"gold_loss":0},{"cards_removed":["Strike_B"],"damage_healed":0,"gold_gain":0,"player_choice":"Gave Gold","damage_taken":0,"max_hp_gain":0,"max_hp_loss":0,"event_name":"Beggar","floor":19,"gold_loss":75},{"damage_healed":0,"gold_gain":0,"cards_transformed":["Capacitor"],"player_choice":"Transformed","damage_taken":0,"max_hp_gain":0,"max_hp_loss":0,"event_name":"Transmorgrifier","floor":21,"gold_loss":0,"cards_obtained":["Steam"]}],"is_beta":false,"boss_relics":[{"not_picked":["FrozenCore","Astrolabe"],"picked":"Inserter"}],"items_purged_floors":[13],"is_endless":false,"potions_floor_spawned":[5,10,20,22],"killed_by":"Gremlin Leader","ascension_level":20}}