{"host":"n23juj4d9qam5hh1","time":1609467637,"event":{"mods":["BaseMod","Better Note","BetterRewards","Infinite Spire","Minty Spire (QoL Compilation)","Relic Stats","StSLib"],"gold_per_floor":[116,116,143,109,128,128,145,145,170,135,135,146,96,96,96,200,200,217,227,227,238,250,250,280,280,304,318,318,332,332,343,343,448,448,461,461,242,242,252,252,270,270,270,270,281,79,96,108,108,108],"floor_reached":51,"playtime":17835,"items_purged":["Strike_R","Twin Strike"],"score":754,"play_id":"b1e6a5d4-ca48-4862-979f-d0849aa11266","local_time":"20201231212037","is_ascension_mode":true,"campfire_choices":[{"data":"Feel No Pain","floor":6.0,"key":"SMITH"},{"data":"Dropkick","floor":8.0,"key":"SMITH"},{"data":"Shrug It Off","floor":11.0,"key":"SMITH"},{"data":"Heavy Blade","floor":15.0,"key":"SMITH"},{"data":"Searing Blow+1","floor":23.0,"key":"SMITH"},{"data":"Searing Blow+2","floor":25.0,"key":"SMITH"},{"data":"infinitespire:Menacing","floor":30.0,"key":"SMITH"},{"data":"Searing Blow+3","floor":32.0,"key":"SMITH"},{"data":"Searing Blow+4","floor":40,"key":"SMITH"},{"data":"Inflame","floor":42,"key":"SMITH"},{"data":"Searing Blow+5","floor":49,"key":"SMITH"}],"circlet_count":0,"master_deck":["Defend_R","Defend_R","Defend_R","Bash+1","Dropkick+1","Feel No Pain+1","Shrug It Off+1","Heavy Blade+1","Reaper","Offering+1","Searing Blow+5","Inflame+1","infinitespire:Menacing+1","Ghostly Armor","Spot Weakness+1","Ghostly Armor","Twin Strike+1","Feed","Double Tap","Shrug It Off+1","Flame Barrier+1","Searing Blow+6","Demon Form"],"relics":["Burning Blood","Dream Catcher","Anchor","Astrolabe","Strange Spoon","Cursed Key","Omamori","Art of War","infinitespire:Cupcake","Lee\u0027s Waffle","The Courier","DollysMirror"],"acts_visited":["Exordium","TheCity","TheBeyond"],"potions_floor_usage":[45],"damage_taken":[{"damage":15.0,"enemies":"Jaw Worm","floor":1.0,"turns":7.0},{"damage":1.0,"enemies":"Cultist","floor":5.0,"turns":4.0},{"damage":10.0,"enemies":"Small Slimes","floor":7.0,"turns":4.0},{"damage":0.0,"enemies":"2 Fungi Beasts","floor":12.0,"turns":3.0},{"damage":40.0,"enemies":"The Guardian","floor":16.0,"turns":8.0},{"damage":13.0,"enemies":"3 Byrds","floor":18.0,"turns":6.0},{"damage":29.0,"enemies":"Spheric Guardian","floor":19.0,"turns":4.0},{"damage":11.0,"enemies":"Snecko","floor":21.0,"turns":3.0},{"damage":8.0,"enemies":"Chosen and Byrds","floor":22.0,"turns":6.0},{"damage":28.0,"enemies":"Book of Stabbing","floor":24.0,"turns":5.0},{"damage":15.0,"enemies":"Centurion and Healer","floor":27.0,"turns":5.0},{"damage":3.0,"enemies":"Snake Plant","floor":29.0,"turns":4.0},{"damage":12.0,"enemies":"Sentry and Sphere","floor":31.0,"turns":5.0},{"damage":70.0,"enemies":"Champ","floor":33.0,"turns":10.0},{"damage":42,"enemies":"3 Darklings","floor":35,"turns":7},{"damage":9,"enemies":"3 Shapes","floor":39,"turns":3},{"damage":0,"enemies":"Spire Growth","floor":41,"turns":4},{"damage":22,"enemies":"Sphere and 2 Shapes","floor":45,"turns":4},{"damage":0,"enemies":"Transient","floor":47,"turns":5},{"damage":0,"enemies":"4 Shapes","floor":48,"turns":4},{"damage":57,"enemies":"Donu and Deca","floor":50,"turns":8}],"seed_played":"7285544900294371243","potions_obtained":[{"floor":1.0,"key":"SkillPotion"},{"floor":7.0,"key":"SteroidPotion"},{"floor":12.0,"key":"Energy Potion"},{"floor":19.0,"key":"DuplicationPotion"},{"floor":24.0,"key":"EssenceOfSteel"},{"floor":27.0,"key":"FearPotion"},{"floor":41,"key":"ColorlessPotion"},{"floor":45,"key":"Ancient Potion"}],"is_trial":false,"path_per_floor":["M","?","T","$","M","R","M","R","T","?","R","M","?","$","R","B",null,"M","M","AVR","M","M","R","E","R","T","M","?","M","R","M","R","B",null,"M","?","$","?","M","R","M","R","T","?","M","$","M","M","R","B",null],"character_chosen":"IRONCLAD","items_purchased":["Feel No Pain","Lee\u0027s Waffle","DollysMirror"],"campfire_rested":0,"item_purchase_floors":[4,37,46],"current_hp_per_floor":[79,79,79,79,84,84,80,80,80,80,80,86,86,86,86,52,88,88,68,68,63,68,68,54,54,54,61,88,88,88,82,82,31,91,55,55,98,98,95,95,98,98,98,98,85,85,91,104,104,53],"gold":108,"neow_bonus":"TEN_PERCENT_HP_BONUS","is_daily":false,"chose_seed":false,"campfire_upgraded":11,"win_rate":0.0,"timestamp":1609467637,"path_taken":["M","?","?","$","M","R","?","R","T","?","R","M","?","?","R","BOSS","M","M","AVR","M","M","R","E","R","T","M","?","?","R","M","R","BOSS","M","?","$","?","M","R","M","R","T","?","M","$","M","M","R","BOSS"],"items_purchased_type":["Card","Relic","Relic"],"build_version":"2020-12-22","purchased_purges":2,"victory":true,"max_hp_per_floor":[88,88,88,88,88,88,88,88,88,88,88,88,88,88,88,88,88,88,88,88,88,88,88,88,88,88,88,88,88,88,88,88,91,91,91,91,98,98,98,98,98,98,98,98,101,101,101,104,104,104],"relic_stats":{"Strange Spoon":[13],"Dream Catcher":0,"Lee\u0027s Waffle":43,"counters":[21,109],"Astrolabe":["Offering","Searing Blow","Rupture"],"Art of War":[3],"Cursed Key":2,"obtain_stats":[{"Strange Spoon":20,"Dream Catcher":3,"Anchor":9,"Lee\u0027s Waffle":37,"DollysMirror":46,"Astrolabe":17,"The Courier":43,"Omamori":24,"Art of War":26,"Cursed Key":20,"Burning Blood":0,"infinitespire:Cupcake":34},{"Strange Spoon":7,"Dream Catcher":1,"Anchor":3,"Lee\u0027s Waffle":15,"DollysMirror":18,"Astrolabe":5,"The Courier":17,"Omamori":10,"Art of War":10,"Cursed Key":7,"Burning Blood":0,"infinitespire:Cupcake":14},{"Strange Spoon":36,"Dream Catcher":7,"Anchor":15,"Lee\u0027s Waffle":81,"DollysMirror":92,"Astrolabe":26,"The Courier":88,"Omamori":50,"Art of War":50,"Cursed Key":36,"Burning Blood":0,"infinitespire:Cupcake":74}],"Burning Blood":113},"card_choices":[{"not_picked":["True Grit","Headbutt"],"picked":"Dropkick","floor":1.0},{"not_picked":["Body Slam","Sever Soul"],"picked":"Twin Strike","floor":5.0},{"not_picked":["Blood for Blood","True Grit"],"picked":"Shrug It Off","floor":7.0},{"not_picked":["Iron Wave","Twin Strike"],"picked":"Heavy Blade","floor":12.0},{"not_picked":["Exhume","Juggernaut"],"picked":"Reaper","floor":16.0},{"not_picked":["Twin Strike","Dropkick","Infernal Blade"],"picked":"SKIP","floor":18.0},{"not_picked":["Twin Strike","Dropkick","Infernal Blade"],"picked":"SKIP","floor":18.0},{"not_picked":["Shrug It Off","Warcry"],"picked":"Inflame","floor":19.0},{"not_picked":["Pommel Strike+1","Headbutt+1"],"picked":"Ghostly Armor","floor":21.0},{"not_picked":["Body Slam","Armaments"],"picked":"Spot Weakness+1","floor":22.0},{"not_picked":["Uppercut","Perfected Strike"],"picked":"Ghostly Armor","floor":24.0},{"not_picked":["Heavy Blade","Sever Soul","Intimidate"],"picked":"SKIP","floor":27.0},{"not_picked":["Dual Wield+1","Perfected Strike"],"picked":"Twin Strike+1","floor":29.0},{"not_picked":["Power Through","Infernal Blade"],"picked":"Feed","floor":31.0},{"not_picked":["Impervious","Brutality"],"picked":"Double Tap","floor":33.0},{"not_picked":["Pommel Strike+1","Twin Strike+1"],"picked":"Shrug It Off+1","floor":35},{"not_picked":["True Grit+1","Cleave+1","Intimidate+1"],"picked":"SKIP","floor":39},{"not_picked":["Perfected Strike+1","Heavy Blade","Cleave"],"picked":"SKIP","floor":41},{"not_picked":["Sword Boomerang+1","Havoc+1"],"picked":"Flame Barrier+1","floor":45},{"not_picked":["Wild Strike","Perfected Strike"],"picked":"Demon Form","floor":47},{"not_picked":["Armaments+1","Heavy Blade","Headbutt"],"picked":"SKIP","floor":48}],"player_experience":212471,"relics_obtained":[{"floor":3.0,"key":"Dream Catcher"},{"floor":9.0,"key":"Anchor"},{"floor":24.0,"key":"Omamori"},{"floor":26.0,"key":"Art of War"},{"floor":43,"key":"The Courier"}],"event_choices":[{"damage_healed":0.0,"max_hp_gain":0.0,"max_hp_loss":0.0,"gold_gain":0.0,"event_name":"World of Goop","player_choice":"Left Gold","floor":10.0,"gold_loss":35.0,"damage_taken":0.0},{"cards_removed":["Strike_R"],"damage_healed":0.0,"max_hp_gain":0.0,"max_hp_loss":0.0,"gold_gain":0.0,"event_name":"The Cleric","player_choice":"Card Removal","floor":13.0,"gold_loss":50.0,"damage_taken":0.0},{"cards_removed":["Rupture"],"damage_healed":27.0,"max_hp_gain":0.0,"max_hp_loss":0.0,"gold_gain":0.0,"event_name":"Bonfire Elementals","player_choice":"Offered Uncommon","floor":28.0,"gold_loss":0.0,"damage_taken":0.0},{"cards_removed":["Defend_R"],"damage_healed":0,"gold_gain":0,"player_choice":"Removed Skill","damage_taken":0,"max_hp_gain":0,"max_hp_loss":0,"event_name":"Falling","floor":36,"gold_loss":0},{"damage_healed":0,"gold_gain":0,"player_choice":"Ignored","damage_taken":0,"max_hp_gain":0,"max_hp_loss":0,"event_name":"Mysterious Sphere","floor":38,"gold_loss":0}],"is_beta":false,"boss_relics":[{"not_picked":["Runic Dome","Velvet Choker"],"picked":"Astrolabe"},{"not_picked":["Pandora\u0027s Box","infinitespire:Burning Sword"],"picked":"infinitespire:Cupcake"}],"items_purged_floors":[37,46],"is_endless":false,"potions_floor_spawned":[1,7,12,19,24,27,41,45,47],"ascension_level":3}}