{"host":"msmkw03x1o7nq45i","time":1609513423,"event":{"mods":["BaseMod","Bestiary","Colored Powertips","GifTheSpireLib","Highlight Path","Minty Spire (QoL Compilation)","Random Character Button","StSLib","everything is the same but u backflip on backflip"],"gold_per_floor":[116,136,136,147,147,147,172,188,188,188,41,66,101,115,115,220,220,238,238,256,355,183,213,213,228,277,202,202,40,51,84,84,184,184,200,200,28,43,58,70,70,87,87,87,87,104,151,180,180,180],"floor_reached":51,"playtime":3531,"items_purged":["Defend_P","Defend_P"],"score":1265,"play_id":"d8dbcc47-5412-482c-894e-d49c54f39bb1","local_time":"20210101170343","is_ascension_mode":true,"campfire_choices":[{"data":"Eruption","floor":6,"key":"SMITH"},{"data":"BowlingBash","floor":10,"key":"SMITH"},{"data":"CrushJoints","floor":15,"key":"SMITH"},{"data":"TalkToTheHand","floor":24,"key":"SMITH"},{"data":"Omniscience","floor":28,"key":"SMITH"},{"data":"Blasphemy","floor":32,"key":"SMITH"},{"data":"Secret Weapon","floor":41,"key":"SMITH"},{"data":"Strike_P","floor":44,"key":"PURGE"},{"data":"Strike_P","floor":49,"key":"PURGE"}],"circlet_count":0,"master_deck":["AscendersBane","Strike_P+1","Strike_P+1","Eruption+1","Vigilance+1","FlurryOfBlows+1","EmptyFist+1","BowlingBash+1","FlurryOfBlows+1","ThirdEye+1","Omniscience+1","CrushJoints+1","Scrawl+1","LessonLearned","Tantrum+1","Omniscience+1","TalkToTheHand+1","Wallop","Wallop+1","Blasphemy+1","FearNoEvil","Sanctity","Vault+1","Secret Weapon+1","Master of Strategy+1","Omniscience"],"relics":["HolyWater","NeowsBlessing","Bronze Scales","Pear","Blood Vial","StoneCalendar","War Paint","Bag of Marbles","PreservedInsect","SlaversCollar","Peace Pipe","Du-Vu Doll","Calipers"],"acts_visited":["Exordium","TheCity","TheBeyond"],"potions_floor_usage":[13,25,31,31],"damage_taken":[{"damage":0,"enemies":"Jaw Worm","floor":1,"turns":1},{"damage":0,"enemies":"Cultist","floor":2,"turns":2},{"damage":0,"enemies":"Small Slimes","floor":4,"turns":1},{"damage":10,"enemies":"3 Sentries","floor":7,"turns":3},{"damage":0,"enemies":"3 Louse","floor":8,"turns":2},{"damage":28,"enemies":"Lagavulin","floor":13,"turns":3},{"damage":0,"enemies":"Exordium Wildlife","floor":14,"turns":3},{"damage":0,"enemies":"Slime Boss","floor":16,"turns":4},{"damage":0,"enemies":"Chosen","floor":18,"turns":3},{"damage":0,"enemies":"3 Byrds","floor":20,"turns":3},{"damage":5,"enemies":"Gremlin Leader","floor":23,"turns":3},{"damage":0,"enemies":"Centurion and Healer","floor":25,"turns":2},{"damage":0,"enemies":"Chosen and Byrds","floor":30,"turns":1},{"damage":26,"enemies":"Slavers","floor":31,"turns":4},{"damage":0,"enemies":"Champ","floor":33,"turns":4},{"damage":16,"enemies":"3 Darklings","floor":35,"turns":3},{"damage":3,"enemies":"3 Shapes","floor":38,"turns":4},{"damage":0,"enemies":"Transient","floor":39,"turns":5},{"damage":0,"enemies":"3 Darklings","floor":40,"turns":3},{"damage":0,"enemies":"Spire Growth","floor":42,"turns":3},{"damage":0,"enemies":"Transient","floor":46,"turns":6},{"damage":0,"enemies":"2 Orb Walkers","floor":47,"turns":1},{"damage":0,"enemies":"Reptomancer","floor":48,"turns":2},{"damage":22,"enemies":"Awakened One","floor":50,"turns":8}],"seed_played":"-1796652171445194122","potions_obtained":[{"floor":1,"key":"StancePotion"},{"floor":7,"key":"Ancient Potion"},{"floor":14,"key":"DistilledChaos"},{"floor":25,"key":"Block Potion"},{"floor":30,"key":"Fire Potion"},{"floor":40,"key":"StancePotion"},{"floor":42,"key":"Fire Potion"}],"is_trial":false,"path_per_floor":["M","M","?","M","?","R","E","M","T","R","$","T","E","M","R","B",null,"M","?","M","?","$","E","R","M","T","?","R","$","M","E","R","B",null,"M","?","$","M","M","M","R","M","T","R","?","M","?","E","R","B",null],"character_chosen":"WATCHER","items_purchased":["Omniscience","TalkToTheHand","Blasphemy","Master of Strategy"],"campfire_rested":0,"item_purchase_floors":[11,22,29,37],"current_hp_per_floor":[65,65,65,65,65,65,55,55,65,65,65,65,39,41,41,43,72,74,74,76,76,76,73,73,75,75,75,75,75,77,53,53,55,75,61,51,51,50,52,54,54,56,56,56,56,58,60,62,62,42],"gold":180,"neow_bonus":"THREE_ENEMY_KILL","is_daily":false,"chose_seed":false,"campfire_upgraded":7,"win_rate":0.0,"timestamp":1609513423,"path_taken":["M","M","?","?","?","R","E","M","T","R","$","?","E","M","R","BOSS","M","?","?","?","$","E","R","M","T","?","R","?","M","E","R","BOSS","M","?","$","M","M","M","R","M","T","R","?","?","?","E","R","BOSS"],"items_purchased_type":["Card","Card","Card","Card"],"build_version":"2020-12-22","purchased_purges":2,"victory":true,"max_hp_per_floor":[72,72,72,72,72,72,72,72,82,82,82,82,82,82,82,82,82,82,82,82,82,82,82,82,82,82,82,82,82,82,82,82,82,82,82,82,82,82,82,82,82,82,82,82,82,82,82,82,82,82],"card_choices":[{"not_picked":["WreathOfFlame","ClearTheMind"],"picked":"FlurryOfBlows","floor":1},{"not_picked":["Evaluate","WaveOfTheHand"],"picked":"EmptyFist","floor":2},{"not_picked":["FlurryOfBlows","FlyingSleeves"],"picked":"BowlingBash","floor":4},{"not_picked":["ClearTheMind","Swivel"],"picked":"FlurryOfBlows","floor":7},{"not_picked":["Evaluate","EmptyFist"],"picked":"ThirdEye","floor":8},{"not_picked":["PathToVictory","SashWhip"],"picked":"CrushJoints","floor":13},{"not_picked":["ClearTheMind","EmptyFist"],"picked":"Scrawl","floor":14},{"not_picked":["Vault","Judgement"],"picked":"LessonLearned","floor":16},{"not_picked":["JustLucky","Perseverance"],"picked":"Tantrum","floor":18},{"not_picked":["Protect","LikeWater","WindmillStrike"],"picked":"SKIP","floor":20},{"not_picked":["Brilliance","ClearTheMind+1"],"picked":"Wallop","floor":23},{"not_picked":["ThirdEye","LikeWater"],"picked":"Wallop+1","floor":25},{"not_picked":["Wireheading","DeceiveReality"],"picked":"FearNoEvil","floor":30},{"not_picked":["Prostrate","CarveReality"],"picked":"Sanctity","floor":31},{"not_picked":["MasterReality","Establishment"],"picked":"Vault","floor":33},{"not_picked":["ThirdEye","Protect","Pray+1"],"picked":"SKIP","floor":35},{"not_picked":["Apotheosis","Enlightenment"],"picked":"Secret Weapon","floor":36},{"not_picked":["Worship+1","Evaluate","SashWhip"],"picked":"SKIP","floor":38},{"not_picked":["Prostrate+1","FollowUp","Evaluate+1"],"picked":"SKIP","floor":39},{"not_picked":["WreathOfFlame+1","FlyingSleeves","InnerPeace"],"picked":"SKIP","floor":40},{"not_picked":["WreathOfFlame+1","FlyingSleeves","InnerPeace"],"picked":"SKIP","floor":40},{"not_picked":["Nirvana+1","JustLucky"],"picked":"Omniscience","floor":42},{"not_picked":["SashWhip+1","CutThroughFate","MentalFortress"],"picked":"SKIP","floor":46},{"not_picked":["Brilliance","Halt+1","Alpha"],"picked":"SKIP","floor":48}],"player_experience":327673,"relics_obtained":[{"floor":7,"key":"Bronze Scales"},{"floor":9,"key":"Pear"},{"floor":12,"key":"Blood Vial"},{"floor":13,"key":"StoneCalendar"},{"floor":23,"key":"War Paint"},{"floor":26,"key":"Bag of Marbles"},{"floor":31,"key":"PreservedInsect"},{"floor":43,"key":"Peace Pipe"},{"floor":47,"key":"Du-Vu Doll"},{"floor":48,"key":"Calipers"}],"event_choices":[{"damage_healed":0,"gold_gain":0,"player_choice":"Upgraded","damage_taken":0,"max_hp_gain":0,"max_hp_loss":0,"event_name":"Upgrade Shrine","floor":3,"gold_loss":0,"cards_upgraded":["EmptyFist"]},{"cards_removed":["Defend_P"],"damage_healed":0,"gold_gain":0,"player_choice":"Offered Basic","damage_taken":0,"max_hp_gain":0,"max_hp_loss":0,"event_name":"Bonfire Elementals","floor":5,"gold_loss":0},{"damage_healed":0,"gold_gain":0,"player_choice":"Copied","damage_taken":0,"max_hp_gain":0,"max_hp_loss":0,"event_name":"Duplicator","floor":19,"gold_loss":0,"cards_obtained":["Omniscience"]},{"damage_healed":0,"gold_gain":99,"player_choice":"Stole From Cult","damage_taken":0,"max_hp_gain":0,"max_hp_loss":0,"event_name":"Nest","floor":21,"gold_loss":0},{"cards_removed":["Defend_P"],"damage_healed":0,"gold_gain":0,"player_choice":"Gave Gold","damage_taken":0,"max_hp_gain":0,"max_hp_loss":0,"event_name":"Beggar","floor":27,"gold_loss":75},{"damage_healed":0,"gold_gain":0,"player_choice":"Memory 3","damage_taken":10,"max_hp_gain":0,"max_hp_loss":0,"event_name":"SensoryStone","floor":36,"gold_loss":0},{"damage_healed":0,"gold_gain":0,"player_choice":"Ignored","damage_taken":0,"max_hp_gain":0,"max_hp_loss":0,"event_name":"SecretPortal","floor":45,"gold_loss":0},{"damage_healed":0,"gold_gain":0,"player_choice":"Fight","damage_taken":0,"max_hp_gain":0,"max_hp_loss":0,"event_name":"Mysterious Sphere","floor":47,"gold_loss":0}],"is_beta":false,"boss_relics":[{"not_picked":["Busted Crown","Fusion Hammer"],"picked":"HolyWater"},{"not_picked":["Runic Pyramid","Astrolabe"],"picked":"SlaversCollar"}],"items_purged_floors":[11,22],"is_endless":false,"potions_floor_spawned":[1,7,14,16,20,25,30,40,42,46],"ascension_level":11}}