{"host":"ko4b5atusvmax52d","time":1609501231,"event":{"mods":["AchievementEnabler","Act Like it!","Aspiration","BaseMod","Better Third Choice","BetterRewards","Friendly Minions","Hermit","Hubris","Infinite Spire","Koishi","Marisa????????","Minty Spire (QoL Compilation)","Rare Cards Sparkle","Replay The Spire","Shade Mod","Spicy Shops","StSLib","SuperFastMode","The Animator","The Bug Knight","The Wild Card","Wandering Minibosses","vexMod"],"gold_per_floor":[130,130,215,229,229,229,247,262,262,306,319,319,345,362,362,463,463,489,414,414,414,54,95,120,146,146,169,191,214,214,231,331,446,446,463,483,483,506,81,108,142,142,142,142,175,175,191,215,215,223,223,223,422,500,555,631,631,188,269,365,365,365,383,383],"floor_reached":63,"playtime":5234,"items_purged":["animator:Strike","animator:Defend","animator:Strike"],"score":986,"play_id":"90616c75-d012-410d-b9dc-36bdc55ee835","local_time":"20210101124031","is_ascension_mode":false,"campfire_choices":[{"data":"ReplayTheSpireMod:Black Plague","floor":6,"key":"SMITH"},{"data":"animator:Sloth","floor":15,"key":"SMITH"},{"floor":44,"key":"RECALL"},{"data":"animator:HououinKyouma","floor":46,"key":"SMITH"},{"data":"animator:Saitama","floor":49,"key":"SMITH"},{"data":"animator:Ainz","floor":52,"key":"SMITH"},{"floor":62,"key":"REST"}],"circlet_count":0,"master_deck":["animator:Defend_FullmetalAlchemist+1","animator:ElricEdward+1","animator:ElricAlphonse+1","animator:MaesHughes","animator:DolaRiku","animator:Shuna","Malaise+1","Noxious Fumes","animator:PandorasActor","animator:MaesHughes","animator:Wiz","animator:Kazuma","animator:Sloth","animator:Saitama","animator:Chris+1","animator:ChlammyZell","animator:Tet","animator:ChlammyZell","animator:Ainz","animator:Sloth","animator:ElricEdward","animator:Geryuganshoop+1","animator:Wiz","animator:Geryuganshoop+1","animator:NononJakuzure","animator:Zero","animator:MisaKurobane","animator:Kazuma+1","animator:HououinKyouma","Malaise","Noxious Fumes","animator:DolaStephanie+1","animator:Shuna+1","animator:RoyMustang+1","animator:Geryuganshoop+1","animator:Saitama","animator:WinryRockbell","Amnesia"],"relics":["animator:TheWolleyCore","animator:AncientMedallion","ReplayTheSpireMod:Ring of Addiction"],"acts_visited":["Exordium","TheCity","TheBeyond","TheEnding","EYB:TheUnnamedReign"],"potions_floor_usage":[13,14,33,40,50,50,50,60,60,60,63],"damage_taken":[{"damage":0,"enemies":"Small Slimes","floor":1,"turns":1},{"damage":0,"enemies":"2 Louse","floor":4,"turns":1},{"damage":0,"enemies":"Jaw Worm","floor":7,"turns":1},{"damage":1,"enemies":"Exordium Wildlife","floor":8,"turns":4},{"damage":6,"enemies":"Lagavulin","floor":10,"turns":5},{"damage":7,"enemies":"2 Fungi Beasts","floor":11,"turns":3},{"damage":0,"enemies":"3 Sentries","floor":13,"turns":8},{"damage":0,"enemies":"Large Slime","floor":14,"turns":5},{"damage":6,"enemies":"Slime Boss","floor":16,"turns":11},{"damage":2,"enemies":"Shell Parasite","floor":18,"turns":4},{"damage":0,"enemies":"Book of Stabbing","floor":23,"turns":6},{"damage":2,"enemies":"3 Byrds","floor":24,"turns":5},{"damage":4,"enemies":"Cultist and Chosen","floor":25,"turns":4},{"damage":0,"enemies":"Snake Plant","floor":27,"turns":3},{"damage":0,"enemies":"3 Cultists","floor":28,"turns":6},{"damage":1,"enemies":"Shelled Parasite and Fungi","floor":29,"turns":4},{"damage":2,"enemies":"Snake Plant","floor":31,"turns":3},{"damage":30,"enemies":"Collector","floor":33,"turns":9},{"damage":24,"enemies":"3 Shapes","floor":35,"turns":6},{"damage":0,"enemies":"Orb Walker","floor":36,"turns":2},{"damage":0,"enemies":"Spire Growth","floor":38,"turns":5},{"damage":0,"enemies":"Transient","floor":40,"turns":5},{"damage":0,"enemies":"R_Hoarder","floor":41,"turns":7},{"damage":0,"enemies":"HollowMod:StalkingDevout","floor":45,"turns":4},{"damage":0,"enemies":"Maw","floor":47,"turns":4},{"damage":0,"enemies":"Sphere and 2 Shapes","floor":48,"turns":3},{"damage":54,"enemies":"Time Eater","floor":50,"turns":10},{"damage":28,"enemies":"animator:TRIPLE_SHAPES_WEAK","floor":54,"turns":8},{"damage":12,"enemies":"animator:UNNAMED_HAT","floor":55,"turns":9},{"damage":64,"enemies":"animator:TRIPLE_LAGAVULIN","floor":59,"turns":6},{"damage":13,"enemies":"animator:UNNAMED_CULTIST_2","floor":60,"turns":10},{"damage":46,"enemies":"animator:ULTIMATE_CUBE","floor":63,"turns":8}],"seed_played":"7276562425935841075","potions_obtained":[{"floor":7,"key":"Energy Potion"},{"floor":8,"key":"Block Potion"},{"floor":14,"key":"Explosive Potion"},{"floor":16,"key":"SmokeBomb"},{"floor":18,"key":"SmokeBomb"},{"floor":25,"key":"Adrenaline Potion"},{"floor":33,"key":"LiquidMemories"},{"floor":40,"key":"Explosive Potion"},{"floor":48,"key":"Adrenaline Potion"},{"floor":54,"key":"animator:FalseLifePotion"},{"floor":55,"key":"animator:FalseLifePotion"},{"floor":59,"key":"animator:FalseLifePotion"},{"floor":60,"key":"animator:FalseLifePotion"},{"floor":61,"key":"animator:FalseLifePotion"},{"floor":61,"key":"animator:FalseLifePotion"},{"floor":61,"key":"animator:FalseLifePotion"}],"is_trial":false,"path_per_floor":["M","?","?","M","?","R","M","M","T","E","M","T","E","M","R","B",null,"M","?","?","?","$","E","M","M","T","M","M","M","?","M","R","B",null,"M","M","?","M","$","M","E","?","T","R","E","R","M","M","R","B",null,"R","??","M","M","T","?","$","M","M","?","R","E"],"character_chosen":"THE_ANIMATOR","items_purchased":["BargainBundle","DataDisk","Adrenaline Potion","BlessingOfTheForge","animator:Tet","animator:ChlammyZell","animator:HououinKyouma","Lee\u0027s Waffle","animator:Saitama","animator:AncientMedallion"],"campfire_rested":1,"item_purchase_floors":[22,22,22,22,22,22,39,39,58,58],"current_hp_per_floor":[66,66,50,50,35,35,35,34,34,28,21,21,22,23,23,17,68,66,66,66,66,66,66,64,60,60,60,60,59,59,57,57,39,68,44,44,34,46,75,75,75,75,75,75,75,75,75,75,75,33,75,75,98,70,58,58,68,68,13,8,8,37,0,0],"gold":383,"neow_bonus":"THREE_ENEMY_KILL","is_daily":false,"chose_seed":false,"campfire_upgraded":5,"win_rate":0.0,"timestamp":1609501231,"path_taken":["M","?","?","M","?","R","?","M","T","E","M","?","E","M","R","BOSS","M","?","?","?","$","E","M","M","T","?","M","M","?","M","R","BOSS","M","M","?","M","$","M","E","?","T","R","E","R","M","M","R","BOSS","R","??","M","M","T","?","$","M","M","?","R","E"],"items_purchased_type":["Relic","Relic","Potion","Potion","Card","Card","Card","Relic","Card","Relic"],"build_version":"2020-12-22","purchased_purges":3,"victory":false,"max_hp_per_floor":[66,66,66,66,66,66,66,66,66,66,66,66,67,68,68,68,68,68,68,68,68,68,68,68,68,68,68,68,68,68,68,68,68,68,68,68,68,68,75,75,75,75,75,75,75,75,75,75,75,75,75,75,98,98,98,98,98,98,99,99,99,99,99,99],"card_choices":[{"not_picked":["animator:ZankiKiguchi","animator:Melzalgald"],"picked":"animator:MaesHughes","floor":1},{"not_picked":["animator:Kuribayashi","animator:Millim"],"picked":"animator:DolaRiku","floor":3},{"not_picked":["animator:YaoHaDucy","animator:Cocytus"],"picked":"animator:Shuna","floor":3},{"not_picked":["animator:MumenRider","animator:LeleiLaLalena","animator:FielNirvalen"],"picked":"SKIP","floor":4},{"not_picked":["infinitespire:Fortify","ReplayTheSpireMod:Chaos Vortex"],"picked":"ReplayTheSpireMod:Black Plague","floor":5},{"not_picked":["animator:OrikoMikuni","animator:Cocytus"],"picked":"animator:PandorasActor","floor":7},{"not_picked":["animator:Sloth","animator:Gluttony"],"picked":"animator:MaesHughes","floor":8},{"not_picked":["animator:DolaRiku","animator:Geryuganshoop"],"picked":"animator:Wiz","floor":10},{"not_picked":["animator:Genos","animator:ChlammyZell","animator:Millim"],"picked":"SKIP","floor":11},{"not_picked":["animator:SilverFang","animator:NarberalGamma"],"picked":"animator:Kazuma","floor":13},{"not_picked":["animator:Envy","animator:ElricAlphonse"],"picked":"animator:Sloth","floor":14},{"not_picked":["animator:Rimuru","animator:ItamiYouji"],"picked":"animator:Saitama","floor":16},{"not_picked":["animator:Megumin","animator:Kaijin"],"picked":"animator:Chris","floor":18},{"not_picked":["animator:Melzalgald+1","animator:YachiyoNanami"],"picked":"animator:Ainz","floor":23},{"not_picked":["animator:Tatsumaki","animator:SilverFang","animator:SuzuneAmano+1"],"picked":"SKIP","floor":24},{"not_picked":["animator:Envy","animator:Gluttony"],"picked":"animator:Sloth","floor":25},{"not_picked":["animator:MetalKnight+1","animator:Jibril"],"picked":"animator:ElricEdward+1","floor":27},{"not_picked":["animator:SilverFang+1","animator:Hakurou","animator:ElricAlphonse"],"picked":"SKIP","floor":28},{"not_picked":["animator:NarberalGamma","animator:DolaCouronne"],"picked":"animator:Geryuganshoop","floor":29},{"not_picked":["animator:Father","animator:Shiro"],"picked":"animator:Wiz","floor":33},{"not_picked":["animator:Shuna","animator:YaoHaDucy","animator:Megumin"],"picked":"SKIP","floor":35},{"not_picked":["animator:Chris+1","animator:ElricEdward+1"],"picked":"animator:Geryuganshoop+1","floor":36},{"not_picked":["animator:TanyaDegurechaff","animator:Patchouli"],"picked":"animator:NononJakuzure","floor":37},{"not_picked":["animator:Hibiki","animator:KotoriKanbe"],"picked":"animator:Zero","floor":37},{"not_picked":["animator:IchigoKurosaki","animator:Magilou"],"picked":"animator:MisaKurobane","floor":37},{"not_picked":["animator:SayakaMiki","animator:Melzalgald+1"],"picked":"animator:Kazuma","floor":38},{"not_picked":["animator:Vesta+1","animator:Kazuma","animator:TsurugaMeisai"],"picked":"SKIP","floor":41},{"not_picked":["animator:MadokaKaname","animator:IzunaHatsuse","animator:Entoma"],"picked":"SKIP","floor":45},{"not_picked":["animator:YaoHaDucy+1","animator:Shalltear+1","animator:Vanir"],"picked":"SKIP","floor":47},{"not_picked":["animator:Sloth","animator:OrikoMikuni"],"picked":"animator:RoyMustang+1","floor":54},{"not_picked":["animator:PandorasActor+1","animator:DolaRiku"],"picked":"animator:Geryuganshoop+1","floor":55},{"not_picked":["animator:Entoma","animator:IrohaTamaki"],"picked":"animator:WinryRockbell","floor":59},{"not_picked":["animator:ElricAlphonse","animator:FielNirvalen","animator:DolaCouronne"],"picked":"SKIP","floor":60}],"player_experience":249056,"relics_obtained":[{"floor":10,"key":"Replay:Rubber Ducky"},{"floor":12,"key":"vexMod:ScavengeHelm"},{"floor":13,"key":"Whetstone"},{"floor":23,"key":"Blue Candle"},{"floor":26,"key":"animator:OldCoffin"},{"floor":30,"key":"Meat on the Bone"},{"floor":41,"key":"Bag of Preparation"},{"floor":43,"key":"infinitespire:WardingShard"},{"floor":45,"key":"Sundial"},{"floor":53,"key":"animator:TheWolleyCore"},{"floor":56,"key":"animator:AncientMedallion"},{"floor":61,"key":"ReplayTheSpireMod:Ring of Addiction"},{"floor":61,"key":"Toy Ornithopter"},{"floor":61,"key":"White Beast Statue"},{"floor":61,"key":"Ring of Hypnosis"}],"event_choices":[{"cards_removed":["animator:Defend"],"damage_healed":0,"gold_gain":0,"player_choice":"Gave Gold","damage_taken":0,"max_hp_gain":0,"max_hp_loss":0,"event_name":"Beggar","floor":19,"gold_loss":75},{"damage_healed":0,"gold_gain":0,"player_choice":"Read","damage_taken":0,"max_hp_gain":0,"max_hp_loss":0,"event_name":"The Library","floor":20,"gold_loss":0,"cards_obtained":["animator:ChlammyZell"]},{"damage_healed":0,"gold_gain":0,"player_choice":"Bought 0 Potions","damage_taken":0,"max_hp_gain":0,"max_hp_loss":0,"event_name":"The Woman in Blue","floor":21,"gold_loss":0},{"damage_healed":0,"gold_gain":0,"player_choice":"Relic","damage_taken":0,"max_hp_gain":0,"max_hp_loss":0,"event_name":"Wheel of Change","floor":30,"gold_loss":0},{"damage_healed":0,"gold_gain":100,"player_choice":"Pray","damage_taken":0,"max_hp_gain":0,"max_hp_loss":0,"event_name":"Golden Shrine","floor":32,"gold_loss":0},{"damage_healed":0,"gold_gain":0,"player_choice":"Memory 3","damage_taken":10,"max_hp_gain":0,"max_hp_loss":0,"event_name":"SensoryStone","floor":37,"gold_loss":0},{"damage_healed":0,"gold_gain":0,"player_choice":"Copied","damage_taken":0,"max_hp_gain":0,"max_hp_loss":0,"event_name":"Duplicator","floor":42,"gold_loss":0,"cards_obtained":["ReplayTheSpireMod:Black Plague"]}],"is_beta":false,"boss_relics":[{"not_picked":["Astrolabe","aspiration:IroncladSkillbook"],"picked":"Mark of Pain"},{"not_picked":["Cursed Key","vexMod:BigBerry"],"picked":"vexMod:MysteryBossChallenge"}],"items_purged_floors":[22,39,58],"is_endless":false,"potions_floor_spawned":[7,8,14,16,18,25,28,33,38,40,41,48,54,60],"killed_by":"animator:ULTIMATE_CUBE","ascension_level":0}}