{"host":"3qkmyeoym75lj4wn","time":1609509449,"event":{"mods":["2.2 Compatiblity","BaseMod","Block Reminder","Colored Powertips","Highlight Path","Minty Spire (QoL Compilation)","Permanent Neow","Potion Indicator Mod","Rare Cards Sparkle","Relic Stats","StSLib"],"gold_per_floor":[16,16,16,16,31,31,46,63,89,117,117,152,117,129,129,129,129],"floor_reached":16,"playtime":671,"items_purged":[],"score":220,"play_id":"f1d0ff47-d136-40fa-9fe9-1e3ca2c9be1a","local_time":"20210101135729","is_ascension_mode":true,"campfire_choices":[{"data":"Choke","floor":6,"key":"SMITH"},{"data":"Blade Dance","floor":15,"key":"SMITH"}],"circlet_count":0,"master_deck":["AscendersBane","Strike_G","Strike_G","Strike_G","Strike_G","Strike_G","Defend_G","Defend_G","Defend_G+1","Defend_G","Defend_G","Survivor+1","Neutralize","Blade Dance+1","Choke+1","Slice","Predator+1","Blade Dance+1"],"relics":["Ring of the Snake","FossilizedHelix","Juzu Bracelet","Boot","War Paint"],"acts_visited":["Exordium"],"potions_floor_usage":[10,16,16],"damage_taken":[{"damage":0,"enemies":"Small Slimes","floor":1,"turns":5},{"damage":0,"enemies":"2 Louse","floor":5,"turns":2},{"damage":0,"enemies":"Jaw Worm","floor":7,"turns":2},{"damage":0,"enemies":"Exordium Thugs","floor":8,"turns":4},{"damage":25,"enemies":"3 Sentries","floor":10,"turns":11},{"damage":10,"enemies":"Lagavulin","floor":12,"turns":5},{"damage":0,"enemies":"2 Fungi Beasts","floor":14,"turns":2},{"damage":44,"enemies":"Hexaghost","floor":16,"turns":7}],"seed_played":"-344991428447775705","potions_obtained":[{"floor":5,"key":"Block Potion"},{"floor":10,"key":"Explosive Potion"},{"floor":12,"key":"SmokeBomb"},{"floor":14,"key":"DistilledChaos"}],"is_trial":false,"path_per_floor":["M","?","?","$","M","R","M","M","T","E","?","E","?","M","R","B"],"character_chosen":"THE_SILENT","items_purchased":[],"campfire_rested":0,"item_purchase_floors":[],"current_hp_per_floor":[59,59,59,59,59,59,59,59,59,34,34,24,40,40,40,0,0],"gold":129,"neow_bonus":"ONE_RARE_RELIC","is_daily":false,"chose_seed":false,"campfire_upgraded":2,"win_rate":0.0,"timestamp":1609509449,"path_taken":["M","?","?","?","M","R","M","?","T","E","?","E","?","M","R","BOSS"],"items_purchased_type":[],"build_version":"2020-12-22","purchased_purges":0,"victory":false,"max_hp_per_floor":[66,66,66,66,66,66,66,66,66,66,66,66,66,66,66,66,66],"relic_stats":{"counters":[8,38],"Juzu Bracelet":1,"War Paint":["Survivor","Defend_G"],"Boot":[41],"obtain_stats":[{"Juzu Bracelet":9,"War Paint":12,"Boot":10,"FossilizedHelix":0,"Ring of the Snake":0},{"Juzu Bracelet":4,"War Paint":6,"Boot":5,"FossilizedHelix":0,"Ring of the Snake":0},{"Juzu Bracelet":13,"War Paint":29,"Boot":24,"FossilizedHelix":0,"Ring of the Snake":0}],"Ring of the Snake":[16]},"card_choices":[{"not_picked":["Deflect","Finisher"],"picked":"Blade Dance","floor":1},{"not_picked":["Leg Sweep","Deflect"],"picked":"Choke","floor":5},{"not_picked":["Concentrate","Bane"],"picked":"Slice","floor":7},{"not_picked":["Quick Slash","Deadly Poison","Backflip"],"picked":"SKIP","floor":8},{"not_picked":["Setup","Dagger Throw"],"picked":"Predator","floor":10},{"not_picked":["Outmaneuver","Prepared"],"picked":"Blade Dance","floor":12},{"not_picked":["Outmaneuver","Night Terror","Acrobatics"],"picked":"SKIP","floor":14}],"player_experience":1634054,"relics_obtained":[{"floor":9,"key":"Juzu Bracelet"},{"floor":10,"key":"Boot"},{"floor":12,"key":"War Paint"}],"event_choices":[{"damage_healed":0,"gold_gain":0,"player_choice":"Grow","damage_taken":0,"max_hp_gain":0,"max_hp_loss":0,"event_name":"Living Wall","floor":2,"gold_loss":0,"cards_upgraded":["Blade Dance"]},{"damage_healed":0,"gold_gain":0,"player_choice":"Ignored","damage_taken":0,"max_hp_gain":0,"max_hp_loss":0,"event_name":"Liars Game","floor":3,"gold_loss":0},{"damage_healed":0,"gold_gain":0,"player_choice":"Upgraded","damage_taken":0,"max_hp_gain":0,"max_hp_loss":0,"event_name":"Upgrade Shrine","floor":11,"gold_loss":0,"cards_upgraded":["Predator"]},{"damage_healed":16,"gold_gain":0,"player_choice":"Healed","damage_taken":0,"max_hp_gain":0,"max_hp_loss":0,"event_name":"The Cleric","floor":13,"gold_loss":35}],"is_beta":false,"boss_relics":[],"items_purged_floors":[],"is_endless":false,"potions_floor_spawned":[5,10,12,14],"killed_by":"Hexaghost","ascension_level":20}}