{"host":"rolltorest","time":1609541908,"event":{"mods":["BaseMod","Minty Spire (QoL Compilation)","Relic Stats","Robot Space Explorer","Slay the Relics Exporter","StSLib"],"gold_per_floor":[119,132,132,14,189,189,215,215,240,240,272,237,237,253,253,253,253],"floor_reached":16,"playtime":657,"items_purged":[],"score":122,"play_id":"2c245e1d-7507-4909-ba50-e35d4e0cfa25","local_time":"20210101145828","is_ascension_mode":true,"campfire_choices":[{"data":"RobotSpaceExplorer:ShockKick","floor":6,"key":"SMITH"},{"data":"Doubt","floor":10,"key":"PURGE"},{"data":"RobotSpaceExplorer:PlasmaMissile","floor":13,"key":"SMITH"},{"data":"RobotSpaceExplorer:PlasmaMissile","floor":15,"key":"SMITH"}],"circlet_count":0,"master_deck":["RobotSpaceExplorer:Strike","RobotSpaceExplorer:Strike","RobotSpaceExplorer:Strike","RobotSpaceExplorer:Strike","RobotSpaceExplorer:Defend","RobotSpaceExplorer:Defend","RobotSpaceExplorer:Defend","RobotSpaceExplorer:Defend","RobotSpaceExplorer:Scan","RobotSpaceExplorer:MiniLasers","RobotSpaceExplorer:ShockKick+1","RobotSpaceExplorer:PlasmaMissile+1","RobotSpaceExplorer:PlasmaMissile+1","RobotSpaceExplorer:ShovelStrike","RobotSpaceExplorer:MetalStrike","RobotSpaceExplorer:SlimeMissile"],"relics":["SacredBark","Bag of Preparation","Peace Pipe","RobotSpaceExplorer:ClockworkSextant","Art of War","Tiny Chest"],"acts_visited":["Exordium"],"potions_floor_usage":[11,16],"damage_taken":[{"damage":2,"enemies":"Jaw Worm","floor":1,"turns":6},{"damage":0,"enemies":"Cultist","floor":2,"turns":5},{"damage":43,"enemies":"3 Sentries","floor":7,"turns":8},{"damage":13,"enemies":"Gremlin Nob","floor":11,"turns":3},{"damage":0,"enemies":"2 Louse","floor":14,"turns":2},{"damage":32,"enemies":"The Guardian","floor":16,"turns":13}],"seed_played":"-7594396976786658196","potions_obtained":[{"floor":2,"key":"GamblersBrew"},{"floor":7,"key":"Explosive Potion"}],"is_trial":false,"path_per_floor":["M","M","?","$","?","R","E","?","T","R","E","?","R","M","R","B"],"character_chosen":"RobotSpaceExplorer","items_purchased":["RobotSpaceExplorer:PlasmaMissile","Strength Potion"],"campfire_rested":0,"item_purchase_floors":[4,4],"current_hp_per_floor":[73,73,73,73,73,73,30,30,30,30,17,35,35,35,35,3,3],"gold":253,"neow_bonus":"BOSS_RELIC","is_daily":false,"chose_seed":false,"campfire_upgraded":3,"win_rate":0.0,"timestamp":1609541908,"path_taken":["M","M","?","?","?","R","E","?","T","R","E","?","R","?","R","BOSS"],"items_purchased_type":["Card","Potion"],"build_version":"2020-12-18","purchased_purges":0,"victory":false,"max_hp_per_floor":[75,75,75,75,75,75,75,75,75,75,75,75,75,75,75,75,75],"relic_stats":{"Peace Pipe":1,"counters":[6,37],"Tiny Chest":0,"Bag of Preparation":[6],"Art of War":[3],"obtain_stats":[{"Peace Pipe":7,"RobotSpaceExplorer:ClockworkSextant":8,"SacredBark":0,"RobotSpaceExplorer:RoboCore":0,"Tiny Chest":11,"Bag of Preparation":7,"Art of War":9},{"Peace Pipe":3,"RobotSpaceExplorer:ClockworkSextant":3,"SacredBark":0,"RobotSpaceExplorer:RoboCore":0,"Tiny Chest":4,"Bag of Preparation":3,"Art of War":3},{"Peace Pipe":19,"RobotSpaceExplorer:ClockworkSextant":19,"SacredBark":0,"RobotSpaceExplorer:RoboCore":0,"Tiny Chest":22,"Bag of Preparation":19,"Art of War":19}]},"card_choices":[{"not_picked":["RobotSpaceExplorer:SwiftStep","RobotSpaceExplorer:Ammunition"],"picked":"RobotSpaceExplorer:ShockKick","floor":1},{"not_picked":["RobotSpaceExplorer:Blitz","RobotSpaceExplorer:SlimeMissile"],"picked":"RobotSpaceExplorer:PlasmaMissile","floor":2},{"not_picked":["RobotSpaceExplorer:JunkDive","RobotSpaceExplorer:ImprovisedAttack"],"picked":"RobotSpaceExplorer:ShovelStrike","floor":7},{"not_picked":["RobotSpaceExplorer:ScrapShield","RobotSpaceExplorer:IronShell"],"picked":"RobotSpaceExplorer:MetalStrike","floor":11},{"not_picked":["RobotSpaceExplorer:FranticSearch","RobotSpaceExplorer:Probe"],"picked":"RobotSpaceExplorer:SlimeMissile","floor":14}],"player_experience":1729073,"relics_obtained":[{"floor":7,"key":"Bag of Preparation"},{"floor":7,"key":"Peace Pipe"},{"floor":9,"key":"Art of War"},{"floor":11,"key":"Tiny Chest"}],"event_choices":[{"damage_healed":0,"gold_gain":0,"player_choice":"1 cards matched","damage_taken":0,"max_hp_gain":0,"max_hp_loss":0,"event_name":"Match and Keep!","floor":3,"gold_loss":0,"cards_obtained":["RobotSpaceExplorer:LuckyFind"]},{"damage_healed":0,"gold_gain":175,"player_choice":"AGREE","damage_taken":0,"max_hp_gain":0,"max_hp_loss":0,"event_name":"Liars Game","floor":5,"gold_loss":0,"cards_obtained":["Doubt"]},{"damage_healed":0,"gold_gain":0,"player_choice":"Searched \u00271\u0027 times","damage_taken":0,"relics_obtained":["RobotSpaceExplorer:ClockworkSextant"],"max_hp_gain":0,"max_hp_loss":0,"event_name":"Dead Adventurer","floor":8,"gold_loss":0},{"damage_healed":18,"gold_gain":0,"player_choice":"Healed","damage_taken":0,"max_hp_gain":0,"max_hp_loss":0,"event_name":"The Cleric","floor":12,"gold_loss":35}],"is_beta":true,"boss_relics":[],"items_purged_floors":[],"is_endless":false,"potions_floor_spawned":[2,7],"killed_by":"The Guardian","ascension_level":3}}