{"host":"m77rrhbqzv44va4v","time":1609530712,"event":{"mods":["AchievementEnabler","BaseMod","Colored Map","DeckTracker","Keyboard Shortcuts","Minty Spire (QoL Compilation)","StSLib","SuperFastMode","everything is the same but u backflip on backflip"],"gold_per_floor":[119,132,132,143,162,189,189,206,206,206,223,281,331,349,349,422,422,422,75,75,75,75,75],"floor_reached":22,"playtime":531,"items_purged":["Strike_R"],"score":371,"play_id":"c0fe874a-c114-47ea-a25c-475ae7c11da1","local_time":"20210102045152","is_ascension_mode":true,"campfire_choices":[{"data":"True Grit","floor":7,"key":"SMITH"},{"data":"Body Slam","floor":10,"key":"SMITH"},{"floor":15,"key":"REST"}],"circlet_count":0,"master_deck":["AscendersBane","Strike_R","Strike_R","Strike_R","Defend_R","Defend_R","Defend_R","Defend_R","Bash","Cleave","Pommel Strike+1","Second Wind","True Grit+1","Clothesline","Body Slam+1","Shrug It Off","Disarm","Feed","Evolve","Fire Breathing"],"relics":["Burning Blood","InkBottle","StrikeDummy","Boot","Ectoplasm","Singing Bowl"],"acts_visited":["Exordium","TheCity"],"potions_floor_usage":[6,8,12,16,22],"damage_taken":[{"damage":3,"enemies":"2 Louse","floor":1,"turns":3},{"damage":2,"enemies":"Cultist","floor":2,"turns":4},{"damage":9,"enemies":"Jaw Worm","floor":4,"turns":3},{"damage":9,"enemies":"3 Louse","floor":5,"turns":4},{"damage":33,"enemies":"Lagavulin","floor":6,"turns":5},{"damage":5,"enemies":"Gremlin Gang","floor":8,"turns":3},{"damage":2,"enemies":"2 Fungi Beasts","floor":11,"turns":3},{"damage":23,"enemies":"3 Sentries","floor":12,"turns":7},{"damage":8,"enemies":"Large Slime","floor":14,"turns":5},{"damage":28,"enemies":"The Guardian","floor":16,"turns":14},{"damage":19,"enemies":"Spheric Guardian","floor":18,"turns":4},{"damage":15,"enemies":"Chosen","floor":20,"turns":7},{"damage":41,"enemies":"Shelled Parasite and Fungi","floor":21,"turns":9},{"damage":18,"enemies":"Centurion and Healer","floor":22,"turns":1}],"seed_played":"-4714016079064133722","potions_obtained":[{"floor":2,"key":"Fire Potion"},{"floor":4,"key":"CultistPotion"},{"floor":6,"key":"FearPotion"},{"floor":14,"key":"Fire Potion"},{"floor":21,"key":"SteroidPotion"}],"is_trial":false,"path_per_floor":["M","M","?","M","M","E","R","M","T","R","M","?","?","M","R","B",null,"M","$","M","M","M"],"character_chosen":"IRONCLAD","items_purchased":["Singing Bowl"],"campfire_rested":1,"item_purchase_floors":[19],"current_hp_per_floor":[71,75,75,72,69,42,42,43,43,43,47,30,23,21,43,21,62,49,49,40,10,0,0],"gold":75,"neow_bonus":"TRANSFORM_CARD","is_daily":false,"chose_seed":false,"campfire_upgraded":2,"win_rate":0.0,"timestamp":1609530712,"path_taken":["M","M","?","?","M","E","R","M","T","R","M","?","?","?","R","BOSS","M","$","M","?","M"],"items_purchased_type":["Relic"],"build_version":"2020-12-22","purchased_purges":1,"victory":false,"max_hp_per_floor":[75,75,75,75,75,75,75,75,75,75,75,75,75,75,75,75,75,75,75,75,80,80,80],"card_choices":[{"not_picked":["Headbutt","Armaments"],"picked":"Pommel Strike","floor":1},{"not_picked":["Perfected Strike","Sever Soul"],"picked":"Second Wind","floor":2},{"not_picked":["Rage","Shockwave"],"picked":"True Grit","floor":4},{"not_picked":["Clothesline","Warcry","Whirlwind"],"picked":"SKIP","floor":5},{"not_picked":["Hemokinesis","Searing Blow"],"picked":"Clothesline","floor":6},{"not_picked":["Searing Blow","Burning Pact"],"picked":"Body Slam","floor":8},{"not_picked":["Whirlwind","Sever Soul"],"picked":"Shrug It Off","floor":11},{"not_picked":["Blood for Blood","Pommel Strike"],"picked":"Disarm","floor":12},{"not_picked":["Searing Blow","Thunderclap","Whirlwind"],"picked":"SKIP","floor":14},{"not_picked":["Impervious","Double Tap"],"picked":"Feed","floor":16},{"not_picked":["Rage","Armaments"],"picked":"Evolve","floor":18},{"not_picked":["Perfected Strike","Anger"],"picked":"Fire Breathing","floor":20},{"not_picked":["Iron Wave","Thunderclap","Reckless Charge"],"picked":"Singing Bowl","floor":21}],"player_experience":874145,"relics_obtained":[{"floor":6,"key":"InkBottle"},{"floor":9,"key":"StrikeDummy"},{"floor":12,"key":"Boot"}],"event_choices":[{"damage_healed":0,"gold_gain":0,"player_choice":"Upgraded","damage_taken":0,"max_hp_gain":0,"max_hp_loss":0,"event_name":"Upgrade Shrine","floor":3,"gold_loss":0,"cards_upgraded":["Pommel Strike"]},{"damage_healed":0,"gold_gain":0,"player_choice":"Searched \u00271\u0027 times","damage_taken":0,"max_hp_gain":0,"max_hp_loss":0,"event_name":"Dead Adventurer","floor":12,"gold_loss":0},{"damage_healed":0,"gold_gain":50,"player_choice":"Touch","damage_taken":7,"max_hp_gain":0,"max_hp_loss":0,"event_name":"FaceTrader","floor":13,"gold_loss":0}],"is_beta":false,"boss_relics":[{"not_picked":["Fusion Hammer","SlaversCollar"],"picked":"Ectoplasm"}],"items_purged_floors":[19],"is_endless":false,"potions_floor_spawned":[2,4,5,6,14,21],"killed_by":"Centurion and Healer","ascension_level":19}}