{"host":"jwbw4f4imxd0v0b0","time":1609463330,"event":{"mods":["BaseMod","Colored Map","Highlight Path","Minty Spire (QoL Compilation)","Relic Stats","StSLib"],"gold_per_floor":[119,129,140,151,151,183,198,198,198,256,256,267,267,299,299,370,370,343,356,356,356,373,373,402,420,443,443,443],"floor_reached":27,"playtime":1260,"items_purged":[],"score":540,"play_id":"eca526e7-fced-4d7e-bd58-92dc2deb21e2","local_time":"20201231190850","is_ascension_mode":true,"campfire_choices":[{"data":"Carnage","floor":8.0,"key":"SMITH"},{"data":"Carnage","floor":15.0,"key":"SMITH"},{"data":"Offering","floor":23.0,"key":"SMITH"}],"circlet_count":0,"master_deck":["AscendersBane","Strike_R","Strike_R","Strike_R","Strike_R","Strike_R","Defend_R","Defend_R","Defend_R","Defend_R","Bash","Cleave","Hemokinesis","Evolve","Power Through","Armaments","Carnage+1","Uppercut","Carnage+1","Offering+1","Decay","Metallicize"],"relics":["Burning Blood","Matryoshka","Pen Nib","The Courier","Thread and Needle","Strawberry","Snecko Eye","Omamori","PreservedInsect","Ancient Tea Set"],"acts_visited":["TheCity"],"potions_floor_usage":[27,27],"damage_taken":[{"damage":12.0,"enemies":"Jaw Worm","floor":1.0,"turns":4.0},{"damage":2.0,"enemies":"2 Louse","floor":2.0,"turns":3.0},{"damage":15.0,"enemies":"Small Slimes","floor":3.0,"turns":4.0},{"damage":12.0,"enemies":"3 Louse","floor":4.0,"turns":5.0},{"damage":26.0,"enemies":"Lagavulin","floor":6.0,"turns":6.0},{"damage":15.0,"enemies":"2 Fungi Beasts","floor":7.0,"turns":4.0},{"damage":10.0,"enemies":"Gremlin Nob","floor":10.0,"turns":3.0},{"damage":4.0,"enemies":"Looter","floor":12.0,"turns":3.0},{"damage":2.0,"enemies":"Gremlin Nob","floor":14.0,"turns":2.0},{"damage":39.0,"enemies":"The Guardian","floor":16.0,"turns":9.0},{"damage":15.0,"enemies":"2 Thieves","floor":18.0,"turns":4.0},{"damage":22.0,"enemies":"3 Byrds","floor":19.0,"turns":7.0},{"damage":0.0,"enemies":"Shelled Parasite and Fungi","floor":22.0,"turns":3.0},{"damage":25.0,"enemies":"Gremlin Leader","floor":24.0,"turns":4.0},{"damage":11,"enemies":"Chosen and Byrds","floor":25,"turns":5},{"damage":55,"enemies":"Book of Stabbing","floor":27,"turns":6}],"seed_played":"-249950551854545804","potions_obtained":[{"floor":1.0,"key":"LiquidMemories"},{"floor":3.0,"key":"SteroidPotion"},{"floor":10.0,"key":"SkillPotion"},{"floor":12.0,"key":"SpeedPotion"},{"floor":19.0,"key":"Weak Potion"}],"is_trial":false,"path_per_floor":["M","M","M","M","?","E","M","R","T","?","?","M","?","E","R","B",null,"M","M","?","?","M","R","E","M","T","E"],"character_chosen":"IRONCLAD","items_purchased":[],"campfire_rested":0,"item_purchase_floors":[],"current_hp_per_floor":[69,73,64,58,63,43,34,34,34,30,30,32,32,43,43,10,73,64,48,67,67,73,73,54,49,49,0,0],"gold":443,"neow_bonus":"TEN_PERCENT_HP_BONUS","is_daily":false,"chose_seed":false,"campfire_upgraded":3,"win_rate":0.0,"timestamp":1609463330,"path_taken":["M","M","M","M","?","E","M","R","T","?","?","M","?","E","R","BOSS","M","M","?","?","M","R","E","M","T","E"],"items_purchased_type":[],"build_version":"2020-12-22","purchased_purges":0,"victory":false,"max_hp_per_floor":[82,82,82,82,87,87,87,87,87,87,87,87,87,94,94,94,94,94,94,94,94,94,94,94,94,94,94,94],"relic_stats":{"counters":[6,29],"Snecko Eye":[33,57,59,50],"Pen Nib":[5],"PreservedInsect":43,"obtain_stats":[{"Matryoshka":0,"Strawberry":0,"Snecko Eye":17,"Thread and Needle":0,"Pen Nib":0,"The Courier":0,"PreservedInsect":26,"Omamori":24,"Ancient Tea Set":26,"Burning Blood":0},{"Matryoshka":0,"Strawberry":0,"Snecko Eye":0,"Thread and Needle":0,"Pen Nib":0,"The Courier":0,"PreservedInsect":5,"Omamori":4,"Ancient Tea Set":5,"Burning Blood":0},{"Matryoshka":0,"Strawberry":0,"Snecko Eye":0,"Thread and Needle":0,"Pen Nib":0,"The Courier":0,"PreservedInsect":23,"Omamori":18,"Ancient Tea Set":23,"Burning Blood":0}],"Burning Blood":30},"card_choices":[{"not_picked":["Feel No Pain","Burning Pact"],"picked":"Cleave","floor":1.0},{"not_picked":["Armaments","Disarm"],"picked":"Hemokinesis","floor":2.0},{"not_picked":["Heavy Blade","Rage"],"picked":"Evolve","floor":3.0},{"not_picked":["Warcry","Body Slam"],"picked":"Power Through","floor":4.0},{"not_picked":["Heavy Blade","Havoc"],"picked":"Armaments","floor":6.0},{"not_picked":["Pommel Strike","Offering"],"picked":"Carnage","floor":7.0},{"not_picked":["Rampage","Clothesline"],"picked":"Uppercut","floor":10.0},{"not_picked":["Flex","Seeing Red"],"picked":"Carnage","floor":12.0},{"not_picked":["Armaments","Heavy Blade","Clash"],"picked":"SKIP","floor":14.0},{"not_picked":["Brutality","Feed"],"picked":"Offering","floor":16.0},{"not_picked":["Cleave","Armaments","Whirlwind"],"picked":"SKIP","floor":18.0},{"not_picked":["Warcry+1","Perfected Strike","Rage"],"picked":"SKIP","floor":19.0},{"not_picked":["Searing Blow","Twin Strike","Flex"],"picked":"SKIP","floor":22.0},{"not_picked":["Seeing Red","Iron Wave"],"picked":"Metallicize","floor":24.0},{"not_picked":["Body Slam+1","Perfected Strike","Pummel"],"picked":"SKIP","floor":25}],"player_experience":968743,"relics_obtained":[{"floor":6.0,"key":"Matryoshka"},{"floor":9.0,"key":"Pen Nib"},{"floor":9.0,"key":"The Courier"},{"floor":10.0,"key":"Thread and Needle"},{"floor":14.0,"key":"Strawberry"},{"floor":24.0,"key":"Omamori"},{"floor":26,"key":"PreservedInsect"},{"floor":26,"key":"Ancient Tea Set"}],"event_choices":[{"damage_healed":0.0,"max_hp_gain":5.0,"max_hp_loss":0.0,"gold_gain":0.0,"event_name":"Big Fish","player_choice":"Donut","floor":5.0,"gold_loss":0.0,"damage_taken":0.0},{"damage_healed":0.0,"max_hp_gain":0.0,"max_hp_loss":0.0,"gold_gain":30.0,"event_name":"Dead Adventurer","player_choice":"Searched \u00272\u0027 times","floor":10.0,"gold_loss":0.0,"damage_taken":0.0},{"damage_healed":0.0,"max_hp_gain":0.0,"max_hp_loss":0.0,"gold_gain":0.0,"event_name":"Shining Light","player_choice":"Ignored","floor":11.0,"gold_loss":0.0,"damage_taken":0.0},{"damage_healed":0.0,"max_hp_gain":0.0,"max_hp_loss":0.0,"gold_gain":0.0,"event_name":"Scrap Ooze","player_choice":"Fled","floor":13.0,"gold_loss":0.0,"damage_taken":0.0},{"damage_healed":19.0,"max_hp_gain":0.0,"max_hp_loss":0.0,"gold_gain":0.0,"event_name":"The Library","player_choice":"Heal","floor":20.0,"gold_loss":0.0,"damage_taken":0.0},{"damage_healed":0.0,"max_hp_gain":0.0,"max_hp_loss":0.0,"gold_gain":0.0,"event_name":"Forgotten Altar","player_choice":"Smashed Altar","floor":21.0,"gold_loss":0.0,"damage_taken":0.0,"cards_obtained":["Decay"]}],"is_beta":false,"boss_relics":[{"not_picked":["Mark of Pain","Tiny House"],"picked":"Snecko Eye"}],"items_purged_floors":[],"is_endless":false,"potions_floor_spawned":[1,3,10,12,19],"killed_by":"Book of Stabbing","ascension_level":20}}