{"host":"cyiefo55v5hz1ih5","time":1609531055,"event":{"mods":["2.2 Compatiblity","AchievementEnabler","BaseMod","GifTheSpireLib","Hubris","Minty Spire (QoL Compilation)","Replay The Spire","Spicy Shops","StSLib","The Caster"],"gold_per_floor":[111,111,111,126,143,177,177,177,177,68,84,99,99,79,79,177,177,192,212,230,230,260,260,294,219,219,235,265,279,279,279,279,279,279,376,376,376,376],"floor_reached":37,"playtime":2420,"items_purged":["caster:strike"],"score":405,"play_id":"8722fd6e-9cf5-4f77-a978-74beb3fac2a8","local_time":"20210101145735","is_ascension_mode":false,"campfire_choices":[{"data":"caster:JupitelThunder","floor":7,"key":"SMITH"},{"data":"caster:Grimoire","floor":13,"key":"SMITH"},{"data":"caster:MagicBarrier","floor":13,"key":"SMITH"},{"floor":15,"key":"REST"},{"floor":23,"key":"REST"},{"floor":32,"key":"REST"},{"floor":34,"key":"REST"}],"circlet_count":0,"master_deck":["caster:Meteor","caster:DivertFocus","caster:strike+1","caster:strike+1","caster:defend+1","caster:defend+1","caster:defend+1","caster:defend+1","caster:defend+1","caster:JupitelThunder+1","caster:FlashFrost","caster:FrostDriver","caster:Thundara+1","caster:Grimoire+1","caster:MagicBarrier+1","caster:EchoingVoice","caster:BurnItDown+1","caster:FlashFrost+1","Necronomicurse","caster:Inferno"],"relics":["caster:MagicBook","Chameleon Ring","StrikeDummy","Replay:Arrowhead","hubris:RunicObelisk","Red Mask","Bottled Lightning","ReplayFunnel","White Beast Statue","Necronomicon","hubris:Stopwatch"],"acts_visited":["Exordium","TheCity","TheBeyond"],"potions_floor_usage":[19,20,28,35],"damage_taken":[{"damage":0,"enemies":"2 Louse","floor":1,"turns":4},{"damage":2,"enemies":"Cultist","floor":4,"turns":5},{"damage":0,"enemies":"Small Slimes","floor":5,"turns":4},{"damage":12,"enemies":"Gremlin Nob","floor":6,"turns":5},{"damage":5,"enemies":"3 Louse","floor":11,"turns":5},{"damage":0,"enemies":"2 Fungi Beasts","floor":12,"turns":4},{"damage":10,"enemies":"The Guardian","floor":16,"turns":11},{"damage":3,"enemies":"Spheric Guardian","floor":18,"turns":4},{"damage":7,"enemies":"2 Thieves","floor":19,"turns":3},{"damage":21,"enemies":"3 Cultists","floor":20,"turns":6},{"damage":14,"enemies":"Masked Bandits","floor":22,"turns":6},{"damage":15,"enemies":"Slavers","floor":24,"turns":6},{"damage":0,"enemies":"Shelled Parasite and Fungi","floor":27,"turns":5},{"damage":7,"enemies":"Gremlin Leader","floor":28,"turns":6},{"damage":0,"enemies":"Centurion and Healer","floor":29,"turns":4},{"damage":20,"enemies":"Collector","floor":35,"turns":10},{"damage":2,"enemies":"3 Darklings","floor":37,"turns":5}],"seed_played":"7190917006052719823","potions_obtained":[{"floor":1,"key":"Energy Potion"},{"floor":6,"key":"EssenceOfSteel"},{"floor":14,"key":"Explosive Potion"},{"floor":18,"key":"Flashbang"},{"floor":27,"key":"SpeedPotion"},{"floor":29,"key":"LiquidBronze"},{"floor":35,"key":"Cursed Concoction"}],"is_trial":false,"path_per_floor":["M","?","?","M","M","E","R","?","T","$","M","M","R","?","R","B",null,"M","M","M","?","?","R","E","?","T","M","E","M","PTL","PTL","R","?","R","B",null,"M"],"character_chosen":"THE_CASTER","items_purchased":["caster:Grimoire"],"campfire_rested":4,"item_purchase_floors":[10],"current_hp_per_floor":[70,67,67,65,65,53,53,53,53,53,48,48,48,48,69,59,70,67,60,39,39,25,46,31,31,31,31,24,24,24,24,45,29,50,30,70,68,68],"gold":376,"neow_bonus":"TEN_PERCENT_HP_BONUS","is_daily":false,"chose_seed":false,"campfire_upgraded":3,"win_rate":0.0,"timestamp":1609531055,"path_taken":["M","?","?","?","M","E","R","?","T","$","M","M","R","?","R","BOSS","M","?","M","?","?","R","E","?","T","M","E","M","PTL","PTL","R","?","R","BOSS","M"],"items_purchased_type":["Card"],"build_version":"2020-12-22","purchased_purges":1,"victory":false,"max_hp_per_floor":[70,70,70,70,70,70,70,70,70,70,70,70,70,70,70,70,70,70,70,70,70,70,70,70,70,70,70,70,70,70,70,70,70,70,70,70,70,70],"card_choices":[{"not_picked":["caster:FireWall","caster:Enfeeble"],"picked":"caster:JupitelThunder","floor":1},{"not_picked":["caster:AshesToAshes","caster:FireWall"],"picked":"caster:FlashFrost","floor":4},{"not_picked":["caster:FrigidBeam","caster:LightningBolt"],"picked":"caster:FrostDriver","floor":5},{"not_picked":["caster:EchoingVoice","caster:GlacialShield","caster:ShortenedChant"],"picked":"SKIP","floor":6},{"not_picked":["caster:FrigidBeam","caster:FlashFrost"],"picked":"caster:MagicBarrier","floor":11},{"not_picked":["caster:WallOfAsh","caster:FrostDriver","caster:FlashSpeed"],"picked":"SKIP","floor":12},{"not_picked":["caster:Susanoo","caster:ShortenedChant"],"picked":"caster:EchoingVoice","floor":16},{"not_picked":["caster:Sultry","caster:LightningBolt","caster:Enfeeble+1"],"picked":"SKIP","floor":18},{"not_picked":["caster:GlacialShield","caster:Sandstorm+1","caster:MagicResonance"],"picked":"SKIP","floor":19},{"not_picked":["caster:FrostDriver+1","caster:Grimoire"],"picked":"caster:BurnItDown+1","floor":20},{"not_picked":["caster:MagicResonance","caster:DiablosFlame","caster:Fissure+1"],"picked":"SKIP","floor":24},{"not_picked":["caster:FrostDriver","caster:Incinerate","caster:Sandstorm+1"],"picked":"SKIP","floor":27},{"not_picked":["caster:Fireball","caster:Enfeeble"],"picked":"caster:FlashFrost+1","floor":28},{"not_picked":["caster:BloodRitual","caster:LightningBolt+1","caster:JupitelThunder"],"picked":"SKIP","floor":29},{"not_picked":["caster:Explosion","caster:StormGust"],"picked":"caster:Inferno","floor":35}],"player_experience":580249,"relics_obtained":[{"floor":6,"key":"StrikeDummy"},{"floor":9,"key":"Replay:Arrowhead"},{"floor":22,"key":"Red Mask"},{"floor":24,"key":"Bottled Lightning"},{"floor":26,"key":"ReplayFunnel"},{"floor":28,"key":"White Beast Statue"},{"floor":33,"key":"Necronomicon"}],"event_choices":[{"damage_healed":0,"gold_gain":0,"player_choice":"Success","damage_taken":3,"relics_obtained":["Chameleon Ring"],"max_hp_gain":0,"max_hp_loss":0,"event_name":"Scrap Ooze","floor":2,"gold_loss":0},{"damage_healed":0,"gold_gain":0,"player_choice":"Ignored","damage_taken":0,"max_hp_gain":0,"max_hp_loss":0,"event_name":"NoteForYourself","floor":3,"gold_loss":0},{"damage_healed":0,"gold_gain":0,"player_choice":"Bought 1 Potion","damage_taken":0,"max_hp_gain":0,"max_hp_loss":0,"event_name":"The Woman in Blue","floor":14,"gold_loss":0},{"damage_healed":0,"gold_gain":0,"player_choice":"Simplicity","damage_taken":0,"max_hp_gain":0,"max_hp_loss":0,"event_name":"Back to Basics","floor":21,"gold_loss":0,"cards_upgraded":["caster:strike","caster:strike","caster:strike","caster:defend","caster:defend","caster:defend","caster:defend","caster:defend"]},{"damage_healed":0,"gold_gain":0,"player_choice":"Fought Bandits","damage_taken":0,"max_hp_gain":0,"max_hp_loss":0,"event_name":"Masked Bandits","floor":22,"gold_loss":0},{"cards_removed":["caster:strike"],"damage_healed":0,"gold_gain":0,"player_choice":"Gave Gold","damage_taken":0,"max_hp_gain":0,"max_hp_loss":0,"event_name":"Beggar","floor":25,"gold_loss":75},{"damage_healed":0,"gold_gain":0,"player_choice":"Obtained Book","damage_taken":16,"max_hp_gain":0,"max_hp_loss":0,"event_name":"Cursed Tome","floor":33,"gold_loss":0}],"is_beta":false,"boss_relics":[{"not_picked":["hubris:BlackHole","Coffee Dripper"],"picked":"hubris:RunicObelisk"},{"not_picked":["Cursed Key","Replay:Drink Me"],"picked":"hubris:Stopwatch"}],"items_purged_floors":[10],"is_endless":false,"potions_floor_spawned":[1,6,16,18,27,29,35],"killed_by":"3 Darklings","ascension_level":0}}