{"host":"apvnte8t1esriuig","time":1609522428,"event":{"mods":["2.2 Compatiblity","AchievementEnabler","BaseMod","Infinite Spire","Minty Spire (QoL Compilation)","Rare Cards Sparkle","StSLib"],"gold_per_floor":[110,110,110,285,304,304,345,379,459,492,533,315,350,371,371,499,499,523,523,523,523,523,523,423,454,481,234,257,272,272,290,290,411,411,425,758,433,443,126,154,154,172,172,172,185,197,209,236,248,260],"floor_reached":51,"playtime":1571,"items_purged":["Doubt","Shame"],"score":829,"play_id":"53857d63-4ec1-44d7-b863-f622f70b9cdb","local_time":"20210101183348","daily_mods":["Draft","Vintage","Colorless Cards","Heirloom","Time Dilation","Flight","DeadlyEvents","Elite Swarm"],"is_ascension_mode":false,"campfire_choices":[{"floor":6,"key":"REST"},{"floor":15,"key":"REST"},{"data":"DevaForm","floor":23,"key":"SMITH"},{"floor":30,"key":"REST"},{"floor":32,"key":"REST"},{"data":"Echo Form","floor":32,"key":"SMITH"},{"floor":41,"key":"REST"},{"data":"Defragment","floor":41,"key":"SMITH"},{"floor":44,"key":"REST"},{"data":"Creative AI","floor":44,"key":"SMITH"},{"floor":49,"key":"REST"},{"data":"Demon Form","floor":49,"key":"SMITH"}],"circlet_count":0,"master_deck":["Demon Form+1","Wraith Form v2","Echo Form+1","DevaForm+1","Cold Snap","Rebound","Sweeping Beam","Rebound","Genetic Algorithm","BootSequence","Cold Snap","Defragment+1","White Noise","Chill","Skim","Sweeping Beam","Streamline","Sweeping Beam","Hello World","infinitespire:Collect","Injury","Creative AI+1","White Noise","Loop+1","Storm+1"],"relics":["Cracked Core","StoneCalendar","Regal Pillow","Bag of Marbles","Thread and Needle","Mercury Hourglass","Cables","infinitespire:Magic Flask","Turnip","infinitespire:PuzzleCube","Frozen Egg 2","Pen Nib","Runic Pyramid","Art of War","Akabeko","Ancient Tea Set","Letter Opener","Centennial Puzzle","infinitespire:Bottled Soul","Calipers","White Beast Statue","Sundial","SacredBark","Ginger","infinitespire:Lucky Rock","OrangePellets","Strawberry","Membership Card","infinitespire:SolderingIron","infinitespire:EmpoweringShard","infinitespire:CheckeredPen","HornCleat","MawBank","Frozen Eye","Pantograph"],"acts_visited":["Exordium","TheCity","TheBeyond"],"potions_floor_usage":[42,42,50,50],"damage_taken":[{"damage":1,"enemies":"Jaw Worm","floor":1,"turns":3},{"damage":0,"enemies":"Small Slimes","floor":5,"turns":2},{"damage":15,"enemies":"3 Sentries","floor":7,"turns":5},{"damage":10,"enemies":"Lagavulin","floor":8,"turns":6},{"damage":6,"enemies":"3 Sentries","floor":10,"turns":4},{"damage":11,"enemies":"Gremlin Nob","floor":11,"turns":5},{"damage":0,"enemies":"3 Sentries","floor":13,"turns":4},{"damage":0,"enemies":"2 Louse","floor":14,"turns":2},{"damage":44,"enemies":"The Guardian","floor":16,"turns":6},{"damage":0,"enemies":"3 Byrds","floor":18,"turns":3},{"damage":18,"enemies":"Slavers","floor":25,"turns":4},{"damage":14,"enemies":"Spheric Guardian","floor":28,"turns":4},{"damage":17,"enemies":"Snake Plant","floor":29,"turns":3},{"damage":15,"enemies":"Sentry and Sphere","floor":31,"turns":3},{"damage":30,"enemies":"Collector","floor":33,"turns":7},{"damage":0,"enemies":"3 Shapes","floor":35,"turns":4},{"damage":16,"enemies":"Orb Walker","floor":38,"turns":5},{"damage":58,"enemies":"Reptomancer","floor":40,"turns":6},{"damage":6,"enemies":"Maw","floor":42,"turns":5},{"damage":16,"enemies":"Writhing Mass","floor":45,"turns":4},{"damage":0,"enemies":"Spire Growth","floor":48,"turns":4},{"damage":62,"enemies":"Awakened One","floor":50,"turns":8}],"seed_played":"-1227419907007367358","potions_obtained":[{"floor":1,"key":"FocusPotion"},{"floor":7,"key":"DistilledChaos"},{"floor":14,"key":"LiquidBronze"},{"floor":18,"key":"Regen Potion"},{"floor":29,"key":"Fire Potion"},{"floor":42,"key":"DistilledChaos"},{"floor":45,"key":"Dexterity Potion"}],"is_trial":true,"path_per_floor":["M","?","?","?","M","R","E","E","T","E","E","$","E","M","R","B",null,"M","?","?","?","AVR","R","$","E","T","$","M","M","R","M","R","B",null,"M","?","$","M","$","E","R","M","T","R","M","AVR","$","M","R","B",null],"character_chosen":"DEFECT","items_purchased":["infinitespire:PuzzleCube","infinitespire:Bottled Soul","Loop+1","infinitespire:Lucky Rock","OrangePellets","Membership Card","Storm+1","infinitespire:SolderingIron"],"campfire_rested":7,"item_purchase_floors":[12,27,37,37,37,39,39,39],"current_hp_per_floor":[74,55,55,55,55,75,60,50,50,44,33,33,33,33,70,26,75,75,75,75,75,75,75,75,57,57,57,43,26,63,48,75,45,75,75,75,75,66,66,8,47,51,51,82,66,66,66,66,82,20],"gold":272,"neow_bonus":"","is_daily":false,"chose_seed":false,"campfire_upgraded":5,"win_rate":0.0,"timestamp":1609522428,"path_taken":["M","?","?","?","?","R","E","E","T","E","E","$","?","M","R","BOSS","M","?","?","?","AVR","R","$","E","T","$","M","M","R","?","R","BOSS","M","?","?","M","$","E","R","M","T","R","M","AVR","$","M","R","BOSS"],"items_purchased_type":["Relic","Relic","Card","Relic","Relic","Relic","Card","Relic"],"build_version":"2020-12-22","purchased_purges":2,"victory":true,"max_hp_per_floor":[75,75,75,75,75,75,75,75,75,75,75,75,75,75,75,75,75,75,75,75,75,75,75,75,75,75,75,75,75,75,75,75,75,75,75,75,75,82,82,82,82,82,82,82,82,82,82,82,82,82],"card_choices":[{"not_picked":["Gash","Compile Driver"],"picked":"Cold Snap","floor":0},{"not_picked":["Aggregate","Redo"],"picked":"Rebound","floor":0},{"not_picked":["Darkness","Beam Cell"],"picked":"Sweeping Beam","floor":0},{"not_picked":["Redo","Turbo"],"picked":"Rebound","floor":0},{"not_picked":["Streamline","Cold Snap"],"picked":"Genetic Algorithm","floor":0},{"not_picked":["Hologram","Finesse"],"picked":"BootSequence","floor":0},{"not_picked":["Leap","Steam"],"picked":"Cold Snap","floor":0},{"not_picked":["Compile Driver","Jack Of All Trades"],"picked":"Defragment","floor":0},{"not_picked":["Gash","Forethought"],"picked":"White Noise","floor":0},{"not_picked":["Compile Driver","Go for the Eyes"],"picked":"Chill","floor":0},{"not_picked":["PanicButton","Fusion"],"picked":"Skim","floor":0},{"not_picked":["Tempest","Turbo"],"picked":"Sweeping Beam","floor":0},{"not_picked":["Coolheaded","Compile Driver"],"picked":"Streamline","floor":0},{"not_picked":["Barrage","Streamline"],"picked":"Sweeping Beam","floor":0},{"not_picked":["Scrape","Turbo"],"picked":"Hello World","floor":0},{"not_picked":["infinitespire:Fortify","infinitespire:NeuralNetwork"],"picked":"infinitespire:Collect","floor":2},{"not_picked":["The Bomb","Secret Technique","Thinking Ahead"],"picked":"SKIP","floor":7},{"not_picked":["Meteor Strike","Biased Cognition","Apotheosis"],"picked":"SKIP","floor":8},{"not_picked":["Transmutation","All For One"],"picked":"Creative AI","floor":10},{"not_picked":["Amplify","Rainbow","Seek"],"picked":"SKIP","floor":11},{"not_picked":["Violence","Core Surge","Chrysalis"],"picked":"SKIP","floor":13},{"not_picked":["HandOfGreed","Core Surge","Panache+1"],"picked":"SKIP","floor":25},{"not_picked":["Amplify","Multi-Cast","Thinking Ahead"],"picked":"SKIP","floor":40}],"player_experience":343579,"relics_obtained":[{"floor":1,"key":"Regal Pillow"},{"floor":5,"key":"Bag of Marbles"},{"floor":7,"key":"Thread and Needle"},{"floor":8,"key":"Mercury Hourglass"},{"floor":9,"key":"Cables"},{"floor":10,"key":"infinitespire:Magic Flask"},{"floor":11,"key":"Turnip"},{"floor":13,"key":"Frozen Egg 2"},{"floor":14,"key":"Pen Nib"},{"floor":18,"key":"Art of War"},{"floor":25,"key":"Letter Opener"},{"floor":26,"key":"Centennial Puzzle"},{"floor":28,"key":"Calipers"},{"floor":29,"key":"White Beast Statue"},{"floor":31,"key":"Sundial"},{"floor":35,"key":"Ginger"},{"floor":38,"key":"Strawberry"},{"floor":40,"key":"infinitespire:EmpoweringShard"},{"floor":42,"key":"infinitespire:CheckeredPen"},{"floor":43,"key":"HornCleat"},{"floor":45,"key":"MawBank"},{"floor":48,"key":"Pantograph"}],"event_choices":[{"damage_healed":0,"gold_gain":0,"player_choice":"Take Wound","damage_taken":0,"relics_obtained":["Golden Idol"],"max_hp_gain":0,"max_hp_loss":0,"event_name":"Golden Idol","floor":3,"gold_loss":0,"cards_obtained":["Injury"]},{"damage_healed":0,"gold_gain":175,"player_choice":"AGREE","damage_taken":0,"max_hp_gain":0,"max_hp_loss":0,"event_name":"Liars Game","floor":4,"gold_loss":0,"cards_obtained":["Doubt"]},{"damage_healed":0,"gold_gain":0,"player_choice":"Stole Relic","damage_taken":0,"relics_obtained":["Akabeko"],"max_hp_gain":0,"max_hp_loss":0,"event_name":"Addict","floor":19,"gold_loss":0,"cards_obtained":["Shame"]},{"damage_healed":0,"gold_gain":0,"player_choice":"Read","damage_taken":0,"max_hp_gain":0,"max_hp_loss":0,"event_name":"The Library","floor":20,"gold_loss":0,"cards_obtained":["White Noise"]},{"damage_healed":0,"gold_gain":0,"player_choice":"Ignored","damage_taken":0,"max_hp_gain":0,"max_hp_loss":0,"event_name":"Ghosts","floor":21,"gold_loss":0},{"damage_healed":0,"gold_gain":333,"player_choice":"Gave Idol","damage_taken":0,"max_hp_gain":0,"max_hp_loss":0,"event_name":"The Moai Head","floor":36,"relics_lost":["Golden Idol"],"gold_loss":0}],"is_beta":false,"boss_relics":[{"not_picked":["Velvet Choker","SlaversCollar"],"picked":"Runic Pyramid"},{"not_picked":["Sozu","Busted Crown"],"picked":"SacredBark"}],"items_purged_floors":[12,24],"is_endless":false,"potions_floor_spawned":[1,7,14,18,29,31,33,35,38,40,42,45,48],"ascension_level":0}}