{"host":"8f5cu9y0fpol72qs","time":1609543337,"event":{"mods":["BaseMod","Colored Map","Colored Powertips","Curses Come First","Highlight Path","Key Reminder","Keyboard Shortcuts","Minty Spire (QoL Compilation)","StSLib"],"gold_per_floor":[115,115,133,133,58,58,89,89,113,133,161,161,179,189,189,286,286,299,199,298,173,173,199,199,230,230,249,275,291,303,317,317,317,317],"floor_reached":33,"playtime":2212,"items_purged":["Strike_R","Strike_R","Strike_R"],"score":609,"play_id":"6be5d46c-b8df-43fc-8d2e-9d085c3edc00","local_time":"20210101152217","is_ascension_mode":true,"campfire_choices":[{"data":"Bash","floor":6.0,"key":"SMITH"},{"data":"Pommel Strike","floor":8.0,"key":"SMITH"},{"data":"Feed","floor":12.0,"key":"SMITH"},{"data":"Hemokinesis","floor":15.0,"key":"SMITH"},{"floor":24.0,"key":"REST"},{"data":"Inflame","floor":32,"key":"SMITH"}],"circlet_count":0,"master_deck":["AscendersBane","Strike_R","Defend_R","Defend_R","Defend_R","Defend_R","Bash+1","Hemokinesis+1","Entrench","Pommel Strike+1","Burning Pact","Pummel","Feed+1","Hemokinesis+1","Offering","Shrug It Off","Spot Weakness","Inflame","Inflame+1"],"relics":["Burning Blood","NeowsBlessing","Akabeko","Red Skull","MealTicket","Mark of Pain","Enchiridion","Ornamental Fan","Boot","Turnip","PreservedInsect"],"acts_visited":["Exordium","TheCity"],"potions_floor_usage":[30,33,33],"damage_taken":[{"damage":0.0,"enemies":"Jaw Worm","floor":1.0,"turns":1.0},{"damage":0.0,"enemies":"Cultist","floor":3.0,"turns":1.0},{"damage":0.0,"enemies":"Lagavulin","floor":7.0,"turns":1.0},{"damage":2.0,"enemies":"Small Slimes","floor":10.0,"turns":2.0},{"damage":18.0,"enemies":"Gremlin Nob","floor":11.0,"turns":3.0},{"damage":16.0,"enemies":"Blue Slaver","floor":13.0,"turns":3.0},{"damage":32.0,"enemies":"Large Slime","floor":14.0,"turns":5.0},{"damage":35.0,"enemies":"Slime Boss","floor":16.0,"turns":9.0},{"damage":27.0,"enemies":"2 Thieves","floor":18.0,"turns":3.0},{"damage":37.0,"enemies":"Book of Stabbing","floor":23.0,"turns":3.0},{"damage":16.0,"enemies":"Gremlin Leader","floor":25.0,"turns":5.0},{"damage":10.0,"enemies":"3 Byrds","floor":27.0,"turns":4.0},{"damage":50.0,"enemies":"Book of Stabbing","floor":28.0,"turns":4.0},{"damage":4.0,"enemies":"Shelled Parasite and Fungi","floor":29.0,"turns":2.0},{"damage":10,"enemies":"Chosen and Byrds","floor":30,"turns":4},{"damage":6,"enemies":"3 Cultists","floor":31,"turns":5},{"damage":36,"enemies":"Automaton","floor":33,"turns":4}],"seed_played":"6910074703926646202","potions_obtained":[{"floor":3.0,"key":"ColorlessPotion"},{"floor":7.0,"key":"LiquidBronze"},{"floor":13.0,"key":"SpeedPotion"},{"floor":23.0,"key":"SteroidPotion"},{"floor":25.0,"key":"Fire Potion"},{"floor":28.0,"key":"PowerPotion"},{"floor":29.0,"key":"SteroidPotion"},{"floor":30,"key":"Regen Potion"}],"is_trial":false,"path_per_floor":["M","?","M","?","$","R","E","R","T","M","E","R","M","M","R","B",null,"M","$","?","$","?","E","R","E","T","M","E","M","M","M","R","B"],"character_chosen":"IRONCLAD","items_purchased":[],"campfire_rested":1,"item_purchase_floors":[],"current_hp_per_floor":[78,78,80,80,80,80,80,80,80,80,68,68,62,40,40,15,73,56,71,71,86,70,39,67,57,57,57,13,19,15,19,19,0,0],"gold":317,"neow_bonus":"THREE_ENEMY_KILL","is_daily":false,"chose_seed":false,"campfire_upgraded":5,"win_rate":0.0,"timestamp":1609543337,"path_taken":["M","?","?","?","$","R","E","R","T","M","E","R","M","?","R","BOSS","M","$","?","$","?","E","R","E","T","M","E","M","M","M","R","BOSS"],"items_purchased_type":[],"build_version":"2020-12-22","purchased_purges":3,"victory":false,"max_hp_per_floor":[80,80,80,80,80,80,80,80,80,80,80,80,84,88,88,92,92,96,96,96,96,96,96,96,96,96,100,100,104,104,108,108,108,108],"card_choices":[{"not_picked":["Clash","Sword Boomerang"],"picked":"Hemokinesis","floor":1.0},{"not_picked":["Pummel","Iron Wave"],"picked":"Pommel Strike","floor":3.0},{"not_picked":["Armaments","Sword Boomerang"],"picked":"Burning Pact","floor":7.0},{"not_picked":["Rampage","Bloodletting"],"picked":"Pummel","floor":10.0},{"not_picked":["Metallicize","Flame Barrier"],"picked":"Feed","floor":11.0},{"not_picked":["Havoc","Armaments"],"picked":"Hemokinesis","floor":13.0},{"not_picked":["True Grit","Burning Pact","Rage"],"picked":"SKIP","floor":14.0},{"not_picked":["Barricade","Juggernaut"],"picked":"Offering","floor":16.0},{"not_picked":["Twin Strike","Power Through","Headbutt"],"picked":"SKIP","floor":18.0},{"not_picked":["Heavy Blade","Exhume"],"picked":"Shrug It Off","floor":23.0},{"not_picked":["Warcry","Clash","Perfected Strike"],"picked":"SKIP","floor":25.0},{"not_picked":["Hemokinesis","Thunderclap","Anger"],"picked":"SKIP","floor":27.0},{"not_picked":["True Grit","Wild Strike"],"picked":"Spot Weakness","floor":28.0},{"not_picked":["Fire Breathing","Flex","Heavy Blade"],"picked":"SKIP","floor":29.0},{"not_picked":["Cleave","Rampage"],"picked":"Inflame","floor":30},{"not_picked":["Burning Pact","Pommel Strike"],"picked":"Inflame","floor":31}],"player_experience":781089,"relics_obtained":[{"floor":7.0,"key":"Akabeko"},{"floor":9.0,"key":"Red Skull"},{"floor":11.0,"key":"MealTicket"},{"floor":22.0,"key":"Enchiridion"},{"floor":23.0,"key":"Ornamental Fan"},{"floor":25.0,"key":"Boot"},{"floor":26.0,"key":"Turnip"},{"floor":28.0,"key":"PreservedInsect"}],"event_choices":[{"damage_healed":0.0,"max_hp_gain":0.0,"max_hp_loss":0.0,"gold_gain":0.0,"cards_transformed":["Strike_R"],"event_name":"Transmorgrifier","player_choice":"Transformed","floor":2.0,"gold_loss":0.0,"damage_taken":0.0,"cards_obtained":["Entrench"]},{"damage_healed":0.0,"max_hp_gain":0.0,"max_hp_loss":0.0,"gold_gain":0.0,"event_name":"Upgrade Shrine","player_choice":"Upgraded","floor":4.0,"gold_loss":0.0,"damage_taken":0.0,"cards_upgraded":["Hemokinesis"]},{"damage_healed":0.0,"max_hp_gain":0.0,"max_hp_loss":0.0,"gold_gain":99.0,"event_name":"Nest","player_choice":"Stole From Cult","floor":20.0,"gold_loss":0.0,"damage_taken":0.0},{"damage_healed":0.0,"max_hp_gain":0.0,"max_hp_loss":0.0,"gold_gain":0.0,"event_name":"Cursed Tome","player_choice":"Obtained Book","floor":22.0,"gold_loss":0.0,"damage_taken":16.0}],"is_beta":false,"boss_relics":[{"not_picked":["Ectoplasm","Pandora\u0027s Box"],"picked":"Mark of Pain"}],"items_purged_floors":[5,19,21],"is_endless":false,"potions_floor_spawned":[3,7,13,23,25,28,29,30],"killed_by":"Automaton","ascension_level":12}}