{"host":"3kdwm9n4ehf6yd4s","time":1609529226,"event":{"mods":["BaseMod","GifTheSpireLib","Minty Spire (QoL Compilation)","Quick Restart","Replay The Spire","StSLib"],"gold_per_floor":[115,7,107,125,140,166,166,372,372,372,352,22,34,64,64,161,161,147,147,160,46,64,91,91,103,151,168,168,186,217,233,233,333,333,352,402,402,402,422,422,447,447,447],"floor_reached":42,"playtime":2065,"items_purged":[],"score":553,"play_id":"c6a65c6d-dda8-485c-8051-0c6da888fa4f","local_time":"20210101122706","is_ascension_mode":true,"campfire_choices":[{"data":"Mayhem","floor":7,"key":"SMITH"},{"floor":10,"key":"REST"},{"data":"ReplayTheSpireMod:Calculation Training","floor":15,"key":"SMITH"},{"floor":24,"key":"REST"},{"floor":28,"key":"REST"},{"floor":32,"key":"REST"},{"floor":40,"key":"REST"}],"circlet_count":0,"master_deck":["Strike_B","Strike_B","Strike_B","Strike_B","Defend_B","Defend_B","Defend_B","Defend_B","Zap","Defend_P","Strike_R","Mayhem+1","Glacier+1","ReplayGash+1","Fusion","Cold Snap","Ball Lightning","Cold Snap","Streamline","ReplayTheSpireMod:Calculation Training+1","ReplayTheSpireMod:Calculation Training","ReplayTheSpireMod:Omega Cannon","Leap","Tempest+1","Crystallizer+1","Cold Snap","Scrape","Skim","Crystallizer","Conserve Battery","Crystallizer+1","Defragment","Thunder Strike","Barrage","Amplify","Storm+1","FIFO Queue+1","Writhe","Auto Shields+1","Self Repair+1"],"relics":["Cracked Core","CaptainsWheel","Divine Protection","Blue Doll","Guide Book","Lizard Tail","Replay:Bronze Core","Mercury Hourglass","ReplayTheSpireMod:TigerMarble","Quantum Egg","Ice Cream","DataDisk"],"acts_visited":["Exordium","TheCity","TheBeyond"],"potions_floor_usage":[5,6,16,16,16,22,22,23,33,37],"damage_taken":[{"damage":1,"enemies":"Cultist","floor":1,"turns":4},{"damage":4,"enemies":"Small Slimes","floor":4,"turns":5},{"damage":6,"enemies":"Jaw Worm","floor":5,"turns":4},{"damage":16,"enemies":"Replay:BlueRogue","floor":6,"turns":6},{"damage":0,"enemies":"Exordium Thugs","floor":13,"turns":5},{"damage":0,"enemies":"Lagavulin","floor":14,"turns":6},{"damage":14,"enemies":"Hexaghost","floor":16,"turns":11},{"damage":1,"enemies":"2 Thieves","floor":18,"turns":5},{"damage":0,"enemies":"Spheric Guardian","floor":20,"turns":9},{"damage":19,"enemies":"Cultist and Chosen","floor":22,"turns":5},{"damage":29,"enemies":"Slavers","floor":23,"turns":6},{"damage":22,"enemies":"Chosen and Byrds","floor":25,"turns":7},{"damage":0,"enemies":"Snake Plant","floor":27,"turns":6},{"damage":12,"enemies":"Centurion and Healer","floor":29,"turns":7},{"damage":4,"enemies":"Book of Stabbing","floor":30,"turns":5},{"damage":23,"enemies":"3 Cultists","floor":31,"turns":7},{"damage":44,"enemies":"Automaton","floor":33,"turns":13},{"damage":13,"enemies":"3 Shapes","floor":35,"turns":3},{"damage":34,"enemies":"Mind Bloom Boss Battle","floor":36,"turns":8},{"damage":2,"enemies":"Orb Walker","floor":37,"turns":2},{"damage":20,"enemies":"Maw","floor":39,"turns":7},{"damage":9,"enemies":"Giant Head","floor":41,"turns":10},{"damage":42,"enemies":"2 Orb Walkers","floor":42,"turns":3}],"seed_played":"2220288013067720085","potions_obtained":[{"floor":4,"key":"SkillPotion"},{"floor":5,"key":"SkillPotion"},{"floor":11,"key":"DistilledChaos"},{"floor":13,"key":"Toxic Potion"},{"floor":16,"key":"Block Potion"},{"floor":18,"key":"Fire Potion"},{"floor":22,"key":"Dexterity Potion"},{"floor":30,"key":"SmokeBomb"},{"floor":31,"key":"BlessingOfTheForge"}],"is_trial":false,"path_per_floor":["M","$","?","M","M","E","R","?","T","R","?","$","M","E","R","B",null,"M","?","M","$","M","E","R","M","T","M","R","M","E","M","R","B",null,"M","?","M","?","M","R","E","?"],"character_chosen":"DEFECT","items_purchased":["ReplayGash","Fusion","Blue Doll","Guide Book","Elixir","Crystallizer+1","Cold Snap","Scrape"],"campfire_rested":5,"item_purchase_floors":[2,2,12,12,12,21,21,21],"current_hp_per_floor":[74,74,74,70,64,48,48,30,30,52,52,52,52,52,52,38,75,74,74,74,74,55,26,48,26,26,26,48,36,32,9,31,30,75,62,28,26,45,25,47,38,0,0],"gold":447,"neow_bonus":"RANDOM_COLORLESS_2","is_daily":false,"chose_seed":false,"campfire_upgraded":2,"win_rate":0.0,"timestamp":1609529226,"path_taken":["M","?","?","?","M","E","R","?","T","R","?","$","?","E","R","BOSS","M","?","M","$","?","E","R","?","T","M","R","M","E","M","R","BOSS","M","?","M","?","M","R","E","?"],"items_purchased_type":["Card","Card","Relic","Relic","Potion","Card","Card","Card"],"build_version":"2020-12-22","purchased_purges":0,"victory":false,"max_hp_per_floor":[75,75,75,75,75,75,75,75,75,75,75,75,75,75,75,75,75,75,75,75,75,75,75,75,75,75,75,75,75,75,75,75,75,75,75,75,75,75,75,75,75,75,75],"card_choices":[{"not_picked":["Transmutation","ReplayTheSpireMod:Brewmster"],"picked":"Mayhem","floor":0},{"not_picked":["Conserve Battery","Redo"],"picked":"Glacier","floor":1},{"not_picked":["Aggregate","BasicCrystalCard"],"picked":"Cold Snap","floor":4},{"not_picked":["Reprogram","Tempest"],"picked":"Ball Lightning","floor":5},{"not_picked":["Go for the Eyes","Rebound"],"picked":"Cold Snap","floor":6},{"not_picked":["Redo","ReplayTheSpireMod:System Scan"],"picked":"Streamline","floor":8},{"not_picked":["Sweeping Beam","Genetic Algorithm"],"picked":"ReplayTheSpireMod:Calculation Training","floor":13},{"not_picked":["Barrage","Recycle"],"picked":"ReplayTheSpireMod:Calculation Training","floor":14},{"not_picked":["All For One","Core Surge"],"picked":"ReplayTheSpireMod:Omega Cannon","floor":16},{"not_picked":["Coolheaded","Stack+1"],"picked":"Leap","floor":18},{"not_picked":["Genetic Algorithm","Ball Lightning"],"picked":"Tempest+1","floor":20},{"not_picked":["Steam","Compile Driver"],"picked":"Skim","floor":22},{"not_picked":["Streamline","Genetic Algorithm"],"picked":"Crystallizer","floor":23},{"not_picked":["BasicCrystalCard","Leap+1"],"picked":"Conserve Battery","floor":25},{"not_picked":["Go for the Eyes+1","Redo"],"picked":"Crystallizer+1","floor":27},{"not_picked":["Streamline","Steam"],"picked":"Defragment","floor":29},{"not_picked":["ReplayTheSpireMod:Reroute Power","Compile Driver"],"picked":"Thunder Strike","floor":30},{"not_picked":["Sweeping Beam","Beam Cell"],"picked":"Barrage","floor":31},{"not_picked":["Hyperbeam","Rainbow"],"picked":"Amplify","floor":33},{"not_picked":["Ball Lightning+1","Double Energy"],"picked":"Storm+1","floor":35},{"not_picked":["Storm","Steam"],"picked":"FIFO Queue+1","floor":36},{"not_picked":["Turbo+1","Redo"],"picked":"Auto Shields+1","floor":39},{"not_picked":["Leap","Chill+1"],"picked":"Self Repair+1","floor":41}],"player_experience":133557,"relics_obtained":[{"floor":6,"key":"CaptainsWheel"},{"floor":9,"key":"Divine Protection"},{"floor":14,"key":"Lizard Tail"},{"floor":23,"key":"Mercury Hourglass"},{"floor":26,"key":"ReplayTheSpireMod:TigerMarble"},{"floor":30,"key":"Quantum Egg"},{"floor":36,"key":"Ice Cream"},{"floor":41,"key":"DataDisk"}],"event_choices":[{"damage_healed":0,"gold_gain":100,"player_choice":"Pray","damage_taken":0,"max_hp_gain":0,"max_hp_loss":0,"event_name":"Golden Shrine","floor":3,"gold_loss":0},{"damage_healed":0,"gold_gain":0,"player_choice":"Bought 1 Potion","damage_taken":0,"max_hp_gain":0,"max_hp_loss":0,"event_name":"The Woman in Blue","floor":11,"gold_loss":0},{"cards_removed":["Dualcast"],"damage_healed":0,"gold_gain":0,"player_choice":"Purged","damage_taken":0,"max_hp_gain":0,"max_hp_loss":0,"event_name":"Purifier","floor":19,"gold_loss":0},{"damage_healed":0,"gold_gain":0,"player_choice":"Fight","damage_taken":0,"max_hp_gain":0,"max_hp_loss":0,"event_name":"MindBloom","floor":36,"gold_loss":0},{"damage_healed":19,"gold_gain":0,"player_choice":"Writhe","damage_taken":0,"max_hp_gain":0,"max_hp_loss":0,"event_name":"Winding Halls","floor":38,"gold_loss":0,"cards_obtained":["Writhe"]},{"damage_healed":0,"gold_gain":0,"player_choice":"Fight","damage_taken":0,"max_hp_gain":0,"max_hp_loss":0,"event_name":"Mysterious Sphere","floor":42,"gold_loss":0}],"is_beta":false,"boss_relics":[{"not_picked":["Astrolabe","Fusion Hammer"],"picked":"Replay:Bronze Core"},{"not_picked":["Philosopher\u0027s Stone","Painkiller Herb","ReplayTheSpireMod:DimensionalGlitch"]}],"items_purged_floors":[],"is_endless":false,"potions_floor_spawned":[4,5,13,16,18,22,30,31,37],"killed_by":"2 Orb Walkers","ascension_level":1}}