{"host":"ft2xazkv7v30fddt","time":1609490997,"event":{"mods":["AchievementEnabler","Act Like it!","Aspiration","Astrologer","Bard","BaseMod","Better Altar","Better Match","Better Note","Better Sensory Stone","Better Skull","CapriCore","Chen","Colored Powertips","Downfall","Elementarium","Energized Spire","Gensokyo","GifTheSpireLib","Gremlin Mod","Hallownest","Hermit","Hubris","Infinite Spire","KinomotoSakuraMod(????)","Koishi","Marisa????????","Minty Spire (QoL Compilation)","Pale of the Ancients","Permanent Neow","Potionbrewer","Prisma Mod","Replay The Spire","StSLib","Stuff the Spire","The Blackbeard","The Bladedancer","The Construct","The Cursed","The Forsaken","The Gatherer","The Hayseed","The Immortal","The Runesmith","The Servant 0.9.4","The Showman","The Vixen","TheArtist","TheSwordswoman","Wandering Minibosses","thorton","vexMod"],"gold_per_floor":[99,109,109,127,147,147,223,173,183,133,151,164,174,84,97,198,198,148,163,175,175,115,215,215,226,237,387,337,355,305,332,345,443,443,393,412,423,438,438,438,462,493,218,218,235,245,272,53,65,65,65,100,28,28,28],"floor_reached":56,"playtime":3533,"items_purged":["Regret","Slimebound:Strike_Slimebound","Slimebound:Defend_Slimebound"],"score":1475,"play_id":"c2719a4f-535a-4302-96b5-df17ef340007","local_time":"20210101164957","is_ascension_mode":true,"campfire_choices":[{"data":"Slimebound:Split","floor":1,"key":"SMITH"},{"data":"Slimebound:Prepare","floor":8,"key":"SMITH"},{"data":"Slimebound:LeadByExample","floor":10,"key":"SMITH"},{"data":"Slimebound:DuplicatedForm","floor":18,"key":"SMITH"},{"data":"Slimebound:MassFeed","floor":28,"key":"SMITH"},{"data":"Slimebound:LevelUp","floor":30,"key":"SMITH"},{"floor":35,"key":"RECALL"},{"data":"Slimebound:Overexert","floor":43,"key":"SMITH"},{"data":"ReplayTheSpireMod:Chaos Vortex","floor":54,"key":"SMITH"}],"circlet_count":0,"master_deck":["Slimebound:Split+1","Slimebound:CorrosiveSpit","Replay:SS_forest_2","Slimebound:LivingWall","Slimebound:Prepare+1","Slimebound:SamplingLick","Slimebound:LeadByExample+1","Slimebound:LevelUp+1","Slimebound:Gluttony","Slimebound:MassRepurpose","Slimebound:SplitMire","Slimebound:DuplicatedForm+1","CurseOfTheBell","Slimebound:SlimeTap+1","Slimebound:DivideAndConquer+1","Slimebound:MassFeed+1","Slimebound:AcidTongue+1","Slimebound:RejuvenatingLick","Slimebound:RejuvenatingLick","Slimebound:SplitBruiser+1","Slimebound:LeechEnergy+1","Slimebound:ProtectTheBoss+1","Slimebound:WasteNot","Slimebound:SamplingLick+1","Slimebound:SlimeSpikes","Slimebound:OneTwoCombo","Slimebound:ViciousTackle+1","Slimebound:Replication+1","Slimebound:Recollect+1","Slimebound:PressTheAttack+1","Slimebound:Overexert+1","Slimebound:Prepare+1","ReplayTheSpireMod:Chaos Vortex+1","Secret Technique","Slimebound:LevelUp+1","Slimebound:SplitLeeching+1"],"relics":["Slimebound:AbsorbEndCombat","Slimebound:GreedOozeRelic","infinitespire:Joker Card","hubris:DeckOfHolding","Calling Bell","Toy Ornithopter","Prayer Wheel","wanderingMiniBosses:Inkheart","hubris:FunFungus","Replay:WaspNest","Astrolabe","DollysMirror","hubris:RunicObelisk","Ice Cream","downfall:HeartBlessingRed","downfall:HeartBlessingGreen","downfall:HeartBlessingBlue","StuffTheSpire:Experiment12","Mummified Hand","aspiration:SeaSaltIceCream","aspiration:Nostalgia","Burning Blood"],"acts_visited":["Exordium","TheCity","TheBeyond","TheEnding"],"potions_floor_usage":[9,19,25,33,36,52],"damage_taken":[{"damage":17,"enemies":"Jaw Worm","floor":2,"turns":5},{"damage":9,"enemies":"Cultist","floor":4,"turns":4},{"damage":10,"enemies":"2 Louse","floor":5,"turns":3},{"damage":0,"enemies":"Lots of Slimes","floor":9,"turns":1},{"damage":28,"enemies":"Blue Slaver","floor":11,"turns":5},{"damage":18,"enemies":"2 Fungi Beasts","floor":12,"turns":4},{"damage":12,"enemies":"Exordium Wildlife","floor":13,"turns":3},{"damage":12,"enemies":"downfall:FleeingMerchant","floor":14,"turns":4},{"damage":8,"enemies":"Large Slime","floor":15,"turns":5},{"damage":45,"enemies":"downfall:Watcher","floor":16,"turns":6},{"damage":44,"enemies":"Shell Parasite","floor":19,"turns":7},{"damage":59,"enemies":"3 Cultists","floor":20,"turns":4},{"damage":29,"enemies":"Snake Plant","floor":25,"turns":4},{"damage":24,"enemies":"Snecko","floor":26,"turns":5},{"damage":50,"enemies":"Centurion and Healer","floor":29,"turns":5},{"damage":57,"enemies":"Gremlin Leader","floor":31,"turns":4},{"damage":28,"enemies":"Snake Plant","floor":32,"turns":3},{"damage":58,"enemies":"downfall:Ironclad","floor":33,"turns":5},{"damage":58,"enemies":"3 Darklings","floor":36,"turns":2},{"damage":19,"enemies":"3 Shapes","floor":37,"turns":4},{"damage":62,"enemies":"Maw","floor":38,"turns":5},{"damage":38,"enemies":"Reptomancer","floor":42,"turns":4},{"damage":16,"enemies":"3 Darklings","floor":45,"turns":4},{"damage":12,"enemies":"Sphere and 2 Shapes","floor":46,"turns":2},{"damage":65,"enemies":"Nightmare","floor":47,"turns":4},{"damage":15,"enemies":"downfall:FleeingMerchant","floor":48,"turns":4},{"damage":34,"enemies":"Spire Growth","floor":49,"turns":1},{"damage":20,"enemies":"downfall:Defect","floor":50,"turns":3},{"damage":10,"enemies":"downfall:CharBossMerchant","floor":52,"turns":3},{"damage":55,"enemies":"downfall:NeowBoss","floor":55,"turns":14}],"seed_played":"-8889191152328535121","potions_obtained":[{"floor":2,"key":"EssenceOfSteel"},{"floor":5,"key":"Explosive Potion"},{"floor":9,"key":"Swift Potion"},{"floor":13,"key":"Slimebound:SlimedPotion"},{"floor":16,"key":"Block Potion"},{"floor":31,"key":"potionbrewer:AcidPotion"},{"floor":32,"key":"potionbrewer:EndurancePotion"},{"floor":36,"key":"Regen Potion"},{"floor":38,"key":"champ:CounterPotion"},{"floor":49,"key":"potionbrewer:StunPotion"},{"floor":52,"key":"Block Potion"}],"is_trial":false,"path_per_floor":["R","M","?","M","M","?","T","R","M","R","M","M","M","$","M","B",null,"R","M","M","?","?","?","T","M","M","?","R","M","R","E","M","B",null,"R","M","M","M","AVR","?","T","E","R","?","M","M","NM","$","M","B",null,"E","$","R","B",null],"character_chosen":"SLIMEBOUND","items_purchased":["Mummified Hand","Secret Technique","LifebloodPotion"],"campfire_rested":0,"item_purchase_floors":[48,48,53],"current_hp_per_floor":[60,59,59,60,58,58,58,58,58,58,60,54,46,50,60,44,60,60,60,34,34,34,34,34,42,64,64,64,51,51,59,50,48,74,74,78,78,80,80,80,80,82,92,92,92,92,67,92,92,92,92,96,96,96,99],"gold":28,"neow_bonus":"RANDOM_COLORLESS","is_daily":false,"chose_seed":false,"campfire_upgraded":8,"win_rate":0.0,"timestamp":1609490997,"path_taken":["R","M","?","M","M","?","T","R","M","R","?","M","M","$","M","BOSS","R","M","M","?","?","?","T","M","?","?","R","?","R","E","M","BOSS","R","M","M","M","AVR","?","T","E","R","?","M","M","NM","$","M","BOSS","E","$","R","BOSS"],"items_purchased_type":["Relic","Card","Potion"],"build_version":"2020-12-22","purchased_purges":3,"victory":true,"max_hp_per_floor":[60,60,60,60,60,60,60,60,60,60,60,60,60,60,60,60,60,60,60,60,60,60,60,60,63,66,66,66,66,66,70,70,74,74,74,78,82,82,82,82,82,82,92,92,92,92,92,92,92,92,92,96,96,96,99],"card_choices":[{"not_picked":["Bandage Up","Dramatic Entrance"],"picked":"Replay:SS_forest_2","floor":0},{"not_picked":["Slimebound:Grow","Slimebound:FinishingTackle"],"picked":"Slimebound:LivingWall","floor":2},{"not_picked":["Slimebound:RainOfGoop","Slimebound:RollThrough"],"picked":"Slimebound:Prepare","floor":4},{"not_picked":["Slimebound:ItLooksTasty","Slimebound:ComboTackle"],"picked":"Slimebound:SamplingLick","floor":5},{"not_picked":["Slimebound:SplitLeeching","Slimebound:GoopSpray"],"picked":"Slimebound:LeadByExample","floor":9},{"not_picked":["Slimebound:LeadByExample","Slimebound:ComboTackle"],"picked":"Slimebound:LevelUp","floor":11},{"not_picked":["Slimebound:HauntingLick","Slimebound:SpikyOuterGoop","Slimebound:Equalize"],"picked":"SKIP","floor":12},{"not_picked":["Slimebound:MegaLick","Slimebound:LeechingTouch"],"picked":"Slimebound:Gluttony","floor":13},{"not_picked":["Slimebound:DivideAndConquer","Slimebound:WasteNot"],"picked":"Slimebound:MassRepurpose","floor":14},{"not_picked":["Slimebound:TongueLash","Slimebound:ForwardTackle"],"picked":"Slimebound:SplitMire","floor":15},{"not_picked":["Slimebound:CheckThePlaybook","Slimebound:SelfFormingGoo"],"picked":"Slimebound:DuplicatedForm","floor":16},{"not_picked":["Slimebound:DivideAndConquer","Slimebound:Equalize"],"picked":"Slimebound:SlimeTap+1","floor":19},{"not_picked":["Slimebound:ComboTackle","Slimebound:MegaLick"],"picked":"Slimebound:DivideAndConquer+1","floor":19},{"not_picked":["Slimebound:GrowthPunch+1","Slimebound:GoopTackle+1"],"picked":"Slimebound:MassFeed","floor":20},{"not_picked":["Slimebound:SplitLeeching","Slimebound:GoopSpray+1"],"picked":"Slimebound:AcidTongue+1","floor":20},{"not_picked":["Slimebound:SamplingLick+1","Slimebound:LeechEnergy"],"picked":"Slimebound:SplitBruiser+1","floor":25},{"not_picked":["Slimebound:ForwardTackle","Slimebound:ComboTackle"],"picked":"Slimebound:LeechEnergy+1","floor":25},{"not_picked":["Slimebound:LivingWall+1","Slimebound:SlimeSlap","Slimebound:LeechingTouch"],"picked":"SKIP","floor":26},{"not_picked":["Slimebound:TongueLash+1","Slimebound:SamplingLick","Slimebound:LeechEnergy"],"picked":"SKIP","floor":26},{"not_picked":["Slimebound:LeechingTouch","Slimebound:FinishingTackle"],"picked":"Slimebound:ProtectTheBoss+1","floor":29},{"not_picked":["Slimebound:DivideAndConquer","Slimebound:GoopTackle","Slimebound:SamplingLick"],"picked":"SKIP","floor":29},{"not_picked":["Slimebound:DivideAndConquer","Slimebound:GoopTackle","Slimebound:SamplingLick"],"picked":"SKIP","floor":29},{"not_picked":["Slimebound:PressTheAttack","Slimebound:WasteNot","Slimebound:SplitMire"],"picked":"SKIP","floor":31},{"not_picked":["Slimebound:PressTheAttack","Slimebound:SplitMire"],"picked":"Slimebound:WasteNot","floor":31},{"not_picked":["Slimebound:SplitBruiser","Slimebound:ProtectTheBoss"],"picked":"Slimebound:SamplingLick+1","floor":32},{"not_picked":["Slimebound:Recollect","Slimebound:Gluttony+1"],"picked":"Slimebound:SlimeSpikes","floor":32},{"not_picked":["Slimebound:PrepareCrush","Slimebound:DouseInSlime"],"picked":"Slimebound:OneTwoCombo","floor":33},{"not_picked":["Slimebound:Dissolve+1","Slimebound:Schlurp"],"picked":"Slimebound:PressTheAttack+1","floor":36},{"not_picked":["Slimebound:SamplingLick","Slimebound:SplitBruiser+1","Slimebound:GoopSpray"],"picked":"SKIP","floor":36},{"not_picked":["Slimebound:GrowthPunch+1","Slimebound:Recollect","Slimebound:ViciousTackle+1"],"picked":"SKIP","floor":37},{"not_picked":["Slimebound:SplitBruiser","Slimebound:GoopSpray+1","Slimebound:Recollect+1"],"picked":"SKIP","floor":37},{"not_picked":["Slimebound:SamplingLick","Slimebound:SplitLeeching+1"],"picked":"Slimebound:Overexert","floor":38},{"not_picked":["Slimebound:SamplingLick+1","Slimebound:HungryTackle","Slimebound:Gluttony"],"picked":"SKIP","floor":38},{"not_picked":["Slimebound:RollThrough+1","Slimebound:LeechingTouch+1","Slimebound:BestDefense+1"],"picked":"SKIP","floor":42},{"not_picked":["Slimebound:GrowthPunch+1","Slimebound:ViciousTackle","Slimebound:GoopTackle"],"picked":"SKIP","floor":45},{"not_picked":["Slimebound:SplitAcid","Slimebound:ProtectTheBoss","Slimebound:Recycling"],"picked":"SKIP","floor":45},{"not_picked":["Slimebound:SplitAcid+1","Slimebound:SlimeSpikes+1","Slimebound:SplitMire+1"],"picked":"SKIP","floor":46},{"not_picked":["Slimebound:Prepare+1","Slimebound:MegaLick","Slimebound:RollThrough"],"picked":"SKIP","floor":46},{"not_picked":["Slimebound:Schlurp","Slimebound:SplitBruiser","Slimebound:FinishingTackle"],"picked":"SKIP","floor":47},{"not_picked":["Slimebound:Recycling","Slimebound:PressTheAttack+1","Slimebound:ItLooksTasty"],"picked":"SKIP","floor":48},{"not_picked":["Slimebound:SplitMire+1","Slimebound:Grow"],"picked":"Slimebound:LevelUp+1","floor":49},{"not_picked":["Slimebound:SplitLeeching","Slimebound:HauntingLick+1","Slimebound:GoopSpray"],"picked":"SKIP","floor":49},{"not_picked":["Slimebound:ComboTackle+1","Slimebound:Recycling"],"picked":"Slimebound:SplitLeeching+1","floor":52}],"player_experience":1659409,"relics_obtained":[{"floor":7,"key":"hubris:DeckOfHolding"},{"floor":17,"key":"Toy Ornithopter"},{"floor":17,"key":"Snack Pack"},{"floor":17,"key":"Prayer Wheel"},{"floor":19,"key":"wanderingMiniBosses:Inkheart"},{"floor":24,"key":"hubris:FunFungus"},{"floor":31,"key":"Replay:WaspNest"},{"floor":42,"key":"Ice Cream"},{"floor":47,"key":"StuffTheSpire:Experiment12"},{"floor":52,"key":"aspiration:SeaSaltIceCream"}],"event_choices":[{"damage_healed":0,"gold_gain":0,"player_choice":"Box","damage_taken":0,"relics_obtained":["infinitespire:Joker Card"],"max_hp_gain":0,"max_hp_loss":0,"event_name":"Big Fish","floor":6,"gold_loss":0,"cards_obtained":["Regret"]},{"damage_healed":0,"gold_gain":0,"cards_transformed":["Slimebound:Strike_Slimebound","Slimebound:Strike_Slimebound"],"player_choice":"Became Test Subject","damage_taken":0,"max_hp_gain":0,"max_hp_loss":0,"event_name":"Drug Dealer","floor":21,"gold_loss":0,"cards_obtained":["Slimebound:RejuvenatingLick","Slimebound:RejuvenatingLick"]}],"is_beta":false,"boss_relics":[{"not_picked":["hubris:BlackHole","thethorton:GreedFountain"],"picked":"Calling Bell"},{"not_picked":["Replay:Bronze Core","hubris:HollowSoul"],"picked":"Astrolabe"}],"items_purged_floors":[14,39,48],"is_endless":false,"potions_floor_spawned":[2,5,9,13,16,31,32,36,38,47,49,52],"ascension_level":2}}