{"host":"w4b7hmige5bnqipq","time":1609468158,"event":{"mods":["2.2 Compatiblity","BaseMod","Colored Map","DeckTracker","Keyboard Shortcuts","Minty Spire (QoL Compilation)","Permanent Neow","Rare Cards Sparkle","SuperFastMode","everything is the same but u backflip on backflip","slay the spire mod where everything is the same but ironclad has a cowboy hat"],"gold_per_floor":[109,109,109,120,133,133,165,165,191,116,142,155,167,181,181,181,181],"floor_reached":16,"playtime":343,"items_purged":["Strike_R"],"score":218,"play_id":"facb5361-4be5-4e1e-8609-c76407d684ac","local_time":"20210101112918","is_ascension_mode":true,"campfire_choices":[{"data":"Rampage","floor":6.0,"key":"SMITH"},{"data":"Uppercut","floor":8.0,"key":"SMITH"},{"data":"Seeing Red","floor":15,"key":"SMITH"}],"circlet_count":0,"master_deck":["AscendersBane","Strike_R","Strike_R","Strike_R","Strike_R","Defend_R","Defend_R","Defend_R","Defend_R","Bash","Double Tap","Evolve","Rampage+1","Uppercut+1","Seeing Red+1","True Grit","Carnage"],"relics":["Burning Blood","Dream Catcher","Orichalcum","Strawberry","Ancient Tea Set"],"acts_visited":["Exordium"],"potions_floor_usage":[13],"damage_taken":[{"damage":14.0,"enemies":"Jaw Worm","floor":1.0,"turns":4.0},{"damage":5.0,"enemies":"Small Slimes","floor":4.0,"turns":3.0},{"damage":7.0,"enemies":"Cultist","floor":5.0,"turns":4.0},{"damage":25.0,"enemies":"3 Sentries","floor":7.0,"turns":5.0},{"damage":18.0,"enemies":"Lagavulin","floor":11.0,"turns":5.0},{"damage":15.0,"enemies":"3 Louse","floor":12.0,"turns":4.0},{"damage":1,"enemies":"Red Slaver","floor":13,"turns":3},{"damage":10,"enemies":"2 Fungi Beasts","floor":14,"turns":4},{"damage":23,"enemies":"Slime Boss","floor":16,"turns":3}],"seed_played":"5040617495360981634","potions_obtained":[{"floor":1.0,"key":"BlessingOfTheForge"},{"floor":3.0,"key":"DuplicationPotion"},{"floor":7.0,"key":"SmokeBomb"},{"floor":11.0,"key":"BlessingOfTheForge"},{"floor":13,"key":"Explosive Potion"}],"is_trial":false,"path_per_floor":["M","?","?","M","M","R","E","R","T","$","E","M","M","M","R","B"],"character_chosen":"IRONCLAD","items_purchased":[],"campfire_rested":0,"item_purchase_floors":[],"current_hp_per_floor":[60,55,55,56,55,55,36,36,43,43,31,22,27,23,23,0,0],"gold":181,"neow_bonus":"ONE_RANDOM_RARE_CARD","is_daily":false,"chose_seed":false,"campfire_upgraded":3,"win_rate":0.0,"timestamp":1609468158,"path_taken":["M","?","?","M","?","R","E","R","T","$","E","M","M","M","R","BOSS"],"items_purchased_type":[],"build_version":"2020-12-22","purchased_purges":1,"victory":false,"max_hp_per_floor":[75,75,75,75,75,75,75,75,82,82,82,82,82,82,82,82,82],"card_choices":[{"not_picked":["Rage","Flame Barrier"],"picked":"Evolve","floor":1.0},{"not_picked":["Flex","Anger","Combust"],"picked":"SKIP","floor":4.0},{"not_picked":["Body Slam","Metallicize"],"picked":"Rampage","floor":5.0},{"not_picked":["Reaper","Anger"],"picked":"Uppercut","floor":7.0},{"not_picked":["Sentinel","Evolve","Warcry"],"picked":"SKIP","floor":11.0},{"not_picked":["Clash","Disarm"],"picked":"Seeing Red","floor":12.0},{"not_picked":["Bloodletting","Armaments"],"picked":"True Grit","floor":13},{"not_picked":["Armaments","Anger"],"picked":"Carnage","floor":14}],"player_experience":446556,"relics_obtained":[{"floor":7.0,"key":"Orichalcum"},{"floor":9.0,"key":"Strawberry"},{"floor":11.0,"key":"Ancient Tea Set"}],"event_choices":[{"damage_healed":0.0,"max_hp_gain":0.0,"max_hp_loss":0.0,"gold_gain":0.0,"event_name":"Scrap Ooze","player_choice":"Success","floor":2.0,"gold_loss":0.0,"damage_taken":5.0,"relics_obtained":["Dream Catcher"]},{"damage_healed":0.0,"max_hp_gain":0.0,"max_hp_loss":0.0,"gold_gain":0.0,"event_name":"Lab","player_choice":"Got Potions","floor":3.0,"gold_loss":0.0,"damage_taken":0.0}],"is_beta":false,"boss_relics":[],"items_purged_floors":[10],"is_endless":false,"potions_floor_spawned":[1,5,7,11,13],"killed_by":"Slime Boss","ascension_level":19}}