{"host":"1zfbckszmdcrhnfi","time":1609532554,"event":{"mods":["AchievementEnabler","BaseMod","Colored Map","Downfall","Minty Spire (QoL Compilation)","Quick Restart","Shop Mod","StSLib","The Cursed"],"gold_per_floor":[99,112,97,97,197,210,210,227,239,249,249,266,284,313,326,430,480,255,266,276,38,123,137,137,98,117,149,165,184,184,199,215,310,310,310,329,327,327,344,363,409,436,436,436,446,477,477,489,502,502,502,534,295,295,295],"floor_reached":56,"playtime":7302,"items_purged":["sneckomod:Unknown","sneckomod:Unknown"],"score":1312,"play_id":"7e37b406-2203-4ca7-a8d3-0f0a56bef63c","local_time":"20210102042234","is_ascension_mode":true,"campfire_choices":[{"floor":1.0,"key":"RECALL"},{"data":"sneckomod:UnknownUncommonAttack","floor":18.0,"key":"SMITH"},{"floor":30.0,"key":"REST"},{"floor":35.0,"key":"REST"},{"floor":44.0,"key":"REST"},{"floor":54,"key":"REST"}],"circlet_count":0,"master_deck":["sneckomod:Strike","sneckomod:Strike","sneckomod:Strike","sneckomod:Defend","sneckomod:Defend+1","sneckomod:Defend","sneckomod:TailWhip","sneckomod:SnekBite+1","sneckomod:DefensiveFlair","sneckomod:SoulExchange+1","sneckomod:UnknownUncommonAttack+1","sneckomod:UnknownUncommonAttack+1","sneckomod:SnakeSap","sneckomod:UnknownStrike","sneckomod:UnknownWeak+1","sneckomod:UnknownCommonSkill+1","sneckomod:SoulCleanse+1","sneckomod:TrashToTreasure","sneckomod:UnknownStrike+1","sneckomod:Nope","sneckomod:Nope+1"],"relics":["Runic Pyramid","White Beast Statue","Sundial","Tiny House","downfall:HeartBlessingRed","downfall:HeartBlessingGreen","downfall:HeartBlessingBlue","Sling","Blood Vial","Dead Branch","Fusion Hammer","Bottled Lightning","Juzu Bracelet","InkBottle","War Paint","Mercury Hourglass","Bronze Scales","Pantograph"],"acts_visited":["Exordium","TheCity","TheBeyond","TheEnding"],"potions_floor_usage":[55],"damage_taken":[{"damage":0.0,"enemies":"2 Louse","floor":2.0,"turns":2.0},{"damage":0.0,"enemies":"downfall:FleeingMerchant","floor":3.0,"turns":4.0},{"damage":18.0,"enemies":"downfall:LadyInBlue","floor":5.0,"turns":11.0},{"damage":4.0,"enemies":"Jaw Worm","floor":6.0,"turns":4.0},{"damage":0.0,"enemies":"Cultist","floor":8.0,"turns":3.0},{"damage":1.0,"enemies":"Exordium Wildlife","floor":9.0,"turns":3.0},{"damage":5.0,"enemies":"Lots of Slimes","floor":10.0,"turns":3.0},{"damage":2.0,"enemies":"3 Louse","floor":12.0,"turns":5.0},{"damage":0.0,"enemies":"Exordium Wildlife","floor":13.0,"turns":3.0},{"damage":7.0,"enemies":"3 Sentries","floor":14.0,"turns":9.0},{"damage":2.0,"enemies":"Blue Slaver","floor":15.0,"turns":6.0},{"damage":25.0,"enemies":"downfall:Silent","floor":16.0,"turns":8.0},{"damage":6.0,"enemies":"Chosen","floor":19.0,"turns":3.0},{"damage":2.0,"enemies":"Spheric Guardian","floor":20.0,"turns":3.0},{"damage":0.0,"enemies":"downfall:FleeingMerchant","floor":21.0,"turns":4.0},{"damage":6.0,"enemies":"Snecko","floor":23.0,"turns":6.0},{"damage":0.0,"enemies":"downfall:FleeingMerchant","floor":25.0,"turns":4.0},{"damage":7.0,"enemies":"Centurion and Healer","floor":26.0,"turns":7.0},{"damage":49.0,"enemies":"Slavers","floor":27.0,"turns":8.0},{"damage":0.0,"enemies":"Snake Plant","floor":28.0,"turns":1.0},{"damage":0.0,"enemies":"Snecko","floor":29.0,"turns":2.0},{"damage":1.0,"enemies":"Centurion and Healer","floor":31.0,"turns":4.0},{"damage":3.0,"enemies":"3 Cultists","floor":32.0,"turns":5.0},{"damage":3.0,"enemies":"downfall:Watcher","floor":33.0,"turns":4.0},{"damage":0.0,"enemies":"Orb Walker","floor":36.0,"turns":2.0},{"damage":0.0,"enemies":"downfall:FleeingMerchant","floor":37.0,"turns":3.0},{"damage":3.0,"enemies":"3 Shapes","floor":39.0,"turns":3.0},{"damage":0.0,"enemies":"3 Darklings","floor":40.0,"turns":3.0},{"damage":0.0,"enemies":"Giant Head","floor":42.0,"turns":3.0},{"damage":0.0,"enemies":"Maw","floor":45.0,"turns":6.0},{"damage":10.0,"enemies":"Reptomancer","floor":46.0,"turns":5.0},{"damage":3.0,"enemies":"4 Shapes","floor":48.0,"turns":3.0},{"damage":12,"enemies":"Spire Growth","floor":49,"turns":3},{"damage":18,"enemies":"downfall:Defect","floor":50,"turns":7},{"damage":30,"enemies":"downfall:CharBossMerchant","floor":52,"turns":4},{"damage":9,"enemies":"downfall:NeowBoss","floor":55,"turns":18}],"seed_played":"-1124180296898283314","potions_obtained":[{"floor":2.0,"key":"LiquidBronze"},{"floor":5.0,"key":"sneckomod:DiceRollPotion"},{"floor":5.0,"key":"ColorlessPotion"},{"floor":5.0,"key":"SteroidPotion"},{"floor":6.0,"key":"EssenceOfSteel"},{"floor":8.0,"key":"Explosive Potion"},{"floor":13.0,"key":"Strength Potion"},{"floor":14.0,"key":"hexamod:EctoCoolerPotion"},{"floor":15.0,"key":"Fire Potion"},{"floor":16.0,"key":"Weak Potion"},{"floor":17.0,"key":"Energy Potion"},{"floor":19.0,"key":"Dexterity Potion"},{"floor":20.0,"key":"FearPotion"},{"floor":21.0,"key":"AttackPotion"},{"floor":23.0,"key":"hexamod:EctoCoolerPotion"},{"floor":27.0,"key":"PowerPotion"},{"floor":28.0,"key":"Guardian:BlockOnCardUsePotion"},{"floor":29.0,"key":"ColorlessPotion"},{"floor":31.0,"key":"Guardian:BlockOnCardUsePotion"},{"floor":32.0,"key":"Fire Potion"},{"floor":33.0,"key":"hexamod:EctoCoolerPotion"},{"floor":36.0,"key":"Fire Potion"},{"floor":39.0,"key":"AttackPotion"},{"floor":40.0,"key":"Regen Potion"},{"floor":45.0,"key":"SteroidPotion"},{"floor":46.0,"key":"Weak Potion"},{"floor":48.0,"key":"Guardian:BlockOnCardUsePotion"}],"is_trial":false,"path_per_floor":["R","M","$","?","?","M","T","M","M","M","?","M","M","E","M","B",null,"R","M","M","$","?","M","T","$","M","E","M","M","R","M","M","B",null,"R","M","$","?","M","M","T","E","?","R","M","E","T","M","M","B",null,"E","$","R","B",null],"character_chosen":"THE_SNECKO","items_purchased":["Sling","sneckomod:UnknownStrike","Bottled Lightning","Pantograph"],"campfire_rested":4,"item_purchase_floors":[21,25,37,53],"current_hp_per_floor":[90,90,90,90,72,68,68,68,67,62,62,60,65,58,56,31,95,105,99,97,97,83,77,77,79,74,27,29,31,62,63,62,61,105,105,105,105,105,102,104,104,105,105,105,105,95,95,94,84,68,105,75,75,105,105],"gold":295,"neow_bonus":"BOSS_RELIC","is_daily":false,"chose_seed":false,"campfire_upgraded":1,"win_rate":0.0,"timestamp":1609532554,"path_taken":["R","M","$","?","?","M","T","M","?","M","?","?","M","E","M","BOSS","R","M","M","$","?","M","T","$","M","E","M","M","R","M","M","BOSS","R","M","$","?","M","M","T","E","?","R","M","E","?","M","M","BOSS","E","$","R","BOSS"],"items_purchased_type":["Relic","Card","Relic","Relic"],"build_version":"2020-12-22","purchased_purges":2,"victory":true,"max_hp_per_floor":[90,90,90,90,90,90,90,90,90,90,90,90,90,90,90,90,95,105,105,105,105,105,105,105,105,105,105,105,105,105,105,105,105,105,105,105,105,105,105,105,105,105,105,105,105,105,105,105,105,105,105,105,105,105,105],"card_choices":[{"not_picked":["sneckomod:RainOfDice","sneckomod:Unknown1Cost","sneckomod:Nope"],"picked":"SKIP","floor":2.0},{"not_picked":["sneckomod:UnknownUncommonSkill","sneckomod:RainOfDice","sneckomod:UnknownCommonSkill"],"picked":"SKIP","floor":3.0},{"not_picked":["sneckomod:IronFang","sneckomod:UnknownBlock"],"picked":"sneckomod:ImprovisedGuard","floor":6.0},{"not_picked":["sneckomod:IronFang","sneckomod:DiceCrush"],"picked":"sneckomod:DefensiveFlair","floor":8.0},{"not_picked":["sneckomod:MorePower","sneckomod:DiceBoulder","sneckomod:MasterEye"],"picked":"SKIP","floor":9.0},{"not_picked":["sneckomod:IronFang","sneckomod:UnknownBlock","sneckomod:UnknownUncommonSkill"],"picked":"SKIP","floor":10.0},{"not_picked":["sneckomod:UnknownVulnerable","sneckomod:QuickMove","sneckomod:Unknown2Cost"],"picked":"SKIP","floor":12.0},{"not_picked":["sneckomod:QuickMove","sneckomod:DiceCrush","sneckomod:UnknownClassHEXA_GHOST_PURPLE"],"picked":"SKIP","floor":13.0},{"not_picked":["sneckomod:UnknownBlock","sneckomod:UnknownClassPURPLE","sneckomod:DiceBlock"],"picked":"SKIP","floor":14.0},{"not_picked":["sneckomod:WideSting","sneckomod:QuickMove","sneckomod:UnknownCommonAttack"],"picked":"SKIP","floor":15.0},{"not_picked":["sneckomod:UnknownRarePower","sneckomod:Restock"],"picked":"sneckomod:SoulExchange","floor":16.0},{"not_picked":["sneckomod:UnknownX","sneckomod:UnknownUncommonSkill"],"picked":"sneckomod:UnknownUncommonAttack","floor":17.0},{"not_picked":["sneckomod:SoulDraw","sneckomod:UnknownClassTHE_CHAMP_GRAY"],"picked":"sneckomod:UnknownUncommonAttack+1","floor":19.0},{"not_picked":["sneckomod:UnknownStrike","sneckomod:UnknownUncommonAttack+1","sneckomod:SoulDraw+1"],"picked":"SKIP","floor":20.0},{"not_picked":["sneckomod:DiceBlock","sneckomod:UnknownUncommonPower+1","sneckomod:UnknownUncommonSkill"],"picked":"SKIP","floor":21.0},{"not_picked":["sneckomod:UnknownUncommonAttack","sneckomod:Unknown1Cost","sneckomod:UnknownVulnerable"],"picked":"SKIP","floor":23.0},{"not_picked":["sneckomod:Unknown1Cost","sneckomod:QuickMove+1"],"picked":"sneckomod:SnakeSap","floor":25.0},{"not_picked":["sneckomod:QuickMove+1","sneckomod:UnknownStrike"],"picked":"sneckomod:UnknownWeak+1","floor":26.0},{"not_picked":["sneckomod:UnknownX","sneckomod:MorePower"],"picked":"sneckomod:UnknownCommonSkill","floor":27.0},{"not_picked":["sneckomod:IronFang","sneckomod:UnknownClassBLUE+1"],"picked":"sneckomod:SoulCleanse+1","floor":28.0},{"not_picked":["sneckomod:UnknownBlock+1","sneckomod:Nope","sneckomod:IronFang"],"picked":"SKIP","floor":29.0},{"not_picked":["sneckomod:DiceBlock","sneckomod:UnknownCommonSkill+1"],"picked":"sneckomod:TrashToTreasure","floor":31.0},{"not_picked":["sneckomod:UnlimitedRolls","sneckomod:DiceBoulder","sneckomod:UnknownEthereal"],"picked":"SKIP","floor":32.0},{"not_picked":["sneckomod:UnknownStrike","sneckomod:MasterEye+1","sneckomod:SnakeSap"],"picked":"SKIP","floor":36.0},{"not_picked":["sneckomod:Unknown1Cost","sneckomod:UnknownRareAttack","sneckomod:RainOfDice"],"picked":"SKIP","floor":37.0},{"not_picked":["sneckomod:UnknownEthereal","sneckomod:UnknownBlock","sneckomod:UnknownClassSLIMEBOUND"],"picked":"SKIP","floor":39.0},{"not_picked":["sneckomod:UnknownBlock+1","sneckomod:IronFang"],"picked":"sneckomod:UnknownStrike+1","floor":40.0},{"not_picked":["sneckomod:ImprovisedAttack","sneckomod:Unknown0Cost+1","sneckomod:UnknownEthereal"],"picked":"SKIP","floor":42.0},{"not_picked":["sneckomod:RainOfDice","sneckomod:QuickBite","sneckomod:Unknown0Cost+1"],"picked":"SKIP","floor":45.0},{"not_picked":["sneckomod:Unknown2Cost","sneckomod:DiceBlock+1","sneckomod:UnknownUncommonAttack+1"],"picked":"SKIP","floor":46.0},{"not_picked":["sneckomod:Unknown2Cost","sneckomod:DiceBlock+1","sneckomod:UnknownUncommonAttack+1"],"picked":"SKIP","floor":46.0},{"not_picked":["sneckomod:UnknownCommonSkill","sneckomod:MasterEye+1","sneckomod:UnknownWeak"],"picked":"SKIP","floor":48.0},{"not_picked":["sneckomod:UnknownWeak","sneckomod:DiceBoulder"],"picked":"sneckomod:Nope","floor":49},{"not_picked":["sneckomod:SlitherStrike+1","sneckomod:UnknownCommonSkill+1"],"picked":"sneckomod:Nope+1","floor":52}],"player_experience":199377,"relics_obtained":[{"floor":5.0,"key":"White Beast Statue"},{"floor":14.0,"key":"Sundial"},{"floor":24.0,"key":"Blood Vial"},{"floor":27.0,"key":"Dead Branch"},{"floor":41.0,"key":"Juzu Bracelet"},{"floor":42.0,"key":"InkBottle"},{"floor":46.0,"key":"War Paint"},{"floor":47.0,"key":"Mercury Hourglass"},{"floor":52,"key":"Bronze Scales"}],"event_choices":[{"damage_healed":0.0,"max_hp_gain":0.0,"max_hp_loss":0.0,"gold_gain":0.0,"event_name":"Upgrade Shrine","player_choice":"Upgraded","floor":11.0,"gold_loss":0.0,"damage_taken":0.0,"cards_upgraded":["sneckomod:SnekBite"]},{"cards_removed":["sneckomod:ImprovisedGuard"],"damage_healed":0.0,"max_hp_gain":0.0,"max_hp_loss":0.0,"gold_gain":0.0,"event_name":"Falling","player_choice":"Removed Skill","floor":38.0,"gold_loss":0.0,"damage_taken":0.0}],"is_beta":false,"boss_relics":[{"not_picked":["SlaversCollar","Snecko Eye"],"picked":"Tiny House"},{"not_picked":["Velvet Choker","Runic Dome"],"picked":"Fusion Hammer"}],"items_purged_floors":[21,37],"is_endless":false,"potions_floor_spawned":[2,6,8,9,10,12,13,14,15,16,19,20,21,23,25,26,27,28,29,31,32,33,36,37,39,40,42,45,46,48,49,52],"ascension_level":1}}