{"host":"yuhy0i501zzmn1iz","time":1609467313,"event":{"mods":["AchievementEnabler","AlwaysNeverKeys","BaseMod","Bestiary","Better Match","Better Third Choice","Curses Come First","Downfall","Minty Spire (QoL Compilation)","StSLib","The Blue Laboratory","slay the spire mod where everything is the same but ironclad has a cowboy hat"],"gold_per_floor":[119,135,135,135,85,85,111,124,124,143,154,154,76,90,90,186,186,201,201,126,136,61,61,81,110,179,23,23,23,57,69,69,165,165,184,184,6,6,106,106,120,44,44,44,55,0,0,14,14,14,14,14,14,41,41,41],"floor_reached":55,"playtime":2473,"items_purged":["Anger","Evolve"],"score":773,"play_id":"79e4a9ea-fb51-4944-aafa-78d2a880311a","local_time":"20201231211513","is_ascension_mode":true,"campfire_choices":[{"data":"Metallicize","floor":6.0,"key":"SMITH"},{"data":"Body Slam","floor":12,"key":"SMITH"},{"data":"Entrench","floor":15,"key":"SMITH"},{"floor":23,"key":"REST"},{"data":"Demon Form","floor":28,"key":"SMITH"},{"floor":32,"key":"REST"},{"floor":40,"key":"RECALL"},{"data":"Rage","floor":44,"key":"SMITH"},{"floor":49,"key":"REST"},{"data":"Pummel","floor":52,"key":"SMITH"}],"circlet_count":0,"master_deck":["Bash","Metallicize+1","Body Slam+1","Shrug It Off+1","Whirlwind","Entrench+1","Immolate","Double Tap","Sword Boomerang","Demon Form+1","Rage+1","Feed","Offering","Brutality","Hemokinesis","Flame Barrier+1","Rage+1","Inflame","Pummel+1","Rupture+1","Double Tap+1","Combust+1","Swift Strike","Metallicize+1","Sentinel+1","Disarm+1","Body Slam+1","Blood for Blood+1","Berserk+1"],"relics":["Burning Blood","NeowsBlessing","HornCleat","Centennial Puzzle","Pandora\u0027s Box","Enchiridion","Toxic Egg 2","Frozen Egg 2","Juzu Bracelet","Akabeko","Sozu","Red Mask","Darkstone Periapt","Lantern"],"acts_visited":["Exordium","TheCity","TheBeyond","TheEnding"],"potions_floor_usage":[16,25,33,33,33,33],"damage_taken":[{"damage":0.0,"enemies":"2 Louse","floor":1.0,"turns":1.0},{"damage":0.0,"enemies":"Jaw Worm","floor":2.0,"turns":1.0},{"damage":0.0,"enemies":"3 Sentries","floor":7.0,"turns":1.0},{"damage":4.0,"enemies":"Small Slimes","floor":8.0,"turns":3.0},{"damage":12.0,"enemies":"3 Louse","floor":10.0,"turns":7.0},{"damage":3,"enemies":"Looter","floor":11,"turns":3},{"damage":2,"enemies":"Exordium Wildlife","floor":14,"turns":6},{"damage":67,"enemies":"Slime Boss","floor":16,"turns":12},{"damage":24,"enemies":"2 Thieves","floor":18,"turns":3},{"damage":13,"enemies":"Chosen","floor":21,"turns":3},{"damage":9,"enemies":"Snake Plant","floor":24,"turns":3},{"damage":9,"enemies":"Gremlin Leader","floor":25,"turns":3},{"damage":44,"enemies":"Slavers","floor":30,"turns":5},{"damage":17,"enemies":"Centurion and Healer","floor":31,"turns":4},{"damage":28,"enemies":"Champ","floor":33,"turns":7},{"damage":8,"enemies":"3 Darklings","floor":35,"turns":1},{"damage":9,"enemies":"3 Shapes","floor":41,"turns":2},{"damage":12,"enemies":"Jaw Worm Horde","floor":45,"turns":3},{"damage":32,"enemies":"Sphere and 2 Shapes","floor":48,"turns":4},{"damage":55,"enemies":"Time Eater","floor":50,"turns":8},{"damage":51,"enemies":"Shield and Spear","floor":54,"turns":6},{"damage":48,"enemies":"The Heart","floor":55,"turns":3}],"seed_played":"6917645522370798020","potions_obtained":[{"floor":2.0,"key":"FearPotion"},{"floor":10,"key":"SpeedPotion"},{"floor":14,"key":"blueLaboratory:IronCompound"},{"floor":16,"key":"FearPotion"},{"floor":21,"key":"EntropicBrew"},{"floor":31,"key":"Strength Potion"}],"is_trial":false,"path_per_floor":["M","M","?","?","?","R","E","M","T","M","M","R","$","M","R","B",null,"M","?","$","M","?","R","M","E","T","$","R","$","E","M","R","B",null,"M","?","$","?","?","R","M","$","T","R","M","?","T","M","R","B",null,"R","$","E","B"],"character_chosen":"IRONCLAD","items_purchased":["Entrench","Juzu Bracelet","Metallicize+1","Disarm+1"],"campfire_rested":3,"item_purchase_floors":[13,27,37,42],"current_hp_per_floor":[80,80,80,80,80,80,80,80,80,74,77,77,77,80,80,19,80,65,49,49,42,42,66,63,60,60,60,60,60,22,14,39,17,86,84,84,84,84,84,84,81,81,81,81,75,75,75,49,74,25,86,86,86,41,0,0],"gold":41,"neow_bonus":"THREE_ENEMY_KILL","is_daily":false,"chose_seed":false,"campfire_upgraded":6,"win_rate":0.0,"timestamp":1609467313,"path_taken":["M","M","?","?","?","R","E","M","T","M","M","R","$","M","R","BOSS","M","?","$","M","?","R","M","E","T","$","R","$","E","M","R","BOSS","M","?","$","?","?","R","M","?","T","R","M","?","?","M","R","BOSS","R","$","E","BOSS"],"items_purchased_type":["Card","Relic","Card","Card"],"build_version":"2020-12-22","purchased_purges":2,"victory":false,"max_hp_per_floor":[80,80,80,80,80,80,80,80,80,80,80,80,80,80,80,80,80,83,83,83,83,83,83,83,83,83,83,83,83,83,86,86,86,86,86,86,86,86,86,86,86,86,86,86,86,86,86,86,86,86,86,86,86,86,86,86],"card_choices":[{"not_picked":["Pommel Strike","Heavy Blade"],"picked":"Metallicize","floor":1.0},{"not_picked":["Infernal Blade","Cleave"],"picked":"Evolve","floor":2.0},{"not_picked":["Wild Strike","Havoc","Anger"],"picked":"SKIP","floor":7.0},{"not_picked":["Sentinel","Wild Strike"],"picked":"Body Slam","floor":8.0},{"not_picked":["Disarm","Headbutt"],"picked":"Shrug It Off","floor":10},{"not_picked":["Heavy Blade","Dual Wield"],"picked":"Whirlwind","floor":11},{"not_picked":["Thunderclap","Perfected Strike"],"picked":"Immolate","floor":14},{"not_picked":["Offering","Limit Break"],"picked":"Double Tap","floor":16},{"not_picked":["Clash","Seeing Red"],"picked":"Flame Barrier+1","floor":18},{"not_picked":["Sever Soul","Shockwave"],"picked":"Rage+1","floor":21},{"not_picked":["Clothesline","Thunderclap"],"picked":"Inflame","floor":24},{"not_picked":["Thunderclap","Headbutt","Anger"],"picked":"SKIP","floor":25},{"not_picked":["Havoc+1","Bloodletting+1"],"picked":"Pummel","floor":30},{"not_picked":["Wild Strike","Headbutt"],"picked":"Rupture+1","floor":31},{"not_picked":["Fiend Fire","Offering+1"],"picked":"Double Tap+1","floor":33},{"not_picked":["Flex+1","Thunderclap"],"picked":"Combust+1","floor":35},{"not_picked":["expansioncontent:StudyTheSpire+1","expansioncontent:HyperBeam"],"picked":"Swift Strike","floor":36},{"not_picked":["Clothesline+1","Body Slam"],"picked":"Sentinel+1","floor":41},{"not_picked":["Wild Strike+1","Pommel Strike"],"picked":"Body Slam+1","floor":45},{"not_picked":["Clothesline+1","Evolve+1"],"picked":"Blood for Blood+1","floor":48},{"not_picked":["Feel No Pain+1","Sword Boomerang+1"],"picked":"Berserk+1","floor":54}],"player_experience":251277,"relics_obtained":[{"floor":7.0,"key":"HornCleat"},{"floor":9.0,"key":"Centennial Puzzle"},{"floor":19,"key":"Enchiridion"},{"floor":25,"key":"Toxic Egg 2"},{"floor":26,"key":"Frozen Egg 2"},{"floor":30,"key":"Akabeko"},{"floor":47,"key":"Darkstone Periapt"},{"floor":54,"key":"Lantern"}],"event_choices":[{"damage_healed":0.0,"max_hp_gain":0.0,"max_hp_loss":0.0,"gold_gain":0.0,"event_name":"Golden Wing","player_choice":"Ignored","floor":3.0,"gold_loss":0.0,"damage_taken":0.0},{"damage_healed":80.0,"max_hp_gain":0.0,"max_hp_loss":80.0,"gold_gain":0.0,"event_name":"betterThird:BetterShining","player_choice":"Embrace Burn","floor":4.0,"gold_loss":0.0,"damage_taken":0.0},{"cards_removed":["Burn"],"damage_healed":0.0,"max_hp_gain":0.0,"max_hp_loss":0.0,"gold_gain":0.0,"event_name":"The Cleric","player_choice":"Card Removal","floor":5.0,"gold_loss":50.0,"damage_taken":0.0},{"damage_healed":0,"gold_gain":0,"player_choice":"Obtained Book","damage_taken":16,"max_hp_gain":0,"max_hp_loss":0,"event_name":"Cursed Tome","floor":19,"gold_loss":0},{"cards_removed":["Clash"],"damage_healed":0,"gold_gain":0,"player_choice":"Gave Gold","damage_taken":0,"max_hp_gain":0,"max_hp_loss":0,"event_name":"Beggar","floor":22,"gold_loss":75},{"damage_healed":0,"gold_gain":0,"player_choice":"Memory 1","damage_taken":0,"max_hp_gain":0,"max_hp_loss":0,"event_name":"SensoryStone","floor":36,"gold_loss":0},{"damage_healed":0,"gold_gain":0,"player_choice":"Upgraded","damage_taken":0,"max_hp_gain":0,"max_hp_loss":0,"event_name":"Upgrade Shrine","floor":38,"gold_loss":0,"cards_upgraded":["Shrug It Off"]},{"damage_healed":0,"gold_gain":100,"player_choice":"Pray","damage_taken":0,"max_hp_gain":0,"max_hp_loss":0,"event_name":"Golden Shrine","floor":39,"gold_loss":0},{"damage_healed":0,"gold_gain":0,"player_choice":"Paid","damage_taken":0,"relics_obtained":["Red Mask"],"max_hp_gain":0,"max_hp_loss":0,"event_name":"Tomb of Lord Red Mask","floor":46,"gold_loss":55}],"is_beta":false,"boss_relics":[{"not_picked":["Tiny House","Cursed Key"],"picked":"Pandora\u0027s Box"},{"not_picked":["Fusion Hammer","Calling Bell"],"picked":"Sozu"}],"items_purged_floors":[20,37],"is_endless":false,"potions_floor_spawned":[2,10,14,16,21,24,31,35,45],"killed_by":"The Heart","ascension_level":2}}