{"host":"474oh00kq6ni8dn3","time":1609464106,"event":{"mods":["AchievementEnabler","Aspiration","Bartender","BaseMod","Bestiary","Clockwork Mod","Colored Map","Colored Powertips","Conspire","Custom Start","Defuse TimeMaze Blight","Downfall","GifTheSpireLib","Googly Eyes","GungeonMod","Halation","Hubris","Infinite Spire","Jedi Mod","Lobotomy","LobotomyExtend","Minty Spire (QoL Compilation)","Permanent Neow","Quick Restart","Random Character Button","Replay The Spire","Shop Mod","StSLib","Stuff the Spire","The Construct","The Factory","The Jungle","Trackpad","Unceasing Turn Reminder","thorton","vexMod"],"gold_per_floor":[115,133,146,146,146,175,175,307,384,384,384,403,419,559,559,658,658,658,668,52,63,83,83,83],"floor_reached":23,"playtime":889,"items_purged":["Strike_R"],"score":232,"play_id":"a6e42cc1-19bb-4a3d-87d5-d2d08d0c064e","local_time":"20210101012146","is_ascension_mode":true,"campfire_choices":[{"data":"infinitespire:Gouge","floor":7,"key":"SMITH"},{"floor":11,"key":"REST"},{"data":"Body Slam","floor":15,"key":"SMITH"}],"circlet_count":0,"master_deck":["Strike_R","Strike_R","Strike_R","Strike_R","Defend_R","Defend_R+1","Defend_R","Defend_R","Bash","Sword Boomerang","Body Slam+1","Body Slam","infinitespire:Gouge+1","Ghostly Armor","Double Tap","Armaments","True Grit","Flame Barrier+1","Ghostly Armor+1","conspire:ExplosiveBarrier","Armaments"],"relics":["hubris:CrackedHourglass","LetterFromLob","StuffTheSpire:TintedRock","aspiration:Lifesprig","halation:SelfBoilingWater","halation:PinkSoulGem","Lantern","conspire:RoyalGoblet","Thread and Needle","Orrery"],"acts_visited":["Exordium","Exordium"],"potions_floor_usage":[13,16,23],"damage_taken":[{"damage":2,"enemies":"Jaw Worm","floor":1,"turns":3},{"damage":6,"enemies":"Small Slimes","floor":2,"turns":3},{"damage":0,"enemies":"Cultist","floor":3,"turns":2},{"damage":14,"enemies":"3 Sentries","floor":6,"turns":9},{"damage":21,"enemies":"Lagavulin","floor":8,"turns":5},{"damage":7,"enemies":"Exordium Thugs","floor":12,"turns":3},{"damage":0,"enemies":"Large Slime","floor":13,"turns":4},{"damage":8,"enemies":"3 Sentries","floor":14,"turns":6},{"damage":4,"enemies":"Hexaghost","floor":16,"turns":6},{"damage":17,"enemies":"theJungle:5_Spyders","floor":19,"turns":7},{"damage":4,"enemies":"theJungle:GiantWrat","floor":21,"turns":6},{"damage":29,"enemies":"theJungle:JungleHuntersEncounter","floor":22,"turns":6},{"damage":32,"enemies":"theJungle:Cassacara","floor":23,"turns":8}],"seed_played":"-441607818646763145","potions_obtained":[{"floor":1,"key":"DistilledChaos"},{"floor":3,"key":"Flashbang"},{"floor":6,"key":"PowerPotion"},{"floor":13,"key":"champ:CounterPotion"},{"floor":16,"key":"Explosive Potion"}],"is_trial":false,"path_per_floor":["M","M","M","?","?","E","R","E","T","?","R","M","M","E","R","B",null,"M","M","$","M","M","E"],"character_chosen":"IRONCLAD","items_purchased":["Armaments","True Grit","Thread and Needle","Orrery"],"campfire_rested":1,"item_purchase_floors":[20,20,20,20],"current_hp_per_floor":[78,72,72,51,51,37,37,16,16,16,40,33,33,25,25,21,80,80,63,63,59,30,0,0],"gold":83,"neow_bonus":"BOSS_RELIC","is_daily":false,"chose_seed":false,"campfire_upgraded":2,"win_rate":0.0,"timestamp":1609464106,"path_taken":["M","M","M","?","?","E","R","E","T","?","R","M","M","E","R","BOSS","M","M","$","M","M","E"],"items_purchased_type":["Card","Card","Relic","Relic"],"build_version":"2020-12-22","purchased_purges":1,"victory":false,"max_hp_per_floor":[80,80,80,80,80,80,80,80,80,80,80,80,80,80,80,80,80,80,80,80,80,80,80,80],"card_choices":[{"not_picked":["StuffTheSpire:BloodClot","Headbutt"],"picked":"Sword Boomerang","floor":1},{"not_picked":["jedi:fear","Warcry"],"picked":"Body Slam","floor":2},{"not_picked":["Anger","Twin Strike"],"picked":"Body Slam","floor":3},{"not_picked":["infinitespire:UltimateForm","ReplayTheSpireMod:Black Plague"],"picked":"infinitespire:Gouge","floor":4},{"not_picked":["StuffTheSpire:Incineration","Fiend Fire","Abandon"],"picked":"SKIP","floor":6},{"not_picked":["Defy Death","jedi:fear","Clothesline"],"picked":"SKIP","floor":8},{"not_picked":["Dual Wield","Clothesline","jedi:collectorstrike"],"picked":"SKIP","floor":12},{"not_picked":["Sword Boomerang","Shockwave"],"picked":"Ghostly Armor","floor":13},{"not_picked":["Fiend Fire","Clash","Replay:Undeath\u0027s Touch"],"picked":"SKIP","floor":14},{"not_picked":["Bludgeon","Corruption"],"picked":"Double Tap","floor":16},{"not_picked":["Anger","Run Through","Twin Strike"],"picked":"SKIP","floor":19},{"not_picked":["Armaments","Pommel Strike+1"],"picked":"Flame Barrier+1","floor":20},{"not_picked":["Clothesline+1","jedi:collectorstrike"],"picked":"Ghostly Armor+1","floor":20},{"not_picked":["Clash","Warcry"],"picked":"conspire:ExplosiveBarrier","floor":21},{"not_picked":["StuffTheSpire:Incineration+1","Pummel"],"picked":"Armaments","floor":22}],"player_experience":57940,"relics_obtained":[{"floor":1,"key":"LetterFromLob"},{"floor":6,"key":"StuffTheSpire:TintedRock"},{"floor":8,"key":"aspiration:Lifesprig"},{"floor":9,"key":"halation:SelfBoilingWater"},{"floor":14,"key":"Lantern"}],"event_choices":[],"is_beta":false,"boss_relics":[{"not_picked":["StuffTheSpire:ModemDavis","infinitespire:Cupcake"],"picked":"conspire:RoyalGoblet"}],"items_purged_floors":[20],"is_endless":false,"potions_floor_spawned":[1,3,6,13,16,21,22],"killed_by":"theJungle:Cassacara","ascension_level":2}}