{"host":"hnrafgucdht3qvsp","time":1609543152,"event":{"mods":["BaseMod","Colored Map","Minty Spire (QoL Compilation)","Relic Stats","StSLib"],"gold_per_floor":[114,189,208,208,208,240,22,38,38,53,80,80,92,105,105,202,252,264,280,280,330,344,344,378,378,378],"floor_reached":25,"playtime":1153,"items_purged":["Underhanded Strike"],"score":400,"play_id":"01b5f42b-126d-4dcf-b292-253d61065554","local_time":"20210101181912","is_ascension_mode":true,"campfire_choices":[{"data":"Bouncing Flask","floor":12,"key":"SMITH"},{"data":"Neutralize","floor":15,"key":"SMITH"},{"data":"Noxious Fumes","floor":23,"key":"SMITH"}],"circlet_count":0,"master_deck":["Strike_G","Strike_G","Strike_G","Strike_G","Defend_G","Defend_G","Defend_G","Defend_G","Defend_G","Survivor","Neutralize+1","PiercingWail+1","Dagger Throw","Bullet Time","Predator","Bouncing Flask+1","Backflip","Poisoned Stab","Corpse Explosion","Envenom","Footwork","Noxious Fumes+1","Necronomicurse","Backflip+1","Bane+1"],"relics":["Coffee Dripper","Bottled Lightning","Snake Skull","Ninja Scroll","Tiny House","Necronomicon","Shovel"],"acts_visited":["TheCity"],"potions_floor_usage":[6,16,16,18,24],"damage_taken":[{"damage":0,"enemies":"Jaw Worm","floor":1,"turns":4},{"damage":0,"enemies":"2 Louse","floor":3,"turns":3},{"damage":32,"enemies":"Gremlin Nob","floor":6,"turns":5},{"damage":0,"enemies":"Cultist","floor":8,"turns":4},{"damage":8,"enemies":"Gremlin Gang","floor":10,"turns":4},{"damage":5,"enemies":"Lagavulin","floor":11,"turns":5},{"damage":0,"enemies":"Looter","floor":13,"turns":2},{"damage":0,"enemies":"2 Fungi Beasts","floor":14,"turns":3},{"damage":13,"enemies":"Slime Boss","floor":16,"turns":10},{"damage":0,"enemies":"Spheric Guardian","floor":18,"turns":3},{"damage":10,"enemies":"Shell Parasite","floor":19,"turns":5},{"damage":22,"enemies":"Shelled Parasite and Fungi","floor":22,"turns":6},{"damage":7,"enemies":"Slavers","floor":24,"turns":3},{"damage":23,"enemies":"Centurion and Healer","floor":25,"turns":1}],"seed_played":"-6719466946459746296","potions_obtained":[{"floor":1,"key":"Fire Potion"},{"floor":6,"key":"DuplicationPotion"},{"floor":8,"key":"Dexterity Potion"},{"floor":10,"key":"Poison Potion"},{"floor":17,"key":"Swift Potion"},{"floor":19,"key":"Poison Potion"}],"is_trial":false,"path_per_floor":["M","?","M","?","?","E","$","M","T","M","E","R","M","M","R","B",null,"M","M","?","?","M","R","E","M"],"character_chosen":"THE_SILENT","items_purchased":["Bullet Time","Predator"],"campfire_rested":0,"item_purchase_floors":[7,7],"current_hp_per_floor":[70,59,59,59,59,27,27,27,27,19,14,14,14,14,14,1,75,75,65,49,49,27,27,20,0,0],"gold":378,"neow_bonus":"BOSS_RELIC","is_daily":false,"chose_seed":false,"campfire_upgraded":3,"win_rate":0.0,"timestamp":1609543152,"path_taken":["M","?","M","?","?","E","$","M","T","M","E","R","?","?","R","BOSS","M","M","?","?","M","R","E","M"],"items_purchased_type":["Card","Card"],"build_version":"2020-12-22","purchased_purges":1,"victory":false,"max_hp_per_floor":[70,70,70,70,70,70,70,70,70,70,70,70,70,70,70,70,75,75,75,75,75,75,75,75,75,75],"relic_stats":{"Shovel":0,"counters":[14,58],"Snake Skull":[62],"Necronomicon":[4],"obtain_stats":[{"Tiny House":17,"Shovel":24,"Ninja Scroll":11,"Snake Skull":9,"Coffee Dripper":0,"Necronomicon":20,"Bottled Lightning":6,"Ring of the Snake":0},{"Tiny House":9,"Shovel":13,"Ninja Scroll":6,"Snake Skull":4,"Coffee Dripper":0,"Necronomicon":11,"Bottled Lightning":3,"Ring of the Snake":0},{"Tiny House":40,"Shovel":57,"Ninja Scroll":25,"Snake Skull":16,"Coffee Dripper":0,"Necronomicon":48,"Bottled Lightning":12,"Ring of the Snake":0}]},"card_choices":[{"not_picked":["All Out Attack","Cloak And Dagger","Terror"],"picked":"SKIP","floor":1},{"not_picked":["Accuracy","Endless Agony"],"picked":"PiercingWail","floor":3},{"not_picked":["Underhanded Strike","Outmaneuver"],"picked":"Dagger Throw","floor":6},{"not_picked":["Sucker Punch","All Out Attack"],"picked":"Bouncing Flask","floor":8},{"not_picked":["Concentrate","Eviscerate","Storm of Steel"],"picked":"SKIP","floor":10},{"not_picked":["Heel Hook","Accuracy"],"picked":"Backflip","floor":11},{"not_picked":["Outmaneuver","Underhanded Strike"],"picked":"Poisoned Stab","floor":13},{"not_picked":["Finisher","Riddle With Holes"],"picked":"Corpse Explosion","floor":14},{"not_picked":["Tools of the Trade","Doppelganger"],"picked":"Envenom","floor":16},{"not_picked":["Masterful Stab","Cloak And Dagger"],"picked":"Footwork","floor":17},{"not_picked":["Prepared","Slice","Quick Slash"],"picked":"SKIP","floor":18},{"not_picked":["Sucker Punch","Heel Hook"],"picked":"Noxious Fumes","floor":19},{"not_picked":["Deflect+1","Underhanded Strike+1"],"picked":"Backflip+1","floor":22},{"not_picked":["Flechettes","Backflip+1"],"picked":"Bane+1","floor":24}],"player_experience":375716,"relics_obtained":[{"floor":6,"key":"Bottled Lightning"},{"floor":9,"key":"Snake Skull"},{"floor":11,"key":"Ninja Scroll"},{"floor":20,"key":"Necronomicon"},{"floor":24,"key":"Shovel"}],"event_choices":[{"damage_healed":0,"gold_gain":75,"player_choice":"Gather Gold","damage_taken":11,"max_hp_gain":0,"max_hp_loss":0,"event_name":"World of Goop","floor":2,"gold_loss":0},{"damage_healed":0,"gold_gain":0,"player_choice":"Ignored","damage_taken":0,"max_hp_gain":0,"max_hp_loss":0,"event_name":"Liars Game","floor":4,"gold_loss":0},{"damage_healed":0,"gold_gain":0,"cards_transformed":["Strike_G"],"player_choice":"Transformed","damage_taken":0,"max_hp_gain":0,"max_hp_loss":0,"event_name":"Transmorgrifier","floor":5,"gold_loss":0,"cards_obtained":["Underhanded Strike"]},{"damage_healed":0,"gold_gain":0,"player_choice":"Obtained Book","damage_taken":16,"max_hp_gain":0,"max_hp_loss":0,"event_name":"Cursed Tome","floor":20,"gold_loss":0},{"damage_healed":0,"gold_gain":100,"player_choice":"Bet on Murderer","damage_taken":0,"max_hp_gain":0,"max_hp_loss":0,"event_name":"The Joust","floor":21,"gold_loss":50}],"is_beta":false,"boss_relics":[{"not_picked":["Fusion Hammer","Sozu"],"picked":"Tiny House"}],"items_purged_floors":[7],"is_endless":false,"potions_floor_spawned":[1,6,8,10,13,19],"killed_by":"Centurion and Healer","ascension_level":4}}