{"host":"yn17ruofed46ymbq","time":1609473566,"event":{"mods":["AchievementEnabler","BaseMod","Colored Map","Colored Powertips","DeckTracker","Highlight Path","Keyboard Shortcuts","Minty Spire (QoL Compilation)","Permanent Neow","Quick Restart","Rare Cards Sparkle","Relic Stats","SuperFastMode"],"gold_per_floor":[110,122,133,149,160,160,160],"floor_reached":6,"playtime":183,"items_purged":[],"score":54,"play_id":"d8c8be91-a276-4b57-b760-875655d3e579","local_time":"20210101125926","is_ascension_mode":true,"campfire_choices":[],"circlet_count":0,"master_deck":["Strike_R","Strike_R","Strike_R","Strike_R","Strike_R","Defend_R","Defend_R","Defend_R","Defend_R","Bash","Regret","Panache","Hemokinesis","Fire Breathing","Evolve","Flame Barrier","Spot Weakness"],"relics":["Burning Blood"],"acts_visited":["Exordium"],"potions_floor_usage":[5],"damage_taken":[{"damage":11,"enemies":"Small Slimes","floor":1,"turns":5},{"damage":11,"enemies":"Cultist","floor":2,"turns":3},{"damage":4,"enemies":"2 Louse","floor":3,"turns":3},{"damage":20,"enemies":"2 Fungi Beasts","floor":4,"turns":4},{"damage":27,"enemies":"Exordium Thugs","floor":5,"turns":4},{"damage":31,"enemies":"3 Sentries","floor":6,"turns":3}],"seed_played":"-3621680199801142289","potions_obtained":[{"floor":1,"key":"AttackPotion"}],"is_trial":false,"path_per_floor":["M","M","M","M","M","E"],"character_chosen":"IRONCLAD","items_purchased":[],"campfire_rested":0,"item_purchase_floors":[],"current_hp_per_floor":[67,62,64,50,29,0,0],"gold":160,"neow_bonus":"RANDOM_COLORLESS_2","is_daily":false,"chose_seed":false,"campfire_upgraded":0,"win_rate":0.0,"timestamp":1609473566,"path_taken":["M","M","M","M","M","E"],"items_purchased_type":[],"build_version":"2020-12-22","purchased_purges":0,"victory":false,"max_hp_per_floor":[80,80,80,80,80,80,80],"relic_stats":{"counters":[6,22],"obtain_stats":[{"Burning Blood":0},{"Burning Blood":0},{"Burning Blood":0}],"Burning Blood":30},"card_choices":[{"not_picked":["The Bomb","Metamorphosis"],"picked":"Panache","floor":0},{"not_picked":["Warcry","Pommel Strike"],"picked":"Hemokinesis","floor":1},{"not_picked":["Clothesline","Pommel Strike"],"picked":"Fire Breathing","floor":2},{"not_picked":["Heavy Blade","Clash"],"picked":"Evolve","floor":3},{"not_picked":["Shrug It Off","Sever Soul"],"picked":"Flame Barrier","floor":4},{"not_picked":["Warcry","Shockwave"],"picked":"Spot Weakness","floor":5}],"player_experience":440825,"relics_obtained":[],"event_choices":[],"is_beta":false,"boss_relics":[],"items_purged_floors":[],"is_endless":false,"potions_floor_spawned":[1],"killed_by":"3 Sentries","ascension_level":7}}