{"host":"g01l53quoe6lrer0","time":1609520237,"event":{"mods":["2.2 Compatiblity","BaseMod","Colored Map","Highlight Path","Keyboard Shortcuts","Minty Spire (QoL Compilation)","Permanent Neow","Quick Restart","StSLib","everything is the same but u backflip on backflip"],"gold_per_floor":[15,34,34,309,325,325,338,15,15,42,42,42,65,65,65,195,195,219,219,219,239,253,287,287,287,361,375,390,428,328,253,253,381,381,400,380,399,415,433,469,469,483,507,551,572,572,588,606,606,606],"floor_reached":51,"playtime":2788,"items_purged":["Regret","Strike_R"],"score":866,"play_id":"f261509e-d062-4c06-aa4f-8ec9640d5ba0","local_time":"20210102015717","is_ascension_mode":false,"campfire_choices":[{"data":"Entrench","floor":6,"key":"SMITH"},{"data":"Barricade","floor":12,"key":"SMITH"},{"data":"Body Slam","floor":15,"key":"SMITH"},{"data":"Entrench","floor":24,"key":"SMITH"},{"data":"Iron Wave","floor":32,"key":"SMITH"},{"data":"Bash","floor":41,"key":"SMITH"},{"data":"Impervious","floor":46,"key":"SMITH"},{"data":"Rage","floor":49,"key":"SMITH"}],"circlet_count":0,"master_deck":["Strike_R","Strike_R","Defend_R","Defend_R","Defend_R","Bash+1","Entrench+1","Body Slam+1","Clash","Dropkick","Barricade+1","Panacea","Shrug It Off","Juggernaut+1","Shrug It Off","Iron Wave+1","Warcry+1","Entrench+1","Rage+1","Impervious+1","Entrench+1","Body Slam+1","Warcry+1"],"relics":["Burning Blood","Golden Idol","Frozen Egg 2","Toy Ornithopter","MealTicket","Coffee Dripper","Strawberry","Potion Belt","Calipers","White Beast Statue","Bag of Preparation","Busted Crown","Oddly Smooth Stone","Bag of Marbles","Meat on the Bone"],"acts_visited":["TheCity","TheBeyond"],"potions_floor_usage":[13,16,16,16,18,23,23,29,33,39,50],"damage_taken":[{"damage":4.0,"enemies":"Small Slimes","floor":1.0,"turns":4.0},{"damage":10.0,"enemies":"Jaw Worm","floor":2.0,"turns":6.0},{"damage":8,"enemies":"Cultist","floor":5,"turns":4},{"damage":41,"enemies":"Exordium Thugs","floor":7,"turns":7},{"damage":12,"enemies":"2 Fungi Beasts","floor":13,"turns":3},{"damage":18,"enemies":"Hexaghost","floor":16,"turns":13},{"damage":20,"enemies":"3 Byrds","floor":18,"turns":6},{"damage":19,"enemies":"Spheric Guardian","floor":21,"turns":5},{"damage":7,"enemies":"Centurion and Healer","floor":22,"turns":8},{"damage":9,"enemies":"Gremlin Leader","floor":23,"turns":6},{"damage":0,"enemies":"3 Cultists","floor":27,"turns":5},{"damage":0,"enemies":"Shelled Parasite and Fungi","floor":28,"turns":4},{"damage":42,"enemies":"Slavers","floor":29,"turns":6},{"damage":8,"enemies":"Champ","floor":33,"turns":7},{"damage":0,"enemies":"Orb Walker","floor":35,"turns":4},{"damage":0,"enemies":"3 Shapes","floor":37,"turns":4},{"damage":0,"enemies":"Transient","floor":38,"turns":5},{"damage":0,"enemies":"Writhing Mass","floor":39,"turns":5},{"damage":0,"enemies":"Nemesis","floor":40,"turns":7},{"damage":0,"enemies":"Jaw Worm Horde","floor":42,"turns":4},{"damage":0,"enemies":"Reptomancer","floor":44,"turns":4},{"damage":0,"enemies":"Transient","floor":45,"turns":5},{"damage":3,"enemies":"Writhing Mass","floor":47,"turns":3},{"damage":0,"enemies":"Sphere and 2 Shapes","floor":48,"turns":3},{"damage":0,"enemies":"Awakened One","floor":50,"turns":8}],"seed_played":"-4480923183369889349","potions_obtained":[{"floor":1.0,"key":"DistilledChaos"},{"floor":7,"key":"Explosive Potion"},{"floor":13,"key":"EntropicBrew"},{"floor":18,"key":"ElixirPotion"},{"floor":21,"key":"ColorlessPotion"},{"floor":27,"key":"HeartOfIron"},{"floor":28,"key":"Regen Potion"},{"floor":29,"key":"PowerPotion"},{"floor":33,"key":"Block Potion"},{"floor":35,"key":"Strength Potion"},{"floor":37,"key":"Fire Potion"},{"floor":38,"key":"SmokeBomb"},{"floor":39,"key":"LiquidBronze"},{"floor":40,"key":"GamblersBrew"},{"floor":42,"key":"ColorlessPotion"},{"floor":44,"key":"LiquidBronze"},{"floor":47,"key":"DistilledChaos"}],"is_trial":false,"path_per_floor":["M","M","?","?","M","R","M","$","T","T","?","R","M","?","R","B",null,"M","?","?","M","M","E","R","T","T","M","M","E","$","?","R","B",null,"M","?","M","M","M","E","R","M","T","E","M","R","M","M","R","B",null],"character_chosen":"IRONCLAD","items_purchased":["Barricade","Panacea"],"campfire_rested":0,"item_purchase_floors":[8,8],"current_hp_per_floor":[80,76,56,56,54,54,19,19,19,19,19,19,18,44,44,63,80,66,66,73,60,59,66,66,66,66,72,78,61,76,76,76,79,87,87,87,87,87,87,87,87,87,87,87,87,87,87,87,87,87],"gold":606,"neow_bonus":"REMOVE_TWO","is_daily":false,"chose_seed":false,"campfire_upgraded":8,"win_rate":0.0,"timestamp":1609520237,"path_taken":["M","M","?","?","?","R","M","$","T","?","?","R","?","?","R","BOSS","M","?","?","M","M","E","R","?","T","?","M","E","$","?","R","BOSS","M","?","?","M","M","E","R","M","T","E","M","R","M","M","R","BOSS"],"items_purchased_type":["Card","Card"],"build_version":"2020-12-22","purchased_purges":2,"victory":true,"max_hp_per_floor":[80,80,80,80,80,80,80,80,80,80,80,80,80,80,80,80,80,80,80,87,87,87,87,87,87,87,87,87,87,87,87,87,87,87,87,87,87,87,87,87,87,87,87,87,87,87,87,87,87,87],"card_choices":[{"not_picked":["Pummel","Pommel Strike"],"picked":"Entrench","floor":1.0},{"not_picked":["Ghostly Armor","Power Through"],"picked":"Body Slam","floor":2},{"not_picked":["Pommel Strike","Bloodletting"],"picked":"Clash","floor":5},{"not_picked":["True Grit","Rupture"],"picked":"Dropkick","floor":7},{"not_picked":["Armaments","Fire Breathing+1"],"picked":"Shrug It Off","floor":13},{"not_picked":["Demon Form+1","Bludgeon"],"picked":"Juggernaut+1","floor":16},{"not_picked":["Pummel+1","Uppercut"],"picked":"Shrug It Off","floor":18},{"not_picked":["True Grit","Cleave"],"picked":"Warcry+1","floor":21},{"not_picked":["Anger+1","Flex","Uppercut"],"picked":"SKIP","floor":22},{"not_picked":["Anger+1","Double Tap"],"picked":"Entrench","floor":23},{"not_picked":["Cleave+1","Flex"],"picked":"Rage","floor":27},{"not_picked":["Cleave+1","Perfected Strike","Iron Wave"],"picked":"SKIP","floor":28},{"not_picked":["Perfected Strike","Pommel Strike"],"picked":"Impervious","floor":29},{"not_picked":["Clothesline"],"picked":"SKIP","floor":35},{"not_picked":["Thunderclap"],"picked":"SKIP","floor":37},{"not_picked":[],"picked":"Entrench+1","floor":38},{"not_picked":["Whirlwind+1"],"picked":"SKIP","floor":39},{"not_picked":["Second Wind"],"picked":"SKIP","floor":40},{"not_picked":[],"picked":"Body Slam+1","floor":42},{"not_picked":["Clash+1"],"picked":"SKIP","floor":44},{"not_picked":[],"picked":"Warcry+1","floor":45},{"not_picked":["Cleave+1"],"picked":"SKIP","floor":47},{"not_picked":["Pummel"],"picked":"SKIP","floor":48}],"player_experience":1654,"relics_obtained":[{"floor":9,"key":"Frozen Egg 2"},{"floor":10,"key":"Toy Ornithopter"},{"floor":23,"key":"Potion Belt"},{"floor":25,"key":"Calipers"},{"floor":26,"key":"White Beast Statue"},{"floor":29,"key":"Bag of Preparation"},{"floor":40,"key":"Oddly Smooth Stone"},{"floor":43,"key":"Bag of Marbles"},{"floor":44,"key":"Meat on the Bone"}],"event_choices":[{"damage_healed":0,"gold_gain":0,"player_choice":"Take Damage","damage_taken":20,"relics_obtained":["Golden Idol"],"max_hp_gain":0,"max_hp_loss":0,"event_name":"Golden Idol","floor":3,"gold_loss":0},{"damage_healed":0,"gold_gain":275,"player_choice":"Desecrate","damage_taken":0,"max_hp_gain":0,"max_hp_loss":0,"event_name":"Golden Shrine","floor":4,"gold_loss":0,"cards_obtained":["Regret"]},{"damage_healed":0,"gold_gain":0,"player_choice":"Gave Potion","damage_taken":0,"relics_obtained":["MealTicket"],"max_hp_gain":0,"max_hp_loss":0,"event_name":"WeMeetAgain","floor":11,"gold_loss":0},{"damage_healed":26,"gold_gain":0,"player_choice":"Banana","damage_taken":0,"max_hp_gain":0,"max_hp_loss":0,"event_name":"Big Fish","floor":14,"gold_loss":0},{"damage_healed":0,"gold_gain":0,"player_choice":"Read","damage_taken":0,"max_hp_gain":0,"max_hp_loss":0,"event_name":"The Library","floor":19,"gold_loss":0,"cards_obtained":["Iron Wave"]},{"damage_healed":0,"gold_gain":0,"player_choice":"Opened","damage_taken":0,"relics_obtained":["Strawberry"],"max_hp_gain":0,"max_hp_loss":0,"event_name":"The Mausoleum","floor":20,"gold_loss":0},{"cards_removed":["Strike_R"],"damage_healed":0,"gold_gain":0,"player_choice":"Gave Gold","damage_taken":0,"max_hp_gain":0,"max_hp_loss":0,"event_name":"Beggar","floor":31,"gold_loss":75},{"damage_healed":0,"gold_gain":0,"player_choice":"Bought 1 Potion","damage_taken":0,"max_hp_gain":0,"max_hp_loss":0,"event_name":"The Woman in Blue","floor":36,"gold_loss":0}],"is_beta":false,"boss_relics":[{"not_picked":["Philosopher\u0027s Stone","Mark of Pain"],"picked":"Coffee Dripper"},{"not_picked":["Runic Dome","Cursed Key"],"picked":"Busted Crown"}],"items_purged_floors":[8,30],"is_endless":false,"potions_floor_spawned":[1,7,13,18,21,27,28,29,33,35,37,38,39,40,42,44,45,47,48],"ascension_level":0}}