{"host":"ftwnpa9ceeptmrn1","time":1609524636,"event":{"mods":["Aspiration","BaseMod","Colored Map","Colored Powertips","Conspire","Downfall","Hubris","Infinite Spire","Minty Spire (QoL Compilation)","Relic Stats","Replay The Spire","StSLib","Waifu the Spire","vexMod"],"gold_per_floor":[99,114,130,172,447,22,22,40,40,40,75,85,10,460,472,574,674,674,692,692,551,551,577,577,577,577,596,629,417,434,449,466,570,570,495,495,507,607,622,622,622,622,632,632,632,632,643,673,508,508,524,629,629,629,629,629],"floor_reached":54,"playtime":6102,"items_purged":["Regret","Slimebound:Icky","Slimebound:Icky","Guardian:Strike_Guardian"],"score":930,"play_id":"aea4885b-52df-44ae-a676-29d8f511848b","local_time":"20210101121036","is_ascension_mode":false,"campfire_choices":[{"floor":1,"key":"DIG"},{"floor":9,"key":"RECALL"},{"data":"Apotheosis","floor":13,"key":"SMITH"},{"data":"Guardian:CurlUp","floor":18,"key":"SMITH"},{"data":"Guardian:BronzeOrb","floor":35,"key":"SMITH"},{"data":"Guardian:AncientConstruct","floor":40,"key":"SMITH"},{"data":"ReplayTheSpireMod:Echoes of Time","floor":44,"key":"SMITH"},{"floor":54,"key":"DIG"}],"circlet_count":0,"master_deck":["Guardian:Strike_Guardian","Guardian:Strike_Guardian","Guardian:Strike_Guardian","Guardian:Defend_Guardian","Guardian:Defend_Guardian","Guardian:Defend_Guardian","Guardian:Defend_Guardian","Guardian:CurlUp+1","Guardian:TwinSlam+1","Guardian:Planning","Guardian:ShieldCharger","Guardian:ShieldSpikes","Guardian:EvasiveProtocol","Apotheosis+1","Guardian:Suspension+1","Guardian:BronzeOrb","Guardian:TimeSifter","Guardian:RevengeProtocol","Guardian:AncientConstruct+1","Guardian:Planning","Guardian:SpikerProtocol","Guardian:SphericShield","Guardian:ShieldCharger","Guardian:VentSteam+1","Guardian:Incinerate","Guardian:Reroute","Guardian:EvasiveProtocol","Guardian:ArmoredProtocol+1","Guardian:BronzeOrb+1","Guardian:WalkerClaw","Guardian:ExploitGems","Replay:SS_forest_2","Guardian:TemporalStrike","ReplayTheSpireMod:Echoes of Time+1","Guardian:TemporalShield","Guardian:SpikerProtocol+1","Guardian:PiercingHide+1","Guardian:AncientConstruct","Guardian:FloatingOrbs","Guardian:Gem_Orange","Guardian:FloatingOrbs","Guardian:Gem_Orange"],"relics":["Guardian:ModeShifter","Bronze Scales","Mummified Hand","infinitespire:Golems Mask","conspire:GiftBox","downfall:HeartBlessingRed","Replay:Wanted Poster","infinitespire:PuzzleCube","Pen Nib","SacredBark","BranchBurnRelic","downfall:HeartBlessingBlue","infinitespire:Joker Card","Ornamental Fan","hubris:SlimyHat","infinitespire:Midas Blood"],"acts_visited":["Exordium","TheCity","TheBeyond","Exordium"],"potions_floor_usage":[15,16,33,33,38,38,38,38,48,52,52],"damage_taken":[{"damage":0,"enemies":"Jaw Worm","floor":2,"turns":4},{"damage":0,"enemies":"conspire:RoseBush","floor":3,"turns":3},{"damage":2,"enemies":"downfall:FleeingMerchant","floor":6,"turns":4},{"damage":0,"enemies":"Small Slimes","floor":8,"turns":4},{"damage":0,"enemies":"3 Sentries","floor":11,"turns":7},{"damage":0,"enemies":"Gremlin Gang","floor":12,"turns":3},{"damage":13,"enemies":"Large Slime","floor":15,"turns":6},{"damage":22,"enemies":"downfall:Silent","floor":16,"turns":6},{"damage":9,"enemies":"Spheric Guardian","floor":19,"turns":6},{"damage":0,"enemies":"downfall:FleeingMerchant","floor":21,"turns":4},{"damage":9,"enemies":"conspire:Head Lice","floor":23,"turns":8},{"damage":0,"enemies":"3 Byrds","floor":27,"turns":2},{"damage":0,"enemies":"conspire:SneckoGhost","floor":28,"turns":5},{"damage":0,"enemies":"downfall:FleeingMerchant","floor":29,"turns":4},{"damage":0,"enemies":"Snake Plant","floor":30,"turns":3},{"damage":2,"enemies":"Centurion and Healer","floor":31,"turns":5},{"damage":0,"enemies":"Chosen and Byrds","floor":32,"turns":3},{"damage":0,"enemies":"downfall:Ironclad","floor":33,"turns":6},{"damage":0,"enemies":"3 Darklings","floor":37,"turns":3},{"damage":18,"enemies":"infinitespire:Three Voidlings","floor":38,"turns":4},{"damage":9,"enemies":"Nightmare_Alpha","floor":38,"turns":9},{"damage":0,"enemies":"Orb Walker","floor":39,"turns":3},{"damage":0,"enemies":"Writhing Mass","floor":43,"turns":4},{"damage":9,"enemies":"Spire Growth","floor":47,"turns":5},{"damage":53,"enemies":"Reptomancer","floor":48,"turns":5},{"damage":11,"enemies":"downfall:FleeingMerchant","floor":49,"turns":4},{"damage":0,"enemies":"Maw","floor":51,"turns":7},{"damage":0,"enemies":"downfall:Defect","floor":52,"turns":6}],"seed_played":"-7041770953589971849","potions_obtained":[{"floor":2,"key":"champ:CounterPotion"},{"floor":8,"key":"champ:CounterPotion"},{"floor":10,"key":"Regen Potion"},{"floor":12,"key":"CultistPotion"},{"floor":23,"key":"SpeedPotion"},{"floor":28,"key":"SteroidPotion"},{"floor":30,"key":"Swift Potion"},{"floor":33,"key":"EntropicBrew"},{"floor":39,"key":"SkillPotion"},{"floor":43,"key":"Cursed Concoction"},{"floor":47,"key":"Ancient Potion"}],"is_trial":false,"path_per_floor":["R_BF","M","M","?","?","$","T","M","R","?","E","M","R","?","M","B",null,"R","M","?","$","?","E","T","?","?","M","E","$","M","M","M","B",null,"R","?","M","?","M","R","T","?","M","R","PTL","PTL","M","E","$","?","M","B",null,"R_BF"],"character_chosen":"GUARDIAN","items_purchased":["Apotheosis","Guardian:Suspension+1","Guardian:Gem_Green","Guardian:BronzeOrb","Guardian:Gem_Cyan","Guardian:BronzeOrb"],"campfire_rested":0,"item_purchase_floors":[6,6,6,6,21,29],"current_hp_per_floor":[80,80,80,60,60,58,58,58,58,58,58,58,58,58,59,37,80,80,71,71,71,71,62,62,62,54,54,54,54,54,52,52,52,80,90,90,90,81,81,81,81,81,90,90,90,90,86,33,22,25,25,25,93,93,93,93],"gold":629,"neow_bonus":"UPGRADE_CARD","is_daily":false,"chose_seed":false,"campfire_upgraded":5,"win_rate":0.0,"timestamp":1609524636,"path_taken":["R_BF","M","M","?","?","$","T","?","R","?","E","?","R","?","M","BOSS","R","M","?","$","?","E","T","?","?","M","E","?","M","?","M","BOSS","R","?","M","?","M","R","T","?","?","R","PTL","PTL","M","E","$","?","M","BOSS","R_BF"],"items_purchased_type":["Card","Card","Card","Card","Card","Card"],"build_version":"2020-12-22","purchased_purges":4,"victory":false,"max_hp_per_floor":[80,80,80,80,80,80,80,80,80,80,80,80,80,80,80,80,80,80,80,80,80,80,80,80,80,80,80,80,80,80,80,80,80,80,90,90,90,90,90,90,90,90,90,90,90,90,90,90,90,93,93,93,93,93,93,93],"relic_stats":{"counters":[28,133],"Mummified Hand":[139],"Ornamental Fan":[52],"Bronze Scales":[425],"Pen Nib":[15],"obtain_stats":[{"downfall:HeartBlessingRed":13,"Dead Branch":25,"SacredBark":34,"Guardian:ModeShifter":0,"Pen Nib":28,"infinitespire:Joker Card":38,"hubris:SlimyHat":48,"Replay:Wanted Poster":17,"BranchBurnRelic":35,"conspire:GiftBox":11,"Mummified Hand":4,"downfall:HeartBlessingBlue":35,"Ornamental Fan":41,"Bronze Scales":1,"infinitespire:Golems Mask":7,"infinitespire:PuzzleCube":23,"infinitespire:Midas Blood":54},{"downfall:HeartBlessingRed":6,"Dead Branch":11,"SacredBark":18,"Guardian:ModeShifter":0,"Pen Nib":13,"infinitespire:Joker Card":21,"hubris:SlimyHat":25,"Replay:Wanted Poster":8,"BranchBurnRelic":18,"conspire:GiftBox":5,"Mummified Hand":2,"downfall:HeartBlessingBlue":18,"Ornamental Fan":22,"Bronze Scales":0,"infinitespire:Golems Mask":3,"infinitespire:PuzzleCube":11,"infinitespire:Midas Blood":28},{"downfall:HeartBlessingRed":25,"Dead Branch":55,"SacredBark":83,"Guardian:ModeShifter":0,"Pen Nib":62,"infinitespire:Joker Card":99,"hubris:SlimyHat":116,"Replay:Wanted Poster":37,"BranchBurnRelic":83,"conspire:GiftBox":22,"Mummified Hand":7,"downfall:HeartBlessingBlue":83,"Ornamental Fan":102,"Bronze Scales":0,"infinitespire:Golems Mask":11,"infinitespire:PuzzleCube":55,"infinitespire:Midas Blood":133}]},"card_choices":[{"not_picked":["Guardian:PrismaticBarrier","Guardian:RollAttack"],"picked":"Guardian:Planning","floor":2},{"not_picked":["Guardian:ChargeUp","Guardian:Reroute"],"picked":"Guardian:ShieldCharger","floor":3},{"not_picked":["Guardian:ChargeCore","Guardian:TimeCapacitor"],"picked":"Guardian:Gem_Lightblue","floor":4},{"not_picked":["Guardian:Incinerate","Guardian:Emergency"],"picked":"Guardian:ShieldSpikes","floor":4},{"not_picked":["Guardian:Gem_Green","Guardian:Harden"],"picked":"Guardian:EvasiveProtocol","floor":6},{"not_picked":["Guardian:ShieldCharger","Guardian:Suspension"],"picked":"Guardian:TimeSifter","floor":8},{"not_picked":["Guardian:StasisStrike","Guardian:TimeSifter"],"picked":"Guardian:RevengeProtocol","floor":11},{"not_picked":["Guardian:Repulse","Guardian:EvasiveProtocol"],"picked":"Guardian:AncientConstruct","floor":11},{"not_picked":["Guardian:MultiBeam","Guardian:BronzeArmor"],"picked":"Guardian:Planning","floor":12},{"not_picked":["Guardian:ChargeCore","Guardian:VentSteam"],"picked":"Guardian:SpikerProtocol","floor":15},{"not_picked":["Guardian:FastForward","Guardian:HyperBeam_Guardian"],"picked":"Guardian:SphericShield","floor":16},{"not_picked":["Guardian:ShieldSpikes","Guardian:PrimingBeam+1"],"picked":"Guardian:Gem_White","floor":19},{"not_picked":["Guardian:Gem_Fragmented","Guardian:Gem_Blue"],"picked":"Guardian:ShieldCharger","floor":21},{"not_picked":["Guardian:Planning","Guardian:PolyBeam"],"picked":"Guardian:VentSteam+1","floor":23},{"not_picked":["Guardian:PolyBeam","Guardian:Suspension"],"picked":"Guardian:Incinerate","floor":26},{"not_picked":["Guardian:Incinerate+1","Guardian:CrystalBeam"],"picked":"Guardian:Reroute","floor":27},{"not_picked":["Guardian:HyperBeam_Guardian","Guardian:Suspension"],"picked":"Guardian:EvasiveProtocol","floor":28},{"not_picked":["Guardian:Gem_Lightblue","Guardian:Emergency"],"picked":"Guardian:ArmoredProtocol+1","floor":29},{"not_picked":["Guardian:EvasiveProtocol","Guardian:Suspension"],"picked":"Guardian:Gem_Purple","floor":30},{"not_picked":["Guardian:CrystalBeam","Guardian:Suspension"],"picked":"Guardian:Gem_Purple","floor":31},{"not_picked":["Guardian:Incinerate","Guardian:ShieldCharger"],"picked":"Guardian:WalkerClaw","floor":32},{"not_picked":["Guardian:StasisStrike","Guardian:HyperBeam_Guardian"],"picked":"Guardian:ExploitGems","floor":33},{"not_picked":["expansioncontent:YouAreMine","expansioncontent:Hexaburn"],"picked":"Replay:SS_forest_2","floor":36},{"not_picked":["Guardian:WalkerClaw","Guardian:VentSteam"],"picked":"Guardian:TemporalStrike","floor":37},{"not_picked":["Replay:Fractal Strike","ReplayTheSpireMod:Black Plague"],"picked":"ReplayTheSpireMod:Echoes of Time","floor":38},{"not_picked":["Guardian:Incinerate","Guardian:WalkerClaw+1"],"picked":"Guardian:TemporalShield","floor":38},{"not_picked":["Guardian:Harden+1","Guardian:WalkerClaw"],"picked":"Guardian:SpikerProtocol+1","floor":39},{"not_picked":["Guardian:PolyBeam","Guardian:ChargeCore"],"picked":"Guardian:PiercingHide+1","floor":43},{"not_picked":["Guardian:Incinerate","Guardian:Repulse"],"picked":"Guardian:AncientConstruct","floor":47},{"not_picked":["Guardian:PiercingHide","Guardian:Gem_Fragmented"],"picked":"Guardian:FloatingOrbs","floor":48},{"not_picked":["Guardian:BronzeOrb","Guardian:TemporalShield"],"picked":"Guardian:Gem_Orange","floor":49},{"not_picked":["Guardian:PiercingHide","Guardian:Gem_Green"],"picked":"Guardian:FloatingOrbs","floor":51},{"not_picked":["Guardian:HyperBeam_Guardian","Guardian:BaubleBeam"],"picked":"Guardian:Gem_Orange","floor":52}],"player_experience":220956,"relics_obtained":[{"floor":1,"key":"Bronze Scales"},{"floor":4,"key":"Mummified Hand"},{"floor":7,"key":"infinitespire:Golems Mask"},{"floor":11,"key":"conspire:GiftBox"},{"floor":23,"key":"infinitespire:PuzzleCube"},{"floor":28,"key":"Pen Nib"},{"floor":38,"key":"infinitespire:Joker Card"},{"floor":41,"key":"Ornamental Fan"},{"floor":48,"key":"hubris:SlimyHat"},{"floor":54,"key":"infinitespire:Midas Blood"}],"event_choices":[{"damage_healed":0,"gold_gain":0,"player_choice":"Got Potions","damage_taken":0,"max_hp_gain":0,"max_hp_loss":0,"event_name":"Lab","floor":10,"gold_loss":0},{"cards_removed":["Slimebound:Icky"],"damage_healed":0,"gold_gain":0,"player_choice":"Elegance","damage_taken":0,"max_hp_gain":0,"max_hp_loss":0,"event_name":"Back to Basics","floor":22,"gold_loss":0}],"is_beta":false,"boss_relics":[{"not_picked":["Kintsugi","hubris:GrandSneckoEye"],"picked":"Replay:Wanted Poster"},{"not_picked":["conspire:RoyalGoblet","aspiration:RitualDagger"],"picked":"SacredBark"},{"not_picked":["Fusion Hammer","hubris:CrackedHourglass","hubris:RunicObelisk"]}],"items_purged_floors":[6,21,29,49],"is_endless":true,"potions_floor_spawned":[2,8,12,23,28,30,33,38,39,43,47],"ascension_level":0}}