{"host":"2se5dq1do2gp0x9k","time":1609475789,"event":{"mods":["AchievementEnabler","BaseMod","Block Reminder","Colored Map","Colored Powertips","Minty Spire (QoL Compilation)","Relic Stats","StSLib","SuperFastMode"],"gold_per_floor":[110,5,19,19,36,36,54,54,54,54,67,102,102,118,118,192,192,202,218,63,63,63],"floor_reached":21,"playtime":630,"items_purged":["Strike_B","Defend_B"],"score":362,"play_id":"f26125d1-ae94-4cda-891f-332e40eebed9","local_time":"20201231203629","is_ascension_mode":true,"campfire_choices":[{"data":"Defragment","floor":6,"key":"SMITH"},{"floor":8,"key":"REST"},{"data":"Zap","floor":13,"key":"SMITH"},{"data":"Chaos","floor":15,"key":"SMITH"}],"circlet_count":0,"master_deck":["AscendersBane","Defend_B","Defend_B","Defend_B","Zap+1","Dualcast","Rainbow","FTL","Compile Driver","Defragment+1","Coolheaded","Ball Lightning","Conserve Battery","Chaos+1","Rainbow","Machine Learning+1","Defragment+1","Glacier+1","Coolheaded","Coolheaded","Hologram"],"relics":["Cracked Core","Mummified Hand","Pocketwatch","Letter Opener","Astrolabe"],"acts_visited":["Exordium","TheCity"],"potions_floor_usage":[12],"damage_taken":[{"damage":19,"enemies":"2 Louse","floor":1,"turns":3},{"damage":13,"enemies":"Small Slimes","floor":3,"turns":4},{"damage":7,"enemies":"Jaw Worm","floor":5,"turns":4},{"damage":29,"enemies":"Lots of Slimes","floor":7,"turns":4},{"damage":0,"enemies":"3 Louse","floor":11,"turns":3},{"damage":9,"enemies":"Lagavulin","floor":12,"turns":5},{"damage":0,"enemies":"Large Slime","floor":14,"turns":4},{"damage":12,"enemies":"Hexaghost","floor":16,"turns":9},{"damage":35,"enemies":"2 Thieves","floor":18,"turns":3},{"damage":4,"enemies":"Shell Parasite","floor":19,"turns":4},{"damage":16,"enemies":"Shelled Parasite and Fungi","floor":21,"turns":1}],"seed_played":"2616845495265610318","potions_obtained":[{"floor":7,"key":"DuplicationPotion"},{"floor":12,"key":"GamblersBrew"},{"floor":14,"key":"SpeedPotion"},{"floor":19,"key":"Strength Potion"}],"is_trial":false,"path_per_floor":["M","$","M","?","M","R","M","R","T","?","M","E","R","M","R","B",null,"M","M","$","M"],"character_chosen":"DEFECT","items_purchased":["Compile Driver","Hologram"],"campfire_rested":1,"item_purchase_floors":[2,20],"current_hp_per_floor":[45,45,32,53,46,46,17,36,36,36,36,27,27,27,27,15,52,17,13,13,0,0],"gold":63,"neow_bonus":"THREE_RARE_CARDS","is_daily":false,"chose_seed":false,"campfire_upgraded":3,"win_rate":0.0,"timestamp":1609475789,"path_taken":["M","$","M","?","M","R","M","R","T","?","?","E","R","?","R","BOSS","M","M","$","M"],"items_purchased_type":["Card","Card"],"build_version":"2020-12-22","purchased_purges":2,"victory":false,"max_hp_per_floor":[64,64,64,64,64,64,64,64,64,64,64,64,64,64,64,64,64,64,64,64,64,64],"relic_stats":{"counters":[11,44],"Mummified Hand":[14],"Astrolabe":["Machine Learning","Defragment","Glacier"],"Letter Opener":[40],"obtain_stats":[{"Mummified Hand":9,"Astrolabe":17,"Letter Opener":12,"Cracked Core":0,"Pocketwatch":10},{"Mummified Hand":4,"Astrolabe":8,"Letter Opener":6,"Cracked Core":0,"Pocketwatch":4},{"Mummified Hand":15,"Astrolabe":36,"Letter Opener":23,"Cracked Core":0,"Pocketwatch":15}],"Pocketwatch":[21]},"card_choices":[{"not_picked":["All For One","Amplify"],"picked":"Rainbow","floor":0},{"not_picked":["Go for the Eyes","Heatsinks"],"picked":"FTL","floor":1},{"not_picked":["Recycle","Force Field"],"picked":"Defragment","floor":3},{"not_picked":["Blizzard","Beam Cell","Steam Power"],"picked":"SKIP","floor":5},{"not_picked":["Blizzard","Beam Cell","Steam Power"],"picked":"SKIP","floor":5},{"not_picked":["All For One","Self Repair"],"picked":"Coolheaded","floor":7},{"not_picked":["Auto Shields","Storm"],"picked":"Ball Lightning","floor":11},{"not_picked":["Gash","Hello World"],"picked":"Conserve Battery","floor":12},{"not_picked":["Skim","Go for the Eyes"],"picked":"Chaos","floor":14},{"not_picked":["Thunder Strike","Creative AI"],"picked":"Rainbow","floor":16},{"not_picked":["Defragment","Gash"],"picked":"Coolheaded","floor":18},{"not_picked":["Auto Shields","Lockon"],"picked":"Coolheaded","floor":19}],"player_experience":3684084,"relics_obtained":[{"floor":9,"key":"Mummified Hand"},{"floor":12,"key":"Letter Opener"}],"event_choices":[{"damage_healed":21,"gold_gain":0,"player_choice":"Banana","damage_taken":0,"max_hp_gain":0,"max_hp_loss":0,"event_name":"Big Fish","floor":4,"gold_loss":0},{"damage_healed":0,"gold_gain":0,"player_choice":"Searched \u00271\u0027 times","damage_taken":0,"relics_obtained":["Pocketwatch"],"max_hp_gain":0,"max_hp_loss":0,"event_name":"Dead Adventurer","floor":10,"gold_loss":0}],"is_beta":false,"boss_relics":[{"not_picked":["Ectoplasm","Black Star"],"picked":"Astrolabe"}],"items_purged_floors":[2,20],"is_endless":false,"potions_floor_spawned":[7,12,14,19],"killed_by":"Shelled Parasite and Fungi","ascension_level":20}}