{"host":"9l1knhxfturzliqa","time":1609477183,"event":{"mods":["BaseMod","Colored Map","Colored Powertips","DeckTracker","Highlight Path","Keyboard Shortcuts","Minty Spire (QoL Compilation)","Random Character Button"],"gold_per_floor":[116,66,76,76,76,76,117,117,117,141,167,167,167,189,189,296,296,324,348,398,413,434,434,470,482,505,530,530,549,549,72,72,184,184,211,231,251,251,310,353,9,9,9,9,9,53,80,100,100,100],"floor_reached":51,"playtime":8416,"items_purged":["Strike_G","Defend_G"],"score":884,"play_id":"918f13c0-416e-48f0-be1e-314d10c8b257","local_time":"20210101135943","is_ascension_mode":true,"campfire_choices":[{"data":"Deadly Poison","floor":6.0,"key":"SMITH"},{"floor":8.0,"key":"REST"},{"floor":12.0,"key":"REST"},{"data":"Master of Strategy","floor":15.0,"key":"SMITH"},{"floor":23.0,"key":"REST"},{"floor":28.0,"key":"REST"},{"floor":30.0,"key":"REST"},{"data":"Chrysalis","floor":32.0,"key":"SMITH"},{"data":"Storm of Steel","floor":42.0,"key":"SMITH"},{"data":"Concentrate","floor":45.0,"key":"SMITH"},{"data":"Prepared","floor":49,"key":"SMITH"}],"circlet_count":0,"master_deck":["Strike_G","Strike_G","Strike_G","Defend_G","Defend_G","Defend_G","Survivor","Neutralize","Master of Strategy+1","Prepared+1","Deadly Poison+1","Night Terror","Crippling Poison","Backflip","A Thousand Cuts+1","Concentrate+1","Reflex+1","Bouncing Flask+1","Noxious Fumes+1","Storm of Steel+1","Setup+1","Cloak And Dagger+1","Infinite Blades+1","Acrobatics","Chrysalis+1","Envenom+1","Choke+1","Acrobatics+1","Backflip+1","Eviscerate+1","Tactician+1","Tactician+1","PiercingWail+1"],"relics":["Ring of the Snake","Ornamental Fan","CeramicFish","Frozen Egg 2","Bottled Lightning","Tough Bandages","Black Star","Lizard Tail","Molten Egg 2","Centennial Puzzle","Orrery","HoveringKite","Incense Burner","Oddly Smooth Stone","Ancient Tea Set","Gremlin Horn","Pen Nib","Anchor","Bag of Preparation"],"acts_visited":["Exordium","TheCity","TheBeyond"],"potions_floor_usage":[],"damage_taken":[{"damage":2.0,"enemies":"Cultist","floor":1.0,"turns":4.0},{"damage":1.0,"enemies":"2 Louse","floor":3.0,"turns":3.0},{"damage":23.0,"enemies":"Gremlin Nob","floor":7.0,"turns":5.0},{"damage":0.0,"enemies":"Jaw Worm","floor":10.0,"turns":4.0},{"damage":12.0,"enemies":"Lagavulin","floor":11.0,"turns":10.0},{"damage":5.0,"enemies":"Gremlin Gang","floor":14.0,"turns":6.0},{"damage":30.0,"enemies":"The Guardian","floor":16.0,"turns":14.0},{"damage":12.0,"enemies":"Shell Parasite","floor":18.0,"turns":6.0},{"damage":23.0,"enemies":"Chosen","floor":19.0,"turns":6.0},{"damage":30.0,"enemies":"Snake Plant","floor":21.0,"turns":6.0},{"damage":8.0,"enemies":"Snecko","floor":22.0,"turns":5.0},{"damage":17.0,"enemies":"Slavers","floor":24.0,"turns":5.0},{"damage":2.0,"enemies":"Shelled Parasite and Fungi","floor":25.0,"turns":5.0},{"damage":1.0,"enemies":"3 Cultists","floor":27.0,"turns":4.0},{"damage":0.0,"enemies":"Centurion and Healer","floor":29.0,"turns":5.0},{"damage":34.0,"enemies":"Automaton","floor":33.0,"turns":8.0},{"damage":0.0,"enemies":"Orb Walker","floor":35.0,"turns":3.0},{"damage":9.0,"enemies":"3 Darklings","floor":36.0,"turns":5.0},{"damage":41.0,"enemies":"Spire Growth","floor":37.0,"turns":5.0},{"damage":2.0,"enemies":"2 Orb Walkers","floor":39.0,"turns":4.0},{"damage":19.0,"enemies":"Reptomancer","floor":40.0,"turns":4.0},{"damage":0.0,"enemies":"Giant Head","floor":46.0,"turns":5.0},{"damage":1.0,"enemies":"4 Shapes","floor":47.0,"turns":5.0},{"damage":22,"enemies":"Sphere and 2 Shapes","floor":48,"turns":5},{"damage":23,"enemies":"Donu and Deca","floor":50,"turns":6}],"seed_played":"-189952828948802830","potions_obtained":[{"floor":11.0,"key":"SkillPotion"},{"floor":16.0,"key":"SteroidPotion"},{"floor":19.0,"key":"Fruit Juice"},{"floor":25.0,"key":"Swift Potion"},{"floor":27.0,"key":"Weak Potion"},{"floor":33.0,"key":"Fire Potion"},{"floor":35.0,"key":"FearPotion"},{"floor":37.0,"key":"FairyPotion"},{"floor":39.0,"key":"Swift Potion"},{"floor":40.0,"key":"Weak Potion"}],"is_trial":false,"path_per_floor":["M","?","M","?","?","R","E","R","T","M","E","R","T","M","R","B",null,"M","M","?","M","M","R","E","M","T","M","R","M","R","$","R","B",null,"M","M","M","?","?","E","$","R","T","$","R","E","M","M","R","B",null],"character_chosen":"THE_SILENT","items_purchased":["Orrery","Chrysalis","Swift Potion","Poison Potion","Gremlin Horn"],"campfire_rested":5,"item_purchase_floors":[31,31,31,31,41],"current_hp_per_floor":[47,47,46,39,32,32,9,30,30,30,18,39,39,34,34,4,70,58,40,40,10,2,24,7,5,5,4,26,26,48,48,48,14,75,75,66,25,25,23,4,4,4,4,4,4,4,3,11,11,37],"gold":100,"neow_bonus":"RANDOM_COLORLESS_2","is_daily":false,"chose_seed":false,"campfire_upgraded":6,"win_rate":0.0,"timestamp":1609477183,"path_taken":["M","?","M","?","?","R","E","R","T","M","E","R","?","M","R","BOSS","M","M","?","M","M","R","E","?","T","M","R","M","R","$","R","BOSS","M","M","M","?","?","E","?","R","T","$","R","E","M","M","R","BOSS"],"items_purchased_type":["Relic","Card","Potion","Potion","Relic"],"build_version":"2020-12-22","purchased_purges":2,"victory":true,"max_hp_per_floor":[70,70,70,70,70,70,70,70,70,70,70,70,70,70,70,70,70,70,75,75,75,75,75,75,75,75,75,75,75,75,75,75,75,75,75,75,75,75,75,75,75,75,75,75,75,75,75,75,75,75],"card_choices":[{"not_picked":["Metamorphosis","Chrysalis"],"picked":"Master of Strategy","floor":0.0},{"not_picked":["Flying Knee","Sucker Punch"],"picked":"Prepared","floor":1.0},{"not_picked":["Flying Knee","Expertise"],"picked":"Deadly Poison","floor":3.0},{"not_picked":["Deflect","Prepared"],"picked":"Night Terror","floor":7.0},{"not_picked":["Endless Agony","Flechettes"],"picked":"Crippling Poison","floor":10.0},{"not_picked":["Predator","Skewer","Underhanded Strike"],"picked":"SKIP","floor":11.0},{"not_picked":["Underhanded Strike","Leg Sweep"],"picked":"Backflip","floor":14.0},{"not_picked":["Grand Finale","Venomology"],"picked":"A Thousand Cuts+1","floor":16.0},{"not_picked":["Blade Dance","Setup"],"picked":"Concentrate","floor":18.0},{"not_picked":["Choke","Footwork+1"],"picked":"Reflex+1","floor":19.0},{"not_picked":["Prepared","Quick Slash+1","Expertise"],"picked":"SKIP","floor":21.0},{"not_picked":["Underhanded Strike","Dagger Throw+1"],"picked":"Bouncing Flask+1","floor":22.0},{"not_picked":["Bane+1","Concentrate+1"],"picked":"Noxious Fumes+1","floor":24.0},{"not_picked":["Blade Dance","Dodge and Roll","Quick Slash+1"],"picked":"SKIP","floor":25.0},{"not_picked":["Poisoned Stab+1","Dodge and Roll+1"],"picked":"Storm of Steel","floor":27.0},{"not_picked":["Bane+1","Deflect","Slice+1"],"picked":"SKIP","floor":29.0},{"not_picked":["Sucker Punch+1","Backstab+1"],"picked":"Setup+1","floor":31.0},{"not_picked":["Leg Sweep","Blade Dance"],"picked":"Cloak And Dagger+1","floor":31.0},{"not_picked":["Backflip","Phantasmal Killer"],"picked":"Infinite Blades+1","floor":31.0},{"not_picked":["Riddle With Holes+1","Slice+1"],"picked":"Acrobatics","floor":31.0},{"not_picked":["Glass Knife+1","A Thousand Cuts+1"],"picked":"Envenom+1","floor":33.0},{"not_picked":["Quick Slash+1","Deflect","Choke+1"],"picked":"SKIP","floor":35.0},{"not_picked":["Quick Slash+1","Deflect"],"picked":"Choke+1","floor":35.0},{"not_picked":["Setup+1","Backstab+1"],"picked":"Acrobatics+1","floor":36.0},{"not_picked":["Escape Plan+1","Masterful Stab+1"],"picked":"Backflip+1","floor":37.0},{"not_picked":["Finisher+1","Skewer+1"],"picked":"Eviscerate+1","floor":39.0},{"not_picked":["Finisher+1","Footwork+1"],"picked":"Tactician+1","floor":40.0},{"not_picked":["Infinite Blades+1","Setup+1"],"picked":"Tactician+1","floor":46.0},{"not_picked":["Cloak And Dagger+1","Poisoned Stab+1"],"picked":"PiercingWail+1","floor":47.0},{"not_picked":["Tactician+1","Riddle With Holes+1","Quick Slash+1"],"picked":"SKIP","floor":48}],"player_experience":283389,"relics_obtained":[{"floor":7.0,"key":"CeramicFish"},{"floor":9.0,"key":"Frozen Egg 2"},{"floor":11.0,"key":"Bottled Lightning"},{"floor":13.0,"key":"Tough Bandages"},{"floor":24.0,"key":"Lizard Tail"},{"floor":24.0,"key":"Molten Egg 2"},{"floor":26.0,"key":"Centennial Puzzle"},{"floor":39.0,"key":"Incense Burner"},{"floor":40.0,"key":"Oddly Smooth Stone"},{"floor":40.0,"key":"Ancient Tea Set"},{"floor":43.0,"key":"Pen Nib"},{"floor":46.0,"key":"Anchor"},{"floor":46.0,"key":"Bag of Preparation"}],"event_choices":[{"cards_removed":["Strike_G"],"damage_healed":0.0,"max_hp_gain":0.0,"max_hp_loss":0.0,"gold_gain":0.0,"event_name":"The Cleric","player_choice":"Card Removal","floor":2.0,"gold_loss":50.0,"damage_taken":0.0},{"cards_removed":["Defend_G"],"damage_healed":0.0,"max_hp_gain":0.0,"max_hp_loss":0.0,"gold_gain":0.0,"event_name":"Golden Wing","player_choice":"Card Removal","floor":4.0,"gold_loss":0.0,"damage_taken":7.0},{"damage_healed":0.0,"max_hp_gain":0.0,"max_hp_loss":0.0,"gold_gain":0.0,"event_name":"Scrap Ooze","player_choice":"Success","floor":5.0,"gold_loss":0.0,"damage_taken":7.0,"relics_obtained":["Ornamental Fan"]},{"damage_healed":0.0,"max_hp_gain":0.0,"max_hp_loss":0.0,"gold_gain":100.0,"event_name":"The Joust","player_choice":"Bet on Murderer","floor":20.0,"gold_loss":50.0,"damage_taken":0.0},{"damage_healed":0.0,"max_hp_gain":0.0,"max_hp_loss":0.0,"gold_gain":0.0,"event_name":"Tomb of Lord Red Mask","player_choice":"Ignored","floor":38.0,"gold_loss":0.0,"damage_taken":0.0},{"damage_healed":0.0,"max_hp_gain":0.0,"max_hp_loss":0.0,"gold_gain":0.0,"event_name":"Mysterious Sphere","player_choice":"Fight","floor":39.0,"gold_loss":0.0,"damage_taken":0.0}],"is_beta":false,"boss_relics":[{"not_picked":["Coffee Dripper","Snecko Eye"],"picked":"Black Star"},{"not_picked":["Astrolabe","Velvet Choker"],"picked":"HoveringKite"}],"items_purged_floors":[31,41],"is_endless":false,"potions_floor_spawned":[11,16,19,25,27,33,35,37,39,40],"ascension_level":4}}