{"host":"sav7uxregyirlf69","time":1609508661,"event":{"mods":["AchievementEnabler","BaseMod","Colored Map","DeckTracker","Keyboard Shortcuts","Minty Spire (QoL Compilation)","READ ME - Guardian Mod","StSLib","SuperFastMode"],"gold_per_floor":[115,125,141,16,28,28,54,54,54,71,71,99,99,111,111,184,184,196,214,114,139,152,152,171,195,195,110,139,139,154,170,170,243,243,257,273,287,287,303,128,139,139,139,157,157,157],"floor_reached":45,"playtime":1418,"items_purged":["Strike_G","Well Laid Plans","Backstab"],"score":1002,"play_id":"a74c388f-6d80-4141-a01f-cdd7ca4936fd","local_time":"20210101224421","is_ascension_mode":true,"campfire_choices":[{"data":"Deadly Poison","floor":6,"key":"SMITH"},{"floor":11,"key":"REST"},{"floor":15,"key":"REST"},{"data":"Tactician","floor":23,"key":"SMITH"},{"data":"Adrenaline","floor":29,"key":"SMITH"},{"data":"Calculated Gamble","floor":32,"key":"SMITH"}],"circlet_count":0,"master_deck":["AscendersBane","Survivor","Neutralize+1","Footwork","Well Laid Plans","Deadly Poison+1","Dagger Throw+1","Dodge and Roll+1","Tactician+1","Calculated Gamble+1","Prepared","Adrenaline+1","Caltrops","Dash","After Image","Glass Knife","Calculated Gamble","Backflip","Phantasmal Killer","Adrenaline","PiercingWail","Burst","Acrobatics"],"relics":["Ring of the Snake","NeowsBlessing","Tiny Chest","White Beast Statue","FossilizedHelix","Pandora\u0027s Box","Whetstone","Oddly Smooth Stone","Strawberry","Potion Belt","Snake Skull","Busted Crown","Sundial"],"acts_visited":["Exordium","TheCity","TheBeyond"],"potions_floor_usage":[7,12,16,28,33,35,45,45],"damage_taken":[{"damage":0,"enemies":"Cultist","floor":1,"turns":1},{"damage":0,"enemies":"2 Louse","floor":2,"turns":2},{"damage":0,"enemies":"Jaw Worm","floor":3,"turns":1},{"damage":10,"enemies":"3 Louse","floor":5,"turns":4},{"damage":26,"enemies":"Gremlin Nob","floor":7,"turns":4},{"damage":6,"enemies":"Exordium Wildlife","floor":10,"turns":5},{"damage":7,"enemies":"Lagavulin","floor":12,"turns":9},{"damage":1,"enemies":"Lots of Slimes","floor":14,"turns":8},{"damage":0,"enemies":"The Guardian","floor":16,"turns":14},{"damage":0,"enemies":"3 Byrds","floor":18,"turns":4},{"damage":13,"enemies":"Spheric Guardian","floor":19,"turns":5},{"damage":6,"enemies":"Snake Plant","floor":22,"turns":4},{"damage":0,"enemies":"3 Cultists","floor":24,"turns":6},{"damage":4,"enemies":"Book of Stabbing","floor":28,"turns":5},{"damage":1,"enemies":"Shelled Parasite and Fungi","floor":30,"turns":5},{"damage":1,"enemies":"Sentry and Sphere","floor":31,"turns":5},{"damage":9,"enemies":"Automaton","floor":33,"turns":11},{"damage":0,"enemies":"3 Shapes","floor":35,"turns":4},{"damage":0,"enemies":"Orb Walker","floor":36,"turns":4},{"damage":0,"enemies":"Jaw Worm Horde","floor":37,"turns":5},{"damage":21,"enemies":"Sphere and 2 Shapes","floor":39,"turns":6},{"damage":0,"enemies":"Transient","floor":41,"turns":6},{"damage":0,"enemies":"4 Shapes","floor":44,"turns":7},{"damage":67,"enemies":"Nemesis","floor":45,"turns":10}],"seed_played":"-8672648263559301154","potions_obtained":[{"floor":2,"key":"SkillPotion"},{"floor":3,"key":"Weak Potion"},{"floor":7,"key":"GamblersBrew"},{"floor":10,"key":"BlessingOfTheForge"},{"floor":12,"key":"Energy Potion"},{"floor":14,"key":"Regen Potion"},{"floor":16,"key":"Weak Potion"},{"floor":19,"key":"DistilledChaos"},{"floor":28,"key":"Fruit Juice"},{"floor":30,"key":"DuplicationPotion"},{"floor":31,"key":"Block Potion"},{"floor":33,"key":"Fire Potion"},{"floor":35,"key":"Explosive Potion"},{"floor":39,"key":"DuplicationPotion"},{"floor":41,"key":"Regen Potion"}],"is_trial":false,"path_per_floor":["M","M","M","$","M","R","E","$","T","M","R","E","?","M","R","B",null,"M","M","$","T","M","R","M","T","T","?","E","R","M","M","R","B",null,"M","M","M","T","M","$","M","$","T","M","E"],"character_chosen":"THE_SILENT","items_purchased":["Dagger Throw","Acrobatics"],"campfire_rested":2,"item_purchase_floors":[4,40],"current_hp_per_floor":[59,59,59,59,49,49,23,23,23,17,36,29,9,8,27,42,60,60,47,47,47,41,41,41,41,48,48,44,44,43,42,42,33,63,68,68,68,68,47,47,47,47,47,47,0,0],"gold":157,"neow_bonus":"THREE_ENEMY_KILL","is_daily":false,"chose_seed":false,"campfire_upgraded":4,"win_rate":0.0,"timestamp":1609508661,"path_taken":["M","M","?","$","?","R","E","?","T","?","R","E","?","M","R","BOSS","M","M","$","?","M","R","M","?","T","?","E","R","?","M","R","BOSS","M","M","M","?","M","$","M","?","T","M","E"],"items_purchased_type":["Card","Card"],"build_version":"2020-12-22","purchased_purges":3,"victory":false,"max_hp_per_floor":[66,66,66,66,66,66,66,66,66,66,66,66,66,66,66,66,66,66,66,66,66,66,66,66,66,73,73,73,73,73,73,73,73,73,78,78,78,78,78,78,78,78,78,78,78,78],"card_choices":[{"not_picked":["Sucker Punch","Underhanded Strike"],"picked":"Footwork","floor":1},{"not_picked":["PiercingWail","Eviscerate"],"picked":"Well Laid Plans","floor":2},{"not_picked":["Endless Agony","Backstab"],"picked":"Deadly Poison","floor":3},{"not_picked":["Caltrops","Blade Dance","Underhanded Strike"],"picked":"SKIP","floor":5},{"not_picked":["Quick Slash","Deflect"],"picked":"Dodge and Roll","floor":7},{"not_picked":["Terror","Dagger Throw"],"picked":"Tactician","floor":10},{"not_picked":["PiercingWail","Phantasmal Killer"],"picked":"Calculated Gamble","floor":12},{"not_picked":["PiercingWail","Sucker Punch"],"picked":"Prepared","floor":14},{"not_picked":["Grand Finale","Phantasmal Killer"],"picked":"Adrenaline","floor":16},{"not_picked":["Concentrate","Slice","Distraction"],"picked":"SKIP","floor":18},{"not_picked":["Heel Hook","Dagger Spray+1","Outmaneuver"],"picked":"SKIP","floor":19},{"not_picked":["Outmaneuver","Blade Dance"],"picked":"Backstab","floor":22},{"not_picked":["Quick Slash","Accuracy+1","Tools of the Trade"],"picked":"SKIP","floor":24},{"not_picked":["Sucker Punch","Flying Knee","Underhanded Strike"],"picked":"SKIP","floor":28},{"not_picked":["Heel Hook","Dagger Spray","Outmaneuver"],"picked":"SKIP","floor":30},{"not_picked":["Backflip","Flying Knee"],"picked":"PiercingWail","floor":31},{"not_picked":["Bullet Time","Unload"],"picked":"Burst","floor":33},{"not_picked":["Bane"],"picked":"SKIP","floor":35},{"not_picked":["Backflip"],"picked":"SKIP","floor":36},{"not_picked":["Caltrops"],"picked":"SKIP","floor":37},{"not_picked":["Blade Dance"],"picked":"SKIP","floor":39},{"not_picked":["Sucker Punch"],"picked":"SKIP","floor":41},{"not_picked":["Poisoned Stab"],"picked":"SKIP","floor":44}],"player_experience":1098944,"relics_obtained":[{"floor":7,"key":"Tiny Chest"},{"floor":9,"key":"White Beast Statue"},{"floor":12,"key":"FossilizedHelix"},{"floor":21,"key":"Whetstone"},{"floor":25,"key":"Oddly Smooth Stone"},{"floor":26,"key":"Strawberry"},{"floor":28,"key":"Snake Skull"},{"floor":38,"key":"Sundial"}],"event_choices":[{"damage_healed":0,"gold_gain":0,"player_choice":"Entered Light","damage_taken":20,"max_hp_gain":0,"max_hp_loss":0,"event_name":"Shining Light","floor":13,"gold_loss":0,"cards_upgraded":["Defend_G","Dodge and Roll"]},{"damage_healed":0,"gold_gain":0,"player_choice":"Obtained Relic","damage_taken":0,"relics_obtained":["Potion Belt"],"max_hp_gain":0,"max_hp_loss":0,"event_name":"Addict","floor":27,"gold_loss":85}],"is_beta":false,"boss_relics":[{"not_picked":["Calling Bell","Coffee Dripper"],"picked":"Pandora\u0027s Box"},{"not_picked":["Astrolabe","Fusion Hammer"],"picked":"Busted Crown"}],"items_purged_floors":[4,20,40],"is_endless":false,"potions_floor_spawned":[2,3,7,10,12,14,16,18,19,22,24,28,30,31,33,35,36,37,39,41,44],"killed_by":"Nemesis","ascension_level":20}}