{"host":"2qv44oxt58ptq59r","time":1609521375,"event":{"mods":["AchievementEnabler","BaseMod","Colored Powertips","Highlight Path","Minty Spire (QoL Compilation)","Permanent Neow","StSLib"],"gold_per_floor":[112,130,130,149,164,199,199,199,223,247,291,304,37,53,53,172,172,197,221,22,42,42,42,42,67,67,67,67,67,67,143,143,143,143],"floor_reached":33,"playtime":4856,"items_purged":[],"score":282,"play_id":"9078e476-9b04-4fe5-836e-40fce20fb741","local_time":"20210101171615","is_ascension_mode":false,"campfire_choices":[{"data":"Metallicize","floor":8.0,"key":"SMITH"},{"data":"Limit Break","floor":15.0,"key":"SMITH"},{"floor":23.0,"key":"DIG"},{"floor":27,"key":"RECALL"},{"floor":29,"key":"DIG"},{"floor":32,"key":"DIG"}],"circlet_count":0,"master_deck":["Strike_R","Strike_R","Strike_R+1","Strike_R","Strike_R","Defend_R","Defend_R","Defend_R+1","Defend_R+1","Bash+1","Shrug It Off","Metallicize+1","Spot Weakness","Heavy Blade","Shockwave","Limit Break+1","Clothesline","Uppercut","Inflame","Blood for Blood","Reaper","CurseOfTheBell","Clothesline+1","Wild Strike+1","Fire Breathing"],"relics":["Burning Blood","Golden Idol","Red Skull","Juzu Bracelet","War Paint","Calling Bell","Potion Belt","StrikeDummy","Shovel","Anchor","Ginger","Vajra","Molten Egg 2","Whetstone","InkBottle","CeramicFish"],"acts_visited":["Exordium","TheCity"],"potions_floor_usage":[33],"damage_taken":[{"damage":3.0,"enemies":"Jaw Worm","floor":1.0,"turns":3.0},{"damage":1.0,"enemies":"Cultist","floor":2.0,"turns":5.0},{"damage":2.0,"enemies":"Small Slimes","floor":4.0,"turns":4.0},{"damage":13.0,"enemies":"3 Louse","floor":5.0,"turns":5.0},{"damage":15.0,"enemies":"Lagavulin","floor":6.0,"turns":7.0},{"damage":0.0,"enemies":"Looter","floor":10.0,"turns":2.0},{"damage":10.0,"enemies":"3 Sentries","floor":11.0,"turns":8.0},{"damage":9.0,"enemies":"Red Slaver","floor":12.0,"turns":3.0},{"damage":0.0,"enemies":"Exordium Wildlife","floor":14.0,"turns":5.0},{"damage":19.0,"enemies":"The Guardian","floor":16.0,"turns":10.0},{"damage":37.0,"enemies":"3 Byrds","floor":18.0,"turns":6.0},{"damage":17.0,"enemies":"Spheric Guardian","floor":19.0,"turns":5.0},{"damage":16.0,"enemies":"Snake Plant","floor":21.0,"turns":7.0},{"damage":29,"enemies":"3 Cultists","floor":25,"turns":6},{"damage":74,"enemies":"Collector","floor":33,"turns":6}],"seed_played":"-6085159356263347197","potions_obtained":[{"floor":2.0,"key":"PowerPotion"},{"floor":5.0,"key":"DistilledChaos"},{"floor":6.0,"key":"DistilledChaos"},{"floor":11.0,"key":"GamblersBrew"},{"floor":14.0,"key":"ElixirPotion"},{"floor":19.0,"key":"Explosive Potion"},{"floor":21.0,"key":"ElixirPotion"}],"is_trial":false,"path_per_floor":["M","M","?","M","M","E","?","R","T","M","E","M","$","M","R","B",null,"M","M","$","M","$","R","T","M","T","R","?","R","?","T","R","B"],"character_chosen":"IRONCLAD","items_purchased":["War Paint","Uppercut","Inflame","Anchor","AttackPotion"],"campfire_rested":0,"item_purchase_floors":[13,13,13,20,20],"current_hp_per_floor":[80,80,60,64,57,48,48,48,48,54,50,47,47,53,53,40,80,78,67,67,80,80,80,80,69,69,69,69,69,69,69,69,0,0],"gold":143,"neow_bonus":"THREE_CARDS","is_daily":false,"chose_seed":false,"campfire_upgraded":2,"win_rate":0.0,"timestamp":1609521375,"path_taken":["M","M","?","M","M","E","?","R","T","M","E","M","$","M","R","BOSS","M","M","$","M","$","R","?","M","T","R","?","R","?","?","R","BOSS"],"items_purchased_type":["Relic","Card","Card","Relic","Potion"],"build_version":"2020-12-22","purchased_purges":0,"victory":false,"max_hp_per_floor":[80,80,80,80,80,80,80,80,80,80,80,80,80,80,80,80,80,80,80,80,80,80,80,80,80,80,80,80,80,80,80,80,80,80],"card_choices":[{"not_picked":["Anger","Clash"],"picked":"Shrug It Off","floor":0.0},{"not_picked":["Iron Wave","Spot Weakness"],"picked":"Metallicize","floor":1.0},{"not_picked":["Blood for Blood","Body Slam"],"picked":"Spot Weakness","floor":2.0},{"not_picked":["Carnage","Havoc","Shrug It Off"],"picked":"SKIP","floor":4.0},{"not_picked":["Pommel Strike","Dark Embrace"],"picked":"Heavy Blade","floor":5.0},{"not_picked":["Shrug It Off","Thunderclap","Warcry"],"picked":"SKIP","floor":6.0},{"not_picked":["Shrug It Off","Hemokinesis"],"picked":"Shockwave","floor":10.0},{"not_picked":["Offering","Intimidate"],"picked":"Limit Break","floor":11.0},{"not_picked":["Shrug It Off","Anger"],"picked":"Clothesline","floor":12.0},{"not_picked":["Sever Soul","Pommel Strike"],"picked":"Blood for Blood","floor":14.0},{"not_picked":["Bludgeon","Limit Break"],"picked":"Reaper","floor":16.0},{"not_picked":["Rampage","Clash","Anger"],"picked":"SKIP","floor":18.0},{"not_picked":["Dropkick","Cleave"],"picked":"Clothesline","floor":19.0},{"not_picked":["Clothesline","Perfected Strike"],"picked":"Wild Strike+1","floor":21.0},{"not_picked":["Perfected Strike","Pommel Strike"],"picked":"Fire Breathing","floor":25}],"player_experience":5140128,"relics_obtained":[{"floor":6.0,"key":"Red Skull"},{"floor":11.0,"key":"Juzu Bracelet"},{"floor":17.0,"key":"Potion Belt"},{"floor":17.0,"key":"StrikeDummy"},{"floor":17.0,"key":"Shovel"},{"floor":23.0,"key":"Ginger"},{"floor":24.0,"key":"Vajra"},{"floor":26,"key":"Molten Egg 2"},{"floor":29,"key":"Whetstone"},{"floor":31,"key":"InkBottle"},{"floor":32,"key":"CeramicFish"}],"event_choices":[{"damage_healed":0.0,"max_hp_gain":0.0,"max_hp_loss":0.0,"gold_gain":0.0,"event_name":"Golden Idol","player_choice":"Take Damage","floor":3.0,"gold_loss":0.0,"damage_taken":20.0,"relics_obtained":["Golden Idol"]},{"damage_healed":0.0,"max_hp_gain":0.0,"max_hp_loss":0.0,"gold_gain":0.0,"event_name":"Upgrade Shrine","player_choice":"Upgraded","floor":7.0,"gold_loss":0.0,"damage_taken":0.0,"cards_upgraded":["Bash"]},{"damage_healed":0,"gold_gain":0,"player_choice":"Ignored","damage_taken":0,"max_hp_gain":0,"max_hp_loss":0,"event_name":"Ghosts","floor":30,"gold_loss":0}],"is_beta":false,"boss_relics":[{"not_picked":["Mark of Pain","Runic Cube"],"picked":"Calling Bell"}],"items_purged_floors":[],"is_endless":false,"potions_floor_spawned":[2,5,6,11,14,19,21],"killed_by":"Collector","ascension_level":0}}