{"host":"y3h3n3f7seyagppx","time":1609521207,"event":{"mods":["BaseMod","Colored Map","Colored Powertips","DeckTracker","Minty Spire (QoL Compilation)","Random Character Button","Rare Cards Sparkle","Relic Sorter","Relic Stats","StSLib"],"gold_per_floor":[112,112,131,131,206,233,233,17,17,47,47,74,89,117,117,191,191,206,206,206,206,225,225,255,255,282,315,328,328,347,377,377,448,448,463,215,215,229,129,129,157,173,251,283,283,129,129,149,149,149,149,149,149,109,141,141],"floor_reached":57,"playtime":6186,"items_purged":["Strike_R+1","Strike_R+1"],"score":3134,"play_id":"1af72f3a-b6ce-45d0-bb43-17e49da24a1d","local_time":"20210101121327","is_ascension_mode":true,"campfire_choices":[{"data":"Armaments","floor":7,"key":"SMITH"},{"data":"Bash","floor":11,"key":"SMITH"},{"data":"Power Through","floor":15,"key":"SMITH"},{"floor":23,"key":"REST"},{"data":"Berserk","floor":32,"key":"SMITH"},{"data":"Entrench","floor":40,"key":"SMITH"},{"data":"Flame Barrier","floor":45,"key":"SMITH"},{"data":"Impervious","floor":47,"key":"SMITH"},{"floor":49,"key":"RECALL"},{"data":"Barricade","floor":53,"key":"SMITH"}],"circlet_count":0,"master_deck":["AscendersBane","Strike_R+1","Defend_R+1","Defend_R+1","Defend_R+1","Defend_R+1","Bash+1","Carnage+1","Evolve","Armaments+1","Pommel Strike","Power Through+1","Offering+1","Necronomicurse","Spot Weakness+1","Barricade+1","Berserk+1","Exhume","Entrench+1","Entrench+1","Fire Breathing+1","Flame Barrier+1","Impervious+1","Battle Trance+1","Shockwave","Body Slam"],"relics":["Burning Blood","Juzu Bracelet","Ornamental Fan","PreservedInsect","Oddly Smooth Stone","Regal Pillow","Happy Flower","Question Card","Black Star","Necronomicon","Mummified Hand","War Paint","Bronze Scales","Omamori","Bag of Preparation","MutagenicStrength","Eternal Feather","Akabeko","Cursed Key","ClockworkSouvenir","Red Skull","Centennial Puzzle","Calipers","StrikeDummy","Letter Opener"],"acts_visited":["Exordium","TheCity","TheBeyond","TheEnding"],"potions_floor_usage":[6,10,12,16,24,27,31,41,56,56],"damage_taken":[{"damage":12,"enemies":"Cultist","floor":1,"turns":4},{"damage":1,"enemies":"2 Louse","floor":3,"turns":4},{"damage":15,"enemies":"3 Sentries","floor":6,"turns":6},{"damage":0,"enemies":"Lagavulin","floor":10,"turns":4},{"damage":0,"enemies":"3 Sentries","floor":12,"turns":4},{"damage":6,"enemies":"Small Slimes","floor":13,"turns":5},{"damage":5,"enemies":"Gremlin Nob","floor":14,"turns":3},{"damage":38,"enemies":"Slime Boss","floor":16,"turns":7},{"damage":7,"enemies":"Spheric Guardian","floor":18,"turns":4},{"damage":12,"enemies":"Shell Parasite","floor":22,"turns":2},{"damage":0,"enemies":"Book of Stabbing","floor":24,"turns":3},{"damage":16,"enemies":"Slavers","floor":27,"turns":3},{"damage":6,"enemies":"3 Cultists","floor":28,"turns":5},{"damage":0,"enemies":"Snake Plant","floor":30,"turns":2},{"damage":0,"enemies":"Gremlin Leader","floor":31,"turns":3},{"damage":14,"enemies":"Automaton","floor":33,"turns":8},{"damage":6,"enemies":"Orb Walker","floor":35,"turns":2},{"damage":6,"enemies":"3 Darklings","floor":38,"turns":5},{"damage":9,"enemies":"Reptomancer","floor":41,"turns":7},{"damage":6,"enemies":"Writhing Mass","floor":42,"turns":8},{"damage":6,"enemies":"Nemesis","floor":44,"turns":5},{"damage":24,"enemies":"Transient","floor":48,"turns":6},{"damage":6,"enemies":"Donu and Deca","floor":50,"turns":8},{"damage":3,"enemies":"Awakened One","floor":51,"turns":24},{"damage":7,"enemies":"Shield and Spear","floor":55,"turns":5},{"damage":15,"enemies":"The Heart","floor":56,"turns":9}],"seed_played":"2045480641763986527","potions_obtained":[{"floor":1,"key":"SkillPotion"},{"floor":3,"key":"SteroidPotion"},{"floor":10,"key":"DistilledChaos"},{"floor":12,"key":"LiquidMemories"},{"floor":18,"key":"DistilledChaos"},{"floor":27,"key":"Ancient Potion"},{"floor":28,"key":"Energy Potion"},{"floor":33,"key":"Energy Potion"},{"floor":41,"key":"Strength Potion"},{"floor":42,"key":"Weak Potion"}],"is_trial":false,"path_per_floor":["M","?","M","?","?","E","R","$","T","E","R","E","M","E","R","B",null,"M","?","?","?","M","R","E","?","T","E","M","?","M","E","R","B",null,"M","$","?","M","$","R","E","M","T","E","R","$","R","M","R","B","B",null,"R","$","E","B",null],"character_chosen":"IRONCLAD","items_purchased":["PreservedInsect","AttackPotion","ClockworkSouvenir","Impervious","Shockwave"],"campfire_rested":1,"item_purchase_floors":[8,8,36,46,54],"current_hp_per_floor":[62,51,56,56,45,36,36,36,36,42,42,48,48,49,49,17,61,60,60,39,39,33,70,75,75,75,65,65,65,71,75,75,67,73,73,73,73,73,73,75,72,72,72,72,75,75,75,57,69,69,72,74,75,75,74,65],"gold":141,"neow_bonus":"TRANSFORM_CARD","is_daily":false,"chose_seed":false,"campfire_upgraded":8,"win_rate":0.0,"timestamp":1609521207,"path_taken":["M","?","M","?","?","E","R","$","T","E","R","E","M","E","R","BOSS","M","?","?","?","M","R","E","?","T","E","M","?","M","E","R","BOSS","M","$","?","M","?","R","E","M","T","E","R","$","R","M","R","BOSS","BOSS","R","$","E","BOSS"],"items_purchased_type":["Relic","Potion","Relic","Card","Card"],"build_version":"2020-12-22","purchased_purges":2,"victory":true,"max_hp_per_floor":[75,75,75,75,75,75,75,75,75,75,75,75,75,75,75,75,75,75,75,75,75,75,75,75,75,75,75,75,75,75,75,75,75,75,75,75,75,75,75,75,75,75,75,75,75,75,75,75,75,75,75,75,75,75,75,75],"relic_stats":{"Regal Pillow":15,"Happy Flower":[41],"counters":[26,146],"Eternal Feather":18,"PreservedInsect":405,"Juzu Bracelet":1,"Bag of Preparation":[28],"Letter Opener":[41],"War Paint":["Spot Weakness","Offering"],"Question Card":16,"Cursed Key":1,"Burning Blood":153,"Centennial Puzzle":[21],"Ornamental Fan":[112],"Mummified Hand":[47],"Bronze Scales":[513],"Black Star":6,"Necronomicon":[44],"obtain_stats":[{"Regal Pillow":10,"Calipers":44,"Juzu Bracelet":2,"Bag of Preparation":27,"Cursed Key":34,"Burning Blood":0,"ClockworkSouvenir":36,"Centennial Puzzle":41,"Mummified Hand":24,"Necronomicon":20,"Red Skull":41,"Happy Flower":12,"Oddly Smooth Stone":9,"Eternal Feather":31,"PreservedInsect":8,"Omamori":27,"Letter Opener":55,"War Paint":24,"Question Card":14,"Akabeko":31,"Ornamental Fan":6,"Bronze Scales":26,"MutagenicStrength":29,"Black Star":17,"StrikeDummy":55},{"Regal Pillow":4,"Calipers":21,"Juzu Bracelet":1,"Bag of Preparation":12,"Cursed Key":16,"Burning Blood":0,"ClockworkSouvenir":17,"Centennial Puzzle":19,"Mummified Hand":11,"Necronomicon":9,"Red Skull":19,"Happy Flower":5,"Oddly Smooth Stone":3,"Eternal Feather":15,"PreservedInsect":3,"Omamori":12,"Letter Opener":25,"War Paint":11,"Question Card":7,"Akabeko":15,"Ornamental Fan":3,"Bronze Scales":11,"MutagenicStrength":13,"Black Star":8,"StrikeDummy":25},{"Regal Pillow":18,"Calipers":94,"Juzu Bracelet":4,"Bag of Preparation":49,"Cursed Key":67,"Burning Blood":0,"ClockworkSouvenir":69,"Centennial Puzzle":81,"Mummified Hand":46,"Necronomicon":41,"Red Skull":81,"Happy Flower":22,"Oddly Smooth Stone":14,"Eternal Feather":59,"PreservedInsect":14,"Omamori":49,"Letter Opener":137,"War Paint":46,"Question Card":30,"Akabeko":59,"Ornamental Fan":14,"Bronze Scales":46,"MutagenicStrength":54,"Black Star":37,"StrikeDummy":137}]},"card_choices":[{"not_picked":["Pummel","True Grit","Cleave"],"picked":"SKIP","floor":1},{"not_picked":["Pommel Strike","Clothesline"],"picked":"Evolve","floor":3},{"not_picked":["Twin Strike","Shrug It Off"],"picked":"Armaments","floor":6},{"not_picked":["Rampage","Dropkick","Searing Blow"],"picked":"SKIP","floor":10},{"not_picked":["Blood for Blood","Bludgeon","Thunderclap"],"picked":"SKIP","floor":12},{"not_picked":["Pommel Strike","Rupture","Perfected Strike"],"picked":"SKIP","floor":13},{"not_picked":["Rupture","Perfected Strike"],"picked":"Pommel Strike","floor":13},{"not_picked":["Shrug It Off","Havoc"],"picked":"Power Through","floor":14},{"not_picked":["Demon Form","Brutality","Limit Break"],"picked":"Offering","floor":16},{"not_picked":["Sword Boomerang","Dual Wield","Pommel Strike","Disarm"],"picked":"SKIP","floor":18},{"not_picked":["Dropkick","Sentinel+1","Sword Boomerang","Second Wind"],"picked":"SKIP","floor":22},{"not_picked":["Dual Wield","Clash","Sword Boomerang"],"picked":"Barricade","floor":24},{"not_picked":["Shrug It Off","Perfected Strike+1","Wild Strike"],"picked":"Berserk","floor":27},{"not_picked":["Perfected Strike+1","Pummel","Dark Embrace","Bloodletting"],"picked":"SKIP","floor":28},{"not_picked":["True Grit","Rupture","Clash","Hemokinesis"],"picked":"SKIP","floor":30},{"not_picked":["True Grit","Rupture","Clash","Hemokinesis"],"picked":"SKIP","floor":30},{"not_picked":["True Grit","Rupture","Clash","Hemokinesis"],"picked":"SKIP","floor":30},{"not_picked":["Rupture+1","Second Wind","Thunderclap","Havoc+1"],"picked":"SKIP","floor":31},{"not_picked":["Bludgeon","Barricade","Demon Form"],"picked":"Exhume","floor":33},{"not_picked":["Clash","Headbutt","Perfected Strike","Pommel Strike"],"picked":"SKIP","floor":35},{"not_picked":["Reckless Charge","Armaments","Cleave"],"picked":"Entrench","floor":38},{"not_picked":["Anger","Flame Barrier","Perfected Strike+1"],"picked":"Entrench+1","floor":41},{"not_picked":["Disarm","Headbutt","Cleave"],"picked":"Fire Breathing+1","floor":42},{"not_picked":["Flex","Burning Pact","Anger"],"picked":"Flame Barrier","floor":44},{"not_picked":["True Grit","Infernal Blade+1","Rampage"],"picked":"Battle Trance+1","floor":48},{"not_picked":["Ghostly Armor","Rampage","Shrug It Off"],"picked":"Body Slam","floor":55}],"player_experience":20275896,"relics_obtained":[{"floor":6,"key":"Ornamental Fan"},{"floor":9,"key":"Oddly Smooth Stone"},{"floor":10,"key":"Regal Pillow"},{"floor":12,"key":"Happy Flower"},{"floor":14,"key":"Question Card"},{"floor":20,"key":"Necronomicon"},{"floor":24,"key":"Mummified Hand"},{"floor":24,"key":"War Paint"},{"floor":26,"key":"Bronze Scales"},{"floor":27,"key":"Omamori"},{"floor":27,"key":"Bag of Preparation"},{"floor":31,"key":"Eternal Feather"},{"floor":31,"key":"Akabeko"},{"floor":41,"key":"Red Skull"},{"floor":41,"key":"Centennial Puzzle"},{"floor":44,"key":"Calipers"},{"floor":55,"key":"StrikeDummy"},{"floor":55,"key":"Letter Opener"}],"event_choices":[{"damage_healed":0,"gold_gain":0,"player_choice":"Success","damage_taken":11,"relics_obtained":["Juzu Bracelet"],"max_hp_gain":0,"max_hp_loss":0,"event_name":"Scrap Ooze","floor":2,"gold_loss":0},{"damage_healed":0,"gold_gain":0,"player_choice":"Grow","damage_taken":0,"max_hp_gain":0,"max_hp_loss":0,"event_name":"Living Wall","floor":4,"gold_loss":0,"cards_upgraded":["Carnage"]},{"damage_healed":0,"gold_gain":75,"player_choice":"Gather Gold","damage_taken":11,"max_hp_gain":0,"max_hp_loss":0,"event_name":"World of Goop","floor":5,"gold_loss":0},{"damage_healed":0,"gold_gain":0,"player_choice":"Simplicity","damage_taken":0,"max_hp_gain":0,"max_hp_loss":0,"event_name":"Back to Basics","floor":19,"gold_loss":0,"cards_upgraded":["Strike_R","Strike_R","Strike_R","Strike_R","Defend_R","Defend_R","Defend_R","Defend_R"]},{"damage_healed":0,"gold_gain":0,"player_choice":"Obtained Book","damage_taken":21,"max_hp_gain":0,"max_hp_loss":0,"event_name":"Cursed Tome","floor":20,"gold_loss":0},{"damage_healed":0,"gold_gain":0,"player_choice":"Read","damage_taken":0,"max_hp_gain":0,"max_hp_loss":0,"event_name":"The Library","floor":21,"gold_loss":0,"cards_obtained":["Spot Weakness"]},{"damage_healed":0,"gold_gain":0,"player_choice":"Ignored","damage_taken":0,"max_hp_gain":0,"max_hp_loss":0,"event_name":"N\u0027loth","floor":25,"gold_loss":0},{"damage_healed":0,"gold_gain":0,"player_choice":"Inject Mutagens","damage_taken":0,"relics_obtained":["MutagenicStrength"],"max_hp_gain":0,"max_hp_loss":0,"event_name":"Drug Dealer","floor":29,"gold_loss":0},{"cards_removed":["Strike_R"],"damage_healed":0,"gold_gain":0,"player_choice":"Purged","damage_taken":0,"max_hp_gain":0,"max_hp_loss":0,"event_name":"Purifier","floor":37,"gold_loss":0}],"is_beta":false,"boss_relics":[{"not_picked":["Black Blood","Empty Cage"],"picked":"Black Star"},{"not_picked":["Fusion Hammer","Calling Bell"],"picked":"Cursed Key"}],"items_purged_floors":[36,39],"is_endless":false,"potions_floor_spawned":[1,3,10,12,18,27,28,33,41,42,55],"ascension_level":20}}