{"host":"sc0o2qwpf9j16a4i","time":1609523853,"event":{"mods":["AchievementEnabler","BaseMod","BetterRewards","Block Reminder","Colored Map","Colored Powertips","Custom Start","Highlight Path","Minty Spire (QoL Compilation)","Relic Stats"],"gold_per_floor":[110,130,130,205,225,225,255,255,255,266,282,312,312,328,328,404,404,419,436,436,22,72,72,102,102,102,2,2,19,29,62,62,133,133,151,151,151,26,46,74,74,74,74],"floor_reached":42,"playtime":1325,"items_purged":["Strike_R","Strike_R","Strike_R"],"score":1023,"play_id":"aea275ae-97d5-41df-be54-18817192f82b","local_time":"20210101195733","is_ascension_mode":true,"campfire_choices":[{"data":"Uppercut","floor":6.0,"key":"SMITH"},{"floor":13.0,"key":"REST"},{"floor":15.0,"key":"REST"},{"floor":23,"key":"REST"},{"floor":25,"key":"REST"},{"floor":28,"key":"REST"},{"floor":32,"key":"REST"},{"floor":41,"key":"REST"}],"circlet_count":0,"master_deck":["AscendersBane","Strike_R","Strike_R","Defend_R","Defend_R","Defend_R","Defend_R","Bash","Flex","Combust","Uppercut+1","Pain","Battle Trance","Rupture","Impervious","Shrug It Off","Heavy Blade","Disarm","Metallicize","Rupture","Barricade","Shrug It Off","Ghostly Armor"],"relics":["Black Blood","Singing Bowl","WarpedTongs","Strawberry","MealTicket","Runic Dome","Magic Flower","Dream Catcher","Ancient Tea Set","Question Card","Unceasing Top","Nunchaku"],"acts_visited":["Exordium","TheCity","TheBeyond"],"potions_floor_usage":[31,31,33,40,41],"damage_taken":[{"damage":6.0,"enemies":"Cultist","floor":1.0,"turns":4.0},{"damage":3.0,"enemies":"2 Louse","floor":2.0,"turns":2.0},{"damage":4.0,"enemies":"Small Slimes","floor":5.0,"turns":4.0},{"damage":31.0,"enemies":"3 Sentries","floor":7.0,"turns":7.0},{"damage":12.0,"enemies":"Red Slaver","floor":10.0,"turns":3.0},{"damage":17.0,"enemies":"3 Louse","floor":11.0,"turns":4.0},{"damage":18.0,"enemies":"Lagavulin","floor":12.0,"turns":7.0},{"damage":14.0,"enemies":"Exordium Thugs","floor":14.0,"turns":4.0},{"damage":29.0,"enemies":"Slime Boss","floor":16.0,"turns":7.0},{"damage":42.0,"enemies":"2 Thieves","floor":18.0,"turns":5.0},{"damage":21.0,"enemies":"Shell Parasite","floor":19.0,"turns":4.0},{"damage":79,"enemies":"Gremlin Leader","floor":24,"turns":7},{"damage":16,"enemies":"3 Cultists","floor":29,"turns":5},{"damage":24,"enemies":"Snake Plant","floor":30,"turns":5},{"damage":59,"enemies":"Slavers","floor":31,"turns":8},{"damage":25,"enemies":"Champ","floor":33,"turns":7},{"damage":74,"enemies":"3 Darklings","floor":35,"turns":8},{"damage":46,"enemies":"Orb Walker","floor":39,"turns":5},{"damage":85,"enemies":"Giant Head","floor":40,"turns":8},{"damage":63,"enemies":"Nemesis","floor":42,"turns":7}],"seed_played":"-4512104941931980213","potions_obtained":[{"floor":1.0,"key":"Explosive Potion"},{"floor":5.0,"key":"SteroidPotion"},{"floor":7.0,"key":"Swift Potion"},{"floor":16.0,"key":"Strength Potion"},{"floor":18.0,"key":"Swift Potion"},{"floor":29,"key":"LiquidMemories"},{"floor":31,"key":"DistilledChaos"},{"floor":35,"key":"BloodPotion"},{"floor":40,"key":"Fruit Juice"}],"is_trial":false,"path_per_floor":["M","M","?","?","M","R","E","?","T","M","M","E","R","M","R","B",null,"M","M","?","$","T","R","E","R","T","$","R","M","M","E","R","B",null,"M","?","?","$","M","E","R","E"],"character_chosen":"IRONCLAD","items_purchased":["Magic Flower"],"campfire_rested":7,"item_purchase_floors":[21],"current_hp_per_floor":[75,78,83,72,74,74,51,51,58,52,41,31,60,54,84,61,90,56,41,41,56,56,88,18,51,51,66,99,92,77,29,62,46,94,38,40,92,92,66,28,63,0,0],"gold":74,"neow_bonus":"TEN_PERCENT_HP_BONUS","is_daily":false,"chose_seed":false,"campfire_upgraded":1,"win_rate":0.0,"timestamp":1609523853,"path_taken":["M","M","?","?","M","R","E","?","T","?","M","E","R","M","R","BOSS","M","M","?","$","?","R","E","R","T","?","R","M","?","E","R","BOSS","M","?","?","?","M","E","R","E"],"items_purchased_type":["Relic"],"build_version":"2020-12-22","purchased_purges":3,"victory":false,"max_hp_per_floor":[82,82,87,87,87,87,89,89,96,96,96,98,98,100,100,100,100,102,102,102,102,102,104,104,106,106,106,108,108,108,110,110,110,110,110,112,92,92,94,96,101,101,101],"relic_stats":{"Dream Catcher":5,"Nunchaku":[0],"Singing Bowl":22,"counters":[20,111],"Black Blood":165,"Magic Flower":[42],"MealTicket":30,"Question Card":11,"obtain_stats":[{"Singing Bowl":7,"Magic Flower":21,"Black Blood":34,"Ancient Tea Set":24,"Question Card":26,"Burning Blood":0,"WarpedTongs":8,"Runic Dome":17,"Dream Catcher":22,"Nunchaku":40,"Strawberry":9,"MealTicket":12,"Unceasing Top":31},{"Singing Bowl":4,"Magic Flower":11,"Black Blood":16,"Ancient Tea Set":12,"Question Card":12,"Burning Blood":0,"WarpedTongs":4,"Runic Dome":9,"Dream Catcher":11,"Nunchaku":19,"Strawberry":4,"MealTicket":7,"Unceasing Top":15},{"Singing Bowl":17,"Magic Flower":51,"Black Blood":83,"Ancient Tea Set":58,"Question Card":58,"Burning Blood":0,"WarpedTongs":17,"Runic Dome":42,"Dream Catcher":51,"Nunchaku":104,"Strawberry":17,"MealTicket":31,"Unceasing Top":76}],"Unceasing Top":[1],"WarpedTongs":[94]},"card_choices":[{"not_picked":["Intimidate","Iron Wave"],"picked":"Flex","floor":1.0},{"not_picked":["Headbutt","Burning Pact"],"picked":"Combust","floor":2.0},{"not_picked":["Armaments","Dual Wield"],"picked":"Uppercut","floor":5.0},{"not_picked":["Second Wind","Sever Soul","Clothesline"],"picked":"Singing Bowl","floor":7.0},{"not_picked":["Reckless Charge","Flex"],"picked":"Battle Trance","floor":10.0},{"not_picked":["Dark Embrace","Body Slam"],"picked":"Rupture","floor":11.0},{"not_picked":["Warcry","Clash","Havoc"],"picked":"Singing Bowl","floor":12.0},{"not_picked":["Body Slam","Feel No Pain","Battle Trance"],"picked":"Singing Bowl","floor":14.0},{"not_picked":["Feed","Juggernaut"],"picked":"Impervious","floor":16.0},{"not_picked":["Anger","Flex","Clash"],"picked":"Singing Bowl","floor":18.0},{"not_picked":["Heavy Blade+1","Dark Embrace"],"picked":"Shrug It Off","floor":19.0},{"not_picked":["Armaments","Pommel Strike","Sever Soul"],"picked":"Singing Bowl","floor":23},{"not_picked":["Rampage","Inflame"],"picked":"Heavy Blade","floor":24},{"not_picked":["Dark Embrace","Seeing Red+1","Headbutt"],"picked":"Singing Bowl","floor":25},{"not_picked":["Heavy Blade","Havoc","Flex","Second Wind"],"picked":"Singing Bowl","floor":28},{"not_picked":["Body Slam","Carnage+1","True Grit"],"picked":"Disarm","floor":29},{"not_picked":["Warcry","Twin Strike","Iron Wave"],"picked":"Metallicize","floor":30},{"not_picked":["Body Slam","Offering","Clothesline","Wild Strike+1"],"picked":"Singing Bowl","floor":31},{"not_picked":["Sword Boomerang","Fire Breathing","Wild Strike"],"picked":"Rupture","floor":32},{"not_picked":["Fiend Fire","Berserk","Immolate"],"picked":"Barricade","floor":33},{"not_picked":["Dark Embrace","Twin Strike","Anger"],"picked":"Shrug It Off","floor":35},{"not_picked":["Purity","Dramatic Entrance","Deep Breath","Flash of Steel"],"picked":"Singing Bowl","floor":36},{"not_picked":["Seeing Red","Clash","Dropkick+1","Cleave"],"picked":"Singing Bowl","floor":39},{"not_picked":["Pommel Strike","Battle Trance","Sword Boomerang","Whirlwind+1"],"picked":"Singing Bowl","floor":40},{"not_picked":["Headbutt","Cleave+1","Infernal Blade"],"picked":"Ghostly Armor","floor":41}],"player_experience":485574,"relics_obtained":[{"floor":7.0,"key":"Singing Bowl"},{"floor":9.0,"key":"Strawberry"},{"floor":12.0,"key":"MealTicket"},{"floor":22,"key":"Dream Catcher"},{"floor":24,"key":"Ancient Tea Set"},{"floor":26,"key":"Question Card"},{"floor":31,"key":"Unceasing Top"},{"floor":40,"key":"Nunchaku"}],"event_choices":[{"damage_healed":0.0,"max_hp_gain":5.0,"max_hp_loss":0.0,"gold_gain":0.0,"event_name":"Big Fish","player_choice":"Donut","floor":3.0,"gold_loss":0.0,"damage_taken":0.0},{"damage_healed":0.0,"max_hp_gain":0.0,"max_hp_loss":0.0,"gold_gain":75.0,"event_name":"World of Goop","player_choice":"Gather Gold","floor":4.0,"gold_loss":0.0,"damage_taken":11.0},{"damage_healed":0.0,"max_hp_gain":0.0,"max_hp_loss":0.0,"gold_gain":0.0,"event_name":"Accursed Blacksmith","player_choice":"Rummage","floor":8.0,"gold_loss":0.0,"damage_taken":0.0,"relics_obtained":["WarpedTongs"],"cards_obtained":["Pain"]},{"damage_healed":0,"gold_gain":0,"player_choice":"Ignored","damage_taken":0,"max_hp_gain":0,"max_hp_loss":0,"event_name":"Fountain of Cleansing","floor":20,"gold_loss":0},{"damage_healed":0,"gold_gain":0,"player_choice":"Memory 1","damage_taken":0,"max_hp_gain":0,"max_hp_loss":0,"event_name":"SensoryStone","floor":36,"gold_loss":0},{"damage_healed":92,"gold_gain":0,"player_choice":"Heal","damage_taken":0,"max_hp_gain":0,"max_hp_loss":20,"event_name":"The Moai Head","floor":37,"gold_loss":0}],"is_beta":false,"boss_relics":[{"not_picked":["Runic Cube","Calling Bell"],"picked":"Runic Dome"},{"not_picked":["Tiny House","Coffee Dripper"],"picked":"Black Blood"}],"items_purged_floors":[21,27,38],"is_endless":false,"potions_floor_spawned":[1,5,7,10,16,18,19,29,31,35,40],"killed_by":"Nemesis","ascension_level":20}}