{"host":"sav7uxregyirlf69","time":1609472620,"event":{"mods":["AchievementEnabler","BaseMod","Colored Map","DeckTracker","Keyboard Shortcuts","Minty Spire (QoL Compilation)","READ ME - Guardian Mod","StSLib","SuperFastMode"],"gold_per_floor":[113,113,113,127,52,85,109,109,109,34,50,64,99,99,99,99,99],"floor_reached":16,"playtime":242,"items_purged":["Strike_G"],"score":270,"play_id":"101e2888-7e74-47e5-b957-9d3a23b58a2f","local_time":"20210101124340","is_ascension_mode":true,"campfire_choices":[{"data":"Deadly Poison","floor":8.0,"key":"SMITH"},{"data":"Neutralize","floor":15,"key":"SMITH"}],"circlet_count":0,"master_deck":["AscendersBane","Strike_G","Strike_G","Defend_G","Defend_G","Defend_G","Defend_G","Defend_G","Survivor","Neutralize+1","All Out Attack","Poisoned Stab","Footwork+1","Deadly Poison+1","Escape Plan","Backflip"],"relics":["Ring of the Snake","NeowsBlessing","Golden Idol","Question Card","Oddly Smooth Stone"],"acts_visited":["Exordium"],"potions_floor_usage":[13],"damage_taken":[{"damage":0.0,"enemies":"Small Slimes","floor":1.0,"turns":1.0},{"damage":0.0,"enemies":"Jaw Worm","floor":4.0,"turns":1.0},{"damage":0.0,"enemies":"Lagavulin","floor":6.0,"turns":1.0},{"damage":0.0,"enemies":"Cultist","floor":7.0,"turns":5.0},{"damage":14.0,"enemies":"3 Louse","floor":11.0,"turns":3.0},{"damage":16,"enemies":"Gremlin Gang","floor":12,"turns":4},{"damage":24,"enemies":"3 Sentries","floor":13,"turns":8},{"damage":8,"enemies":"Hexaghost","floor":16,"turns":9}],"seed_played":"6815532359857889293","potions_obtained":[{"floor":4.0,"key":"SteroidPotion"},{"floor":7.0,"key":"SmokeBomb"},{"floor":11.0,"key":"FearPotion"}],"is_trial":false,"path_per_floor":["M","?","?","M","?","E","M","R","T","$","M","M","E","?","R","B"],"character_chosen":"THE_SILENT","items_purchased":[],"campfire_rested":0,"item_purchase_floors":[],"current_hp_per_floor":[59,59,59,59,59,59,59,59,59,59,45,29,5,5,5,0,0],"gold":99,"neow_bonus":"THREE_ENEMY_KILL","is_daily":false,"chose_seed":false,"campfire_upgraded":2,"win_rate":0.0,"timestamp":1609472620,"path_taken":["M","?","?","M","?","E","?","R","T","?","M","M","E","?","R","BOSS"],"items_purchased_type":[],"build_version":"2020-12-22","purchased_purges":1,"victory":false,"max_hp_per_floor":[66,60,60,60,60,60,60,60,60,60,60,60,60,60,60,60,60],"card_choices":[{"not_picked":["Acrobatics","Prepared"],"picked":"All Out Attack","floor":1.0},{"not_picked":["Sucker Punch","Expertise","Caltrops"],"picked":"SKIP","floor":4.0},{"not_picked":["Cloak And Dagger","Wraith Form v2"],"picked":"Footwork","floor":6.0},{"not_picked":["All Out Attack","Cloak And Dagger","Outmaneuver"],"picked":"Deadly Poison","floor":7.0},{"not_picked":["Poisoned Stab","Bane","Deflect"],"picked":"Escape Plan","floor":11.0},{"not_picked":["Deadly Poison","Eviscerate","Acrobatics","Wraith Form v2"],"picked":"SKIP","floor":12},{"not_picked":["Eviscerate","Deadly Poison","Infinite Blades"],"picked":"Backflip","floor":13}],"player_experience":1091320,"relics_obtained":[{"floor":6.0,"key":"Question Card"},{"floor":13,"key":"Oddly Smooth Stone"}],"event_choices":[{"damage_healed":0.0,"max_hp_gain":0.0,"max_hp_loss":6.0,"gold_gain":0.0,"event_name":"Golden Idol","player_choice":"Lose Max HP","floor":2.0,"gold_loss":0.0,"damage_taken":0.0,"relics_obtained":["Golden Idol"]},{"damage_healed":0.0,"max_hp_gain":0.0,"max_hp_loss":0.0,"gold_gain":0.0,"cards_transformed":["Strike_G"],"event_name":"Living Wall","player_choice":"Change","floor":3.0,"gold_loss":0.0,"damage_taken":0.0,"cards_obtained":["Poisoned Stab"]},{"cards_removed":["Strike_G"],"damage_healed":0.0,"max_hp_gain":0.0,"max_hp_loss":0.0,"gold_gain":0.0,"event_name":"The Cleric","player_choice":"Card Removal","floor":5.0,"gold_loss":75.0,"damage_taken":0.0},{"damage_healed":0,"gold_gain":0,"player_choice":"Forge","damage_taken":0,"max_hp_gain":0,"max_hp_loss":0,"event_name":"Accursed Blacksmith","floor":14,"gold_loss":0,"cards_upgraded":["Footwork"]}],"is_beta":false,"boss_relics":[],"items_purged_floors":[10],"is_endless":false,"potions_floor_spawned":[4,7,11],"killed_by":"Hexaghost","ascension_level":20}}