{"host":"pfy6u49v5s5r680p","time":1609508723,"event":{"mods":["BaseMod","Colored Map","DeckTracker","Highlight Path","Keyboard Shortcuts","Minty Spire (QoL Compilation)","Permanent Neow","Quick Restart","StSLib","SuperFastMode","everything is the same but u backflip on backflip"],"gold_per_floor":[117,130,148,160,13,13,19,76,130,130,145,220,45,55,55,158,158,177,52,68,68,78,78,112,132,210,210,229,249,267,284,284,284,284],"floor_reached":33,"playtime":3273,"items_purged":["Strike_P","Strike_P","Strike_P"],"score":290,"play_id":"2fc8a482-8b2f-4203-a09e-9ec6fbcf85b4","local_time":"20210101224523","is_ascension_mode":false,"campfire_choices":[{"data":"PathToVictory","floor":6.0,"key":"SMITH"},{"data":"SignatureMove","floor":10.0,"key":"SMITH"},{"data":"Meditate","floor":15.0,"key":"SMITH"},{"floor":23.0,"key":"REST"},{"data":"PathToVictory","floor":27.0,"key":"SMITH"},{"data":"Omniscience","floor":32.0,"key":"SMITH"}],"circlet_count":0,"master_deck":["Strike_P","Defend_P","Defend_P","Defend_P","Defend_P","Eruption","Vigilance","EmptyBody","TalkToTheHand","Worship","PathToVictory+1","Sanctity","SignatureMove+1","Swivel","Consecrate","Meditate+1","Evaluate","Omniscience+1","Indignation","CrushJoints","EmptyMind","Vengeance+1","PathToVictory+1","CutThroughFate","Omniscience","WreathOfFlame+1","CrushJoints"],"relics":["HolyWater","NeowsBlessing","Eternal Feather","Toy Ornithopter","Centennial Puzzle","Juzu Bracelet","Pear"],"acts_visited":["Exordium","TheCity"],"potions_floor_usage":[33],"damage_taken":[{"damage":0.0,"enemies":"Cultist","floor":1.0,"turns":1.0},{"damage":0.0,"enemies":"2 Louse","floor":2.0,"turns":1.0},{"damage":0.0,"enemies":"Jaw Worm","floor":3.0,"turns":1.0},{"damage":13.0,"enemies":"3 Louse","floor":4.0,"turns":3.0},{"damage":14.0,"enemies":"Exordium Thugs","floor":7.0,"turns":5.0},{"damage":8.0,"enemies":"Gremlin Nob","floor":8.0,"turns":3.0},{"damage":0.0,"enemies":"Large Slime","floor":11.0,"turns":4.0},{"damage":4.0,"enemies":"Exordium Wildlife","floor":14.0,"turns":2.0},{"damage":55.0,"enemies":"Slime Boss","floor":16.0,"turns":13.0},{"damage":10.0,"enemies":"Shell Parasite","floor":18.0,"turns":4.0},{"damage":53.0,"enemies":"3 Byrds","floor":20.0,"turns":11.0},{"damage":13.0,"enemies":"Sentry and Sphere","floor":22.0,"turns":4.0},{"damage":11.0,"enemies":"Gremlin Leader","floor":24.0,"turns":2.0},{"damage":15.0,"enemies":"Snake Plant","floor":25.0,"turns":2.0},{"damage":10.0,"enemies":"Cultist and Chosen","floor":28.0,"turns":4.0},{"damage":2.0,"enemies":"Snecko","floor":29.0,"turns":3.0},{"damage":0.0,"enemies":"Centurion and Healer","floor":30.0,"turns":3.0},{"damage":6.0,"enemies":"3 Cultists","floor":31.0,"turns":3.0},{"damage":66,"enemies":"Collector","floor":33,"turns":3}],"seed_played":"-1553548982459828604","potions_obtained":[{"floor":1.0,"key":"FairyPotion"},{"floor":11.0,"key":"SpeedPotion"},{"floor":16.0,"key":"GamblersBrew"},{"floor":22.0,"key":"Fire Potion"},{"floor":25.0,"key":"BottledMiracle"},{"floor":30.0,"key":"Explosive Potion"},{"floor":31.0,"key":"BlessingOfTheForge"}],"is_trial":false,"path_per_floor":["M","M","M","M","$","R","M","?","T","R","M","?","$","M","R","B",null,"M","$","M","?","M","R","E","M","T","R","M","M","M","M","R","B"],"character_chosen":"WATCHER","items_purchased":["Sanctity","Meditate"],"campfire_rested":1,"item_purchase_floors":[5,13],"current_hp_per_floor":[72,72,72,59,59,59,45,37,37,46,46,35,35,31,40,11,72,62,62,19,19,6,39,28,13,23,35,30,28,28,32,47,0,0],"gold":284,"neow_bonus":"THREE_ENEMY_KILL","is_daily":false,"chose_seed":false,"campfire_upgraded":5,"win_rate":0.0,"timestamp":1609508723,"path_taken":["M","M","M","M","$","R","M","?","T","R","M","?","$","M","R","BOSS","M","$","M","?","M","R","E","M","T","R","M","M","M","M","R","BOSS"],"items_purchased_type":["Card","Card"],"build_version":"2020-12-22","purchased_purges":3,"victory":false,"max_hp_per_floor":[72,72,72,72,72,72,72,72,72,72,72,72,72,72,72,72,72,72,72,72,72,72,72,72,72,82,82,82,82,82,82,82,82,82],"card_choices":[{"not_picked":["CarveReality","CutThroughFate"],"picked":"EmptyBody","floor":1.0},{"not_picked":["FlyingSleeves","Protect"],"picked":"TalkToTheHand","floor":2.0},{"not_picked":["CrushJoints","InnerPeace"],"picked":"Worship","floor":3.0},{"not_picked":["EmptyMind","SashWhip"],"picked":"PathToVictory","floor":4.0},{"not_picked":["Fasting2","MasterReality"],"picked":"SignatureMove","floor":7.0},{"not_picked":["FollowUp","EmptyBody"],"picked":"Swivel","floor":8.0},{"not_picked":["JustLucky","EmptyBody"],"picked":"Consecrate","floor":11.0},{"not_picked":["EmptyFist","FlurryOfBlows"],"picked":"Evaluate","floor":14.0},{"not_picked":["Ragnarok","DeusExMachina"],"picked":"Omniscience","floor":16.0},{"not_picked":["BowlingBash+1","FlurryOfBlows"],"picked":"Indignation","floor":18.0},{"not_picked":["TalkToTheHand","FlurryOfBlows"],"picked":"CrushJoints","floor":20.0},{"not_picked":["Establishment","Indignation"],"picked":"EmptyMind","floor":22.0},{"not_picked":["FlyingSleeves","Perseverance"],"picked":"Vengeance+1","floor":24.0},{"not_picked":["Evaluate","Crescendo"],"picked":"PathToVictory","floor":25.0},{"not_picked":["BowlingBash+1","JustLucky"],"picked":"CutThroughFate","floor":28.0},{"not_picked":["ClearTheMind","Sanctity"],"picked":"Omniscience","floor":29.0},{"not_picked":["Swivel","Halt"],"picked":"WreathOfFlame+1","floor":30.0},{"not_picked":["Halt","CarveReality"],"picked":"CrushJoints","floor":31.0}],"player_experience":94196,"relics_obtained":[{"floor":8.0,"key":"Eternal Feather"},{"floor":9.0,"key":"Toy Ornithopter"},{"floor":24.0,"key":"Juzu Bracelet"},{"floor":26.0,"key":"Pear"}],"event_choices":[{"damage_healed":0.0,"max_hp_gain":0.0,"max_hp_loss":0.0,"gold_gain":0.0,"event_name":"Dead Adventurer","player_choice":"Searched \u00271\u0027 times","floor":8.0,"gold_loss":0.0,"damage_taken":0.0},{"damage_healed":0.0,"max_hp_gain":0.0,"max_hp_loss":0.0,"gold_gain":75.0,"event_name":"World of Goop","player_choice":"Gather Gold","floor":12.0,"gold_loss":0.0,"damage_taken":11.0},{"damage_healed":0.0,"max_hp_gain":0.0,"max_hp_loss":0.0,"gold_gain":0.0,"event_name":"The Mausoleum","player_choice":"Opened","floor":21.0,"gold_loss":0.0,"damage_taken":0.0,"relics_obtained":["Centennial Puzzle"]}],"is_beta":false,"boss_relics":[{"not_picked":["Ectoplasm","Fusion Hammer"],"picked":"HolyWater"}],"items_purged_floors":[5,13,19],"is_endless":false,"potions_floor_spawned":[1,11,16,22,25,30,31],"killed_by":"Collector","ascension_level":0}}