{"host":"40f49r155zsx8eqk","time":1609540928,"event":{"mods":["AchievementEnabler","BaseMod","Googly Eyes","Minty Spire (QoL Compilation)","Relic Sorter","Replay The Spire","StSLib","The Gatherer"],"gold_per_floor":[19,94,111,122,212,237,251,261,261,279,279,32,32,75,75,170,170,183,32,32,32,32,59,59,59,59],"floor_reached":24,"playtime":1693,"items_purged":[],"score":216,"play_id":"ee8ff3c6-f501-4866-adca-98c941371094","local_time":"20210102014208","is_ascension_mode":false,"metric_token":544,"campfire_choices":[{"floor":11,"key":"REST"},{"data":"Transmutation","floor":13,"key":"SMITH"},{"data":"Gatherer:Centralize","floor":15,"key":"SMITH"}],"circlet_count":0,"master_deck":["Gatherer:Strike_Gatherer","Gatherer:Strike_Gatherer","Gatherer:Strike_Gatherer","Gatherer:Strike_Gatherer","Gatherer:Strike_Gatherer","Gatherer:Defend_Gatherer","Gatherer:Defend_Gatherer","Gatherer:Defend_Gatherer","Gatherer:Defend_Gatherer","Gatherer:Defend_Gatherer","Gatherer:Centralize+1","Gatherer:FlowerWhip","Gatherer:CollectorsShot","Gatherer:Duplicator","Gatherer:Polymorphism","Gatherer:EnergyBasket","Gatherer:QuickSynthesis","Gatherer:Solidify","Gatherer:BomberForm","Gatherer:FlowerFalling","Gatherer:RecipeChange","Gatherer:GatherMaterial","Transmutation+1","Gatherer:FeelingFine","Gatherer:RecoveryHerb","Gatherer:BlackTea","Gatherer:CarefulStrike","Gatherer:GlowingPlant","Gatherer:Shadow","Gatherer:Light","Gatherer:UpgradeBag+1"],"relics":["Gatherer:AlchemyBag","CaptainsWheel","Vajra","Regal Pillow","Gatherer:ExplorersPath","Replay:Wax Seal","Replay:Rubber Ducky"],"acts_visited":["Exordium","TheCity"],"potions_floor_usage":[7,16,23,24],"damage_taken":[{"damage":2,"enemies":"Small Slimes","floor":1,"turns":4},{"damage":0,"enemies":"Cultist","floor":3,"turns":4},{"damage":6,"enemies":"2 Louse","floor":4,"turns":4},{"damage":17,"enemies":"3 Sentries","floor":6,"turns":13},{"damage":15,"enemies":"Looter","floor":7,"turns":3},{"damage":4,"enemies":"Blue Slaver","floor":8,"turns":4},{"damage":6,"enemies":"2 Fungi Beasts","floor":10,"turns":5},{"damage":0,"enemies":"Large Slime","floor":14,"turns":4},{"damage":36,"enemies":"Fading Forest","floor":16,"turns":11},{"damage":24,"enemies":"Shell Parasite","floor":18,"turns":7},{"damage":29,"enemies":"Gremlin Leader","floor":23,"turns":5},{"damage":22,"enemies":"3 Byrds","floor":24,"turns":4}],"seed_played":"-641116465205538705","potions_obtained":[{"floor":6,"key":"Venom Potion"},{"floor":7,"key":"BloodPotion"},{"floor":8,"key":"BlessingOfTheForge"},{"floor":14,"key":"Energy Potion"},{"floor":23,"key":"Regen Potion"}],"is_trial":false,"path_per_floor":["M","?","M","M","?","E","M","M","T","M","R","$","R","M","R","B",null,"M","$","?","$","?","E","M"],"character_chosen":"THE_GATHERER","items_purchased":["Transmutation","Gatherer:FeelingFine","Replay:Wax Seal","Gatherer:GlowingPlant"],"campfire_rested":1,"item_purchase_floors":[12,12,19,19],"current_hp_per_floor":[70,59,59,53,53,36,35,31,31,25,61,61,61,61,61,35,72,50,50,50,50,37,8,0,0,0],"gold":59,"neow_bonus":"ONE_RARE_RELIC","is_daily":false,"chose_seed":false,"campfire_upgraded":2,"win_rate":0.0,"timestamp":1609540928,"path_taken":["M","?","M","M","?","E","?","M","T","M","R","$","R","?","R","BOSS","M","?","?","$","?","E","M"],"items_purchased_type":["Card","Card","Relic","Card"],"build_version":"2020-12-22","purchased_purges":0,"victory":false,"max_hp_per_floor":[72,72,72,72,72,72,72,72,72,72,72,72,72,72,72,72,72,72,72,72,72,77,77,77,77,77],"card_choices":[{"not_picked":["Gatherer:AromaProtection","Gatherer:AcidicSpray"],"picked":"Gatherer:CollectorsShot","floor":1},{"not_picked":["Gatherer:WoolGloves","Gatherer:GlowingPlant"],"picked":"Gatherer:Duplicator","floor":3},{"not_picked":["Gatherer:Herbalism","Gatherer:TacticalStrike"],"picked":"Gatherer:Polymorphism","floor":4},{"not_picked":["Gatherer:AcidicSpray","Gatherer:Convert"],"picked":"Gatherer:EnergyBasket","floor":5},{"not_picked":["Gatherer:FragileHammer","Gatherer:GatherMaterial"],"picked":"Gatherer:QuickSynthesis","floor":5},{"not_picked":["Gatherer:FlowerShield","Gatherer:Photoscythe"],"picked":"Gatherer:Solidify","floor":5},{"not_picked":["Gatherer:DrugPower","Gatherer:PotentialSlash"],"picked":"Gatherer:BomberForm","floor":6},{"not_picked":["Gatherer:Duplicator","Gatherer:Duality"],"picked":"Gatherer:FlowerFalling","floor":7},{"not_picked":["Gatherer:AcidicSpray","Gatherer:HeartToFruit"],"picked":"Gatherer:RecipeChange","floor":8},{"not_picked":["Gatherer:FragileHammer","Gatherer:Herbalism"],"picked":"Gatherer:GatherMaterial","floor":10},{"not_picked":["Gatherer:ScherryThrow","Gatherer:AcidicSpray"],"picked":"Gatherer:RecoveryHerb","floor":14},{"not_picked":["Gatherer:CursedBlade","Gatherer:ColorfulGarden"],"picked":"Gatherer:BlackTea","floor":16},{"not_picked":["Gatherer:FragileHammer","Gatherer:GatherMaterial"],"picked":"Gatherer:CarefulStrike","floor":18},{"not_picked":["Gatherer:TreeGrowth","Gatherer:EnergyBasket"],"picked":"Gatherer:UpgradeBag+1","floor":23}],"player_experience":106312,"relics_obtained":[{"floor":6,"key":"Vajra"},{"floor":9,"key":"Regal Pillow"},{"floor":23,"key":"Replay:Rubber Ducky"}],"event_choices":[{"damage_healed":0,"gold_gain":75,"player_choice":"Gather Gold","damage_taken":11,"max_hp_gain":0,"max_hp_loss":0,"event_name":"World of Goop","floor":2,"gold_loss":0},{"damage_healed":0,"gold_gain":0,"player_choice":"Shed Blood","damage_taken":18,"max_hp_gain":5,"max_hp_loss":0,"event_name":"Forgotten Altar","floor":22,"gold_loss":0}],"is_beta":false,"boss_relics":[{"not_picked":["Coffee Dripper","ChewingGum"],"picked":"Gatherer:ExplorersPath"}],"items_purged_floors":[],"is_endless":false,"potions_floor_spawned":[6,7,8,14,23],"killed_by":"3 Byrds","ascension_level":0}}