{"host":"g1wmg2w41xhsnw8g","time":1609537148,"event":{"mods":["2.2 Compatiblity","Act Like it!","Aspiration","BaseMod","Better Altar","Better Match","Better Note","Better Sensory Stone","Better Skull","Better Third Choice","BetterRewards","Booster Modes","CapriCore","ChefMod","Clawfect","Colored Map","Colored Powertips","Curses Come First","Defuse TimeMaze Blight","Displayed Cursed Tome","Evolution","Friendly Minions","GifTheSpireLib","Googly Eyes","Infinite Spire","Minty Spire (QoL Compilation)","Red Circlet Mod","Relic Sorter","SCP261 Mod","Shop Mod","Spicy Shops","StSLib","The Sage","Transform Curses","Wandering Minibosses","????"],"gold_per_floor":[117,130,143,143,143,143,170,29,53,73,73,73,101,118,30,125,125,80,80],"floor_reached":18,"playtime":1252,"items_purged":[],"score":204,"play_id":"f9f304c9-62ef-4ec3-84d5-b75dda20fedd","local_time":"20210101163908","daily_mods":["SealedDeck","Specialized","Heirloom","Elite Swarm"],"is_ascension_mode":true,"campfire_choices":[{"data":"chefmod:QuickChop","floor":6,"key":"SMITH"}],"circlet_count":0,"master_deck":["chefmod:FreezeSolid","chefmod:FreezeSolid","chefmod:FreezeSolid","chefmod:FreezeSolid","chefmod:FreezeSolid","chefmod:Gelato","chefmod:NoSoupForYou","chefmod:FryPan","chefmod:Chop","chefmod:QuickChop+1","chefmod:Granita","chefmod:IcePick","chefmod:NewMenu","chefmod:SearedScallops","chefmod:Tenderizer","chefmod:Puree","Regret","chefmod:Mince","chefmod:SearedScallops","Burn","chefmod:BananaSplit","chefmod:Fillet","chefmod:DeepFreeze"],"relics":["chefmod:TrustyPot","EVO:Axolotl","Nunchaku","MerchantsRug","Toy Ornithopter","Mummified Hand","Membership Card","Lee\u0027s Waffle","Fusion Hammer"],"acts_visited":["Exordium","TheCity"],"potions_floor_usage":[7,13],"damage_taken":[{"damage":19,"enemies":"Small Slimes","floor":1,"turns":4},{"damage":6,"enemies":"Jaw Worm","floor":2,"turns":3},{"damage":6,"enemies":"2 Louse","floor":3,"turns":3},{"damage":24,"enemies":"Gremlin Nob","floor":7,"turns":5},{"damage":8,"enemies":"Blue Slaver","floor":10,"turns":3},{"damage":9,"enemies":"Lagavulin","floor":13,"turns":5},{"damage":6,"enemies":"Lots of Slimes","floor":14,"turns":4},{"damage":50,"enemies":"Slime Boss","floor":16,"turns":20},{"damage":86,"enemies":"2 Thieves","floor":18,"turns":11}],"seed_played":"-86723129615923093","potions_obtained":[{"floor":3,"key":"SCP261:DewritoBlazePotion"},{"floor":7,"key":"FearPotion"},{"floor":10,"key":"Ancient Potion"},{"floor":16,"key":"SCP261:GirlTearsPotion"}],"is_trial":true,"path_per_floor":["M","M","M","?","?","R","E","R","T","M","?","$","E","M","R","B",null,"M"],"character_chosen":"THE_CHEF","items_purchased":["MerchantsRug","Membership Card","Lee\u0027s Waffle"],"campfire_rested":0,"item_purchase_floors":[8,15,15],"current_hp_per_floor":[59,53,47,47,47,47,23,23,23,15,15,15,11,5,85,35,85,0,0],"gold":80,"neow_bonus":"","is_daily":false,"chose_seed":false,"campfire_upgraded":1,"win_rate":0.0,"timestamp":1609537148,"path_taken":["M","M","M","?","?","R","E","R","T","M","?","?","E","?","R","BOSS","M"],"items_purchased_type":["Relic","Relic","Relic"],"build_version":"2020-12-22","purchased_purges":0,"victory":false,"max_hp_per_floor":[78,78,78,78,78,78,78,78,78,78,78,78,78,78,85,85,85,85,85],"card_choices":[{"not_picked":["chefmod:FryPan","chefmod:Granita","chefmod:IcePick"],"picked":"SKIP","floor":1},{"not_picked":["chefmod:FreezerBurn","chefmod:Defrost"],"picked":"chefmod:Puree","floor":2},{"not_picked":["chefmod:Leftovers","chefmod:Gelato","chefmod:HotSoup"],"picked":"SKIP","floor":3},{"not_picked":["chefmod:CapreseSalad","chefmod:TastyDistraction"],"picked":"chefmod:Mince","floor":7},{"not_picked":["chefmod:Chop","chefmod:SliceAndDice"],"picked":"chefmod:SearedScallops","floor":10},{"not_picked":["chefmod:Tenderizer","chefmod:DeathByChocolate"],"picked":"chefmod:BananaSplit","floor":13},{"not_picked":["chefmod:Chop","chefmod:GroceryDelivery"],"picked":"chefmod:Fillet","floor":14},{"not_picked":["chefmod:RisingDough","chefmod:Tenderizer"],"picked":"chefmod:DeepFreeze","floor":16}],"player_experience":844714,"relics_obtained":[{"floor":4,"key":"Nunchaku"},{"floor":7,"key":"Centennial Puzzle"},{"floor":9,"key":"Toy Ornithopter"},{"floor":13,"key":"Mummified Hand"}],"event_choices":[{"damage_healed":0,"gold_gain":0,"player_choice":"Box","damage_taken":0,"relics_obtained":["Vajra"],"max_hp_gain":0,"max_hp_loss":0,"event_name":"Big Fish","floor":5,"gold_loss":0,"cards_obtained":["Regret"]},{"damage_healed":15,"gold_gain":0,"player_choice":"Embrace Burn","damage_taken":0,"max_hp_gain":0,"max_hp_loss":78,"event_name":"betterThird:BetterShining","floor":11,"gold_loss":0}],"is_beta":false,"boss_relics":[{"not_picked":["Sozu","Cursed Key"],"picked":"Fusion Hammer"}],"items_purged_floors":[],"is_endless":false,"potions_floor_spawned":[3,7,10,16],"killed_by":"2 Thieves","ascension_level":1}}