{"host":"uhhucka17mqeuzwb","time":1609523843,"event":{"mods":["2.2 Compatiblity","AchievementEnabler","Act Like it!","Astrologer","BaseMod","Better Altar","Better Skull","Colored Powertips","Defuse TimeMaze Blight","Downfall","Energized Spire","Faster Ascension Climbing","Friendly Minions","Gensokyo","GifTheSpireLib","Gremlin Mod","Gremlin Skip","Hallownest","Hermit","HololiveMod","KinomotoSakuraMod(????)","Lobotomy","Marisa????????","Minty Spire (QoL Compilation)","Quick Restart","Red Circlet Mod","Replay The Spire","Reworked Bosses","Shade Mod","Shop Mod","StSLib","The Administrix","The Animator","The Blue Laboratory","The Bug Knight","The Cursed","The Factory","The Forsaken","The Necromancer","Waifu the Spire"],"gold_per_floor":[82,82,190,50,50,50,63,63,89,89,89,89,109,109,21,5,5,108,108,108,136,67,67,90,90,90,90,90,410,437,437,437,163,163,293,393,417,417,417,445,467,467,494,550,577,595,595],"floor_reached":46,"playtime":5978,"items_purged":[],"score":574,"play_id":"d6385975-1238-429b-8598-dfa11a4ee907","local_time":"20210101125723","is_ascension_mode":false,"campfire_choices":[{"data":"Hololive_CallShiroganeNoel","floor":6,"key":"SMITH"},{"data":"Hololive_CallUruhaRushia","floor":8,"key":"SMITH"},{"data":"Hololive_StrengthChampion","floor":10,"key":"SMITH"},{"data":"Hololive_StrengthChampion+2","floor":17,"key":"SMITH"},{"data":"Hololive_StrengthChampion+3","floor":25,"key":"SMITH"},{"data":"Hololive_StrengthChampion+4","floor":27,"key":"SMITH"},{"data":"Hololive_StrengthChampion+5","floor":34,"key":"SMITH"},{"floor":42,"key":"REST"}],"circlet_count":0,"master_deck":["Hololive_CallHoushouMarine","Hololive_CallShiroganeNoel+1","Hololive_CallUruhaRushia+1","Hololive_CallShiranuiFlare","Hololive_CallUsadaPekora","Hololive_StrengthChampion+6","Hololive_Strike","Hololive_Strike","Hololive_Defend+1","Hololive_Defend+1","Hololive_BringToTrial","Hololive_CandyCastle","UniverseFragment","Hololive_ILoveYou","BlackSwan","Hololive_CallSakuraMiko+1","RedShoes","Hololive_Thief","Hololive_DDD","Hololive_CallShirakamiFubuki","Hololive_CallHoshimachiSuisei+1","OSAHOGD","Hololive_CallYukihanaLamy","Hololive_BringToTrial+1","Hololive_CallSpadeEcho","Hololive_DDD","Madness","Madness","Hololive_CandyCastle","Hololive_Yoholoon+1","Hololive_CallAkiRosenthal+1"],"relics":["Hololive_TheStar","CogitoBucket","Juzu Bracelet","MerchantsRug","Gensokyo:NagashiBinaDoll","Replay:Baseball","HellTrain","Replay:Bottled Snecko","Old Coin","Pantograph","BargainBundle","Dead Branch","Replay:Wanted Poster","ChangeAnything","Bag of Preparation"],"acts_visited":["Gensokyo:Gensokyo","TheCity","TheBeyond"],"potions_floor_usage":[20,35,44,46],"damage_taken":[{"damage":0,"enemies":"Gensokyo:3_Fairies","floor":1,"turns":4},{"damage":0,"enemies":"Gensokyo:2_Kodama","floor":7,"turns":2},{"damage":0,"enemies":"Gensokyo:Gryphon","floor":13,"turns":3},{"damage":0,"enemies":"Gensokyo:Yukari","floor":18,"turns":5},{"damage":0,"enemies":"3 Byrds","floor":20,"turns":1},{"damage":0,"enemies":"2 Thieves","floor":21,"turns":4},{"damage":3,"enemies":"Snake Plant","floor":24,"turns":4},{"damage":0,"enemies":"Snecko","floor":29,"turns":4},{"damage":13,"enemies":"Slavers","floor":30,"turns":4},{"damage":0,"enemies":"bossMod:newChamp","floor":35,"turns":7},{"damage":37,"enemies":"Orb Walker","floor":37,"turns":8},{"damage":0,"enemies":"3 Darklings","floor":40,"turns":4},{"damage":0,"enemies":"Jaw Worm Horde","floor":41,"turns":3},{"damage":0,"enemies":"Sphere and 2 Shapes","floor":43,"turns":3},{"damage":13,"enemies":"4 Shapes","floor":44,"turns":4},{"damage":12,"enemies":"3 Darklings","floor":46,"turns":5}],"seed_played":"2407107306239054475","potions_obtained":[{"floor":13,"key":"LiquidMemories"},{"floor":18,"key":"SmokeBomb"},{"floor":21,"key":"blueLaboratory:Moonshine"},{"floor":30,"key":"PowerPotion"},{"floor":35,"key":"LiquidMemories"},{"floor":37,"key":"CultistPotion"},{"floor":40,"key":"blueLaboratory:Moonshine"},{"floor":41,"key":"blueLaboratory:FruitPunch"}],"is_trial":false,"path_per_floor":["M","?","?","$","?","R","M","R","T","R","PTL","PTL","M","?","COS","$","R","B",null,"M","M","$","?","M","R","?","R","T","M","E","?","?","$","R","B",null,"M","?","?","M","M","R","M","M","T","M"],"character_chosen":"Hololive_HololiveCharacter","items_purchased":["MerchantsRug","Hololive_CallSakuraMiko+1","Hololive_CallShirakamiFubuki","BargainBundle","Hololive_BringToTrial+1","Hololive_CallSpadeEcho","Dead Branch","blueLaboratory:FruitPunch","champ:CounterPotion","LiquidMemories"],"campfire_rested":1,"item_purchase_floors":[4,16,22,33,33,33,33,33,33,33],"current_hp_per_floor":[35,28,9,9,9,9,9,9,9,9,9,9,9,9,9,9,9,9,49,49,49,49,49,46,46,46,46,46,46,33,33,33,33,33,51,51,14,14,8,8,8,23,23,12,12,0,0],"gold":595,"neow_bonus":"","is_daily":false,"chose_seed":false,"campfire_upgraded":7,"win_rate":0.0,"timestamp":1609523843,"path_taken":["M","?","?","$","?","R","M","R","T","R","PTL","PTL","M","?","COS","?","R","BOSS","M","M","$","?","M","R","?","R","T","M","E","?","?","?","R","BOSS","M","?","?","M","M","R","M","M","T","M"],"items_purchased_type":["Relic","Card","Card","Relic","Card","Card","Relic","Potion","Potion","Potion"],"build_version":"2020-12-22","purchased_purges":0,"victory":false,"max_hp_per_floor":[35,49,49,49,49,49,49,49,49,49,49,49,49,49,49,49,49,49,49,49,49,49,49,49,49,49,49,49,49,49,49,49,49,49,51,51,51,51,51,51,51,51,51,53,53,53,53],"card_choices":[{"not_picked":["NakedNest","NothingThere","FairyFestival"],"picked":"Singing Bowl","floor":1},{"not_picked":["Hololive_StrengthChampion","Hololive_Drill","Hololive_CallFriendA"],"picked":"Hololive_BringToTrial","floor":1},{"not_picked":["Hololive_CallAyundaRisu","Hololive_CallAZKi","Hololive_CocoNews"],"picked":"Hololive_CandyCastle","floor":3},{"not_picked":["Yin","LaLuna","CherryBlossoms"],"picked":"Singing Bowl","floor":7},{"not_picked":["MHz","VoidDream"],"picked":"UniverseFragment","floor":7},{"not_picked":["Hololive_LuckPotion","Hololive_HuntDinosaur","Hololive_Rebound"],"picked":"Hololive_ILoveYou","floor":7},{"not_picked":["HappyTeddy","SpiderBud"],"picked":"BlackSwan","floor":13},{"not_picked":["Hololive_Drill","Hololive_Breathe","Hololive_OvertimeWork","Hololive_RevenueBasedLive"],"picked":"SKIP","floor":13},{"not_picked":["Laetitia","CherryBlossoms","OldLady"],"picked":"Singing Bowl","floor":18},{"not_picked":["ShyLook","WallGazer"],"picked":"RedShoes","floor":18},{"not_picked":["Hololive_ASMR","Hololive_DiamondStrike","Hololive_IdolExercise"],"picked":"Hololive_Thief","floor":18},{"not_picked":["QueenBee","HeroicMonk","Bloodbath"],"picked":"Singing Bowl","floor":21},{"not_picked":["Hololive_RevenueBasedLive+1","Hololive_FlyingPonyTail+1","Hololive_Psychosis+1"],"picked":"Hololive_DDD","floor":21},{"not_picked":["CherryBlossoms","Bloodbath","GalaxyChild"],"picked":"Singing Bowl","floor":24},{"not_picked":["Hololive_FlyingPonyTail","Hololive_CandyCastle","Hololive_StrengthChampion"],"picked":"Hololive_CallHoshimachiSuisei+1","floor":24},{"not_picked":["Alriune","GalaxyChild"],"picked":"OSAHOGD","floor":29},{"not_picked":["Hololive_Rebound","Hololive_CallOmaruPolka","Hololive_StrengthChampion+1"],"picked":"Hololive_CallYukihanaLamy","floor":29},{"not_picked":["CrumblingArmor","MHz","WallGazer"],"picked":"Singing Bowl","floor":30},{"not_picked":["Hololive_OvertimeWork+1","Hololive_Trident","Hololive_LuckPotion","Hololive_StrengthChampion"],"picked":"SKIP","floor":30},{"not_picked":["WhitesApple","SilentOrchestra","QueenBee"],"picked":"Singing Bowl","floor":35},{"not_picked":["Hololive_HighAtkLowDef","Hololive_FlareMind","Hololive_StarCraft"],"picked":"Hololive_DDD","floor":35},{"not_picked":["Scarecrow","LittlePrince","Alriune"],"picked":"Singing Bowl","floor":37},{"not_picked":["Hololive_OvertimeWork","Hololive_RevenueBasedLive+1","Hololive_HuntDinosaur","Hololive_LuckPotion"],"picked":"SKIP","floor":37},{"not_picked":["BeautyBeast","BlackArmy","LongBird"],"picked":"Singing Bowl","floor":40},{"not_picked":["Hololive_RevenueBasedLive","Hololive_LuckPotion","Hololive_Breathe"],"picked":"Hololive_CandyCastle","floor":40},{"not_picked":["Porccubus","BigBadWolf","CherryBlossoms"],"picked":"Singing Bowl","floor":41},{"not_picked":["Hololive_LuckPotion","Hololive_CallUruhaRushia+1","Hololive_Trident+1"],"picked":"Hololive_Yoholoon+1","floor":41},{"not_picked":["BodiesMountain","PlagueDoctor","Woodsman"],"picked":"Singing Bowl","floor":43},{"not_picked":["Hololive_FlyingPonyTail","Hololive_CocoNews","Hololive_Psychosis","Hololive_Sequa+1"],"picked":"SKIP","floor":43},{"not_picked":["Funeral","LongBird","Yin"],"picked":"Singing Bowl","floor":44},{"not_picked":["Hololive_CallTsunomakiWatame+1","Hololive_DevilCharm+1","Hololive_LuckPotion+1"],"picked":"Hololive_CallAkiRosenthal+1","floor":44}],"player_experience":1081462,"relics_obtained":[{"floor":3,"key":"War Paint"},{"floor":9,"key":"Replay:Baseball"},{"floor":28,"key":"Replay:Bottled Snecko"},{"floor":30,"key":"Pantograph"},{"floor":45,"key":"Bag of Preparation"}],"event_choices":[{"damage_healed":0,"gold_gain":0,"player_choice":"Ignored","damage_taken":0,"max_hp_gain":0,"max_hp_loss":0,"event_name":"Vampires","floor":23,"gold_loss":0},{"cards_removed":["Clumsy"],"damage_healed":0,"gold_gain":0,"player_choice":"Elegance","damage_taken":0,"max_hp_gain":0,"max_hp_loss":0,"event_name":"Back to Basics","floor":26,"gold_loss":0},{"damage_healed":0,"gold_gain":0,"player_choice":"Ignored","damage_taken":0,"max_hp_gain":0,"max_hp_loss":0,"event_name":"Cursed Tome","floor":32,"gold_loss":0},{"damage_healed":0,"gold_gain":0,"player_choice":"Ignored","damage_taken":0,"max_hp_gain":0,"max_hp_loss":0,"event_name":"Tomb of Lord Red Mask","floor":38,"gold_loss":0},{"damage_healed":0,"gold_gain":0,"player_choice":"Embrace Madness","damage_taken":6,"max_hp_gain":0,"max_hp_loss":0,"event_name":"Winding Halls","floor":39,"gold_loss":0,"cards_obtained":["Madness","Madness"]}],"is_beta":false,"boss_relics":[{"not_picked":["energizedSpire:DeadBattery","Fusion Hammer","SacredBark"]},{"not_picked":["Tiny House","Replay:Ancient Bell"],"picked":"Replay:Wanted Poster"}],"items_purged_floors":[],"is_endless":false,"potions_floor_spawned":[13,18,20,21,30,35,37,40,41],"killed_by":"3 Darklings","ascension_level":0}}