{"host":"d8hh7rr4yzitjeuj","time":1609523529,"event":{"mods":["2.2 Compatiblity","AchievementEnabler","BaseMod","CapriCore","Colored Map","Colored Powertips","Highlight Path","Keyboard Shortcuts","Minty Spire (QoL Compilation)","Permanent Neow","Quick Restart","StSLib","SuperFastMode"],"gold_per_floor":[118,131,131,131,141,82,82,109,109,22,22,38,68,79,79,158,158,158,158],"floor_reached":18,"playtime":453,"items_purged":[],"score":340,"play_id":"ec1059ff-c0ed-4971-82ba-934671bd6f30","local_time":"20210102025209","is_ascension_mode":true,"campfire_choices":[{"data":"Chaos","floor":7,"key":"SMITH"},{"data":"Capacitor","floor":11,"key":"SMITH"},{"floor":15,"key":"REST"}],"circlet_count":0,"master_deck":["AscendersBane","Strike_B","Strike_B","Strike_B","Strike_B","Defend_B","Defend_B","Defend_B","Defend_B","Zap","Dualcast","Biased Cognition","Coolheaded+1","Go for the Eyes","Chaos+1","Barrage","Chill","Capacitor+1","Buffer","Coolheaded","Hello World","Meteor Strike"],"relics":["Cracked Core","Shuriken","InkBottle","White Beast Statue","Philosopher\u0027s Stone"],"acts_visited":["Exordium","TheCity"],"potions_floor_usage":[16,16,16],"damage_taken":[{"damage":7,"enemies":"2 Louse","floor":1,"turns":3},{"damage":2,"enemies":"Small Slimes","floor":2,"turns":4},{"damage":1,"enemies":"Jaw Worm","floor":5,"turns":3},{"damage":24,"enemies":"Lagavulin","floor":8,"turns":7},{"damage":1,"enemies":"Looter","floor":12,"turns":3},{"damage":30,"enemies":"3 Sentries","floor":13,"turns":5},{"damage":0,"enemies":"Exordium Wildlife","floor":14,"turns":6},{"damage":10,"enemies":"Slime Boss","floor":16,"turns":10},{"damage":63,"enemies":"3 Byrds","floor":18,"turns":3}],"seed_played":"-628323410890961751","potions_obtained":[{"floor":5,"key":"SpeedPotion"},{"floor":8,"key":"Dexterity Potion"},{"floor":12,"key":"Weak Potion"},{"floor":16,"key":"Fruit Juice"}],"is_trial":false,"path_per_floor":["M","M","?","?","M","$","R","E","T","$","R","M","E","M","R","B",null,"M"],"character_chosen":"DEFECT","items_purchased":["Barrage","Capacitor"],"campfire_rested":1,"item_purchase_floors":[6,10],"current_hp_per_floor":[39,37,60,60,59,59,59,35,35,35,35,34,4,4,25,20,62,0,0],"gold":158,"neow_bonus":"THREE_RARE_CARDS","is_daily":false,"chose_seed":false,"campfire_upgraded":2,"win_rate":0.0,"timestamp":1609523529,"path_taken":["M","M","?","?","M","?","R","E","T","$","R","M","E","M","R","BOSS","M"],"items_purchased_type":["Card","Card"],"build_version":"2020-12-22","purchased_purges":0,"victory":false,"max_hp_per_floor":[71,71,71,71,71,71,71,71,71,71,71,71,71,71,71,76,76,76,76],"card_choices":[{"not_picked":["Meteor Strike","Seek"],"picked":"Biased Cognition","floor":0},{"not_picked":["Genetic Algorithm","Aggregate"],"picked":"Coolheaded","floor":1},{"not_picked":["FTL","Redo"],"picked":"Go for the Eyes","floor":2},{"not_picked":["Doom and Gloom","Skim"],"picked":"Chaos","floor":5},{"not_picked":["Steam","Hello World"],"picked":"Chill","floor":8},{"not_picked":["Beam Cell","Coolheaded"],"picked":"Buffer","floor":12},{"not_picked":["Ball Lightning","Scrape"],"picked":"Coolheaded","floor":13},{"not_picked":["Steam","Gash"],"picked":"Hello World","floor":14},{"not_picked":["Biased Cognition","Multi-Cast"],"picked":"Meteor Strike","floor":16}],"player_experience":1391581,"relics_obtained":[{"floor":8,"key":"Shuriken"},{"floor":9,"key":"InkBottle"},{"floor":13,"key":"White Beast Statue"}],"event_choices":[{"damage_healed":23,"gold_gain":0,"player_choice":"Banana","damage_taken":0,"max_hp_gain":0,"max_hp_loss":0,"event_name":"Big Fish","floor":3,"gold_loss":0},{"damage_healed":0,"gold_gain":0,"player_choice":"Grow","damage_taken":0,"max_hp_gain":0,"max_hp_loss":0,"event_name":"Living Wall","floor":4,"gold_loss":0,"cards_upgraded":["Coolheaded"]}],"is_beta":false,"boss_relics":[{"not_picked":["Calling Bell","Velvet Choker"],"picked":"Philosopher\u0027s Stone"}],"items_purged_floors":[],"is_endless":false,"potions_floor_spawned":[5,8,12,14,16],"killed_by":"3 Byrds","ascension_level":20}}