{"host":"lcykgsx7o3zd90ud","time":1609464080,"event":{"mods":["AchievementEnabler","Act Like it!","BaseMod","BetterRewards","CapriCore","Custom Start","KomeijiMod","Lobotomy","LobotomyExtend","Minty Spire (QoL Compilation)","MostiFishMod","Relic Stats","Remove Card Discount Mod","Replay The Spire","RumiaBox-露米娅的神秘盒子","Ryuuou龙王","Shop Mod","Spicy Shops","StSLib","noobMod","vexMod","篝火指南"],"gold_per_floor":[118,118,135,153,123,148,74,99,99,99,115,134,148,158,158,261,261,277,259,259,234,234,309,324,324,377,404,404,404,404,414,174,276,276,290,290,290,290,2307,2288,4305,6330,6330,6788,6784,6804,6824,6824,6824,6824],"floor_reached":51,"playtime":2179,"items_purged":["Regret","Defend_Komeiji","Defend_Komeiji","Defend_Komeiji","Strike_Komeiji","NingyouSP+1","Strike_Komeiji","Strike_Komeiji","Strike_Komeiji","ShyakuBuku","Amnesia","Normality","RikonNoKama+1","NingyouChiyari+1"],"score":1301,"play_id":"74736561-670e-4ebf-91a9-75607be64ff8","local_time":"20210101092120","is_ascension_mode":true,"campfire_choices":[{"data":"LittleLegion","floor":15,"key":"SMITH"},{"data":"MusouMyousyu","floor":25,"key":"SMITH"},{"floor":49,"key":"REST"}],"circlet_count":0,"master_deck":["DemonLordCradle+1","Ryuuou:NotRegret","SeekerWire+1","NarrowSpark","LittleLegion+1","NarrowSpark"],"relics":["KomeijisEye","SpellCardsRule","MusicBox","ice","SynthV:TestCard","ReplayTheSpireMod:Lightbulb","MetatronsCube","GodSword3","LetterFromLob","Civilization","CrystalOfMemory","Potion Belt","FeatherPendant","ReplayTheSpireMod:CursedCoin","MerchantsRug","Quantum Egg","Membership Card","JellyFishMachine","ReplayFunnel","SumBook"],"acts_visited":["Exordium","TheCity","TheBeyond"],"potions_floor_usage":[6,8,31],"damage_taken":[{"damage":0,"enemies":"Cultist","floor":1,"turns":6},{"damage":5,"enemies":"2 Louse","floor":3,"turns":4},{"damage":11,"enemies":"Jaw Worm","floor":4,"turns":6},{"damage":0,"enemies":"3 Sentries","floor":6,"turns":2},{"damage":9,"enemies":"Gremlin Nob","floor":8,"turns":6},{"damage":0,"enemies":"3 Louse","floor":11,"turns":2},{"damage":0,"enemies":"2 Fungi Beasts","floor":12,"turns":1},{"damage":0,"enemies":"Looter","floor":13,"turns":3},{"damage":0,"enemies":"Lots of Slimes","floor":14,"turns":2},{"damage":0,"enemies":"Hexaghost","floor":16,"turns":6},{"damage":0,"enemies":"Spheric Guardian","floor":18,"turns":2},{"damage":0,"enemies":"2 Thieves","floor":24,"turns":1},{"damage":0,"enemies":"Gremlin Leader","floor":27,"turns":2},{"damage":141,"enemies":"Chosen and Byrds","floor":31,"turns":11},{"damage":0,"enemies":"Collector","floor":33,"turns":2},{"damage":0,"enemies":"Orb Walker","floor":35,"turns":1},{"damage":0,"enemies":"3 Darklings","floor":39,"turns":2},{"damage":12,"enemies":"4 Shapes","floor":41,"turns":3},{"damage":0,"enemies":"R_Hoarder","floor":42,"turns":1},{"damage":0,"enemies":"Jaw Worm Horde","floor":46,"turns":1},{"damage":0,"enemies":"Maw","floor":47,"turns":1},{"damage":0,"enemies":"Time Eater","floor":50,"turns":1}],"seed_played":"6094314016951889456","potions_obtained":[{"floor":5,"key":"Toxic Potion"},{"floor":5,"key":"RedTea"},{"floor":6,"key":"Fruit Juice"},{"floor":8,"key":"DistilledChaos"},{"floor":14,"key":"SneckoOil"},{"floor":16,"key":"Adrenaline Potion"},{"floor":35,"key":"CultistPotion"}],"is_trial":false,"path_per_floor":["M","?","M","M","?","E","R","E","T","M","M","M","M","M","R","B",null,"M","$","?","?","?","R","M","R","T","E","?","?","$","M","R","B",null,"M","?","?","?","M","R","M","E","T","?","$","M","M","$","R","B",null],"character_chosen":"KomeijiSatori","items_purchased":["Civilization","ReplayTheSpireMod:CursedCoin","MerchantsRug","DemonLordCradle","RikonNoKama+1","Membership Card","SeekerWire+1"],"campfire_rested":1,"item_purchase_floors":[7,23,23,32,32,32,40],"current_hp_per_floor":[50,50,45,34,34,39,39,31,31,31,35,41,48,60,60,73,98,112,112,112,112,112,112,128,128,128,147,147,147,147,27,27,52,192,217,217,217,206,237,237,262,298,298,298,298,337,377,377,387,428],"gold":6824,"neow_bonus":"REMOVE_CARD","is_daily":false,"chose_seed":false,"campfire_upgraded":2,"win_rate":0.0,"timestamp":1609464080,"path_taken":["M","?","M","M","?","E","R","E","T","M","M","?","M","M","R","BOSS","M","$","?","?","?","R","?","R","T","E","?","?","$","M","R","BOSS","M","?","?","?","M","R","M","E","T","?","$","?","M","?","R","BOSS"],"items_purchased_type":["Relic","Relic","Relic","Card","Card","Relic","Card"],"build_version":"2020-12-22","purchased_purges":14,"victory":true,"max_hp_per_floor":[50,50,50,50,50,55,55,56,56,56,60,66,73,85,85,98,98,112,112,112,112,112,112,128,128,128,147,147,147,147,168,168,192,192,217,217,217,206,237,237,272,308,308,308,308,347,387,387,387,428],"relic_stats":{"counters":[22,66],"obtain_stats":[{"MusicBox":0,"Potion Belt":9,"ReplayFunnel":42,"MerchantsRug":23,"DaveBox":0,"ReplayTheSpireMod:CursedCoin":23,"JellyFishMachine":34,"Quantum Egg":27,"ice":0,"ChaoDraw":22,"Civilization":7,"CrystalOfMemory":8,"SynthV:TestCard":1,"KomeijisEye":0,"FeatherPendant":17,"LetterFromLob":6,"Membership Card":32,"SpellCardsRule":0,"ReplayTheSpireMod:Lightbulb":2,"GodSword3":6,"MetatronsCube":2,"SumBook":43},{"MusicBox":0,"Potion Belt":5,"ReplayFunnel":19,"MerchantsRug":11,"DaveBox":0,"ReplayTheSpireMod:CursedCoin":11,"JellyFishMachine":15,"Quantum Egg":13,"ice":0,"ChaoDraw":11,"Civilization":4,"CrystalOfMemory":5,"SynthV:TestCard":1,"KomeijisEye":0,"FeatherPendant":10,"LetterFromLob":4,"Membership Card":14,"SpellCardsRule":0,"ReplayTheSpireMod:Lightbulb":1,"GodSword3":4,"MetatronsCube":1,"SumBook":19},{"MusicBox":0,"Potion Belt":24,"ReplayFunnel":63,"MerchantsRug":40,"DaveBox":0,"ReplayTheSpireMod:CursedCoin":40,"JellyFishMachine":56,"Quantum Egg":43,"ice":0,"ChaoDraw":40,"Civilization":18,"CrystalOfMemory":24,"SynthV:TestCard":6,"KomeijisEye":0,"FeatherPendant":38,"LetterFromLob":18,"Membership Card":54,"SpellCardsRule":0,"ReplayTheSpireMod:Lightbulb":6,"GodSword3":18,"MetatronsCube":6,"SumBook":63}]},"card_choices":[{"not_picked":["ArtfulChanter","NingyouSP+1"],"picked":"LittleLegion","floor":1},{"not_picked":["SeekerDolls","InscribeRedSoul","NingyouKisou+1","MajikuruSanhai+1"],"picked":"NingyouOkisou+1","floor":3},{"not_picked":["NingyouMusou+1","MusuNoYume","EnMu+1","JyouchiJin+1","SeekerDolls"],"picked":"SKIP","floor":4},{"not_picked":["SelfTokamak","HagoromoKu","HagoromoMizu","RikonNoKama+1"],"picked":"ShyakuBuku","floor":6},{"not_picked":["JyouchiJin+1","Mishyaguji+1","FreezeTouchMe","SenyouGoraku+1","TenguhouSokujitsuken"],"picked":"SKIP","floor":8},{"not_picked":["DochyakuKami+1","NingyouShinki+1","MajikuruSanhai+1","KokorosuKi+1","ArtfulChanter"],"picked":"KinbakuJin+1","floor":11},{"not_picked":["KeiseiJin+1","Sabishigari+1","KinbakuJin+1","MusuNoYume","GroundStardust+1","NingyouFukuhei+1"],"picked":"SKIP","floor":12},{"not_picked":["Agarareta+1","SenyouGoraku+1","SelfTokamak","KinbakuJin+1","Mishyaguji+1"],"picked":"KimairaNoYoku","floor":13},{"not_picked":["DochyakuKami+1","NingyouChiyari+1","OoedoNingyou+1","KeiseiJin+1","DemonLordCradle"],"picked":"NingyouSP+1","floor":14},{"not_picked":["YuumeiNoKurin","MiraiBunraku","TerribleSouvenir","SemiAutomaton","EverywhereHibernate"],"picked":"MusouMyousyu","floor":16},{"not_picked":["SeekerDolls","NingyouKisou+1","Melting","NarrowSpark","NingyouShinki+1","Agarareta+1"],"picked":"SKIP","floor":18},{"not_picked":["Mishyaguji+1","VampireKiss","MunenMusou","KinbakuJin+1","HenyouMirume","ShyakuBuku"],"picked":"SKIP","floor":24},{"not_picked":["HisouNoKen","RikonNoKama+1","NingyouShinki+1","Mishyaguji+1","JyouchiJin+1","Agarareta+1"],"picked":"SKIP","floor":27},{"not_picked":["SeekerDolls+1","HenyouMirume","SuitokuNoKyoryu","NingyouSousou+1","DemonLordCradle"],"picked":"NingyouChiyari+1","floor":31},{"not_picked":["SuitokuNoKyoryu","ShyakuBuku+1","MajikuruSanhai+1","NingyouSousou+1","Agarareta+1"],"picked":"VampireKiss","floor":35},{"not_picked":["NingyouMusou+1","KeiseiJin+1","KimairaNoYoku+1","MusuNoYume","NingyouKisou+1","SeekerDolls+1"],"picked":"SKIP","floor":39},{"not_picked":["KimairaNoYoku","JyouchiJin+1","HelanNingyou","NingyouSousou+1","MakuraSeki+1"],"picked":"NarrowSpark","floor":41},{"not_picked":["Agarareta+1","NingyouOkisou+1","DemonLordCradle","KoKei+1","NingyouSP+1"],"picked":"LittleLegion+1","floor":42},{"not_picked":["KoKei+1","HagoromoKu","Sabishigari+1","MajikuruSanhai+1","JyouchiJin+1"],"picked":"NarrowSpark","floor":44},{"not_picked":["NingyouShinki+1","DochyakuKami+1","VampireKiss+1","GroundStardust+1","MissingPower+1","LittleLegion+1"],"picked":"SKIP","floor":46},{"not_picked":["ShyakuBuku","NingyouSousou+1","SeekerWire+1","HagoromoMizu","HenyouMirume+1","KeiseiJin+1"],"picked":"SKIP","floor":47}],"player_experience":19819,"relics_obtained":[{"floor":1,"key":"SynthV:TestCard"},{"floor":6,"key":"GodSword3"},{"floor":6,"key":"LetterFromLob"},{"floor":8,"key":"CrystalOfMemory"},{"floor":9,"key":"Potion Belt"},{"floor":27,"key":"Quantum Egg"},{"floor":42,"key":"ReplayFunnel"},{"floor":43,"key":"SumBook"}],"event_choices":[{"damage_healed":0,"gold_gain":0,"player_choice":"Box","damage_taken":0,"relics_obtained":["ReplayTheSpireMod:Lightbulb"],"max_hp_gain":0,"max_hp_loss":0,"event_name":"Big Fish","floor":2,"gold_loss":0,"cards_obtained":["Regret"]},{"damage_healed":0,"gold_gain":0,"player_choice":"Bought 2 Potions","damage_taken":0,"max_hp_gain":0,"max_hp_loss":0,"event_name":"The Woman in Blue","floor":5,"gold_loss":0},{"cards_removed":["VampireKiss"],"damage_healed":0,"gold_gain":0,"player_choice":"Removed Attack","damage_taken":0,"max_hp_gain":0,"max_hp_loss":0,"event_name":"Falling","floor":37,"gold_loss":0},{"damage_healed":0,"gold_gain":0,"player_choice":"Max HP","damage_taken":0,"max_hp_gain":0,"max_hp_loss":11,"event_name":"Winding Halls","floor":38,"gold_loss":0}],"is_beta":false,"boss_relics":[{"not_picked":["GreenFoldingFan","RhineFirstAidKit"],"picked":"FeatherPendant"},{"not_picked":["EE1DDrone","Snecko Eye"],"picked":"JellyFishMachine"}],"items_purged_floors":[7,19,19,19,19,19,19,19,19,19,23,23,45,45],"is_endless":false,"potions_floor_spawned":[4,6,8,14,16,18,24,27,35,41,47],"ascension_level":2}}