{"host":"y3h3n3f7seyagppx","time":1609538630,"event":{"mods":["BaseMod","Colored Map","Colored Powertips","DeckTracker","Minty Spire (QoL Compilation)","Random Character Button","Rare Cards Sparkle","Relic Sorter","Relic Stats","StSLib"],"gold_per_floor":[119,194,208,225,238,238,263,228,304,304,304,304,323,357,357,434,434,454,434,453,471,471,498,510,522,613,164,164,193,213,245,245,319,319,330,59,59,75,90,124,124,159,241,273,291,291,321,367,367,367,367,367,367,10,40,40],"floor_reached":57,"playtime":6675,"items_purged":["Strike_R+1","Perfected Strike+1"],"score":2847,"play_id":"6e94a3f7-b8b0-47dc-bc01-fb316ca45d89","local_time":"20210101170350","is_ascension_mode":true,"campfire_choices":[{"data":"Perfected Strike","floor":6,"key":"SMITH"},{"data":"Inflame","floor":12,"key":"SMITH"},{"data":"Thunderclap","floor":15,"key":"SMITH"},{"data":"Shockwave","floor":25,"key":"SMITH"},{"data":"Power Through","floor":28,"key":"SMITH"},{"data":"Corruption","floor":32,"key":"SMITH"},{"floor":41,"key":"RECALL"},{"floor":49,"key":"REST"},{"floor":53,"key":"REST"}],"circlet_count":0,"master_deck":["AscendersBane","Strike_R+1","Strike_R+1","Strike_R+1","Strike_R+1","Defend_R+1","Defend_R+1","Defend_R+1","Defend_R+1","Bash","Inflame+1","Power Through+1","Thunderclap+1","Shockwave+1","Corruption+1","CurseOfTheBell","Anger","Reaper","Reaper","Whirlwind+1","Battle Trance","Impervious","Pommel Strike+1","Impervious","Metallicize+1","Feed+1","Body Slam+1","Whirlwind+1","Feel No Pain","Uppercut+1","Disarm","True Grit+1"],"relics":["Burning Blood","StoneCalendar","Paper Frog","Strawberry","Calling Bell","Bag of Preparation","HornCleat","Calipers","MawBank","Kunai","Chemical X","Red Skull","Molten Egg 2","Ice Cream","Fusion Hammer","DollysMirror","Nunchaku","MealTicket","Meat on the Bone","Vajra","Pocketwatch","Centennial Puzzle","Gambling Chip"],"acts_visited":["Exordium","TheCity","TheBeyond","TheEnding"],"potions_floor_usage":[5,16,23,29,31,42,51,55,56],"damage_taken":[{"damage":14,"enemies":"2 Louse","floor":1,"turns":3},{"damage":7,"enemies":"Small Slimes","floor":3,"turns":3},{"damage":4,"enemies":"Jaw Worm","floor":4,"turns":4},{"damage":19,"enemies":"Exordium Thugs","floor":5,"turns":6},{"damage":35,"enemies":"3 Sentries","floor":7,"turns":8},{"damage":21,"enemies":"Lots of Slimes","floor":13,"turns":4},{"damage":5,"enemies":"Lagavulin","floor":14,"turns":7},{"damage":33,"enemies":"The Guardian","floor":16,"turns":8},{"damage":12,"enemies":"Chosen","floor":18,"turns":4},{"damage":19,"enemies":"Spheric Guardian","floor":20,"turns":5},{"damage":6,"enemies":"3 Cultists","floor":21,"turns":4},{"damage":11,"enemies":"Book of Stabbing","floor":23,"turns":4},{"damage":21,"enemies":"Slavers","floor":29,"turns":4},{"damage":13,"enemies":"Snake Plant","floor":30,"turns":5},{"damage":16,"enemies":"Book of Stabbing","floor":31,"turns":4},{"damage":50,"enemies":"Champ","floor":33,"turns":8},{"damage":14,"enemies":"3 Darklings","floor":35,"turns":2},{"damage":5,"enemies":"Orb Walker","floor":38,"turns":4},{"damage":0,"enemies":"Spire Growth","floor":39,"turns":3},{"damage":27,"enemies":"Reptomancer","floor":40,"turns":5},{"damage":7,"enemies":"Giant Head","floor":42,"turns":6},{"damage":11,"enemies":"Nemesis","floor":44,"turns":5},{"damage":0,"enemies":"Transient","floor":45,"turns":6},{"damage":9,"enemies":"Giant Head","floor":47,"turns":6},{"damage":45,"enemies":"2 Orb Walkers","floor":48,"turns":4},{"damage":13,"enemies":"Time Eater","floor":50,"turns":8},{"damage":69,"enemies":"Awakened One","floor":51,"turns":9},{"damage":37,"enemies":"Shield and Spear","floor":55,"turns":9},{"damage":88,"enemies":"The Heart","floor":56,"turns":9}],"seed_played":"-3119075059324017177","potions_obtained":[{"floor":1,"key":"Fire Potion"},{"floor":3,"key":"DuplicationPotion"},{"floor":13,"key":"Strength Potion"},{"floor":19,"key":"Energy Potion"},{"floor":20,"key":"Fire Potion"},{"floor":29,"key":"Energy Potion"},{"floor":30,"key":"SteroidPotion"},{"floor":33,"key":"SmokeBomb"},{"floor":38,"key":"Weak Potion"},{"floor":42,"key":"HeartOfIron"}],"is_trial":false,"path_per_floor":["M","?","M","M","M","R","E","?","T","?","?","R","M","E","R","B",null,"M","?","M","M","?","E","?","R","T","$","R","E","M","E","R","B",null,"M","$","?","M","M","E","R","E","T","E","M","?","E","?","R","B","B",null,"R","$","E","B",null],"character_chosen":"IRONCLAD","items_purchased":["Chemical X","Red Skull","SkillPotion","DollysMirror","Centennial Puzzle","Uppercut+1","Disarm","DistilledChaos"],"campfire_rested":2,"item_purchase_floors":[27,27,27,36,54,54,54,54],"current_hp_per_floor":[67,56,55,57,44,44,15,35,35,62,62,62,47,55,55,28,74,68,68,55,55,55,50,50,50,50,50,50,71,67,64,64,37,76,68,68,68,79,89,68,68,82,82,77,89,89,86,69,89,89,52,83,93,93,62,30],"gold":40,"neow_bonus":"TEN_PERCENT_HP_BONUS","is_daily":false,"chose_seed":false,"campfire_upgraded":6,"win_rate":0.0,"timestamp":1609538630,"path_taken":["M","?","M","M","M","R","E","?","T","?","?","R","?","E","R","BOSS","M","?","M","?","?","E","?","R","T","$","R","E","M","E","R","BOSS","M","$","?","M","?","E","R","E","T","E","M","?","E","?","R","BOSS","BOSS","R","$","E","BOSS"],"items_purchased_type":["Relic","Relic","Potion","Relic","Relic","Card","Card","Potion"],"build_version":"2020-12-22","purchased_purges":2,"victory":true,"max_hp_per_floor":[82,82,82,82,82,82,82,82,82,82,82,82,82,89,89,89,89,89,89,89,89,89,89,89,89,89,89,89,89,89,89,89,89,89,89,89,89,89,89,89,89,89,89,89,89,89,89,89,89,89,93,93,93,93,93,93],"relic_stats":{"counters":[29,157],"StoneCalendar":[253],"Bag of Preparation":[42],"MawBank":48,"Burning Blood":156,"Nunchaku":[11],"Centennial Puzzle":[6],"Gambling Chip":[5],"MealTicket":0,"Kunai":[30],"Chemical X":[35],"obtain_stats":[{"Ice Cream":31,"Calipers":17,"Vajra":47,"StoneCalendar":7,"Bag of Preparation":17,"MawBank":23,"Burning Blood":0,"Calling Bell":17,"Nunchaku":40,"Centennial Puzzle":54,"HornCleat":17,"DollysMirror":36,"Strawberry":14,"Gambling Chip":55,"Molten Egg 2":29,"MealTicket":42,"Fusion Hammer":34,"Kunai":26,"Chemical X":27,"Red Skull":27,"Paper Frog":9,"Meat on the Bone":44,"Pocketwatch":48},{"Ice Cream":15,"Calipers":8,"Vajra":24,"StoneCalendar":5,"Bag of Preparation":8,"MawBank":12,"Burning Blood":0,"Calling Bell":8,"Nunchaku":20,"Centennial Puzzle":27,"HornCleat":8,"DollysMirror":17,"Strawberry":7,"Gambling Chip":28,"Molten Egg 2":13,"MealTicket":21,"Fusion Hammer":16,"Kunai":12,"Chemical X":12,"Red Skull":12,"Paper Frog":5,"Meat on the Bone":22,"Pocketwatch":25},{"Ice Cream":73,"Calipers":43,"Vajra":118,"StoneCalendar":24,"Bag of Preparation":43,"MawBank":60,"Burning Blood":0,"Calling Bell":43,"Nunchaku":95,"Centennial Puzzle":139,"HornCleat":43,"DollysMirror":83,"Strawberry":35,"Gambling Chip":148,"Molten Egg 2":64,"MealTicket":101,"Fusion Hammer":81,"Kunai":60,"Chemical X":60,"Red Skull":60,"Paper Frog":24,"Meat on the Bone":106,"Pocketwatch":122}],"Meat on the Bone":24,"Pocketwatch":[54]},"card_choices":[{"not_picked":["Power Through","Flex"],"picked":"Inflame","floor":1},{"not_picked":["Body Slam","Second Wind"],"picked":"Power Through","floor":3},{"not_picked":["Power Through","Flex"],"picked":"Thunderclap","floor":4},{"not_picked":["Seeing Red","Intimidate"],"picked":"Perfected Strike","floor":5},{"not_picked":["Ghostly Armor","Dropkick"],"picked":"Shockwave","floor":7},{"not_picked":["Intimidate","Clothesline","Flex"],"picked":"SKIP","floor":13},{"not_picked":["Clash","Thunderclap","Flex"],"picked":"SKIP","floor":14},{"not_picked":["Feed","Offering"],"picked":"Corruption","floor":16},{"not_picked":["Reckless Charge","Perfected Strike"],"picked":"Anger","floor":18},{"not_picked":["Headbutt","Infernal Blade"],"picked":"Whirlwind+1","floor":20},{"not_picked":["True Grit","Fire Breathing","Perfected Strike+1"],"picked":"SKIP","floor":21},{"not_picked":["Dual Wield","Warcry"],"picked":"Reaper","floor":23},{"not_picked":["Metallicize","Warcry","Thunderclap+1"],"picked":"SKIP","floor":29},{"not_picked":["Ghostly Armor","Shrug It Off"],"picked":"Whirlwind+1","floor":30},{"not_picked":["Inflame","Reckless Charge+1"],"picked":"Battle Trance","floor":31},{"not_picked":["Double Tap","Reaper+1"],"picked":"Impervious","floor":33},{"not_picked":["Havoc","Wild Strike+1"],"picked":"Pommel Strike+1","floor":35},{"not_picked":["Fire Breathing","Twin Strike+1","Pommel Strike+1"],"picked":"SKIP","floor":38},{"not_picked":["Pommel Strike+1","Combust"],"picked":"Metallicize+1","floor":39},{"not_picked":["Clash+1","Thunderclap+1"],"picked":"Feed+1","floor":40},{"not_picked":["Ghostly Armor","Metallicize","Wild Strike+1"],"picked":"SKIP","floor":42},{"not_picked":["Ghostly Armor","Metallicize","Wild Strike+1"],"picked":"SKIP","floor":42},{"not_picked":["Pummel+1","Metallicize"],"picked":"Body Slam+1","floor":44},{"not_picked":["Warcry+1","Intimidate"],"picked":"Whirlwind+1","floor":45},{"not_picked":["Clash+1","Cleave+1","Feed+1"],"picked":"SKIP","floor":47},{"not_picked":["Clash+1","Cleave+1","Feed+1"],"picked":"SKIP","floor":47},{"not_picked":["Clash+1","Cleave+1","Feed+1"],"picked":"SKIP","floor":47},{"not_picked":["Pummel+1","Armaments"],"picked":"Feel No Pain","floor":48},{"not_picked":["Flex","Rage+1"],"picked":"True Grit+1","floor":55}],"player_experience":20283604,"relics_obtained":[{"floor":7,"key":"StoneCalendar"},{"floor":9,"key":"Paper Frog"},{"floor":14,"key":"Strawberry"},{"floor":17,"key":"Bag of Preparation"},{"floor":17,"key":"HornCleat"},{"floor":17,"key":"Calipers"},{"floor":23,"key":"MawBank"},{"floor":26,"key":"Kunai"},{"floor":29,"key":"Molten Egg 2"},{"floor":31,"key":"Ice Cream"},{"floor":40,"key":"Nunchaku"},{"floor":42,"key":"MealTicket"},{"floor":44,"key":"Meat on the Bone"},{"floor":47,"key":"Vajra"},{"floor":48,"key":"Pocketwatch"},{"floor":55,"key":"Gambling Chip"}],"event_choices":[{"damage_healed":0,"gold_gain":75,"player_choice":"Gather Gold","damage_taken":11,"max_hp_gain":0,"max_hp_loss":0,"event_name":"World of Goop","floor":2,"gold_loss":0},{"damage_healed":20,"gold_gain":0,"player_choice":"Healed","damage_taken":0,"max_hp_gain":0,"max_hp_loss":0,"event_name":"The Cleric","floor":8,"gold_loss":35},{"damage_healed":27,"gold_gain":0,"player_choice":"Banana","damage_taken":0,"max_hp_gain":0,"max_hp_loss":0,"event_name":"Big Fish","floor":10,"gold_loss":0},{"damage_healed":0,"gold_gain":0,"player_choice":"Ignored","damage_taken":0,"max_hp_gain":0,"max_hp_loss":0,"event_name":"Liars Game","floor":11,"gold_loss":0},{"damage_healed":0,"gold_gain":0,"player_choice":"Bought 1 Potion","damage_taken":0,"max_hp_gain":0,"max_hp_loss":0,"event_name":"The Woman in Blue","floor":19,"gold_loss":0},{"damage_healed":0,"gold_gain":0,"player_choice":"Simplicity","damage_taken":0,"max_hp_gain":0,"max_hp_loss":0,"event_name":"Back to Basics","floor":22,"gold_loss":0,"cards_upgraded":["Strike_R","Strike_R","Strike_R","Strike_R","Strike_R","Defend_R","Defend_R","Defend_R","Defend_R"]},{"damage_healed":0,"gold_gain":0,"player_choice":"Copied","damage_taken":0,"max_hp_gain":0,"max_hp_loss":0,"event_name":"Duplicator","floor":24,"gold_loss":0,"cards_obtained":["Reaper"]},{"damage_healed":0,"gold_gain":0,"player_choice":"Ignored","damage_taken":0,"max_hp_gain":0,"max_hp_loss":0,"event_name":"SecretPortal","floor":37,"gold_loss":0},{"cards_removed":["Whirlwind"],"damage_healed":0,"gold_gain":0,"player_choice":"Removed Attack","damage_taken":0,"max_hp_gain":0,"max_hp_loss":0,"event_name":"Falling","floor":46,"gold_loss":0},{"damage_healed":0,"gold_gain":0,"player_choice":"Fight","damage_taken":0,"max_hp_gain":0,"max_hp_loss":0,"event_name":"Mysterious Sphere","floor":48,"gold_loss":0}],"is_beta":false,"boss_relics":[{"not_picked":["Black Blood","Empty Cage"],"picked":"Calling Bell"},{"not_picked":["Philosopher\u0027s Stone","SlaversCollar"],"picked":"Fusion Hammer"}],"items_purged_floors":[27,36],"is_endless":false,"potions_floor_spawned":[1,3,13,14,20,21,29,30,33,38,39,42,47],"ascension_level":20}}