{"host":"ye7mfqqt9ljtnqit","time":1609480506,"event":{"mods":["BaseMod","Colored Map","Downfall","Marisa£®ÏF”Í°°ƒß¿Ì…≥£©","Minty Spire (QoL Compilation)","StSLib","SuperFastMode","The Servant 0.9.4"],"gold_per_floor":[99,99,274,274,274,274,274,290,165,198,73,173,123,136,156,156,156,156],"floor_reached":16,"playtime":465,"items_purged":[],"score":96,"play_id":"28d4e1f1-565d-46b5-8fc0-e21e1e2e69eb","local_time":"20210101135506","is_ascension_mode":false,"campfire_choices":[{"floor":1.0,"key":"RECALL"},{"data":"Slimebound:Overexert","floor":9,"key":"SMITH"},{"data":"Slimebound:Split","floor":11,"key":"SMITH"},{"data":"Slimebound:LeadByExample","floor":13,"key":"SMITH"}],"circlet_count":0,"master_deck":["Slimebound:Strike_Slimebound","Slimebound:Strike_Slimebound","Slimebound:Strike_Slimebound","Slimebound:Tackle","Slimebound:Defend_Slimebound","Slimebound:Defend_Slimebound","Slimebound:Defend_Slimebound","Slimebound:Defend_Slimebound","Slimebound:Split+1","Slimebound:CorrosiveSpit","Slimebound:SplitBruiser","Doubt","Slimebound:LivingWall","Slimebound:Overexert+1","Slimebound:LeadByExample+1","Slimebound:Gluttony","Slimebound:Repurpose","Slimebound:DivideAndConquer"],"relics":["Slimebound:AbsorbEndCombat","downfall:HeartsMalice","Slimebound:GreedOozeRelic","Question Card","downfall:HeartBlessingRed","MealTicket","downfall:HeartBlessingGreen"],"acts_visited":["Exordium"],"potions_floor_usage":[16,16],"damage_taken":[{"damage":0.0,"enemies":"Small Slimes","floor":2.0,"turns":1.0},{"damage":0.0,"enemies":"Jaw Worm","floor":4.0,"turns":1.0},{"damage":0.0,"enemies":"downfall:FleeingMerchant","floor":5.0,"turns":1.0},{"damage":7,"enemies":"Cultist","floor":8,"turns":2},{"damage":29,"enemies":"Gremlin Nob","floor":10,"turns":4},{"damage":29,"enemies":"Lots of Slimes","floor":14,"turns":3},{"damage":8,"enemies":"Large Slime","floor":15,"turns":4},{"damage":36,"enemies":"downfall:Defect","floor":16,"turns":5}],"seed_played":"-1593596422237966401","potions_obtained":[{"floor":8,"key":"CultistPotion"},{"floor":14,"key":"Guardian:BlockOnCardUsePotion"},{"floor":15,"key":"DuplicationPotion"}],"is_trial":false,"path_per_floor":["R","M","?","M","$","?","T","M","R","E","R","?","R","M","M","B"],"character_chosen":"SLIMEBOUND","items_purchased":[],"campfire_rested":0,"item_purchase_floors":[],"current_hp_per_floor":[60,60,60,60,60,60,60,59,59,39,39,39,39,22,26,0,0,0],"gold":156,"neow_bonus":"THREE_ENEMY_KILL","is_daily":false,"chose_seed":false,"campfire_upgraded":3,"win_rate":0.0,"timestamp":1609480506,"path_taken":["R","M","?","M","$","?","T","M","R","E","R","?","R","M","M","BOSS"],"items_purchased_type":[],"build_version":"2020-12-22","purchased_purges":0,"victory":false,"max_hp_per_floor":[60,60,60,60,60,60,60,60,60,60,60,60,60,60,60,60,60,60],"card_choices":[{"not_picked":["Slimebound:GoopSpray","Slimebound:ServeAndProtect"],"picked":"Slimebound:SplitBruiser","floor":2.0},{"not_picked":["Slimebound:ServeAndProtect","Slimebound:GoopSpray"],"picked":"Slimebound:LivingWall","floor":4.0},{"not_picked":["Slimebound:LevelUp","Slimebound:ViciousTackle"],"picked":"Slimebound:Overexert","floor":5},{"not_picked":["Slimebound:ViciousTackle","Slimebound:ServeAndProtect","Slimebound:SlimeTap"],"picked":"Slimebound:LeadByExample","floor":8},{"not_picked":["Slimebound:GrowthPunch","Slimebound:Equalize","Slimebound:FinishingTackle"],"picked":"Slimebound:Gluttony","floor":10},{"not_picked":["Slimebound:SplitMire","Slimebound:SlimeTap","Slimebound:Replication"],"picked":"Slimebound:Repurpose","floor":14},{"not_picked":["Slimebound:Schlurp","Slimebound:RainOfGoop","Slimebound:SamplingLick"],"picked":"Slimebound:DivideAndConquer","floor":15}],"player_experience":95889,"relics_obtained":[{"floor":7,"key":"Question Card"},{"floor":10,"key":"MealTicket"}],"event_choices":[],"is_beta":false,"boss_relics":[],"items_purged_floors":[],"is_endless":false,"potions_floor_spawned":[8,14,15],"killed_by":"downfall:Defect","ascension_level":0}}