{"host":"6c5k6nz7dpk27rbw","time":1609522278,"event":{"mods":["BaseMod","Minty Spire (QoL Compilation)","Quick Restart","Replay The Spire","StSLib","simple"],"gold_per_floor":[189,274,274,369,369,509,509,659,1019,1019,158,158,238,353,353,868,1118,1173,1173,1248,1313,76,231,231,401,401,531,631,706,851,931,931,1426,1426,1511,1511,1511,106,166,166,231,316,316,316,466,551,551,716,716,716,716,716,8,153,153],"floor_reached":56,"playtime":4429,"items_purged":["Strike_P","Strike_P","Defend_P","Defend_P","Strike_P","Pain"],"score":1790,"play_id":"ff3085c6-cc8c-425e-8e73-8342f0e32c9c","local_time":"20210102013118","is_ascension_mode":false,"campfire_choices":[{"data":"Eruption","floor":7,"key":"SMITH"},{"data":"FlurryOfBlows","floor":7,"key":"SMITH"},{"floor":7,"key":"RECALL"},{"floor":7,"key":"REST"},{"data":"Tantrum","floor":10,"key":"SMITH"},{"data":"Vigilance","floor":10,"key":"SMITH"},{"floor":10,"key":"REST"},{"floor":15,"key":"DIG"},{"data":"ClearTheMind","floor":32,"key":"SMITH"},{"data":"EmptyBody","floor":32,"key":"SMITH"},{"data":"Replay:Anticipation","floor":32,"key":"SMITH"},{"data":"Tantrum","floor":32,"key":"SMITH"},{"floor":32,"key":"REST"},{"data":"Scrawl","floor":40,"key":"SMITH"},{"floor":40,"key":"REST"},{"floor":44,"key":"REST"},{"floor":47,"key":"REST"},{"floor":52,"key":"REST"}],"circlet_count":0,"master_deck":["Vigilance+1","Tantrum+1","MentalFortress+1","FlurryOfBlows+1","Adaptation+1","FlurryOfBlows+1","InnerPeace+1","Tantrum+1","ClearTheMind+1","Replay:Battleflow+1","FlurryOfBlows+1","EmptyFist+1","EmptyFist+1"],"relics":["PureWater","The Courier","Pantograph","Bag of Preparation","Replay:Bottled Snecko","Orichalcum","Quantum Egg","Tiny House","Medical Kit","Ginger","ReplayFunnel","Pen Nib","Yang","Mummified Hand","CloakClasp","Gambling Chip","Prayer Wheel","Blood Vial","Mercury Hourglass","Red Mask","Black Star","Ring of Chaos","ReplayTheSpireMod:Ring of Exchange","Snack Pack","Replay:Bottled Steam","Bottled Lightning","InkBottle","Replay:Rubber Ducky","ReplayTheSpireMod:Ninjato","Juzu Bracelet","Durian","Regal Pillow","Replay:Purple Gloves","Potion Belt","BranchBurnRelic","War Paint","Blue Doll","Anchor","Letter Opener","Akabeko","Replay:Wax Seal","Garlic"],"acts_visited":["Exordium","TheCity","TheBeyond","TheEnding"],"potions_floor_usage":[6,25,50,50,50,55],"damage_taken":[{"damage":2,"enemies":"2 Louse","floor":1,"turns":2},{"damage":12,"enemies":"Jaw Worm","floor":2,"turns":2},{"damage":0,"enemies":"Small Slimes","floor":4,"turns":2},{"damage":0,"enemies":"Gremlin Nob","floor":6,"turns":3},{"damage":0,"enemies":"Gremlin Gang","floor":13,"turns":1},{"damage":6,"enemies":"The Guardian","floor":16,"turns":2},{"damage":0,"enemies":"2 Thieves","floor":18,"turns":1},{"damage":0,"enemies":"Spheric Guardian","floor":20,"turns":1},{"damage":0,"enemies":"Shelled Parasite and Fungi","floor":21,"turns":1},{"damage":0,"enemies":"Replay:Snechameleon","floor":23,"turns":1},{"damage":0,"enemies":"Slavers","floor":25,"turns":2},{"damage":0,"enemies":"Book of Stabbing","floor":27,"turns":1},{"damage":0,"enemies":"Snake Plant","floor":28,"turns":1},{"damage":0,"enemies":"Chosen and Byrds","floor":29,"turns":1},{"damage":0,"enemies":"Masked Bandits","floor":30,"turns":1},{"damage":0,"enemies":"Centurion and Healer","floor":31,"turns":1},{"damage":0,"enemies":"Pondfish","floor":33,"turns":3},{"damage":0,"enemies":"3 Darklings","floor":35,"turns":1},{"damage":0,"enemies":"3 Shapes","floor":39,"turns":1},{"damage":0,"enemies":"3 Darklings","floor":41,"turns":1},{"damage":0,"enemies":"4 Shapes","floor":42,"turns":1},{"damage":0,"enemies":"Reptomancer","floor":45,"turns":1},{"damage":0,"enemies":"Jaw Worm Horde","floor":46,"turns":1},{"damage":0,"enemies":"Giant Head","floor":48,"turns":1},{"damage":0,"enemies":"Time Eater","floor":50,"turns":3},{"damage":0,"enemies":"Shield and Spear","floor":54,"turns":1},{"damage":0,"enemies":"The Heart","floor":55,"turns":4}],"seed_played":"-7203612432413083775","potions_obtained":[{"floor":1,"key":"Flashbang"},{"floor":4,"key":"AttackPotion"},{"floor":6,"key":"FearPotion"},{"floor":30,"key":"DistilledChaos"},{"floor":54,"key":"Strength Potion"}],"is_trial":false,"path_per_floor":["M","M","?","M","?","E","R","?","T","R","$","?","M","T","R","B",null,"M","?","M","M","$","E","?","E","T","E","M","M","?","M","R","B",null,"M","?","?","$","M","R","M","M","T","R","E","M","R","E","R","B",null,"R","$","E","B",null],"character_chosen":"WATCHER","items_purchased":["Bag of Preparation","FearPotion","Replay:Bottled Snecko","Medical Kit","Ginger","ReplayFunnel","Pen Nib","Yang","Mummified Hand","CloakClasp","Snack Pack","Replay:Bottled Steam","Bottled Lightning","InkBottle","Replay:Rubber Ducky","ReplayTheSpireMod:Ninjato","Juzu Bracelet","War Paint","Blue Doll","Anchor","Letter Opener","Akabeko","Energy Potion"],"campfire_rested":7,"item_purchase_floors":[11,11,11,22,22,22,22,22,22,22,38,38,38,38,38,38,38,53,53,53,53,53,53],"current_hp_per_floor":[70,58,58,58,58,58,72,72,72,72,72,72,72,72,72,66,77,77,77,77,77,77,77,77,77,77,77,77,77,77,77,77,77,77,77,77,77,77,77,77,77,77,82,82,82,82,82,82,78,78,78,78,78,78,78],"gold":153,"neow_bonus":"REMOVE_CARD","is_daily":false,"chose_seed":false,"campfire_upgraded":9,"win_rate":0.0,"timestamp":1609522278,"path_taken":["M","M","?","M","?","E","R","?","T","R","?","?","?","?","R","BOSS","M","?","M","?","$","E","?","E","T","E","?","M","?","M","R","BOSS","M","?","?","$","M","R","M","M","T","R","E","M","R","E","R","BOSS","R","$","E","BOSS"],"items_purchased_type":["Relic","Potion","Relic","Relic","Relic","Relic","Relic","Relic","Relic","Relic","Relic","Relic","Relic","Relic","Relic","Relic","Relic","Relic","Relic","Relic","Relic","Relic","Potion"],"build_version":"2020-12-22","purchased_purges":6,"victory":true,"max_hp_per_floor":[72,72,72,72,72,72,72,72,72,72,72,72,72,72,72,72,77,77,77,77,77,77,77,77,77,77,77,77,77,77,77,77,77,77,77,77,77,77,77,77,77,77,82,82,82,82,82,82,78,78,78,78,78,78,78],"card_choices":[{"not_picked":["Replay:Vibes","BattleHymn"],"picked":"EmptyBody+1","floor":1},{"not_picked":["EmptyBody+1","FollowUp"],"picked":"Tantrum","floor":2},{"not_picked":["Replay:AtTheReady","Halt"],"picked":"MentalFortress+1","floor":4},{"not_picked":["Blasphemy","MentalFortress+1"],"picked":"FlurryOfBlows","floor":6},{"not_picked":["FollowUp","Replay:ManipulateFuture"],"picked":"Adaptation+1","floor":13},{"not_picked":["Brilliance","Establishment"],"picked":"Replay:AllIn+1","floor":16},{"not_picked":["FearNoEvil","Consecrate"],"picked":"FlurryOfBlows","floor":17},{"not_picked":["Protect+1","PathToVictory"],"picked":"Tantrum","floor":18},{"not_picked":["SashWhip","Replay:BluntJabs","Tantrum"],"picked":"SKIP","floor":20},{"not_picked":["Replay:BluntJabs","Replay:DivineShield","Crescendo"],"picked":"SKIP","floor":21},{"not_picked":["Ragnarok","TalkToTheHand+1","FollowUp+1"],"picked":"SKIP","floor":23},{"not_picked":["Halt+1","ThirdEye","Replay:Anticipation"],"picked":"SKIP","floor":25},{"not_picked":["Halt+1","ThirdEye"],"picked":"Replay:Anticipation","floor":25},{"not_picked":["Sanctity","BowlingBash","Evaluate"],"picked":"SKIP","floor":27},{"not_picked":["WaveOfTheHand","FlyingSleeves","Prostrate+1"],"picked":"SKIP","floor":28},{"not_picked":["FlurryOfBlows+1","ThirdEye","LikeWater"],"picked":"SKIP","floor":28},{"not_picked":["DeusExMachina","Fasting2"],"picked":"ClearTheMind","floor":29},{"not_picked":["Replay:Anticipation","Halt"],"picked":"EmptyBody","floor":29},{"not_picked":["Wallop","Study"],"picked":"Replay:Battleflow+1","floor":31},{"not_picked":["Consecrate+1","WindmillStrike","Perseverance"],"picked":"SKIP","floor":31},{"not_picked":["DeusExMachina","Judgement"],"picked":"Scrawl","floor":33},{"not_picked":["Replay:Vibes+1","Evaluate+1","Prostrate+1"],"picked":"SKIP","floor":35},{"not_picked":["CarveReality+1","Wallop+1","FlurryOfBlows+1"],"picked":"SKIP","floor":35},{"not_picked":["Fasting2+1","Replay:ManipulateFuture+1","WaveOfTheHand+1"],"picked":"SKIP","floor":39},{"not_picked":["Replay:ManipulateFuture+1","FlyingSleeves","FearNoEvil+1"],"picked":"SKIP","floor":39},{"not_picked":["Prostrate","CrushJoints","PathToVictory+1"],"picked":"SKIP","floor":41},{"not_picked":["WaveOfTheHand+1","FollowUp+1","SashWhip+1"],"picked":"SKIP","floor":41},{"not_picked":["Weave","Crescendo+1","Perseverance"],"picked":"SKIP","floor":42},{"not_picked":["CrushJoints+1","ClearTheMind","FlyingSleeves+1"],"picked":"SKIP","floor":42},{"not_picked":["WindmillStrike+1","Fasting2+1","Replay:Hum"],"picked":"SKIP","floor":45},{"not_picked":["PathToVictory+1","Replay:BluntJabs","WheelKick"],"picked":"SKIP","floor":46},{"not_picked":["Collect+1","Omniscience","EmptyBody"],"picked":"SKIP","floor":46},{"not_picked":["SashWhip","MentalFortress","Halt+1"],"picked":"SKIP","floor":48},{"not_picked":["Replay:Battleflow+1","Protect+1","Worship+1"],"picked":"SKIP","floor":54}],"player_experience":265509,"relics_obtained":[{"floor":6,"key":"The Courier"},{"floor":14,"key":"Orichalcum"},{"floor":15,"key":"Quantum Egg"},{"floor":23,"key":"Gambling Chip"},{"floor":25,"key":"Prayer Wheel"},{"floor":26,"key":"Blood Vial"},{"floor":27,"key":"Mercury Hourglass"},{"floor":30,"key":"Red Mask"},{"floor":36,"key":"Ring of Chaos"},{"floor":36,"key":"ReplayTheSpireMod:Ring of Exchange"},{"floor":43,"key":"Durian"},{"floor":45,"key":"Regal Pillow"},{"floor":45,"key":"Replay:Purple Gloves"},{"floor":48,"key":"Potion Belt"},{"floor":48,"key":"Dead Branch"},{"floor":54,"key":"Replay:Wax Seal"},{"floor":54,"key":"Garlic"}],"event_choices":[{"cards_removed":["Strike_P"],"damage_healed":0,"gold_gain":0,"player_choice":"Forget","damage_taken":0,"max_hp_gain":0,"max_hp_loss":0,"event_name":"Living Wall","floor":3,"gold_loss":0},{"damage_healed":0,"gold_gain":0,"player_choice":"Ignored","damage_taken":0,"max_hp_gain":0,"max_hp_loss":0,"event_name":"Liars Game","floor":5,"gold_loss":0},{"damage_healed":0,"gold_gain":30,"player_choice":"Searched \u00273\u0027 times","damage_taken":0,"relics_obtained":["Pantograph"],"max_hp_gain":0,"max_hp_loss":0,"event_name":"Dead Adventurer","floor":8,"gold_loss":0},{"cards_removed":["Defend_P"],"damage_healed":0,"gold_gain":0,"player_choice":"Offered Basic","damage_taken":0,"max_hp_gain":0,"max_hp_loss":0,"event_name":"Bonfire Elementals","floor":12,"gold_loss":0},{"damage_healed":0,"gold_gain":0,"player_choice":"Upgraded","damage_taken":0,"max_hp_gain":0,"max_hp_loss":0,"event_name":"Upgrade Shrine","floor":19,"gold_loss":0,"cards_upgraded":["FlurryOfBlows"]},{"damage_healed":0,"gold_gain":0,"player_choice":"Ignored","damage_taken":0,"max_hp_gain":0,"max_hp_loss":0,"event_name":"NoteForYourself","floor":24,"gold_loss":0},{"damage_healed":0,"gold_gain":0,"player_choice":"Fought Bandits","damage_taken":0,"max_hp_gain":0,"max_hp_loss":0,"event_name":"Masked Bandits","floor":30,"gold_loss":0},{"cards_removed":["Eruption"],"damage_healed":0,"gold_gain":0,"player_choice":"Removed Attack","damage_taken":0,"max_hp_gain":0,"max_hp_loss":0,"event_name":"Falling","floor":37,"gold_loss":0},{"damage_healed":0,"gold_gain":0,"player_choice":"Max HP","damage_taken":0,"max_hp_gain":0,"max_hp_loss":4,"event_name":"Winding Halls","floor":49,"gold_loss":0}],"is_beta":false,"boss_relics":[{"not_picked":["Pandora\u0027s Box","ChewingGum"],"picked":"Tiny House"},{"not_picked":["Runic Dome","Fusion Hammer"],"picked":"Black Star"}],"items_purged_floors":[11,11,11,11,11,38],"is_endless":false,"potions_floor_spawned":[1,4,6,18,23,30,31,41,42,45,54],"ascension_level":0}}