{"host":"2461dio7vetlq1z3","time":1609543679,"event":{"mods":["2.2 Compatiblity","AchievementEnabler","BaseMod","Better Third Choice","Friendly Minions","Minty Spire (QoL Compilation)","Relic Stats","Replay The Spire","Spicy Shops","StSLib","Waifu the Spire"],"gold_per_floor":[110,125,125,88,104,104,121,121,121,146,146,173,173,186,186,265,265,280,300,320,235,235,235,235],"floor_reached":23,"playtime":854,"items_purged":[],"score":502,"play_id":"8d10a3ec-89cc-4a9b-9fe8-1041ac420976","local_time":"20210102002759","is_ascension_mode":true,"campfire_choices":[{"data":"Bash","floor":6.0,"key":"SMITH"},{"data":"Combust","floor":8.0,"key":"SMITH"},{"data":"Combust","floor":11.0,"key":"SMITH"},{"floor":13.0,"key":"REST"},{"data":"Disarm","floor":15.0,"key":"SMITH"}],"circlet_count":0,"master_deck":["AscendersBane","Strike_R+1","Strike_R+1","Strike_R+1","Strike_R+1","Strike_R+1","Defend_R","Defend_R","Defend_R","Bash+1","ReplayTheSpireMod:Limb From Limb","Combust+1","Barricade+1","Combust+1","Corruption","Disarm+1","Combust","Eclipse","Dark Embrace+1","Sentinel","Exhume","Ghostly","Ghostly","Ghostly"],"relics":["Philosopher\u0027s Stone","betterThird:SlimedRelic","Replay:Bottled Eggs","Dead Branch","Meat on the Bone","Runic Pyramid","Matryoshka"],"acts_visited":["Exordium","TheCity"],"potions_floor_usage":[23,23],"damage_taken":[{"damage":9.0,"enemies":"2 Louse","floor":1.0,"turns":3.0},{"damage":3.0,"enemies":"Jaw Worm","floor":2.0,"turns":4.0},{"damage":1.0,"enemies":"Cultist","floor":5.0,"turns":3.0},{"damage":1.0,"enemies":"3 Louse","floor":7.0,"turns":1.0},{"damage":9.0,"enemies":"Gremlin Nob","floor":10.0,"turns":3.0},{"damage":31.0,"enemies":"3 Sentries","floor":12.0,"turns":4.0},{"damage":2.0,"enemies":"Red Slaver","floor":14.0,"turns":2.0},{"damage":14.0,"enemies":"The Guardian","floor":16.0,"turns":9.0},{"damage":2,"enemies":"Chosen","floor":18,"turns":3},{"damage":0,"enemies":"3 Byrds","floor":19,"turns":2},{"damage":12,"enemies":"Snake Plant","floor":20,"turns":4},{"damage":44,"enemies":"Slavers","floor":23,"turns":2}],"seed_played":"3970623370568580899","potions_obtained":[{"floor":2.0,"key":"Explosive Potion"},{"floor":5.0,"key":"Dexterity Potion"},{"floor":12.0,"key":"LifebloodPotion"},{"floor":20,"key":"Toxic Potion"}],"is_trial":false,"path_per_floor":["M","M","?","?","M","R","M","R","T","E","R","E","R","M","R","B",null,"M","M","M","?","?","E"],"character_chosen":"IRONCLAD","items_purchased":[],"campfire_rested":1,"item_purchase_floors":[],"current_hp_per_floor":[59,56,56,45,44,44,43,43,43,34,34,3,25,35,35,33,65,63,63,51,51,37,0,0],"gold":235,"neow_bonus":"BOSS_RELIC","is_daily":false,"chose_seed":false,"campfire_upgraded":4,"win_rate":0.0,"timestamp":1609543679,"path_taken":["M","M","?","?","M","R","M","R","T","E","R","E","R","M","R","BOSS","M","M","M","?","?","E"],"items_purchased_type":[],"build_version":"2020-12-22","purchased_purges":0,"victory":false,"max_hp_per_floor":[75,75,75,75,75,75,75,75,75,75,75,75,75,75,75,75,75,75,75,75,75,37,37,37],"relic_stats":{"counters":[12,40],"Dead Branch":[72],"obtain_stats":[{"Matryoshka":21,"betterThird:SlimedRelic":4,"Dead Branch":10,"Philosopher\u0027s Stone":0,"Replay:Bottled Eggs":9,"Burning Blood":0,"Meat on the Bone":12,"Runic Pyramid":17},{"Matryoshka":11,"betterThird:SlimedRelic":2,"Dead Branch":5,"Philosopher\u0027s Stone":0,"Replay:Bottled Eggs":4,"Burning Blood":0,"Meat on the Bone":6,"Runic Pyramid":8},{"Matryoshka":38,"betterThird:SlimedRelic":7,"Dead Branch":14,"Philosopher\u0027s Stone":0,"Replay:Bottled Eggs":11,"Burning Blood":0,"Meat on the Bone":18,"Runic Pyramid":29}],"Meat on the Bone":24},"card_choices":[{"not_picked":["Replay:Undeath\u0027s Touch","Havoc"],"picked":"ReplayTheSpireMod:Limb From Limb","floor":1.0},{"not_picked":["Perfected Strike","Twin Strike"],"picked":"Combust","floor":2.0},{"not_picked":["Bloodletting","Body Slam"],"picked":"Combust","floor":5.0},{"not_picked":["ReplayTheSpireMod:Muscle Training","Anger"],"picked":"Corruption","floor":7.0},{"not_picked":["Searing Blow","Bloodletting","Clash"],"picked":"SKIP","floor":10.0},{"not_picked":["Flex","Armaments"],"picked":"Disarm","floor":12.0},{"not_picked":["Armaments","Sever Soul"],"picked":"Combust","floor":14.0},{"not_picked":["Juggernaut","Berserk"],"picked":"Eclipse","floor":16.0},{"not_picked":["Headbutt","Warcry"],"picked":"Dark Embrace+1","floor":18},{"not_picked":["Blood for Blood","Shrug It Off"],"picked":"Sentinel","floor":19},{"not_picked":["Body Slam+1","Sword Boomerang"],"picked":"Exhume","floor":20}],"player_experience":1002183,"relics_obtained":[{"floor":9.0,"key":"Replay:Bottled Eggs"},{"floor":10.0,"key":"Dead Branch"},{"floor":12.0,"key":"Meat on the Bone"}],"event_choices":[{"damage_healed":0.0,"max_hp_gain":0.0,"max_hp_loss":0.0,"gold_gain":0.0,"event_name":"betterThird:BetterGoop","player_choice":"Slimed","floor":4.0,"gold_loss":37.0,"damage_taken":11.0},{"damage_healed":0,"gold_gain":0,"player_choice":"Obtained Relic","damage_taken":0,"relics_obtained":["Matryoshka"],"max_hp_gain":0,"max_hp_loss":0,"event_name":"Addict","floor":21,"gold_loss":85},{"damage_healed":0,"gold_gain":0,"player_choice":"Became a Ghost","damage_taken":0,"max_hp_gain":0,"max_hp_loss":38,"event_name":"Ghosts","floor":22,"gold_loss":0,"cards_obtained":["Ghostly","Ghostly","Ghostly"]}],"is_beta":false,"boss_relics":[{"not_picked":["Coffee Dripper","Ooze Armor"],"picked":"Runic Pyramid"}],"items_purged_floors":[],"is_endless":false,"potions_floor_spawned":[2,5,12,19,20],"killed_by":"Slavers","ascension_level":20}}