{"host":"ktoxvvst1mwxww91","time":1609529280,"event":{"mods":["BaseMod","Hermit","Minty Spire (QoL Compilation)","StSLib","The Hierophant","The Mystic","The Necromancer"],"gold_per_floor":[116,191,211,35,48,77,77,39,39,58,70,70,70,70,70,142,142,153,153,153,171,191,191,191,191],"floor_reached":24,"playtime":857,"items_purged":["Strike_G"],"score":323,"play_id":"6783fe09-bd1b-4bf5-a35c-c4ea3fddb754","local_time":"20210101202800","is_ascension_mode":true,"campfire_choices":[{"floor":7.0,"key":"REST"},{"floor":12,"key":"REST"},{"data":"Noxious Fumes","floor":15,"key":"SMITH"},{"data":"Noxious Fumes","floor":23,"key":"SMITH"}],"circlet_count":0,"master_deck":["AscendersBane","Defend_G","Defend_G","Defend_G","Defend_G","Defend_G","Survivor","Neutralize","Backflip","Skewer","Escape Plan","Noxious Fumes+1","Poisoned Stab","Dagger Spray","Deadly Poison","Noxious Fumes+1","Poisoned Stab","Poisoned Stab","Well Laid Plans+1","Underhanded Strike+1","Riddle With Holes+1","Leg Sweep","Cloak And Dagger","Blur"],"relics":["Ring of the Snake","Blue Candle","Mummified Hand","Astrolabe","Shuriken","Nloth\u0027s Gift"],"acts_visited":["Exordium","TheCity"],"potions_floor_usage":[11,22,22],"damage_taken":[{"damage":0.0,"enemies":"2 Louse","floor":1.0,"turns":5.0},{"damage":2.0,"enemies":"Small Slimes","floor":3.0,"turns":4.0},{"damage":0.0,"enemies":"Cultist","floor":5.0,"turns":4.0},{"damage":41.0,"enemies":"Gremlin Nob","floor":6.0,"turns":5.0},{"damage":7.0,"enemies":"2 Fungi Beasts","floor":10.0,"turns":4.0},{"damage":21,"enemies":"Exordium Thugs","floor":11,"turns":5},{"damage":16,"enemies":"Hexaghost","floor":16,"turns":8},{"damage":1,"enemies":"3 Byrds","floor":18,"turns":4},{"damage":7,"enemies":"Chosen","floor":21,"turns":4},{"damage":0,"enemies":"3 Cultists","floor":22,"turns":5},{"damage":46,"enemies":"Book of Stabbing","floor":24,"turns":7}],"seed_played":"1768270512934997433","potions_obtained":[{"floor":1.0,"key":"Dexterity Potion"},{"floor":3.0,"key":"CunningPotion"},{"floor":18,"key":"ColorlessPotion"},{"floor":21,"key":"PowerPotion"}],"is_trial":false,"path_per_floor":["M","?","M","$","M","E","R","$","T","M","M","R","?","?","R","B",null,"M","?","?","M","M","R","E"],"character_chosen":"THE_SILENT","items_purchased":["Noxious Fumes","Poisoned Stab","Noxious Fumes"],"campfire_rested":2,"item_purchase_floors":[4,4,8],"current_hp_per_floor":[63,52,50,50,50,9,30,30,30,23,2,23,23,23,23,7,54,53,53,53,46,46,46,0,0],"gold":191,"neow_bonus":"THREE_CARDS","is_daily":false,"chose_seed":false,"campfire_upgraded":2,"win_rate":0.0,"timestamp":1609529280,"path_taken":["M","?","M","$","M","E","R","$","T","M","M","R","?","?","R","BOSS","M","?","?","?","M","R","E"],"items_purchased_type":["Card","Card","Card"],"build_version":"2020-12-22","purchased_purges":1,"victory":false,"max_hp_per_floor":[70,70,70,70,70,70,70,70,70,70,70,70,70,70,70,70,70,70,70,70,70,70,70,70,70],"card_choices":[{"not_picked":["Flechettes","Choke"],"picked":"Backflip","floor":0.0},{"not_picked":["Masterful Stab","Flechettes"],"picked":"Skewer","floor":1.0},{"not_picked":["PiercingWail","Deflect"],"picked":"Escape Plan","floor":3.0},{"not_picked":["Flying Knee","Prepared"],"picked":"Dagger Spray","floor":5.0},{"not_picked":["Prepared","Storm of Steel"],"picked":"Deadly Poison","floor":6.0},{"not_picked":["Well Laid Plans","Sucker Punch"],"picked":"Poisoned Stab","floor":10.0},{"not_picked":["Slice","Distraction"],"picked":"Poisoned Stab","floor":11},{"not_picked":["Choke","Prepared"],"picked":"Leg Sweep","floor":18},{"not_picked":["Blade Dance","Tactician"],"picked":"Cloak And Dagger","floor":21},{"not_picked":["Masterful Stab","Expertise"],"picked":"Blur","floor":22}],"player_experience":957777,"relics_obtained":[{"floor":6.0,"key":"Blue Candle"},{"floor":9.0,"key":"Mummified Hand"}],"event_choices":[{"damage_healed":0.0,"max_hp_gain":0.0,"max_hp_loss":0.0,"gold_gain":75.0,"event_name":"World of Goop","player_choice":"Gather Gold","floor":2.0,"gold_loss":0.0,"damage_taken":11.0},{"damage_healed":0,"gold_gain":0,"player_choice":"Searched \u00271\u0027 times","damage_taken":0,"relics_obtained":["Vajra"],"max_hp_gain":0,"max_hp_loss":0,"event_name":"Dead Adventurer","floor":13,"gold_loss":0},{"cards_removed":["Strike_G"],"damage_healed":0,"gold_gain":0,"player_choice":"Forget","damage_taken":0,"max_hp_gain":0,"max_hp_loss":0,"event_name":"Living Wall","floor":14,"gold_loss":0},{"damage_healed":0,"gold_gain":0,"player_choice":"Opened","damage_taken":0,"relics_obtained":["Shuriken"],"max_hp_gain":0,"max_hp_loss":0,"event_name":"The Mausoleum","floor":19,"gold_loss":0},{"damage_healed":0,"gold_gain":0,"player_choice":"Traded Relic","damage_taken":0,"relics_obtained":["Nloth\u0027s Gift"],"max_hp_gain":0,"max_hp_loss":0,"event_name":"N\u0027loth","floor":20,"relics_lost":["Vajra"],"gold_loss":0}],"is_beta":false,"boss_relics":[{"not_picked":["WristBlade","Fusion Hammer"],"picked":"Astrolabe"}],"items_purged_floors":[4],"is_endless":false,"potions_floor_spawned":[1,3,18,21],"killed_by":"Book of Stabbing","ascension_level":13}}