{"host":"lkyw40t68mxhwfjf","time":1609513451,"event":{"mods":["2.2 Compatiblity","Act Like it!","Arknights The Spire","BaseMod","Hallownest","HololiveMod","Hubris","Koishi","Lobotomy","Marisa¡]Ãú«B¡@Å]²z¨F¡^","Minty Spire (QoL Compilation)","Prisma Mod","Reimu¡]³Õ???¡^","Remilia¡]Á¢¦Ì²ú?¡^","Replay The Spire","RumiaBox-ÅS¦Ì?ªº¯«¯µ²°¤l","StSLib","The Animator","The Servant 0.9.4","TheSwordswoman","WarShipGirlsR/??¤Ö¤kR mod","Youmu¡]»î¾z§¯?¡^","Yuyuko"],"gold_per_floor":[110,110,129,148,165,165,194,212,212,212,212,242,257,257,257,353,353,371,144,159,177,196,196,196],"floor_reached":23,"playtime":946,"items_purged":["ats:Strike C"],"score":205,"play_id":"5d05e200-cc40-493d-9c66-9410ba094861","local_time":"20210101230411","is_ascension_mode":false,"campfire_choices":[{"data":"ats:Leaping Hammer","floor":6,"key":"SMITH"},{"floor":10,"key":"REST"},{"floor":15,"key":"REST"}],"circlet_count":0,"master_deck":["ats:Strike G+1","ats:Strike S","ats:Armor Crushing Shot+1","ats:Defend","ats:Defend","ats:Defend","ats:Defend","ats:Emotion Absorption+1","ats:Leaping Hammer+1","ats:Blood Oath","ats:Cat Scratch","ats:Defend Order+1","ats:Automatic Cover","ats:Thermite Blade+1","ats:Blood Oath","ats:Red Shift","ats:Flexible Camouflage","ats:Ambush","ats:Closed Bolt Burst Fire","ats:Childhood Dance","ats:Flexible Camouflage","ats:Thermite Blade"],"relics":["ats:Sanity","ats:Originium","Whetstone","Oddly Smooth Stone","Honey Jar","Happy Flower"],"acts_visited":["Exordium","TheCity"],"potions_floor_usage":[12,12,12,16,23],"damage_taken":[{"damage":6,"enemies":"2 Louse","floor":1,"turns":3},{"damage":5,"enemies":"Small Slimes","floor":3,"turns":3},{"damage":3,"enemies":"Jaw Worm","floor":4,"turns":2},{"damage":11,"enemies":"Large Slime","floor":5,"turns":5},{"damage":24,"enemies":"Gremlin Nob","floor":7,"turns":4},{"damage":7,"enemies":"2 Fungi Beasts","floor":8,"turns":3},{"damage":17,"enemies":"Lagavulin","floor":12,"turns":6},{"damage":6,"enemies":"Blue Slaver","floor":13,"turns":3},{"damage":34,"enemies":"Hexaghost","floor":16,"turns":8},{"damage":6,"enemies":"Shell Parasite","floor":18,"turns":3},{"damage":0,"enemies":"Chosen","floor":20,"turns":3},{"damage":10,"enemies":"Centurion and Healer","floor":21,"turns":4},{"damage":28,"enemies":"Shelled Parasite and Fungi","floor":22,"turns":5},{"damage":57,"enemies":"Gremlin Leader","floor":23,"turns":7}],"seed_played":"-1740011193937568585","potions_obtained":[{"floor":1,"key":"Ancient Potion"},{"floor":4,"key":"EssenceOfSteel"},{"floor":5,"key":"CultistPotion"},{"floor":8,"key":"ColorlessPotion"},{"floor":12,"key":"Strength Potion"},{"floor":22,"key":"Adrenaline Potion"}],"is_trial":false,"path_per_floor":["M","?","M","M","M","R","E","M","T","R","?","E","M","?","R","B",null,"M","$","M","M","M","E"],"character_chosen":"DOCTOR_CLASS","items_purchased":["Happy Flower"],"campfire_rested":2,"item_purchase_floors":[19],"current_hp_per_floor":[66,60,58,58,50,50,32,25,25,46,32,18,15,15,36,14,72,66,66,69,62,40,0,0],"gold":196,"neow_bonus":"THREE_CARDS","is_daily":false,"chose_seed":false,"campfire_upgraded":1,"win_rate":0.0,"timestamp":1609513451,"path_taken":["M","?","M","M","M","R","E","M","T","R","?","E","M","?","R","BOSS","M","$","M","M","M","E"],"items_purchased_type":["Relic"],"build_version":"2020-12-22","purchased_purges":1,"victory":false,"max_hp_per_floor":[72,72,72,72,72,72,72,72,72,72,72,72,72,72,72,72,72,72,72,72,72,72,72,72],"card_choices":[{"not_picked":["ats:Childhood Dance","ats:Counter Healing Mode"],"picked":"ats:Leaping Hammer","floor":0},{"not_picked":["ats:Curse Doll","ats:Very Hot Blade"],"picked":"ats:Blood Oath","floor":1},{"not_picked":["ats:Poison Spread","ats:Chain Hook"],"picked":"ats:Cat Scratch","floor":3},{"not_picked":["ats:Poison Spread","ats:Directed Diagnosis"],"picked":"ats:Defend Order","floor":4},{"not_picked":["ats:Collapsing Strike","ats:Curse Doll"],"picked":"ats:Automatic Cover","floor":5},{"not_picked":["ats:Hammer On","ats:Consecutive Shot Auto"],"picked":"ats:Thermite Blade","floor":7},{"not_picked":["ats:Burning Ground","ats:Revitalization"],"picked":"ats:Blood Oath","floor":8},{"not_picked":["ats:Consecutive Shot Auto","ats:Ignite"],"picked":"ats:Red Shift","floor":12},{"not_picked":["ats:Directed Diagnosis","ats:Echo Reverb","ats:LN2 Cannon"],"picked":"SKIP","floor":13},{"not_picked":["ats:Wolf Pack","ats:Disruption Kick"],"picked":"ats:Ambush","floor":16},{"not_picked":["ats:Shell Defense","ats:Cat Scratch","ats:Red Shift"],"picked":"ats:Closed Bolt Burst Fire","floor":18},{"not_picked":["ats:Very Hot Blade","ats:Part Time Job","ats:Mental Burst"],"picked":"ats:Childhood Dance","floor":20},{"not_picked":["ats:Ambush","ats:Consecutive Shot Auto","ats:Ignite"],"picked":"ats:Flexible Camouflage","floor":21},{"not_picked":["ats:Consecutive Shot Auto","ats:Part Time Job","ats:Ignite"],"picked":"ats:Thermite Blade","floor":22}],"player_experience":396509,"relics_obtained":[{"floor":7,"key":"ats:Originium"},{"floor":7,"key":"Whetstone"},{"floor":12,"key":"ats:Originium"},{"floor":12,"key":"Oddly Smooth Stone"}],"event_choices":[{"damage_healed":0,"gold_gain":0,"player_choice":"Entered Light","damage_taken":14,"max_hp_gain":0,"max_hp_loss":0,"event_name":"Shining Light","floor":11,"gold_loss":0,"cards_upgraded":["ats:Defend Order","ats:Thermite Blade"]}],"is_beta":false,"boss_relics":[{"not_picked":["Replay:Wanted Poster","Hololive_ChaosS"],"picked":"Honey Jar"}],"items_purged_floors":[19],"is_endless":false,"potions_floor_spawned":[1,4,5,8,12,22],"killed_by":"Gremlin Leader","ascension_level":0}}