{"host":"2m78pqva0leqn903","time":1609516388,"event":{"mods":["BaseMod","Minty Spire (QoL Compilation)","StSLib","TestMod"],"gold_per_floor":[110,110,35,50,50,78,78,109,186,198,198,226,226,276,276,353,353,373,273,198,73,92,121,121,149,149,182,182,198,216,247,247,319,319,330,348,348,363,363,396,411,442,467,153,165,182,7,32,32,32,32,32],"floor_reached":51,"playtime":1370,"items_purged":["Strike_R","Strike_R","Defend_R","Defend_R","Defend_R"],"score":1962,"play_id":"aa34517b-7026-4e2e-bc29-62d5051e7f6c","local_time":"20210101235308","is_ascension_mode":true,"campfire_choices":[{"data":"Power Through","floor":7.0,"key":"SMITH"},{"data":"Flex","floor":13.0,"key":"SMITH"},{"data":"Bash","floor":15.0,"key":"SMITH"},{"data":"Sword Boomerang","floor":24.0,"key":"SMITH"},{"data":"Body Slam","floor":28.0,"key":"SMITH"},{"data":"Flex","floor":32.0,"key":"SMITH"},{"data":"Limit Break","floor":49,"key":"SMITH"}],"circlet_count":0,"master_deck":["AscendersBane","Bash+1","Power Through+1","Infernal Blade","Flex+1","Sword Boomerang+1","Flex+1","Body Slam+1","Battle Trance+1","Limit Break+1","Shrug It Off+1"],"relics":["Burning Blood","testmod-TestBox","testmod-Fanaticism","NeowsBlessing","Pen Nib","White Beast Statue","testmod-Justice","HornCleat","testmod-TimeTraveler","MealTicket","testmod-Hope","Letter Opener","testmod-ArcanaOfDestiny","Bottled Lightning","testmod-NegativeEmotionEnhancer","Ginger","Question Card","Bag of Preparation","testmod-Register","testmod-Maize"],"acts_visited":["Exordium","TheCity","TheBeyond"],"potions_floor_usage":[46],"damage_taken":[{"damage":0.0,"enemies":"Cultist","floor":1.0,"turns":1.0},{"damage":0.0,"enemies":"Jaw Worm","floor":4.0,"turns":1.0},{"damage":0.0,"enemies":"3 Sentries","floor":6.0,"turns":1.0},{"damage":20.0,"enemies":"Lagavulin","floor":8.0,"turns":4.0},{"damage":6.0,"enemies":"Small Slimes","floor":10.0,"turns":2.0},{"damage":30.0,"enemies":"3 Sentries","floor":12.0,"turns":6.0},{"damage":8.0,"enemies":"The Guardian","floor":16.0,"turns":5.0},{"damage":39.0,"enemies":"3 Byrds","floor":18.0,"turns":6.0},{"damage":0.0,"enemies":"Spheric Guardian","floor":22.0,"turns":2.0},{"damage":8.0,"enemies":"Book of Stabbing","floor":23.0,"turns":3.0},{"damage":79.0,"enemies":"Slavers","floor":25.0,"turns":4.0},{"damage":0.0,"enemies":"Book of Stabbing","floor":27.0,"turns":2.0},{"damage":0.0,"enemies":"3 Cultists","floor":29.0,"turns":3.0},{"damage":37.0,"enemies":"Shelled Parasite and Fungi","floor":30.0,"turns":2.0},{"damage":58.0,"enemies":"Slavers","floor":31.0,"turns":3.0},{"damage":31.0,"enemies":"Champ","floor":33.0,"turns":2.0},{"damage":0.0,"enemies":"3 Darklings","floor":35.0,"turns":1.0},{"damage":0.0,"enemies":"Orb Walker","floor":36.0,"turns":1.0},{"damage":0.0,"enemies":"4 Shapes","floor":38.0,"turns":2.0},{"damage":0,"enemies":"Reptomancer","floor":40,"turns":2},{"damage":0,"enemies":"Maw","floor":41,"turns":2},{"damage":0,"enemies":"Giant Head","floor":42,"turns":2},{"damage":0,"enemies":"Jaw Worm Horde","floor":45,"turns":1},{"damage":0,"enemies":"3 Darklings","floor":46,"turns":1},{"damage":0,"enemies":"Reptomancer","floor":48,"turns":1},{"damage":0,"enemies":"Time Eater","floor":50,"turns":1},{"damage":126,"enemies":"Awakened One","floor":51,"turns":3}],"seed_played":"-6895188484487412878","potions_obtained":[{"floor":1.0,"key":"AttackPotion"},{"floor":10.0,"key":"GamblersBrew"},{"floor":12.0,"key":"BlessingOfTheForge"},{"floor":16.0,"key":"FearPotion"},{"floor":18.0,"key":"Block Potion"},{"floor":22.0,"key":"DuplicationPotion"},{"floor":25.0,"key":"AttackPotion"},{"floor":27.0,"key":"Weak Potion"},{"floor":30.0,"key":"LiquidBronze"},{"floor":31.0,"key":"Strength Potion"},{"floor":33.0,"key":"SneckoOil"},{"floor":35.0,"key":"BlessingOfTheForge"},{"floor":42,"key":"DuplicationPotion"},{"floor":46,"key":"testmod-SpacePotion"},{"floor":48,"key":"SpeedPotion"}],"is_trial":false,"path_per_floor":["M","?","$","M","?","E","R","E","T","M","?","E","R","?","R","B",null,"M","$","?","$","M","E","R","E","T","E","R","M","M","E","R","B",null,"M","M","?","M","?","E","M","E","T","$","M","M","$","E","R","B","B"],"character_chosen":"IRONCLAD","items_purchased":["testmod-Register"],"campfire_rested":0,"item_purchase_floors":[44],"current_hp_per_floor":[74,74,74,75,75,75,75,75,75,75,68,75,75,68,68,75,75,67,67,67,67,73,75,75,75,75,75,75,75,75,75,75,75,75,76,77,66,77,77,79,80,81,81,81,82,83,83,84,84,85,0,0],"gold":32,"neow_bonus":"THREE_ENEMY_KILL","is_daily":false,"chose_seed":false,"campfire_upgraded":7,"win_rate":0.0,"timestamp":1609516388,"path_taken":["M","?","$","?","?","E","R","E","T","M","?","E","R","?","R","BOSS","M","$","?","$","M","E","R","E","T","E","R","M","M","E","R","BOSS","M","M","?","?","?","E","M","E","T","$","?","M","$","E","R","BOSS","BOSS"],"items_purchased_type":["Relic"],"build_version":"2020-12-22","purchased_purges":5,"victory":false,"max_hp_per_floor":[75,75,75,75,75,75,75,75,75,75,75,75,75,75,75,75,75,75,75,75,75,75,75,75,75,75,75,75,75,75,75,75,75,75,76,77,77,78,78,79,80,81,81,81,82,83,83,84,84,85,85,85],"card_choices":[{"not_picked":["Disarm","Iron Wave"],"picked":"Power Through","floor":1.0},{"not_picked":["Headbutt","Cleave","Power Through"],"picked":"SKIP","floor":4.0},{"not_picked":["Dark Embrace","Perfected Strike","Hemokinesis"],"picked":"SKIP","floor":6.0},{"not_picked":["Perfected Strike","True Grit"],"picked":"Flex","floor":8.0},{"not_picked":["Pommel Strike","Cleave","Clash"],"picked":"SKIP","floor":10.0},{"not_picked":["Disarm","Clash","Ghostly Armor"],"picked":"SKIP","floor":12.0},{"not_picked":["Anger","Shrug It Off"],"picked":"Sword Boomerang","floor":18.0},{"not_picked":["Dual Wield","Carnage"],"picked":"Flex","floor":22.0},{"not_picked":["Dual Wield","Feel No Pain","Anger+1"],"picked":"SKIP","floor":23.0},{"not_picked":["Sever Soul","Headbutt"],"picked":"Body Slam","floor":25.0},{"not_picked":["Anger","Disarm","Inflame"],"picked":"SKIP","floor":27.0},{"not_picked":["Metallicize","Headbutt","Ghostly Armor"],"picked":"SKIP","floor":29.0},{"not_picked":["Immolate","Infernal Blade"],"picked":"Battle Trance+1","floor":30.0},{"not_picked":["Bloodletting","Burning Pact","Battle Trance"],"picked":"SKIP","floor":31.0},{"not_picked":["Exhume","Demon Form"],"picked":"Limit Break","floor":33.0},{"not_picked":["Headbutt","Anger+1","Warcry"],"picked":"SKIP","floor":35.0},{"not_picked":["Thunderclap+1","Hemokinesis"],"picked":"Shrug It Off+1","floor":36.0},{"not_picked":["Twin Strike","Dark Embrace","Headbutt"],"picked":"SKIP","floor":38.0},{"not_picked":["Clash+1","Spot Weakness+1","Dark Embrace"],"picked":"SKIP","floor":40},{"not_picked":["Clash+1","Spot Weakness+1","Dark Embrace"],"picked":"SKIP","floor":40},{"not_picked":["Twin Strike+1","Bloodletting","Dark Embrace+1"],"picked":"SKIP","floor":41},{"not_picked":["Shrug It Off","Combust","Twin Strike"],"picked":"SKIP","floor":42},{"not_picked":["Hemokinesis+1","Pommel Strike","Clothesline+1","Battle Trance"],"picked":"SKIP","floor":45},{"not_picked":["Twin Strike","Cleave","Anger","Combust"],"picked":"SKIP","floor":46},{"not_picked":["Clothesline","Hemokinesis","Body Slam","Havoc"],"picked":"SKIP","floor":48}],"player_experience":883643,"relics_obtained":[{"floor":6.0,"key":"Pen Nib"},{"floor":8.0,"key":"White Beast Statue"},{"floor":9.0,"key":"testmod-Justice"},{"floor":12.0,"key":"HornCleat"},{"floor":23.0,"key":"MealTicket"},{"floor":25.0,"key":"testmod-Hope"},{"floor":26.0,"key":"Letter Opener"},{"floor":27.0,"key":"testmod-ArcanaOfDestiny"},{"floor":31.0,"key":"Bottled Lightning"},{"floor":40,"key":"Ginger"},{"floor":42,"key":"Question Card"},{"floor":43,"key":"Bag of Preparation"},{"floor":48,"key":"testmod-Maize"}],"event_choices":[{"damage_healed":0.0,"max_hp_gain":0.0,"max_hp_loss":0.0,"gold_gain":0.0,"cards_transformed":["Strike_R"],"event_name":"Transmorgrifier","player_choice":"Transformed","floor":2.0,"gold_loss":0.0,"damage_taken":0.0,"cards_obtained":["Infernal Blade"]},{"cards_removed":["Defend_R"],"damage_healed":0.0,"max_hp_gain":0.0,"max_hp_loss":0.0,"gold_gain":0.0,"event_name":"Living Wall","player_choice":"Forget","floor":5.0,"gold_loss":0.0,"damage_taken":0.0},{"cards_removed":["Strike_R"],"damage_healed":0.0,"max_hp_gain":0.0,"max_hp_loss":0.0,"gold_gain":0.0,"event_name":"Golden Wing","player_choice":"Card Removal","floor":11.0,"gold_loss":0.0,"damage_taken":7.0},{"damage_healed":0.0,"max_hp_gain":0.0,"max_hp_loss":0.0,"gold_gain":50.0,"event_name":"FaceTrader","player_choice":"Touch","floor":14.0,"gold_loss":0.0,"damage_taken":7.0},{"cards_removed":["Strike_R"],"damage_healed":0.0,"max_hp_gain":0.0,"max_hp_loss":0.0,"gold_gain":0.0,"event_name":"Beggar","player_choice":"Gave Gold","floor":20.0,"gold_loss":75.0,"damage_taken":0.0},{"damage_healed":0.0,"max_hp_gain":0.0,"max_hp_loss":0.0,"gold_gain":0.0,"event_name":"Wheel of Change","player_choice":"Damaged","floor":37.0,"gold_loss":0.0,"damage_taken":11.0},{"damage_healed":0,"gold_gain":0,"player_choice":"Ignored","damage_taken":0,"max_hp_gain":0,"max_hp_loss":0,"event_name":"Duplicator","floor":39,"gold_loss":0}],"is_beta":false,"boss_relics":[{"not_picked":["testmod-Prudence","Calling Bell"],"picked":"testmod-TimeTraveler"},{"not_picked":["Empty Cage","Black Blood"],"picked":"testmod-NegativeEmotionEnhancer"}],"items_purged_floors":[3,19,21,44,47],"is_endless":false,"potions_floor_spawned":[1,10,12,16,18,22,23,25,27,29,30,31,33,35,36,38,40,41,42,45,46,48],"killed_by":"Awakened One","ascension_level":20}}