{"host":"h4lp0eeso8a0ssq0","time":1609484365,"event":{"mods":["2.2 Compatiblity","BaseMod","CapriCore","Colored Map","Downfall","Minty Spire (QoL Compilation)","StSLib","SuperFastMode"],"gold_per_floor":[118,137,152,252,265,276,353,363,380,380,380,380,399,416,416,513,513,523,535,548,562,572,572,572,572],"floor_reached":23,"playtime":1264,"items_purged":[],"score":193,"play_id":"82a246a7-c562-4ad6-b2e4-1f1b69055eaa","local_time":"20210101155925","is_ascension_mode":false,"campfire_choices":[{"floor":15,"key":"REST"}],"circlet_count":0,"master_deck":["hexamod:Strike","hexamod:Strike","hexamod:Strike","hexamod:Strike","hexamod:Defend","hexamod:Defend","hexamod:Defend","hexamod:Defend","hexamod:Sear","hexamod:Float","hexamod:FlamesFromBeyond","hexamod:ThermalTransfer","hexamod:HauntingEcho","hexamod:TimeWarp","hexamod:NightmareGuise","hexamod:ShieldOfDarkness","hexamod:GhostShield","hexamod:AdvancingGuard","hexamod:HexaLevel","hexamod:SpectersWail","hexamod:SoulSteal","hexamod:ShieldOfDarkness","hexamod:AdvancingGuard+1","hexamod:Haunt"],"relics":["hexamod:SpiritBrand","Mummified Hand","downfall:ShatteredFragment","SlaversCollar"],"acts_visited":["Exordium","TheCity"],"potions_floor_usage":[20,23],"damage_taken":[{"damage":0,"enemies":"Small Slimes","floor":1,"turns":3},{"damage":6,"enemies":"2 Louse","floor":2,"turns":3},{"damage":6,"enemies":"Cultist","floor":3,"turns":3},{"damage":2,"enemies":"3 Louse","floor":5,"turns":4},{"damage":19,"enemies":"Exordium Thugs","floor":6,"turns":4},{"damage":4,"enemies":"3 Louse","floor":8,"turns":3},{"damage":8,"enemies":"Blue Slaver","floor":9,"turns":4},{"damage":0,"enemies":"2 Fungi Beasts","floor":13,"turns":3},{"damage":0,"enemies":"Blue Slaver","floor":14,"turns":3},{"damage":23,"enemies":"downfall:Silent","floor":16,"turns":10},{"damage":6,"enemies":"3 Byrds","floor":18,"turns":5},{"damage":28,"enemies":"Spheric Guardian","floor":19,"turns":7},{"damage":7,"enemies":"Cultist and Chosen","floor":20,"turns":6},{"damage":7,"enemies":"Centurion and Healer","floor":21,"turns":5},{"damage":10,"enemies":"3 Cultists","floor":22,"turns":5},{"damage":23,"enemies":"Sentry and Sphere","floor":23,"turns":7}],"seed_played":"-3704396198944850725","potions_obtained":[{"floor":3,"key":"AttackPotion"},{"floor":6,"key":"Explosive Potion"},{"floor":8,"key":"Energy Potion"},{"floor":20,"key":"Ancient Potion"}],"is_trial":false,"path_per_floor":["M","M","M","?","M","M","T","M","M","?","?","?","M","M","R","B",null,"M","M","M","M","M","M"],"character_chosen":"THE_SPIRIT","items_purchased":[],"campfire_rested":1,"item_purchase_floors":[],"current_hp_per_floor":[77,71,65,65,63,44,44,40,32,11,11,11,11,11,34,11,77,71,43,36,29,19,0,0,0],"gold":572,"neow_bonus":"TEN_PERCENT_HP_BONUS","is_daily":false,"chose_seed":false,"campfire_upgraded":0,"win_rate":0.0,"timestamp":1609484365,"path_taken":["M","M","M","?","M","M","T","M","M","?","?","?","M","M","R","BOSS","M","M","M","?","M","M"],"items_purchased_type":[],"build_version":"2020-12-22","purchased_purges":0,"victory":false,"max_hp_per_floor":[77,77,77,77,77,77,77,77,77,77,77,77,77,77,77,77,77,77,77,77,77,77,77,77,77],"card_choices":[{"not_picked":["hexamod:GhostLash","hexamod:GhostShield"],"picked":"hexamod:EmpoweredFlame","floor":1},{"not_picked":["hexamod:StepThrough","hexamod:EmpoweredFlame"],"picked":"hexamod:FlamesFromBeyond","floor":2},{"not_picked":["hexamod:NecessarySacrifice","hexamod:CatchUp"],"picked":"hexamod:ThermalTransfer","floor":3},{"not_picked":["hexamod:RainOfEmbers","hexamod:FastForward"],"picked":"hexamod:HauntingEcho","floor":5},{"not_picked":["hexamod:RecurringNightmare","hexamod:RainOfEmbers"],"picked":"hexamod:TimeWarp","floor":6},{"not_picked":["hexamod:RainOfEmbers","hexamod:SwordOfDarkness"],"picked":"hexamod:NightmareGuise","floor":8},{"not_picked":["hexamod:AdvancingGuard","hexamod:SkipABeat"],"picked":"hexamod:ShieldOfDarkness","floor":9},{"not_picked":["hexamod:HeatMetal","hexamod:Hexaguard"],"picked":"hexamod:GhostShield","floor":13},{"not_picked":["hexamod:NightmareStrike","hexamod:SpectersWail"],"picked":"hexamod:AdvancingGuard","floor":14},{"not_picked":["hexamod:TurnItUp","hexamod:GiftsFromTheDead"],"picked":"hexamod:HexaLevel","floor":16},{"not_picked":["hexamod:Rewind","hexamod:GhostShield+1"],"picked":"hexamod:SpectersWail","floor":18},{"not_picked":["hexamod:GhostOfSpireFuture","hexamod:SkipABeat"],"picked":"hexamod:SoulSteal","floor":19},{"not_picked":["hexamod:FastForward","hexamod:InspiringFlames+1"],"picked":"hexamod:ShieldOfDarkness","floor":20},{"not_picked":["hexamod:SpectersWail+1","hexamod:ThermalTransfer"],"picked":"hexamod:AdvancingGuard+1","floor":21},{"not_picked":["hexamod:GhostflameBarrier","hexamod:NightmareStrike+1"],"picked":"hexamod:Haunt","floor":22}],"player_experience":61867,"relics_obtained":[{"floor":7,"key":"Mummified Hand"}],"event_choices":[{"cards_removed":["hexamod:EmpoweredFlame"],"damage_healed":0,"gold_gain":0,"player_choice":"Card Removal","damage_taken":0,"max_hp_gain":0,"max_hp_loss":0,"event_name":"The Cleric","floor":11,"gold_loss":0},{"damage_healed":0,"gold_gain":0,"player_choice":"Ignored","damage_taken":0,"max_hp_gain":0,"max_hp_loss":0,"event_name":"NoteForYourself","floor":12,"gold_loss":0}],"is_beta":false,"boss_relics":[{"not_picked":["Coffee Dripper","Busted Crown"],"picked":"SlaversCollar"}],"items_purged_floors":[],"is_endless":false,"potions_floor_spawned":[3,6,8,9,16,20,22],"killed_by":"Sentry and Sphere","ascension_level":0}}