{"host":"cd9ii0p4lcq6b7m2","time":1609469039,"event":{"mods":["BaseMod","Block Reminder","Colored Map","Highlight Path","Minty Spire (QoL Compilation)"],"gold_per_floor":[109,109,124,124,135,167,181,181,181,201,217,245,245,22,22,121,121,134,149,58,71,71,71],"floor_reached":22,"playtime":1178,"items_purged":["Defend_B"],"score":198,"play_id":"6a960530-4a8e-4b07-8b1e-550fe884897f","local_time":"20210101024359","is_ascension_mode":false,"campfire_choices":[{"data":"Electrodynamics","floor":8,"key":"SMITH"},{"data":"Loop","floor":13,"key":"SMITH"},{"data":"Heatsinks","floor":15,"key":"SMITH"}],"circlet_count":0,"master_deck":["Strike_B","Strike_B","Strike_B","Defend_B","Defend_B","Defend_B","Zap","Dualcast","Defragment","Apotheosis+1","Coolheaded","Electrodynamics+1","Loop+1","Scrape+1","Heatsinks+1","Scrape+1","Thunder Strike+1","Gash+1","Flash of Steel+1","Ball Lightning+1"],"relics":["Cracked Core","NeowsBlessing","Molten Egg 2","Letter Opener","Pantograph","Black Star"],"acts_visited":["Exordium","TheCity"],"potions_floor_usage":[6,12,16,19,19],"damage_taken":[{"damage":0,"enemies":"2 Louse","floor":1,"turns":1},{"damage":0,"enemies":"Cultist","floor":3,"turns":1},{"damage":0,"enemies":"Small Slimes","floor":5,"turns":1},{"damage":16,"enemies":"Gremlin Nob","floor":6,"turns":3},{"damage":7,"enemies":"3 Louse","floor":7,"turns":2},{"damage":5,"enemies":"2 Fungi Beasts","floor":10,"turns":3},{"damage":5,"enemies":"Red Slaver","floor":11,"turns":2},{"damage":2,"enemies":"Lagavulin","floor":12,"turns":6},{"damage":25,"enemies":"The Guardian","floor":16,"turns":7},{"damage":40,"enemies":"2 Thieves","floor":18,"turns":3},{"damage":8,"enemies":"Shell Parasite","floor":19,"turns":4},{"damage":12,"enemies":"Centurion and Healer","floor":21,"turns":4}],"seed_played":"5380247296127900609","potions_obtained":[{"floor":3,"key":"DistilledChaos"},{"floor":7,"key":"FearPotion"},{"floor":11,"key":"SkillPotion"},{"floor":16,"key":"SteroidPotion"},{"floor":18,"key":"Block Potion"}],"is_trial":false,"path_per_floor":["M","?","M","?","M","E","M","R","T","M","M","E","R","$","R","B",null,"M","M","$","M","?"],"character_chosen":"DEFECT","items_purchased":["Heatsinks","Scrape+1","Flash of Steel+1"],"campfire_rested":0,"item_purchase_floors":[14,14,20],"current_hp_per_floor":[75,75,75,75,75,59,52,52,52,47,42,40,40,40,40,40,75,35,27,27,15,0,0],"gold":71,"neow_bonus":"THREE_ENEMY_KILL","is_daily":false,"chose_seed":false,"campfire_upgraded":3,"win_rate":0.0,"timestamp":1609469039,"path_taken":["M","?","?","?","M","E","?","R","T","M","M","E","R","$","R","BOSS","M","M","$","M","?"],"items_purchased_type":["Card","Card","Card"],"build_version":"2020-12-22","purchased_purges":1,"victory":false,"max_hp_per_floor":[75,75,75,75,75,75,75,75,75,75,75,75,75,75,75,75,75,75,75,75,75,75,75],"card_choices":[{"not_picked":["Compile Driver","Steam Power"],"picked":"Rebound","floor":1},{"not_picked":["Go for the Eyes","Force Field"],"picked":"Defragment","floor":3},{"not_picked":["Go for the Eyes","Multi-Cast"],"picked":"Coolheaded","floor":5},{"not_picked":["Rebound+1","Darkness"],"picked":"Electrodynamics","floor":6},{"not_picked":["Turbo","Beam Cell+1","Undo"],"picked":"SKIP","floor":7},{"not_picked":["Compile Driver+1","Conserve Battery"],"picked":"Loop","floor":10},{"not_picked":["Hologram","Go for the Eyes+1","Streamline+1"],"picked":"SKIP","floor":11},{"not_picked":["Hello World","Sweeping Beam+1"],"picked":"Scrape+1","floor":12},{"not_picked":["Meteor Strike+1","Electrodynamics"],"picked":"Thunder Strike+1","floor":16},{"not_picked":["Sweeping Beam+1","Turbo"],"picked":"Gash+1","floor":18},{"not_picked":["Conserve Battery","Heatsinks+1","Cold Snap+1"],"picked":"SKIP","floor":19},{"not_picked":["Rebound+1","Thunder Strike+1"],"picked":"Ball Lightning+1","floor":21}],"player_experience":164937,"relics_obtained":[{"floor":6,"key":"Molten Egg 2"},{"floor":9,"key":"Letter Opener"},{"floor":12,"key":"Pantograph"}],"event_choices":[{"cards_removed":["Strike_B"],"damage_healed":0,"gold_gain":0,"player_choice":"Offered Basic","damage_taken":0,"max_hp_gain":0,"max_hp_loss":0,"event_name":"Bonfire Elementals","floor":2,"gold_loss":0},{"cards_removed":["Rebound"],"damage_healed":0,"gold_gain":0,"player_choice":"Took Card","damage_taken":0,"max_hp_gain":0,"max_hp_loss":0,"event_name":"NoteForYourself","floor":4,"gold_loss":0,"cards_obtained":["Apotheosis"]},{"damage_healed":0,"gold_gain":0,"player_choice":"Obtained Book","damage_taken":16,"max_hp_gain":0,"max_hp_loss":0,"event_name":"Cursed Tome","floor":22,"gold_loss":0}],"is_beta":false,"boss_relics":[{"not_picked":["FrozenCore","Cursed Key"],"picked":"Black Star"}],"items_purged_floors":[14],"is_endless":false,"potions_floor_spawned":[3,7,11,16,18],"ascension_level":0}}