{"host":"hdafziggwnbzqpcb","time":1609462078,"event":{"mods":["BaseMod","Bestiary","Better Altar","Better Match","Better Note","Better Third Choice","Better Vampires","Colored Map","Colored Powertips","Curses Come First","Duelist Mod","GifTheSpireLib","Hero for Fun","Minty Spire (QoL Compilation)","Quick Restart","Rare Cards Sparkle","Relic Stats","Spicy Shops","StSLib","The Bug Knight","The Cursed","The Marked","The Runesmith","The Senshi","The Wild Card","TheHero"],"gold_per_floor":[116,131,131,131,144,171,171,171,171,171,185,197,197,212,212,312,312,328,328,338,51,70,70,70,97,144,163,176,201,213,226,226,326,326,344,90,137,157,157,157,32,58,84,84,117,131,151,161,161,161,161,161,11,37,37],"floor_reached":56,"playtime":3132,"items_purged":["Decay","Injury","Runesmith:ChiselStab","Runesmith:GrandSlam"],"score":1376,"play_id":"0714b265-cc08-4757-8901-8d02d4c564d9","local_time":"20201231164758","daily_mods":["SealedDeck","Heirloom"],"is_ascension_mode":false,"campfire_choices":[{"data":"Runesmith:Repurpose","floor":7,"key":"SMITH"},{"data":"theWildCard:Metatron","floor":10,"key":"SMITH"},{"data":"Runesmith:HammerThrow","floor":15,"key":"SMITH"},{"data":"Runesmith:UnlimitedPower","floor":23,"key":"SMITH"},{"floor":32,"key":"RECALL"},{"floor":40,"key":"DIG"},{"floor":49,"key":"DIG"},{"floor":52,"key":"DIG"}],"circlet_count":0,"master_deck":["Runesmith:RuneHurl","Runesmith:Reinforce","Runesmith:CraftVitae","Runesmith:Firewall","Runesmith:Repurpose+1","Runesmith:HammerThrow+1","Runesmith:HammerThrow+1","Runesmith:RuneHurl","Runesmith:CraftMagma","theWildCard:Metatron+1","Runesmith:UnlimitedPower+1","Runesmith:RuneHurl+1","Runesmith:CraftVitae+1","Runesmith:PerfectChisel+1","Runesmith:HammerThrow+1","Runesmith:CraftIncendium+1","Runesmith:FissionHammer"],"relics":["Runesmith:BrokenRuby","StoneCalendar","Singing Bowl","StrikeDummy","Runesmith:UraniumAnvil","Bloody Idol","Medical Kit","Runesmith:MiniCore","Incense Burner","Blood Vial","Runesmith:Nanobots","Fusion Hammer","Omamori","Shovel","HornCleat","theSenshi:SailorFukuRelic","Bronze Scales","Oddly Smooth Stone","Pocketwatch","Blue Candle","Bag of Marbles"],"acts_visited":["Exordium","TheCity","TheBeyond","TheEnding"],"potions_floor_usage":[6,18,25,29,37,50,55,55],"damage_taken":[{"damage":0,"enemies":"Cultist","floor":1,"turns":2},{"damage":0,"enemies":"2 Louse","floor":2,"turns":3},{"damage":0,"enemies":"Jaw Worm","floor":5,"turns":2},{"damage":12,"enemies":"Gremlin Nob","floor":6,"turns":4},{"damage":0,"enemies":"Lots of Slimes","floor":11,"turns":1},{"damage":5,"enemies":"3 Louse","floor":12,"turns":2},{"damage":6,"enemies":"Exordium Thugs","floor":14,"turns":2},{"damage":0,"enemies":"The Guardian","floor":16,"turns":7},{"damage":8,"enemies":"2 Thieves","floor":18,"turns":2},{"damage":0,"enemies":"Chosen","floor":20,"turns":2},{"damage":0,"enemies":"Centurion and Healer","floor":22,"turns":3},{"damage":9,"enemies":"Slavers","floor":25,"turns":3},{"damage":0,"enemies":"Chosen and Byrds","floor":27,"turns":3},{"damage":0,"enemies":"Snake Plant","floor":28,"turns":2},{"damage":0,"enemies":"Book of Stabbing","floor":29,"turns":4},{"damage":3,"enemies":"Snecko","floor":30,"turns":3},{"damage":0,"enemies":"3 Cultists","floor":31,"turns":2},{"damage":4,"enemies":"Champ","floor":33,"turns":7},{"damage":0,"enemies":"Orb Walker","floor":35,"turns":3},{"damage":23,"enemies":"2 Orb Walkers","floor":37,"turns":4},{"damage":0,"enemies":"3 Shapes","floor":38,"turns":1},{"damage":0,"enemies":"Nemesis","floor":42,"turns":5},{"damage":0,"enemies":"Reptomancer","floor":45,"turns":4},{"damage":0,"enemies":"Writhing Mass","floor":46,"turns":2},{"damage":0,"enemies":"Maw","floor":47,"turns":6},{"damage":0,"enemies":"Spire Growth","floor":48,"turns":3},{"damage":5,"enemies":"Awakened One","floor":50,"turns":8},{"damage":8,"enemies":"Shield and Spear","floor":54,"turns":4},{"damage":60,"enemies":"The Heart","floor":55,"turns":9}],"seed_played":"1192420129073208720","potions_obtained":[{"floor":2,"key":"AttackPotion"},{"floor":12,"key":"AttackPotion"},{"floor":14,"key":"Ancient Potion"},{"floor":18,"key":"GamblersBrew"},{"floor":22,"key":"Swift Potion"},{"floor":25,"key":"Block Potion"},{"floor":30,"key":"Energy Potion"},{"floor":31,"key":"DistilledChaos"},{"floor":37,"key":"GamblersBrew"},{"floor":45,"key":"LiquidMemories"},{"floor":54,"key":"Ancient Potion"}],"is_trial":true,"path_per_floor":["M","M","T","?","M","E","R","?","T","R","M","M","?","M","R","B",null,"M","?","M","$","M","R","?","E","T","M","M","E","M","M","R","B",null,"M","$","?","M","?","R","$","E","T","$","E","M","M","M","R","B",null,"R","$","E","B",null],"character_chosen":"RUNESMITH_CLASS","items_purchased":["Medical Kit","Runesmith:MiniCore","Omamori"],"campfire_rested":0,"item_purchase_floors":[21,21,36],"current_hp_per_floor":[70,70,70,70,72,62,62,62,62,62,64,61,61,57,57,59,82,76,34,41,41,46,46,46,42,47,56,65,74,80,87,87,92,96,96,96,78,87,87,87,87,95,95,95,97,99,99,101,101,96,101,101,101,98,40],"gold":37,"neow_bonus":"","is_daily":false,"chose_seed":false,"campfire_upgraded":4,"win_rate":0.0,"timestamp":1609462078,"path_taken":["M","M","?","?","M","E","R","?","T","R","M","?","?","M","R","BOSS","M","?","M","$","M","R","?","E","T","M","?","E","M","M","R","BOSS","M","$","?","M","?","R","?","E","T","$","E","?","M","?","R","BOSS","R","$","E","BOSS"],"items_purchased_type":["Relic","Relic","Relic"],"build_version":"2020-12-22","purchased_purges":4,"victory":true,"max_hp_per_floor":[70,70,70,70,72,74,74,74,74,74,76,78,78,80,80,82,82,84,84,86,86,86,86,86,86,86,88,90,92,94,94,94,96,96,96,96,96,98,93,93,93,95,95,95,97,99,99,101,101,101,101,101,101,101,101],"relic_stats":{"Blood Vial":18,"Shovel":3,"Singing Bowl":36,"counters":[29,103],"Bloody Idol":69,"Bronze Scales":[183],"Blue Candle":[0],"StoneCalendar":[105],"Medical Kit":[16],"obtain_stats":[{"Runesmith:BrokenRuby":0,"Runesmith:Nanobots":29,"Singing Bowl":3,"Runesmith:MiniCore":21,"Blue Candle":52,"Oddly Smooth Stone":45,"StoneCalendar":0,"Incense Burner":25,"Omamori":36,"Medical Kit":21,"Blood Vial":26,"Shovel":37,"HornCleat":40,"Bloody Idol":19,"Bronze Scales":43,"Runesmith:UraniumAnvil":17,"Fusion Hammer":34,"Bag of Marbles":54,"theSenshi:SailorFukuRelic":42,"StrikeDummy":6,"Pocketwatch":49},{"Runesmith:BrokenRuby":0,"Runesmith:Nanobots":15,"Singing Bowl":2,"Runesmith:MiniCore":10,"Blue Candle":27,"Oddly Smooth Stone":23,"StoneCalendar":0,"Incense Burner":12,"Omamori":19,"Medical Kit":10,"Blood Vial":12,"Shovel":20,"HornCleat":21,"Bloody Idol":9,"Bronze Scales":22,"Runesmith:UraniumAnvil":8,"Fusion Hammer":18,"Bag of Marbles":28,"theSenshi:SailorFukuRelic":22,"StrikeDummy":4,"Pocketwatch":26},{"Runesmith:BrokenRuby":0,"Runesmith:Nanobots":42,"Singing Bowl":5,"Runesmith:MiniCore":27,"Blue Candle":90,"Oddly Smooth Stone":71,"StoneCalendar":0,"Incense Burner":33,"Omamori":57,"Medical Kit":27,"Blood Vial":33,"Shovel":61,"HornCleat":62,"Bloody Idol":25,"Bronze Scales":67,"Runesmith:UraniumAnvil":23,"Fusion Hammer":54,"Bag of Marbles":94,"theSenshi:SailorFukuRelic":67,"StrikeDummy":11,"Pocketwatch":82}],"Pocketwatch":[0]},"card_choices":[{"not_picked":["Runesmith:StaticCage","Runesmith:HeatExchange","Runesmith:MakeshiftArmor"],"picked":"SKIP","floor":1},{"not_picked":["Runesmith:Augment","Runesmith:Repurpose"],"picked":"Runesmith:CraftMagma","floor":2},{"not_picked":["Runesmith:CraftProtectio","Runesmith:ShiftingStrike","Runesmith:EarthShield"],"picked":"Singing Bowl","floor":5},{"not_picked":["Runesmith:StaticCage","Runesmith:HammerTime","Runesmith:HeatedChisel"],"picked":"Singing Bowl","floor":6},{"not_picked":["Runesmith:ShiftingStrike","Runesmith:HeatedChisel","Runesmith:CraftMagma"],"picked":"Singing Bowl","floor":11},{"not_picked":["Runesmith:UnstableHammer","Runesmith:NegativeSpace","Runesmith:EarthShield"],"picked":"Singing Bowl","floor":12},{"not_picked":["Runesmith:Grindstone","Runesmith:CraftObretio","Runesmith:HeatExchange"],"picked":"Singing Bowl","floor":14},{"not_picked":["Runesmith:MetallurgicalResearch","Runesmith:CreatorForm","Runesmith:ArcReactor"],"picked":"Singing Bowl","floor":16},{"not_picked":["Runesmith:MakeshiftArmor+1","Runesmith:RuneHurl","Runesmith:Retool+1"],"picked":"Singing Bowl","floor":18},{"not_picked":["Runesmith:BackupBattery","Runesmith:FrozenChisel","Runesmith:Repurpose+1"],"picked":"Singing Bowl","floor":20},{"not_picked":["Runesmith:HammerThrow","Runesmith:StaticCage+1"],"picked":"Runesmith:UnlimitedPower","floor":22},{"not_picked":["Runesmith:HammerThrow","Runesmith:Grindstone+1"],"picked":"Runesmith:RuneHurl+1","floor":25},{"not_picked":["Runesmith:BackupBattery+1","Runesmith:DoubleUp+1","Runesmith:FieryHammer"],"picked":"Singing Bowl","floor":27},{"not_picked":["Runesmith:EarthShield","Runesmith:MakeshiftArmor","Runesmith:Reinforce"],"picked":"Singing Bowl","floor":28},{"not_picked":["Runesmith:Overpower","Runesmith:Discharge+1","Runesmith:EnergizedChisel+1"],"picked":"Singing Bowl","floor":29},{"not_picked":["Runesmith:CraftMagma","Runesmith:GoWithTheFlow+1","Runesmith:Reinforce"],"picked":"Singing Bowl","floor":30},{"not_picked":["Runesmith:Overpower","Runesmith:ChaoticBlast"],"picked":"Runesmith:CraftVitae+1","floor":31},{"not_picked":["Runesmith:UnlimitedPower","Runesmith:LastStand","Runesmith:ArcReactor"],"picked":"Singing Bowl","floor":33},{"not_picked":["Runesmith:Grindstone","Runesmith:CraftProtectio"],"picked":"Runesmith:PerfectChisel+1","floor":35},{"not_picked":["Runesmith:Repurpose","Runesmith:Grindstone+1"],"picked":"Runesmith:HammerThrow+1","floor":37},{"not_picked":["Runesmith:Grindstone+1","Runesmith:Permafrost","Runesmith:Firestorm+1"],"picked":"Singing Bowl","floor":38},{"not_picked":["Runesmith:Electrocute+1","Runesmith:ChargedHammer","Runesmith:ShiftingStrike+1"],"picked":"Singing Bowl","floor":42},{"not_picked":["Runesmith:Overpower+1","Runesmith:PoweredAnvil","Runesmith:RuneHurl+1"],"picked":"Singing Bowl","floor":45},{"not_picked":["Runesmith:Repurpose","Runesmith:Augment+1","Runesmith:FrozenChisel"],"picked":"Singing Bowl","floor":46},{"not_picked":["Runesmith:HammerThrow","Runesmith:NegativeSpace+1"],"picked":"Runesmith:CraftIncendium+1","floor":47},{"not_picked":["Runesmith:Retool+1","Runesmith:UnstableHammer+1","Runesmith:WhiteBalance"],"picked":"Singing Bowl","floor":48},{"not_picked":["Runesmith:Repurpose","Runesmith:Prism"],"picked":"Runesmith:FissionHammer","floor":54}],"player_experience":703990,"relics_obtained":[{"floor":3,"key":"Singing Bowl"},{"floor":6,"key":"StrikeDummy"},{"floor":25,"key":"Incense Burner"},{"floor":26,"key":"Blood Vial"},{"floor":29,"key":"Runesmith:Nanobots"},{"floor":37,"key":"Shovel"},{"floor":40,"key":"HornCleat"},{"floor":42,"key":"theSenshi:SailorFukuRelic"},{"floor":43,"key":"Bronze Scales"},{"floor":45,"key":"Oddly Smooth Stone"},{"floor":49,"key":"Pocketwatch"},{"floor":52,"key":"Blue Candle"},{"floor":54,"key":"Bag of Marbles"}],"event_choices":[{"damage_healed":0,"gold_gain":0,"player_choice":"Grow","damage_taken":0,"max_hp_gain":0,"max_hp_loss":0,"event_name":"Living Wall","floor":4,"gold_loss":0,"cards_upgraded":["Runesmith:HammerThrow"]},{"cards_removed":["Runesmith:HammerThrow"],"damage_healed":0,"gold_gain":0,"player_choice":"Take \u0026 Give","damage_taken":0,"max_hp_gain":0,"max_hp_loss":0,"event_name":"betterNote:BetterNote","floor":8,"gold_loss":0,"cards_obtained":["theWildCard:Metatron"]},{"damage_healed":0,"gold_gain":0,"player_choice":"Cursed","damage_taken":0,"max_hp_gain":0,"max_hp_loss":0,"event_name":"Wheel of Change","floor":13,"gold_loss":0,"cards_obtained":["Decay"]},{"damage_healed":0,"gold_gain":0,"player_choice":" Idol ","damage_taken":42,"relics_obtained":["Bloody Idol"],"max_hp_gain":76,"max_hp_loss":34,"event_name":"betterAltar:BetterAltar","floor":19,"potions_obtained":[],"relics_lost":[],"gold_loss":0},{"damage_healed":0,"gold_gain":0,"cards_transformed":["Runesmith:EarthShield"],"player_choice":"Transformed","damage_taken":0,"max_hp_gain":0,"max_hp_loss":0,"event_name":"Transmorgrifier","floor":24,"gold_loss":0,"cards_obtained":["Runesmith:GrandSlam"]},{"damage_healed":0,"gold_gain":0,"player_choice":"Fight","damage_taken":0,"max_hp_gain":0,"max_hp_loss":0,"event_name":"Mysterious Sphere","floor":37,"gold_loss":0},{"damage_healed":0,"gold_gain":0,"player_choice":"Max HP","damage_taken":0,"max_hp_gain":0,"max_hp_loss":5,"event_name":"Winding Halls","floor":39,"gold_loss":0}],"is_beta":false,"boss_relics":[{"not_picked":["Calling Bell","Astrolabe"],"picked":"Runesmith:UraniumAnvil"},{"not_picked":["Snecko Eye","Runesmith:CoreCrystal"],"picked":"Fusion Hammer"}],"items_purged_floors":[21,36,41,53],"is_endless":false,"potions_floor_spawned":[2,12,14,18,22,25,30,31,37,38,45,48,54],"ascension_level":0}}