{"host":"vfg9szunmpjwj08o","time":1609542064,"event":{"mods":["Act Like it!","BaseMod","Challenge The Spire","Colored Map","Colored Powertips","Minty Spire (QoL Compilation)","StSLib","Waifu the Spire"],"gold_per_floor":[118,43,43,43,66,96,16,46,46,61,73,91,124,124,124,198,198,209,44,63,63,75,75,75,93,93,93,93,93],"floor_reached":28,"playtime":1098,"items_purged":["Strike_B"],"score":558,"play_id":"e8a26bd2-7d6a-4d1c-9c84-6a5c3160639e","local_time":"20210102000104","is_ascension_mode":true,"campfire_choices":[{"data":"Zap","floor":15.0,"key":"SMITH"},{"data":"Dualcast","floor":23,"key":"SMITH"}],"circlet_count":0,"master_deck":["AscendersBane","Strike_B","Strike_B","Strike_B","Defend_B","Defend_B","Defend_B","Defend_B","Zap+1","Dualcast+1","Gash","Coolheaded","Self Repair+1","FTL","Sunder","Chill","Creative AI+1","Hologram","Creative AI+1","Turbo","Go for the Eyes+1","Decay"],"relics":["Cracked Core","NeowsBlessing","Frozen Egg 2","Shuriken","Ice Cream","Girya","Kunai","Inserter","DollysMirror","Happy Flower"],"acts_visited":["Exordium","TheCity"],"potions_floor_usage":[16,16,22,22],"damage_taken":[{"damage":0.0,"enemies":"Cultist","floor":1.0,"turns":1.0},{"damage":0.0,"enemies":"3 Sentries","floor":6.0,"turns":2.0},{"damage":0.0,"enemies":"Lagavulin","floor":8.0,"turns":2.0},{"damage":5.0,"enemies":"Jaw Worm","floor":10.0,"turns":4.0},{"damage":3.0,"enemies":"2 Louse","floor":11.0,"turns":3.0},{"damage":27.0,"enemies":"Exordium Wildlife","floor":12.0,"turns":5.0},{"damage":39.0,"enemies":"Gremlin Nob","floor":13.0,"turns":4.0},{"damage":12,"enemies":"Hexaghost","floor":16,"turns":9},{"damage":19,"enemies":"Chosen","floor":18,"turns":6},{"damage":29,"enemies":"Spheric Guardian","floor":20,"turns":6},{"damage":29,"enemies":"Shelled Parasite and Fungi","floor":22,"turns":10},{"damage":6,"enemies":"Centurion and Healer","floor":25,"turns":9},{"damage":18,"enemies":"3 Cultists","floor":28,"turns":3}],"seed_played":"-8248124320069742837","potions_obtained":[{"floor":3.0,"key":"Strength Potion"},{"floor":3.0,"key":"FocusPotion"},{"floor":13.0,"key":"FearPotion"},{"floor":16,"key":"Fire Potion"},{"floor":18,"key":"Dexterity Potion"},{"floor":20,"key":"Ancient Potion"}],"is_trial":false,"path_per_floor":["M","$","?","$","T","E","$","E","T","M","M","M","E","T","R","B",null,"M","$","M","?","M","R","?","M","T","$","M"],"character_chosen":"DEFECT","items_purchased":["Self Repair+1","DollysMirror"],"campfire_rested":0,"item_purchase_floors":[7,19],"current_hp_per_floor":[64,64,64,64,64,64,64,71,71,71,71,54,25,25,25,23,59,50,50,31,31,12,12,12,16,16,16,0,0],"gold":93,"neow_bonus":"THREE_ENEMY_KILL","is_daily":false,"chose_seed":false,"campfire_upgraded":2,"win_rate":0.0,"timestamp":1609542064,"path_taken":["M","$","?","$","?","E","?","E","T","?","M","M","E","?","R","BOSS","M","$","M","?","M","R","?","M","T","?","M"],"items_purchased_type":["Card","Relic"],"build_version":"2020-12-22","purchased_purges":1,"victory":false,"max_hp_per_floor":[71,71,71,71,71,71,71,71,71,71,71,71,71,71,71,71,71,71,71,71,71,71,71,71,71,71,71,71,71],"card_choices":[{"not_picked":["Turbo","Steam Power"],"picked":"Gash","floor":1.0},{"not_picked":["White Noise","Heatsinks+1"],"picked":"Coolheaded","floor":6.0},{"not_picked":["Sweeping Beam","Stack"],"picked":"FTL","floor":8.0},{"not_picked":["Consume","Stack","Barrage"],"picked":"SKIP","floor":10.0},{"not_picked":["Beam Cell","Leap","Barrage"],"picked":"SKIP","floor":11.0},{"not_picked":["Turbo","Steam"],"picked":"Sunder","floor":12.0},{"not_picked":["Ball Lightning","Fission"],"picked":"Chill","floor":13.0},{"not_picked":["Thunder Strike","Reboot"],"picked":"Creative AI+1","floor":16},{"not_picked":["Rebound","Steam"],"picked":"Hologram","floor":18},{"not_picked":["Beam Cell","Hello World+1"],"picked":"Turbo","floor":20},{"not_picked":["Barrage+1","Static Discharge+1"],"picked":"Go for the Eyes+1","floor":22},{"not_picked":["Compile Driver","Steam Power","Redo"],"picked":"SKIP","floor":25}],"player_experience":1030148,"relics_obtained":[{"floor":6.0,"key":"Frozen Egg 2"},{"floor":8.0,"key":"Shuriken"},{"floor":9.0,"key":"Ice Cream"},{"floor":13.0,"key":"Girya"},{"floor":14.0,"key":"Kunai"},{"floor":26,"key":"Happy Flower"}],"event_choices":[{"damage_healed":0.0,"max_hp_gain":0.0,"max_hp_loss":0.0,"gold_gain":0.0,"event_name":"Lab","player_choice":"Got Potions","floor":3.0,"gold_loss":0.0,"damage_taken":0.0},{"damage_healed":0,"gold_gain":0,"player_choice":"Ignored","damage_taken":0,"max_hp_gain":0,"max_hp_loss":0,"event_name":"The Mausoleum","floor":21,"gold_loss":0},{"damage_healed":0,"gold_gain":0,"player_choice":"Smashed Altar","damage_taken":0,"max_hp_gain":0,"max_hp_loss":0,"event_name":"Forgotten Altar","floor":24,"gold_loss":0,"cards_obtained":["Decay"]}],"is_beta":false,"boss_relics":[{"not_picked":["Philosopher\u0027s Stone","Empty Cage"],"picked":"Inserter"}],"items_purged_floors":[2],"is_endless":false,"potions_floor_spawned":[6,10,11,13,16,18,20],"killed_by":"3 Cultists","ascension_level":19}}