{"host":"a0d98l75j0h1o085","time":1609530326,"event":{"mods":["AlwaysNeverKeys","BaseMod","Downfall","Highlight Path","Minty Spire (QoL Compilation)","StSLib"],"gold_per_floor":[19,38,213,213,233,233,156,156,156,156,190,265,50,66,66,163,163,174,185,33,43,57,57,67,92,92,92,111,111,36,36,36,140,140,151,151,151,151,168,168,198,208,235,235,5,40,40,40,40,40,40],"floor_reached":50,"playtime":3946,"items_purged":["Strike_G"],"score":773,"play_id":"7d9171f0-7936-428d-9169-4ba885568325","local_time":"20210101194526","is_ascension_mode":true,"campfire_choices":[{"data":"Metamorphosis","floor":6.0,"key":"SMITH"},{"data":"Noxious Fumes","floor":8.0,"key":"SMITH"},{"data":"Neutralize","floor":10.0,"key":"SMITH"},{"data":"Noxious Fumes","floor":15.0,"key":"SMITH"},{"floor":23.0,"key":"REST"},{"floor":27.0,"key":"REST"},{"data":"Blur","floor":32.0,"key":"SMITH"},{"data":"Defend_G","floor":40.0,"key":"SMITH"},{"data":"Night Terror","floor":44,"key":"SMITH"},{"data":"Blade Dance","floor":49,"key":"SMITH"}],"circlet_count":0,"master_deck":["AscendersBane","Strike_G","Strike_G","Strike_G","Strike_G","Defend_G+1","Defend_G","Defend_G","Defend_G","Defend_G","Survivor","Neutralize+1","Metamorphosis+1","Cloak And Dagger","Blade Dance+1","Noxious Fumes+1","Noxious Fumes+1","Quick Slash","Die Die Die","Blur+1","Adrenaline","Infinite Blades+1","Dodge and Roll+1","Phantasmal Killer","Blur+1","Night Terror+1","Accuracy+1","Writhe"],"relics":["Ring of the Snake","Spirit Poop","Ice Cream","Kunai","Medical Kit","WristBlade","Juzu Bracelet","Pen Nib","Pantograph","Sozu","Darkstone Periapt","InkBottle","Gambling Chip","Lantern","Art of War","Vajra","StoneCalendar"],"acts_visited":["Exordium","TheCity","TheBeyond"],"potions_floor_usage":[],"damage_taken":[{"damage":13.0,"enemies":"Jaw Worm","floor":1.0,"turns":7.0},{"damage":0.0,"enemies":"Cultist","floor":2.0,"turns":3.0},{"damage":0.0,"enemies":"2 Louse","floor":5.0,"turns":3.0},{"damage":4.0,"enemies":"Gremlin Nob","floor":11.0,"turns":3.0},{"damage":5.0,"enemies":"2 Fungi Beasts","floor":14.0,"turns":4.0},{"damage":13.0,"enemies":"Hexaghost","floor":16.0,"turns":7.0},{"damage":2.0,"enemies":"3 Byrds","floor":18.0,"turns":4.0},{"damage":24.0,"enemies":"2 Thieves","floor":19.0,"turns":4.0},{"damage":15.0,"enemies":"3 Cultists","floor":21.0,"turns":5.0},{"damage":19.0,"enemies":"Snecko","floor":22.0,"turns":6.0},{"damage":17.0,"enemies":"Centurion and Healer","floor":24.0,"turns":9.0},{"damage":14.0,"enemies":"Gremlin Leader","floor":25.0,"turns":6.0},{"damage":18.0,"enemies":"Snake Plant","floor":28.0,"turns":4.0},{"damage":54.0,"enemies":"Automaton","floor":33.0,"turns":10.0},{"damage":8.0,"enemies":"3 Darklings","floor":35.0,"turns":6.0},{"damage":0.0,"enemies":"Orb Walker","floor":39.0,"turns":3.0},{"damage":7.0,"enemies":"Giant Head","floor":41.0,"turns":7.0},{"damage":2,"enemies":"3 Darklings","floor":42,"turns":5},{"damage":28,"enemies":"Reptomancer","floor":46,"turns":6},{"damage":72,"enemies":"Time Eater","floor":50,"turns":4}],"seed_played":"7426590540027591668","potions_obtained":[{"floor":2.0,"key":"DistilledChaos"},{"floor":11.0,"key":"DuplicationPotion"},{"floor":16.0,"key":"Regen Potion"},{"floor":19.0,"key":"LiquidBronze"},{"floor":25.0,"key":"LiquidMemories"}],"is_trial":false,"path_per_floor":["M","M","?","?","M","R","$","R","T","R","E","?","$","M","R","B",null,"M","M","$","M","M","R","M","E","T","R","M","?","?","?","R","B",null,"M","T","T","?","M","R","E","M","T","R","$","E","?","?","R","B"],"character_chosen":"THE_SILENT","items_purchased":["Noxious Fumes","Noxious Fumes","Medical Kit","Juzu Bracelet","Vajra"],"campfire_rested":2,"item_purchase_floors":[7,13,13,20,45],"current_hp_per_floor":[50,50,50,50,50,50,50,50,50,50,46,35,35,30,30,17,57,55,31,31,16,12,33,16,2,2,23,5,28,28,16,16,2,53,45,45,45,45,45,45,38,36,36,36,36,8,32,66,66,0,0],"gold":40,"neow_bonus":"RANDOM_COLORLESS_2","is_daily":false,"chose_seed":false,"campfire_upgraded":8,"win_rate":0.0,"timestamp":1609530326,"path_taken":["M","M","?","?","?","R","?","R","T","R","E","?","$","M","R","BOSS","M","M","$","M","M","R","M","E","T","R","M","?","?","?","R","BOSS","M","?","?","?","M","R","E","M","T","R","?","E","?","?","R","BOSS"],"items_purchased_type":["Card","Card","Relic","Relic","Relic"],"build_version":"2020-12-22","purchased_purges":1,"victory":false,"max_hp_per_floor":[70,70,70,70,70,70,70,70,70,70,70,70,70,70,70,70,70,70,70,70,70,70,70,70,70,70,70,70,70,70,70,70,70,70,70,70,70,70,70,70,70,70,70,70,70,70,76,66,66,66,66],"card_choices":[{"not_picked":["Transmutation","Master of Strategy"],"picked":"Metamorphosis","floor":0.0},{"not_picked":["Acrobatics","Deflect"],"picked":"Deadly Poison","floor":1.0},{"not_picked":["Choke","Dodge and Roll"],"picked":"Cloak And Dagger","floor":2.0},{"not_picked":["Dagger Throw","Expertise"],"picked":"Blade Dance","floor":5.0},{"not_picked":["Deflect","Quick Slash","Slice"],"picked":"SKIP","floor":11.0},{"not_picked":["Sucker Punch","Finisher"],"picked":"Quick Slash","floor":14.0},{"not_picked":["Wraith Form v2","Unload"],"picked":"Die Die Die","floor":16.0},{"not_picked":["Deflect","Outmaneuver","Slice"],"picked":"SKIP","floor":18.0},{"not_picked":["Deflect","Calculated Gamble","Dagger Spray"],"picked":"SKIP","floor":19.0},{"not_picked":["Outmaneuver","Eviscerate+1"],"picked":"Blur","floor":21.0},{"not_picked":["Deflect","Bane"],"picked":"Adrenaline","floor":22.0},{"not_picked":["Flying Knee","Accuracy"],"picked":"Infinite Blades+1","floor":24.0},{"not_picked":["Deadly Poison","Masterful Stab","Poisoned Stab"],"picked":"SKIP","floor":25.0},{"not_picked":["Dagger Spray+1","Outmaneuver"],"picked":"Dodge and Roll+1","floor":28.0},{"not_picked":["Storm of Steel","Envenom"],"picked":"Phantasmal Killer","floor":33.0},{"not_picked":["Flying Knee","Prepared","Skewer+1"],"picked":"SKIP","floor":35.0},{"not_picked":["Blade Dance+1","Sucker Punch"],"picked":"Blur+1","floor":39.0},{"not_picked":["Cloak And Dagger","Well Laid Plans"],"picked":"Night Terror","floor":41.0},{"not_picked":["Choke","Calculated Gamble"],"picked":"Accuracy+1","floor":42},{"not_picked":["PiercingWail","Backstab","Sucker Punch"],"picked":"SKIP","floor":46}],"player_experience":808558,"relics_obtained":[{"floor":9.0,"key":"Ice Cream"},{"floor":11.0,"key":"Kunai"},{"floor":25.0,"key":"Pen Nib"},{"floor":26.0,"key":"Pantograph"},{"floor":36.0,"key":"Darkstone Periapt"},{"floor":37.0,"key":"InkBottle"},{"floor":38.0,"key":"Gambling Chip"},{"floor":41.0,"key":"Lantern"},{"floor":43,"key":"Art of War"},{"floor":46,"key":"StoneCalendar"}],"event_choices":[{"damage_healed":0.0,"max_hp_gain":0.0,"max_hp_loss":0.0,"gold_gain":175.0,"event_name":"Liars Game","player_choice":"AGREE","floor":3.0,"gold_loss":0.0,"damage_taken":0.0,"cards_obtained":["Doubt"]},{"cards_removed":["Doubt"],"damage_healed":0.0,"max_hp_gain":0.0,"max_hp_loss":0.0,"gold_gain":0.0,"event_name":"Bonfire Elementals","player_choice":"Offered Curse","floor":4.0,"gold_loss":0.0,"damage_taken":0.0,"relics_obtained":["Spirit Poop"]},{"damage_healed":0.0,"max_hp_gain":0.0,"max_hp_loss":0.0,"gold_gain":75.0,"event_name":"World of Goop","player_choice":"Gather Gold","floor":12.0,"gold_loss":0.0,"damage_taken":11.0},{"damage_healed":23.0,"max_hp_gain":0.0,"max_hp_loss":0.0,"gold_gain":0.0,"event_name":"The Library","player_choice":"Heal","floor":29.0,"gold_loss":0.0,"damage_taken":0.0},{"cards_removed":["Deadly Poison"],"damage_healed":0.0,"max_hp_gain":0.0,"max_hp_loss":0.0,"gold_gain":0.0,"event_name":"Beggar","player_choice":"Gave Gold","floor":30.0,"gold_loss":75.0,"damage_taken":0.0},{"damage_healed":0.0,"max_hp_gain":0.0,"max_hp_loss":0.0,"gold_gain":0.0,"event_name":"Knowing Skull","player_choice":"POTION ","floor":31.0,"potions_obtained":["Regen Potion"],"gold_loss":0.0,"damage_taken":12.0,"cards_obtained":[]},{"damage_healed":0.0,"max_hp_gain":0.0,"max_hp_loss":0.0,"gold_gain":0.0,"event_name":"Wheel of Change","player_choice":"Relic","floor":38.0,"gold_loss":0.0,"damage_taken":0.0},{"damage_healed":18,"gold_gain":0,"player_choice":"Writhe","damage_taken":0,"max_hp_gain":0,"max_hp_loss":0,"event_name":"Winding Halls","floor":47,"gold_loss":0,"cards_obtained":["Writhe"]},{"damage_healed":66,"gold_gain":0,"player_choice":"Heal","damage_taken":0,"max_hp_gain":0,"max_hp_loss":10,"event_name":"The Moai Head","floor":48,"gold_loss":0}],"is_beta":false,"boss_relics":[{"not_picked":["Empty Cage","Tiny House"],"picked":"WristBlade"},{"not_picked":["Runic Pyramid","SacredBark"],"picked":"Sozu"}],"items_purged_floors":[45],"is_endless":false,"potions_floor_spawned":[2,11,16,19,25,41,46],"killed_by":"Time Eater","ascension_level":10}}