{"host":"09dggplywn8v9u5y","time":1609480046,"event":{"mods":["2.2 Compatiblity","AchievementEnabler","BaseMod","Better Altar","Better Match","Better Note","Better Sensory Stone","Better Skull","Better Third Choice","BetterRewards","Block Reminder","Colored Map","Colored Powertips","DeckTracker","Friendly Minions","Highlight Path","Jorbs\u0027s Wanderer Trilogy","Minty Spire (QoL Compilation)","Quick Restart","Random Character Button","Rare Cards Sparkle","Relic Sorter","Relic Stats","Shop Mod","StSLib","The Bug Knight","The Cursed","The Disciple","The Necromancer","The Runesmith","The Servant 0.9.4","Unceasing Turn Reminder"],"gold_per_floor":[113,123,123,135,210,210,210,210,210,229,242,258,258,273,273,375,375,375,375],"floor_reached":18,"playtime":850,"items_purged":[],"score":154,"play_id":"bfce3f61-9c26-43d5-8f97-1c646ea3cf00","local_time":"20210101024726","is_ascension_mode":false,"campfire_choices":[{"data":"Strike_R","floor":6,"key":"SMITH"},{"data":"Defend_R","floor":8,"key":"SMITH"},{"data":"Armaments","floor":13,"key":"SMITH"},{"floor":15,"key":"REST"}],"circlet_count":0,"master_deck":["Strike_R","Strike_R+1","Strike_R","Strike_R","Strike_R","Defend_R","Defend_R+1","Defend_R","Defend_R","Bash","Wild Strike","Wild Strike","Armaments+1"],"relics":["Burning Blood","NeowsBlessing","Matryoshka","Smiling Mask","Darkstone Periapt","Philosopher\u0027s Stone"],"acts_visited":["Exordium","TheCity"],"potions_floor_usage":[16,16],"damage_taken":[{"damage":0,"enemies":"Small Slimes","floor":1,"turns":1},{"damage":0,"enemies":"Jaw Worm","floor":2,"turns":1},{"damage":0,"enemies":"Cultist","floor":4,"turns":1},{"damage":7,"enemies":"2 Fungi Beasts","floor":10,"turns":3},{"damage":7,"enemies":"Looter","floor":11,"turns":3},{"damage":8,"enemies":"Large Slime","floor":12,"turns":4},{"damage":7,"enemies":"Blue Slaver","floor":14,"turns":2},{"damage":87,"enemies":"Hexaghost","floor":16,"turns":12},{"damage":60,"enemies":"3 Byrds","floor":18,"turns":5}],"seed_played":"1305216446944005933","potions_obtained":[{"floor":2,"key":"BloodPotion"},{"floor":4,"key":"Swift Potion"},{"floor":12,"key":"LiquidBronze"}],"is_trial":false,"path_per_floor":["M","M","$","M","?","R","T","R","T","M","M","M","R","M","R","B",null,"M"],"character_chosen":"IRONCLAD","items_purchased":[],"campfire_rested":1,"item_purchase_floors":[],"current_hp_per_floor":[80,80,80,80,69,69,69,69,69,68,67,65,65,64,80,15,80,20,20],"gold":375,"neow_bonus":"THREE_ENEMY_KILL","is_daily":false,"chose_seed":false,"campfire_upgraded":3,"win_rate":0.0,"timestamp":1609480046,"path_taken":["M","M","$","M","?","R","?","R","T","M","M","M","R","M","R","BOSS","M"],"items_purchased_type":[],"build_version":"2020-12-22","purchased_purges":0,"victory":false,"max_hp_per_floor":[80,80,80,80,80,80,80,80,80,80,80,80,80,80,80,80,80,80,80],"relic_stats":{"Darkstone Periapt":0,"counters":[9,32],"Smiling Mask":0,"obtain_stats":[{"Darkstone Periapt":9,"Matryoshka":7,"NeowsBlessing":0,"Philosopher\u0027s Stone":17,"Smiling Mask":9,"Burning Blood":0},{"Darkstone Periapt":3,"Matryoshka":3,"NeowsBlessing":0,"Philosopher\u0027s Stone":8,"Smiling Mask":3,"Burning Blood":0},{"Darkstone Periapt":3,"Matryoshka":3,"NeowsBlessing":0,"Philosopher\u0027s Stone":27,"Smiling Mask":3,"Burning Blood":0}],"Burning Blood":30},"card_choices":[{"not_picked":["Intimidate","Warcry"],"picked":"Wild Strike","floor":1},{"not_picked":["Blood for Blood","Inflame"],"picked":"Wild Strike","floor":2},{"not_picked":["Rupture","Anger","Clothesline"],"picked":"SKIP","floor":4},{"not_picked":["Dark Embrace","Spot Weakness","Headbutt"],"picked":"SKIP","floor":10},{"not_picked":["Sword Boomerang","Clothesline"],"picked":"Armaments","floor":11},{"not_picked":["Anger","True Grit","Intimidate"],"picked":"SKIP","floor":12},{"not_picked":["Metallicize","Sever Soul","Intimidate"],"picked":"SKIP","floor":14}],"player_experience":33844,"relics_obtained":[{"floor":7,"key":"Matryoshka"},{"floor":9,"key":"Smiling Mask"},{"floor":9,"key":"Darkstone Periapt"}],"event_choices":[{"damage_healed":0,"gold_gain":75,"player_choice":"Gold","damage_taken":11,"max_hp_gain":0,"max_hp_loss":0,"event_name":"betterThird:BetterGoop","floor":5,"gold_loss":0}],"is_beta":false,"boss_relics":[{"not_picked":["Fusion Hammer","Runic Dome"],"picked":"Philosopher\u0027s Stone"}],"items_purged_floors":[],"is_endless":false,"potions_floor_spawned":[2,4,12],"killed_by":"3 Byrds","ascension_level":0}}