{"host":"rolltorest","time":1609460027,"event":{"mods":["BaseMod","Minty Spire (QoL Compilation)","Relic Stats","Robot Space Explorer","Slay the Relics Exporter","StSLib"],"gold_per_floor":[111,130,130,130,148,179,198,223,249,2,2,25,40,40,40,188,188,238,256,355,280,325,389,389,24,24,64,128,197,228,273,273,421,421,494,143,157,157,172,213,237,237,263,382,382,715,715,338,338,338,338,338,20,78,78],"floor_reached":56,"playtime":2882,"items_purged":["RobotSpaceExplorer:Strike","RobotSpaceExplorer:Strike","RobotSpaceExplorer:Strike","Parasite"],"score":1289,"play_id":"333990ac-62c2-4e17-88e3-6a4483c3cf8c","local_time":"20201231161347","is_ascension_mode":false,"campfire_choices":[{"data":"RobotSpaceExplorer:HighVoltage","floor":11,"key":"SMITH"},{"data":"HandOfGreed","floor":15,"key":"SMITH"},{"floor":24,"key":"REST"},{"data":"RobotSpaceExplorer:DroneSwarm","floor":32,"key":"SMITH"},{"floor":42,"key":"RECALL"},{"data":"RobotSpaceExplorer:Multitool","floor":45,"key":"SMITH"},{"data":"RobotSpaceExplorer:TurboDodge","floor":47,"key":"SMITH"},{"data":"RobotSpaceExplorer:TrailblazerForm","floor":49,"key":"SMITH"},{"data":"RobotSpaceExplorer:Discharger","floor":52,"key":"SMITH"}],"circlet_count":0,"master_deck":["RobotSpaceExplorer:Defend","RobotSpaceExplorer:Defend","RobotSpaceExplorer:Defend","RobotSpaceExplorer:Scan","RobotSpaceExplorer:MiniLasers","RobotSpaceExplorer:MetalStrike","RobotSpaceExplorer:HighVoltage+1","RobotSpaceExplorer:Probe","RobotSpaceExplorer:SurgingStrike","RobotSpaceExplorer:Blitz","RobotSpaceExplorer:ShovelStrike","HandOfGreed+1","RobotSpaceExplorer:StarLightning","RobotSpaceExplorer:TrailblazerForm+1","RobotSpaceExplorer:Accelerator","RobotSpaceExplorer:Jetpack+1","RobotSpaceExplorer:Pulsar","RobotSpaceExplorer:RigExplosive+1","RobotSpaceExplorer:ScrapMissile+1","RobotSpaceExplorer:DroneSwarm+1","RobotSpaceExplorer:ShockKick+1","RobotSpaceExplorer:FranticSearch+1","RobotSpaceExplorer:Multitool+1","RobotSpaceExplorer:TurboDodge+1","RobotSpaceExplorer:FrostMissile+1","RobotSpaceExplorer:Discharger+1","RobotSpaceExplorer:SelfCleaning","RobotSpaceExplorer:Blitz+1","RobotSpaceExplorer:DoubleBlock+1"],"relics":["RobotSpaceExplorer:RoboCore","Mummified Hand","Blood Vial","Strawberry","RobotSpaceExplorer:SearchSpecs","Lantern","Torii","RobotSpaceExplorer:BottledGravity","Bag of Marbles","Letter Opener","Snecko Eye","Membership Card","RobotSpaceExplorer:RingOfTheNewt","Boot","Gambling Chip","Pen Nib","Anchor","Frozen Eye","Oddly Smooth Stone","Orrery","StrikeDummy"],"acts_visited":["Exordium","TheCity","TheBeyond","TheEnding"],"potions_floor_usage":[13,16,22,27,27,28,29,29,31,33,33,39,40,41,44,50,54,55,55,55],"damage_taken":[{"damage":0,"enemies":"Jaw Worm","floor":1,"turns":4},{"damage":0,"enemies":"Cultist","floor":2,"turns":4},{"damage":0,"enemies":"Small Slimes","floor":5,"turns":1},{"damage":23,"enemies":"Gremlin Nob","floor":6,"turns":4},{"damage":0,"enemies":"Gremlin Gang","floor":7,"turns":1},{"damage":0,"enemies":"Large Slime","floor":8,"turns":5},{"damage":8,"enemies":"Exordium Wildlife","floor":12,"turns":2},{"damage":0,"enemies":"3 Louse","floor":13,"turns":3},{"damage":12,"enemies":"Slime Boss","floor":16,"turns":12},{"damage":13,"enemies":"2 Thieves","floor":18,"turns":3},{"damage":5,"enemies":"Chosen","floor":19,"turns":6},{"damage":22,"enemies":"Snake Plant","floor":22,"turns":6},{"damage":25,"enemies":"Slavers","floor":23,"turns":4},{"damage":1,"enemies":"3 Cultists","floor":27,"turns":4},{"damage":14,"enemies":"Book of Stabbing","floor":28,"turns":9},{"damage":11,"enemies":"Sentry and Sphere","floor":29,"turns":6},{"damage":0,"enemies":"Gremlin Leader","floor":30,"turns":8},{"damage":0,"enemies":"Centurion and Healer","floor":31,"turns":3},{"damage":27,"enemies":"Automaton","floor":33,"turns":10},{"damage":0,"enemies":"3 Shapes","floor":35,"turns":5},{"damage":0,"enemies":"3 Darklings","floor":37,"turns":1},{"damage":13,"enemies":"Writhing Mass","floor":39,"turns":7},{"damage":0,"enemies":"Reptomancer","floor":40,"turns":4},{"damage":0,"enemies":"Spire Growth","floor":41,"turns":4},{"damage":0,"enemies":"2 Orb Walkers","floor":44,"turns":3},{"damage":18,"enemies":"Time Eater","floor":50,"turns":11},{"damage":0,"enemies":"Shield and Spear","floor":54,"turns":5},{"damage":29,"enemies":"The Heart","floor":55,"turns":10}],"seed_played":"3201221236371498030","potions_obtained":[{"floor":2,"key":"Block Potion"},{"floor":7,"key":"Energy Potion"},{"floor":12,"key":"GamblersBrew"},{"floor":13,"key":"AttackPotion"},{"floor":16,"key":"Energy Potion"},{"floor":19,"key":"SkillPotion"},{"floor":22,"key":"Fire Potion"},{"floor":23,"key":"RobotSpaceExplorer:LiquidFusion"},{"floor":27,"key":"Regen Potion"},{"floor":31,"key":"DuplicationPotion"}],"is_trial":false,"path_per_floor":["M","M","?","?","M","E","M","M","T","$","R","M","M","?","R","B",null,"M","M","?","?","M","E","R","$","T","M","E","M","E","M","R","B",null,"M","$","M","?","M","E","M","R","T","?","R","?","R","$","R","B",null,"R","$","E","B",null],"character_chosen":"RobotSpaceExplorer","items_purchased":["HandOfGreed","RobotSpaceExplorer:StarLightning","Torii","Membership Card","RobotSpaceExplorer:RingOfTheNewt","RobotSpaceExplorer:Discharger","Pen Nib","Anchor","Frozen Eye","RobotSpaceExplorer:LiquidFusion","RobotSpaceExplorer:SelfCleaning","RobotSpaceExplorer:LiquidFusion","Oddly Smooth Stone","Orrery"],"campfire_rested":1,"item_purchase_floors":[10,10,25,36,36,48,48,48,48,48,53,53,53,53],"current_hp_per_floor":[82,82,76,76,76,53,53,53,53,53,53,47,49,56,56,46,83,70,67,67,67,47,24,48,48,48,49,52,43,45,47,47,22,83,83,83,83,83,70,72,74,74,74,76,76,76,76,76,76,60,83,83,80,80,51],"gold":78,"neow_bonus":"TEN_PERCENT_HP_BONUS","is_daily":false,"chose_seed":false,"campfire_upgraded":7,"win_rate":0.0,"timestamp":1609460027,"path_taken":["M","M","?","?","M","E","M","M","T","$","R","?","M","?","R","BOSS","M","?","?","?","M","E","R","?","T","M","E","M","E","M","R","BOSS","M","$","M","?","M","E","?","R","T","?","R","?","R","$","R","BOSS","R","$","E","BOSS"],"items_purchased_type":["Card","Card","Relic","Relic","Relic","Card","Relic","Relic","Relic","Potion","Card","Potion","Relic","Relic"],"build_version":"2020-12-18","purchased_purges":4,"victory":true,"max_hp_per_floor":[82,82,76,76,76,76,76,76,76,76,76,76,76,83,83,83,83,83,83,83,83,83,83,83,83,83,83,83,83,83,83,83,83,83,83,83,83,83,83,83,83,83,83,83,83,83,83,83,83,83,83,83,80,80,80],"relic_stats":{"Blood Vial":32,"Torii":9,"counters":[28,145],"Mummified Hand":[65],"Gambling Chip":[15],"Snecko Eye":[105,92,104,108],"Pen Nib":[7],"Letter Opener":[119],"Boot":[28],"obtain_stats":[{"Lantern":23,"Torii":25,"Golden Idol":3,"Oddly Smooth Stone":53,"RobotSpaceExplorer:RoboCore":0,"RobotSpaceExplorer:RingOfTheNewt":36,"Pen Nib":48,"Letter Opener":30,"Boot":40,"Blood Vial":9,"Frozen Eye":48,"Anchor":48,"Mummified Hand":6,"RobotSpaceExplorer:BottledGravity":26,"Strawberry":14,"Gambling Chip":44,"Snecko Eye":34,"Orrery":53,"RobotSpaceExplorer:SearchSpecs":17,"Bag of Marbles":28,"Membership Card":36,"StrikeDummy":54},{"Lantern":13,"Torii":13,"Golden Idol":2,"Oddly Smooth Stone":26,"RobotSpaceExplorer:RoboCore":0,"RobotSpaceExplorer:RingOfTheNewt":20,"Pen Nib":25,"Letter Opener":17,"Boot":23,"Blood Vial":6,"Frozen Eye":25,"Anchor":25,"Mummified Hand":4,"RobotSpaceExplorer:BottledGravity":13,"Strawberry":8,"Gambling Chip":25,"Snecko Eye":19,"Orrery":26,"RobotSpaceExplorer:SearchSpecs":9,"Bag of Marbles":15,"Membership Card":20,"StrikeDummy":27},{"Lantern":55,"Torii":55,"Golden Idol":8,"Oddly Smooth Stone":130,"RobotSpaceExplorer:RoboCore":0,"RobotSpaceExplorer:RingOfTheNewt":100,"Pen Nib":119,"Letter Opener":82,"Boot":112,"Blood Vial":19,"Frozen Eye":119,"Anchor":119,"Mummified Hand":13,"RobotSpaceExplorer:BottledGravity":55,"Strawberry":24,"Gambling Chip":119,"Snecko Eye":95,"Orrery":130,"RobotSpaceExplorer:SearchSpecs":36,"Bag of Marbles":68,"Membership Card":100,"StrikeDummy":135}]},"card_choices":[{"not_picked":["RobotSpaceExplorer:ToxicBomb","RobotSpaceExplorer:Probe","RobotSpaceExplorer:GlueShot"],"picked":"SKIP","floor":1},{"not_picked":["RobotSpaceExplorer:ShovelStrike","RobotSpaceExplorer:ScrapToss"],"picked":"RobotSpaceExplorer:MetalStrike","floor":2},{"not_picked":["RobotSpaceExplorer:Smokescreen","RobotSpaceExplorer:GlueShot"],"picked":"RobotSpaceExplorer:SurgingStrike","floor":5},{"not_picked":["RobotSpaceExplorer:DualCore","RobotSpaceExplorer:Jetpack"],"picked":"RobotSpaceExplorer:Blitz","floor":6},{"not_picked":["RobotSpaceExplorer:ChargingLaser","RobotSpaceExplorer:Counterblock"],"picked":"RobotSpaceExplorer:ShovelStrike","floor":7},{"not_picked":["RobotSpaceExplorer:Ammunition","RobotSpaceExplorer:MiniDrones","RobotSpaceExplorer:FreezingShield"],"picked":"SKIP","floor":8},{"not_picked":["RobotSpaceExplorer:SwiftStep","RobotSpaceExplorer:ScrapMissile","RobotSpaceExplorer:SurgingStrike"],"picked":"SKIP","floor":12},{"not_picked":["RobotSpaceExplorer:SwiftStep","RobotSpaceExplorer:FreezeRay"],"picked":"RobotSpaceExplorer:TrailblazerForm","floor":13},{"not_picked":["RobotSpaceExplorer:Exploration","RobotSpaceExplorer:Scanner"],"picked":"RobotSpaceExplorer:Accelerator","floor":16},{"not_picked":["RobotSpaceExplorer:MiniDrones+1","RobotSpaceExplorer:ShockKick"],"picked":"RobotSpaceExplorer:Jetpack+1","floor":18},{"not_picked":["RobotSpaceExplorer:IronShell","RobotSpaceExplorer:ImprovisedAttack+1","RobotSpaceExplorer:StarDust"],"picked":"SKIP","floor":19},{"not_picked":["RobotSpaceExplorer:FreezingShield+1","RobotSpaceExplorer:Jetpack"],"picked":"RobotSpaceExplorer:Pulsar","floor":22},{"not_picked":["RobotSpaceExplorer:Asteroid","RobotSpaceExplorer:DualCore"],"picked":"RobotSpaceExplorer:RigExplosive+1","floor":23},{"not_picked":["RobotSpaceExplorer:LuckyStrike","RobotSpaceExplorer:MetalStrike"],"picked":"RobotSpaceExplorer:ScrapMissile+1","floor":27},{"not_picked":["RobotSpaceExplorer:Blitz","RobotSpaceExplorer:MetalStrike+1"],"picked":"RobotSpaceExplorer:DroneSwarm","floor":28},{"not_picked":["RobotSpaceExplorer:FreezingShield+1","RobotSpaceExplorer:ScrapMissile"],"picked":"RobotSpaceExplorer:ShockKick+1","floor":29},{"not_picked":["RobotSpaceExplorer:SurgingStrike","RobotSpaceExplorer:ScrapMissile","RobotSpaceExplorer:Reload+1"],"picked":"SKIP","floor":30},{"not_picked":["RobotSpaceExplorer:ExhaustFan","RobotSpaceExplorer:StunGrenade"],"picked":"RobotSpaceExplorer:FranticSearch+1","floor":31},{"not_picked":["RobotSpaceExplorer:HighVoltage","RobotSpaceExplorer:Exploration"],"picked":"RobotSpaceExplorer:Multitool","floor":33},{"not_picked":["RobotSpaceExplorer:ImprovisedAttack","RobotSpaceExplorer:SurgingStrike","RobotSpaceExplorer:ShockKick+1"],"picked":"SKIP","floor":35},{"not_picked":["RobotSpaceExplorer:Counterblock","RobotSpaceExplorer:Ammunition"],"picked":"RobotSpaceExplorer:TurboDodge","floor":37},{"not_picked":["RobotSpaceExplorer:PowerGlove","RobotSpaceExplorer:ScrapToss","RobotSpaceExplorer:ScrapShield+1"],"picked":"SKIP","floor":39},{"not_picked":["RobotSpaceExplorer:DoubleBlock","RobotSpaceExplorer:ShockKick"],"picked":"RobotSpaceExplorer:FrostMissile+1","floor":40},{"not_picked":["RobotSpaceExplorer:HighVoltage","RobotSpaceExplorer:PowerGlove+1","RobotSpaceExplorer:ImprovisedAttack+1"],"picked":"SKIP","floor":41},{"not_picked":["RobotSpaceExplorer:StunGrenade+1","RobotSpaceExplorer:SurgingShield+1"],"picked":"RobotSpaceExplorer:Blitz+1","floor":53},{"not_picked":["RobotSpaceExplorer:ToxicBomb","RobotSpaceExplorer:Discharger"],"picked":"RobotSpaceExplorer:DoubleBlock+1","floor":53},{"not_picked":["RobotSpaceExplorer:DualCore","RobotSpaceExplorer:Accelerator"],"picked":"RobotSpaceExplorer:Wormhole","floor":54}],"player_experience":1711950,"relics_obtained":[{"floor":6,"key":"Mummified Hand"},{"floor":9,"key":"Blood Vial"},{"floor":23,"key":"Lantern"},{"floor":26,"key":"RobotSpaceExplorer:BottledGravity"},{"floor":28,"key":"Bag of Marbles"},{"floor":30,"key":"Letter Opener"},{"floor":40,"key":"Boot"},{"floor":44,"key":"Gambling Chip"},{"floor":54,"key":"StrikeDummy"}],"event_choices":[{"damage_healed":0,"gold_gain":0,"player_choice":"Lose Max HP","damage_taken":0,"relics_obtained":["Golden Idol"],"max_hp_gain":0,"max_hp_loss":6,"event_name":"Golden Idol","floor":3,"gold_loss":0},{"damage_healed":0,"gold_gain":0,"player_choice":"2 cards matched","damage_taken":0,"max_hp_gain":0,"max_hp_loss":0,"event_name":"Match and Keep!","floor":4,"gold_loss":0,"cards_obtained":["RobotSpaceExplorer:HighVoltage","RobotSpaceExplorer:Probe"]},{"damage_healed":0,"gold_gain":0,"player_choice":"Gave Potion","damage_taken":0,"relics_obtained":["Strawberry"],"max_hp_gain":0,"max_hp_loss":0,"event_name":"WeMeetAgain","floor":14,"gold_loss":0},{"damage_healed":0,"gold_gain":99,"player_choice":"Stole From Cult","damage_taken":0,"max_hp_gain":0,"max_hp_loss":0,"event_name":"Nest","floor":20,"gold_loss":0},{"cards_removed":["RobotSpaceExplorer:Strike"],"damage_healed":0,"gold_gain":0,"player_choice":"Gave Gold","damage_taken":0,"max_hp_gain":0,"max_hp_loss":0,"event_name":"Beggar","floor":21,"gold_loss":75},{"damage_healed":0,"gold_gain":0,"player_choice":"Bought 0 Potions","damage_taken":0,"max_hp_gain":0,"max_hp_loss":0,"event_name":"The Woman in Blue","floor":38,"gold_loss":0},{"damage_healed":0,"gold_gain":0,"player_choice":"Fight","damage_taken":0,"max_hp_gain":0,"max_hp_loss":0,"event_name":"Mysterious Sphere","floor":44,"gold_loss":0},{"damage_healed":0,"gold_gain":333,"player_choice":"Gave Idol","damage_taken":0,"max_hp_gain":0,"max_hp_loss":0,"event_name":"The Moai Head","floor":46,"relics_lost":["Golden Idol"],"gold_loss":0}],"is_beta":true,"boss_relics":[{"not_picked":["SacredBark","Astrolabe"],"picked":"RobotSpaceExplorer:SearchSpecs"},{"not_picked":["RobotSpaceExplorer:Reprocessor","Cursed Key"],"picked":"Snecko Eye"}],"items_purged_floors":[25,36,48,53],"is_endless":false,"potions_floor_spawned":[2,7,12,13,16,19,22,23,27,31,44,54],"ascension_level":0}}