{"host":"icrrc9b69c1a6188","time":1609482967,"event":{"mods":["Act Like it!","BaseMod","Bestiary","Better Altar","Better Match","Better Note","Better Sensory Stone","Better Skull","Better Third Choice","Block Reminder","Colored Map","Colored Powertips","Curses Come First","Displayed Cursed Tome","Faster Ascension Climbing","HexUI Lib","Jorbs\u0027s Wanderer Trilogy","Minty Spire (QoL Compilation)","Quick Restart","RNG Fix","Random Character Mod","Rare Cards Sparkle","Spicy Shops","StSLib","Unceasing Turn Reminder"],"gold_per_floor":[115,125,275,114,128,128,153,165,177,207,184,196,224,236,248,334,346,258,281,293,293],"floor_reached":20,"playtime":767,"items_purged":["Doubt"],"score":344,"play_id":"a6f5ccd2-2cf2-49a5-a1db-1b898d5cd50b","local_time":"20210101003607","is_ascension_mode":true,"campfire_choices":[{"data":"Anger","floor":6,"key":"SMITH"},{"data":"True Grit","floor":8,"key":"SMITH"},{"data":"Demon Form","floor":15,"key":"SMITH"}],"circlet_count":0,"master_deck":["AscendersBane","Strike_R","Strike_R","Strike_R","Strike_R","Strike_R","Defend_R","Defend_R","Defend_R","Defend_R","Bash+1","True Grit+1","Anger+1","Ghostly Armor","Sword Boomerang","Demon Form+1","Parasite","Reaper","Pummel","Flame Barrier"],"relics":["Burning Blood","Cauldron","MawBank","Sozu"],"acts_visited":["Exordium","TheCity"],"potions_floor_usage":[4,7,13,16,16,19],"damage_taken":[{"damage":7,"enemies":"Cultist","floor":1,"turns":4},{"damage":11,"enemies":"2 Louse","floor":2,"turns":3},{"damage":2,"enemies":"Jaw Worm","floor":5,"turns":4},{"damage":49,"enemies":"3 Sentries","floor":7,"turns":11},{"damage":0,"enemies":"2 Fungi Beasts","floor":10,"turns":5},{"damage":20,"enemies":"Large Slime","floor":13,"turns":6},{"damage":38,"enemies":"Slime Boss","floor":16,"turns":5},{"damage":28,"enemies":"2 Thieves","floor":18,"turns":5},{"damage":43,"enemies":"Shell Parasite","floor":19,"turns":8},{"damage":14,"enemies":"Snake Plant","floor":20,"turns":3}],"seed_played":"5998490970930452936","potions_obtained":[{"floor":2,"key":"Weak Potion"},{"floor":4,"key":"EntropicBrew"},{"floor":4,"key":"Fire Potion"},{"floor":4,"key":"LiquidMemories"},{"floor":10,"key":"AttackPotion"},{"floor":13,"key":"Fire Potion"},{"floor":16,"key":"EssenceOfSteel"}],"is_trial":false,"path_per_floor":["M","M","?","$","M","R","E","R","T","M","?","$","M","?","R","B",null,"M","M","M"],"character_chosen":"IRONCLAD","items_purchased":["Cauldron"],"campfire_rested":0,"item_purchase_floors":[4],"current_hp_per_floor":[67,62,62,62,66,66,23,23,23,29,47,47,33,51,51,19,61,49,12,0,0],"gold":293,"neow_bonus":"UPGRADE_CARD","is_daily":false,"chose_seed":false,"campfire_upgraded":3,"win_rate":0.0,"timestamp":1609482967,"path_taken":["M","M","?","$","M","R","E","R","T","M","?","?","M","?","R","BOSS","M","M","M"],"items_purchased_type":["Relic"],"build_version":"2020-12-22","purchased_purges":1,"victory":false,"max_hp_per_floor":[75,75,75,75,75,75,75,75,75,75,75,75,75,75,75,75,75,75,75,75,75],"card_choices":[{"not_picked":["Havoc","Warcry"],"picked":"True Grit","floor":1},{"not_picked":["Shrug It Off","Hemokinesis"],"picked":"Anger","floor":2},{"not_picked":["Clothesline","Sentinel"],"picked":"Ghostly Armor","floor":5},{"not_picked":["Body Slam","Clothesline"],"picked":"Sword Boomerang","floor":7},{"not_picked":["Fire Breathing","Armaments"],"picked":"Demon Form","floor":10},{"not_picked":["Rampage","Body Slam","Wild Strike"],"picked":"SKIP","floor":13},{"not_picked":["Juggernaut","Impervious"],"picked":"Reaper","floor":16},{"not_picked":["Fire Breathing","Bloodletting"],"picked":"Pummel","floor":18},{"not_picked":["Cleave","Clothesline"],"picked":"Flame Barrier","floor":19}],"player_experience":716575,"relics_obtained":[{"floor":7,"key":"MawBank"}],"event_choices":[{"damage_healed":0,"gold_gain":150,"player_choice":"AGREE","damage_taken":125,"max_hp_gain":0,"max_hp_loss":0,"event_name":"betterThird:BetterSerpent","floor":3,"gold_loss":0},{"damage_healed":18,"gold_gain":0,"player_choice":"Healed","damage_taken":0,"max_hp_gain":0,"max_hp_loss":0,"event_name":"The Cleric","floor":11,"gold_loss":35},{"damage_healed":18,"gold_gain":0,"player_choice":"Healed and dodged fight","damage_taken":0,"max_hp_gain":0,"max_hp_loss":0,"event_name":"Mushrooms","floor":14,"gold_loss":0,"cards_obtained":["Parasite"]}],"is_beta":false,"boss_relics":[{"not_picked":["Calling Bell","Pandora\u0027s Box"],"picked":"Sozu"}],"items_purged_floors":[4],"is_endless":false,"potions_floor_spawned":[2,10,13,16],"killed_by":"Snake Plant","ascension_level":20}}