{"host":"hkfd27larxvbrzdx","time":1609496763,"event":{"mods":["AchievementEnabler","BaseMod","Colored Map","Colored Powertips","DeckTracker","Minty Spire (QoL Compilation)"],"gold_per_floor":[110,123,123,198,215,249,249,259,311,336,346,362,362,389,389,486,486,411,193,193,193,193,193,40,40,40,40,40,40,40,40,40,40,40,40,40,40,40,40,40,40,40,40,40,40,40,40,40,40,40],"floor_reached":51,"playtime":7284,"items_purged":["Strike_G"],"score":883,"play_id":"33233f00-e575-4229-82d2-6669a403dbcd","local_time":"20210101182603","is_ascension_mode":true,"campfire_choices":[{"floor":7,"key":"REST"},{"floor":13,"key":"REST"},{"data":"Noxious Fumes","floor":15,"key":"SMITH"},{"data":"Skewer","floor":27,"key":"SMITH"},{"data":"Burst","floor":29,"key":"SMITH"},{"floor":32,"key":"REST"},{"data":"Footwork","floor":40,"key":"SMITH"},{"floor":42,"key":"REST"},{"data":"Phantasmal Killer","floor":45,"key":"SMITH"},{"floor":49,"key":"REST"}],"circlet_count":0,"master_deck":["Strike_G+1","Strike_G+1","Strike_G+1","Strike_G+1","Defend_G+1","Defend_G+1","Defend_G+1","Defend_G+1","Defend_G+1","Survivor","Neutralize","Dagger Spray","Skewer+1","Leg Sweep","Blur","Noxious Fumes+1","Bane","Deflect","Tools of the Trade","Outmaneuver+1","Cloak And Dagger","Burst+1","Adrenaline","Footwork+1","Sucker Punch+1","Phantasmal Killer+1"],"relics":["Ring of the Snake","NeowsBlessing","Paper Crane","Bronze Scales","Pen Nib","Toy Ornithopter","Ectoplasm","Omamori","Regal Pillow","Sling","Art of War","Vajra","SlaversCollar","Meat on the Bone","Gambling Chip"],"acts_visited":["Exordium","TheCity","TheBeyond"],"potions_floor_usage":[6,14,14,23,28,36,39,41,44,50],"damage_taken":[{"damage":0,"enemies":"Small Slimes","floor":1,"turns":1},{"damage":0,"enemies":"Jaw Worm","floor":2,"turns":1},{"damage":0,"enemies":"2 Louse","floor":5,"turns":1},{"damage":30,"enemies":"Gremlin Nob","floor":6,"turns":5},{"damage":1,"enemies":"Exordium Wildlife","floor":8,"turns":4},{"damage":20,"enemies":"3 Sentries","floor":10,"turns":9},{"damage":0,"enemies":"2 Fungi Beasts","floor":11,"turns":4},{"damage":0,"enemies":"Red Slaver","floor":12,"turns":4},{"damage":4,"enemies":"Lagavulin","floor":14,"turns":4},{"damage":17,"enemies":"The Guardian","floor":16,"turns":12},{"damage":6,"enemies":"2 Thieves","floor":18,"turns":5},{"damage":0,"enemies":"Chosen","floor":21,"turns":5},{"damage":0,"enemies":"Snake Plant","floor":22,"turns":6},{"damage":6,"enemies":"Gremlin Leader","floor":23,"turns":6},{"damage":0,"enemies":"Cultist and Chosen","floor":25,"turns":5},{"damage":9,"enemies":"Slavers","floor":28,"turns":5},{"damage":26,"enemies":"Gremlin Leader","floor":31,"turns":5},{"damage":28,"enemies":"Collector","floor":33,"turns":13},{"damage":7,"enemies":"Orb Walker","floor":35,"turns":4},{"damage":8,"enemies":"3 Shapes","floor":36,"turns":5},{"damage":0,"enemies":"Writhing Mass","floor":38,"turns":6},{"damage":26,"enemies":"Jaw Worm Horde","floor":39,"turns":5},{"damage":30,"enemies":"4 Shapes","floor":41,"turns":5},{"damage":5,"enemies":"Mind Bloom Boss Battle","floor":44,"turns":6},{"damage":9,"enemies":"Spire Growth","floor":46,"turns":5},{"damage":13,"enemies":"Jaw Worm Horde","floor":47,"turns":6},{"damage":0,"enemies":"Writhing Mass","floor":48,"turns":8},{"damage":14,"enemies":"Awakened One","floor":50,"turns":17}],"seed_played":"-5505208862322419541","potions_obtained":[{"floor":2,"key":"GamblersBrew"},{"floor":6,"key":"Poison Potion"},{"floor":8,"key":"Poison Potion"},{"floor":10,"key":"FairyPotion"},{"floor":16,"key":"FearPotion"},{"floor":22,"key":"Strength Potion"},{"floor":23,"key":"CunningPotion"},{"floor":33,"key":"Ancient Potion"},{"floor":36,"key":"Swift Potion"},{"floor":41,"key":"Fire Potion"},{"floor":47,"key":"Ancient Potion"}],"is_trial":false,"path_per_floor":["M","M","?","?","M","E","R","M","T","E","M","M","R","E","R","B",null,"M","$","?","M","M","E","$","M","T","R","E","R","?","E","R","B",null,"M","M","?","M","M","R","M","R","T","?","R","M","M","M","R","B",null],"character_chosen":"THE_SILENT","items_purchased":["Omamori","Sling"],"campfire_rested":5,"item_purchase_floors":[19,24],"current_hp_per_floor":[70,70,70,59,59,29,50,49,49,29,29,29,50,46,46,29,70,64,64,64,64,64,63,63,63,63,63,59,59,59,33,69,41,70,63,60,60,60,39,39,14,50,50,50,50,41,40,40,70,61],"gold":40,"neow_bonus":"THREE_ENEMY_KILL","is_daily":false,"chose_seed":false,"campfire_upgraded":5,"win_rate":0.0,"timestamp":1609496763,"path_taken":["M","M","?","?","?","E","R","M","T","E","M","M","R","E","R","BOSS","M","$","?","M","M","E","$","M","T","R","E","R","?","E","R","BOSS","M","M","?","?","M","R","M","R","T","?","R","M","M","M","R","BOSS"],"items_purchased_type":["Relic","Relic"],"build_version":"2020-12-22","purchased_purges":1,"victory":true,"max_hp_per_floor":[70,70,70,70,70,70,70,70,70,70,70,70,70,70,70,70,70,70,70,70,70,70,70,70,70,70,70,70,70,70,70,70,70,70,70,70,70,70,70,70,70,70,70,70,70,70,70,70,70,70],"card_choices":[{"not_picked":["Cloak And Dagger","Sucker Punch"],"picked":"Dagger Spray","floor":1},{"not_picked":["Bouncing Flask","Flechettes"],"picked":"Skewer","floor":2},{"not_picked":["Dodge and Roll","Crippling Poison","Deadly Poison"],"picked":"SKIP","floor":5},{"not_picked":["Quick Slash","Outmaneuver"],"picked":"Leg Sweep","floor":6},{"not_picked":["Calculated Gamble","Corpse Explosion"],"picked":"Blur","floor":8},{"not_picked":["Deflect","Underhanded Strike"],"picked":"Noxious Fumes","floor":10},{"not_picked":["Poisoned Stab","Blade Dance"],"picked":"Bane","floor":11},{"not_picked":["Dagger Throw","Bane"],"picked":"Deflect","floor":12},{"not_picked":["Slice","Eviscerate","Blade Dance"],"picked":"SKIP","floor":14},{"not_picked":["Die Die Die","Night Terror"],"picked":"Tools of the Trade","floor":16},{"not_picked":["Underhanded Strike","Eviscerate+1"],"picked":"Outmaneuver+1","floor":18},{"not_picked":["Dodge and Roll","Quick Slash"],"picked":"Cloak And Dagger","floor":21},{"not_picked":["Predator","Outmaneuver","Acrobatics"],"picked":"SKIP","floor":22},{"not_picked":["Crippling Poison","Acrobatics","Infinite Blades"],"picked":"SKIP","floor":23},{"not_picked":["Heel Hook","Dodge and Roll+1"],"picked":"Burst","floor":25},{"not_picked":["Acrobatics","Deadly Poison","Cloak And Dagger"],"picked":"SKIP","floor":28},{"not_picked":["Predator","Dodge and Roll","Cloak And Dagger"],"picked":"SKIP","floor":31},{"not_picked":["After Image","Doppelganger"],"picked":"Adrenaline","floor":33},{"not_picked":["Dagger Throw+1","Eviscerate"],"picked":"Footwork","floor":35},{"not_picked":["Dagger Spray+1","Cloak And Dagger"],"picked":"Sucker Punch+1","floor":36},{"not_picked":["Blur","Dagger Spray+1"],"picked":"Phantasmal Killer","floor":38},{"not_picked":["Masterful Stab","Slice","All Out Attack+1"],"picked":"SKIP","floor":39},{"not_picked":["Outmaneuver","PiercingWail+1","Accuracy+1"],"picked":"SKIP","floor":41},{"not_picked":["Dagger Spray","Deadly Poison+1","Heel Hook"],"picked":"SKIP","floor":46},{"not_picked":["Blade Dance","Heel Hook+1","Distraction"],"picked":"SKIP","floor":47},{"not_picked":["Expertise+1","Endless Agony","PiercingWail"],"picked":"SKIP","floor":48}],"player_experience":188131,"relics_obtained":[{"floor":6,"key":"Paper Crane"},{"floor":9,"key":"Bronze Scales"},{"floor":10,"key":"Pen Nib"},{"floor":14,"key":"Toy Ornithopter"},{"floor":23,"key":"Regal Pillow"},{"floor":28,"key":"Art of War"},{"floor":31,"key":"Vajra"},{"floor":43,"key":"Meat on the Bone"},{"floor":44,"key":"Gambling Chip"}],"event_choices":[{"damage_healed":0,"gold_gain":0,"player_choice":"Ignored","damage_taken":0,"max_hp_gain":0,"max_hp_loss":0,"event_name":"Liars Game","floor":3,"gold_loss":0},{"damage_healed":0,"gold_gain":75,"player_choice":"Gather Gold","damage_taken":11,"max_hp_gain":0,"max_hp_loss":0,"event_name":"World of Goop","floor":4,"gold_loss":0},{"damage_healed":0,"gold_gain":0,"player_choice":"Simplicity","damage_taken":0,"max_hp_gain":0,"max_hp_loss":0,"event_name":"Back to Basics","floor":20,"gold_loss":0,"cards_upgraded":["Strike_G","Strike_G","Strike_G","Strike_G","Defend_G","Defend_G","Defend_G","Defend_G","Defend_G"]},{"damage_healed":0,"gold_gain":0,"player_choice":"Ignored","damage_taken":0,"max_hp_gain":0,"max_hp_loss":0,"event_name":"Ghosts","floor":30,"gold_loss":0},{"damage_healed":0,"gold_gain":0,"player_choice":"Ignored","damage_taken":0,"max_hp_gain":0,"max_hp_loss":0,"event_name":"Duplicator","floor":37,"gold_loss":0},{"damage_healed":0,"gold_gain":0,"player_choice":"Fight","damage_taken":0,"max_hp_gain":0,"max_hp_loss":0,"event_name":"MindBloom","floor":44,"gold_loss":0}],"is_beta":false,"boss_relics":[{"not_picked":["Empty Cage","Coffee Dripper"],"picked":"Ectoplasm"},{"not_picked":["WristBlade","Snecko Eye"],"picked":"SlaversCollar"}],"items_purged_floors":[19],"is_endless":false,"potions_floor_spawned":[2,6,8,10,16,22,23,25,33,36,38,41,47],"ascension_level":3}}