{"host":"7r6bd5ce6zscnmwq","time":1609497408,"event":{"mods":["BaseMod","Better Altar","Better Match","Better Note","Better Sensory Stone","Better Skull","Better Third Choice","Better Vampires","Block Reminder","Colored Powertips","Displayed Cursed Tome","Minty Spire (QoL Compilation)","Permanent Neow","Quick Restart","Shop Mod","Spicy Shops","StSLib","The Marked"],"gold_per_floor":[111,219,237,251,326,326,359,359,414,414,55,5,33,53,53,149,199,184,203,203,28,28,28],"floor_reached":22,"playtime":1383,"items_purged":["theMarked:Strike","theMarked:Defend"],"score":221,"play_id":"c65a821a-f67b-452a-9ae5-7fba59017582","local_time":"20210101193648","is_ascension_mode":true,"campfire_choices":[{"floor":6,"key":"REST"},{"data":"theMarked:Indomitable","floor":15,"key":"SMITH"}],"circlet_count":0,"master_deck":["theMarked:Strike","theMarked:Strike","theMarked:Strike","theMarked:Defend","theMarked:Defend+1","theMarked:SoldierOfQuellstein+1","theMarked:ResourceFulStrike","theMarked:SwordAndMagic","theMarked:WastefulDefense","theMarked:Seal","theMarked:TakeOffHeels+1","theMarked:BindingBlade","theMarked:Indomitable+1","theMarked:SummonStrength","theMarked:WardOff","theMarked:EmpowerWeapon","theMarked:HeightenedSenses"],"relics":["theMarked:ArtifactOfAir","Blood Vial","Strawberry","Happy Flower","TungstenRod","Mummified Hand","Tiny House","Enchiridion"],"acts_visited":["Exordium","TheCity"],"potions_floor_usage":[],"damage_taken":[{"damage":2,"enemies":"Jaw Worm","floor":1,"turns":3},{"damage":0,"enemies":"Cultist","floor":3,"turns":2},{"damage":0,"enemies":"2 Louse","floor":4,"turns":2},{"damage":24,"enemies":"Gremlin Nob","floor":7,"turns":4},{"damage":7,"enemies":"Lagavulin","floor":13,"turns":5},{"damage":0,"enemies":"Large Slime","floor":14,"turns":4},{"damage":19,"enemies":"The Guardian","floor":16,"turns":7},{"damage":30,"enemies":"2 Thieves","floor":18,"turns":4},{"damage":21,"enemies":"Shell Parasite","floor":19,"turns":4},{"damage":24,"enemies":"Snecko","floor":22,"turns":3}],"seed_played":"1202582153037534659","potions_obtained":[{"floor":13,"key":"Ancient Potion"},{"floor":16,"key":"FearPotion"},{"floor":17,"key":"Strength Potion"}],"is_trial":false,"path_per_floor":["M","?","M","M","?","R","E","?","T","?","$","?","E","M","R","B",null,"M","M","?","$","M"],"character_chosen":"THE_DEFAULT","items_purchased":["theMarked:BindingBlade","TungstenRod"],"campfire_rested":1,"item_purchase_floors":[11,11],"current_hp_per_floor":[68,37,39,41,30,51,36,61,61,61,61,61,56,58,58,41,82,52,33,21,21,0,0],"gold":28,"neow_bonus":"TRANSFORM_CARD","is_daily":false,"chose_seed":false,"campfire_upgraded":1,"win_rate":0.0,"timestamp":1609497408,"path_taken":["M","?","?","M","?","R","E","?","T","?","$","?","E","M","R","BOSS","M","M","?","$","M"],"items_purchased_type":["Card","Relic"],"build_version":"2020-12-22","purchased_purges":2,"victory":false,"max_hp_per_floor":[70,70,70,70,70,70,77,77,77,77,77,77,77,77,77,77,82,82,82,82,82,82,82],"card_choices":[{"not_picked":["theMarked:Static","theMarked:ResourceFulStrike"],"picked":"theMarked:SwordAndMagic","floor":1},{"not_picked":["theMarked:RepellingDischarge","theMarked:ResourceFulStrike"],"picked":"theMarked:WastefulDefense","floor":3},{"not_picked":["theMarked:Standoff","theMarked:TurnInvisible"],"picked":"theMarked:Seal","floor":4},{"not_picked":["theMarked:EnhanceMovement","theMarked:KeepCalmAndFightOn"],"picked":"theMarked:TakeOffHeels","floor":7},{"not_picked":["theMarked:SelfDefenseTraining","theMarked:ChainLightning"],"picked":"theMarked:Indomitable","floor":13},{"not_picked":["theMarked:Improvise","theMarked:BanishingStrike","theMarked:SwordAndMagic"],"picked":"SKIP","floor":14},{"not_picked":["theMarked:DispelDoubt","theMarked:FavorableWinds"],"picked":"theMarked:SummonStrength","floor":16},{"not_picked":["theMarked:Parry","theMarked:ElectricStrings"],"picked":"theMarked:WardOff","floor":17},{"not_picked":["theMarked:Parkour+1","theMarked:Indomitable"],"picked":"theMarked:EmpowerWeapon","floor":18},{"not_picked":["theMarked:TwofoldDefense","theMarked:WastefulAttack+1"],"picked":"theMarked:HeightenedSenses","floor":19}],"player_experience":617454,"relics_obtained":[{"floor":7,"key":"Strawberry"},{"floor":9,"key":"Happy Flower"},{"floor":13,"key":"Mummified Hand"}],"event_choices":[{"damage_healed":0,"gold_gain":108,"player_choice":"RE UP GO ","damage_taken":36,"relics_obtained":["Blood Vial"],"max_hp_gain":0,"max_hp_loss":0,"event_name":"betterSkull:BetterSkull","floor":2,"gold_loss":0,"cards_upgraded":["theMarked:Defend"]},{"damage_healed":0,"gold_gain":75,"player_choice":"Gold","damage_taken":11,"max_hp_gain":0,"max_hp_loss":0,"event_name":"betterThird:BetterGoop","floor":5,"gold_loss":0},{"damage_healed":25,"gold_gain":0,"player_choice":"Banana","damage_taken":0,"max_hp_gain":0,"max_hp_loss":0,"event_name":"Big Fish","floor":8,"gold_loss":0},{"damage_healed":0,"gold_gain":0,"player_choice":"Grow","damage_taken":0,"max_hp_gain":0,"max_hp_loss":0,"event_name":"Living Wall","floor":10,"gold_loss":0,"cards_upgraded":["theMarked:SoldierOfQuellstein"]},{"cards_removed":["theMarked:Strike"],"damage_healed":0,"gold_gain":0,"player_choice":"Card Removal","damage_taken":0,"max_hp_gain":0,"max_hp_loss":0,"event_name":"The Cleric","floor":12,"gold_loss":50},{"damage_healed":0,"gold_gain":0,"player_choice":"Obtained Book","damage_taken":16,"max_hp_gain":0,"max_hp_loss":0,"event_name":"Cursed Tome","floor":20,"gold_loss":0}],"is_beta":false,"boss_relics":[{"not_picked":["Cursed Key","SacredBark"],"picked":"Tiny House"}],"items_purged_floors":[21,21],"is_endless":false,"potions_floor_spawned":[13,16,18],"killed_by":"Snecko","ascension_level":3}}