{"host":"1zjc08c6hob33401","time":1609464837,"event":{"mods":["AchievementEnabler","Act Like it!","Aspiration","BaseMod","Downfall","Energized Spire","Evolution","GifTheSpireLib","Hubris","Infinite Spire","Jedi Mod","Minty Spire (QoL Compilation)","Pale of the Ancients","Quick Restart","Replay The Spire","Retaliation","Shop Mod","StSLib","Stuff the Spire","The Blue Laboratory","Wandering Minibosses","vexMod"],"gold_per_floor":[115,115,128,147,164,164,196,196,241,272,272,272,305,44,44,140,140,152,169,169,181,194,194,223,235,247,278,290,332,364,389,401,513,525,549,581,121,138,138,138,169,188,211,211,211,7,34,34,34,34,34,34,34,52,52,52,52,52,52],"floor_reached":59,"playtime":8109,"items_purged":["Looming Evil","Looming Evil"],"score":1178,"play_id":"9c0a25ae-291c-4f00-8ce4-b9653f39e421","local_time":"20210101033357","is_ascension_mode":true,"campfire_choices":[{"data":"Fusion","floor":6.0,"key":"SMITH"},{"floor":15.0,"key":"REST"},{"data":"jedi:BurstDark","floor":23.0,"key":"SMITH"},{"floor":28.0,"key":"REST"},{"data":"Seek","floor":40.0,"key":"SMITH"},{"data":"jedi:reiji","floor":45.0,"key":"SMITH"},{"data":"Core Surge","floor":48,"key":"SMITH"},{"data":"Dualcast","floor":54,"key":"SMITH"},{"data":"Night Terror","floor":56,"key":"SMITH"}],"circlet_count":0,"master_deck":["jedi:BurstLightning","Strike_B","Strike_B","Zap","Dualcast+1","Seek+1","Streamline","StuffTheSpire:Rend","Glacier","jedi:locknload","Fusion+1","jedi:reiji+1","Ball Lightning","ReplaySort","jedi:BurstDark+1","BasicCrystalCard","StuffTheSpire:Plugnplay+1","Beam Cell+1","Sweeping Beam+1","Sunder+1","StuffTheSpire:LoadUp","Echo Form+1","jedi:hex+1","Auto Shields","Electrodynamics+1","jedi:spotbugs+1","jedi:BurstLightning+1","jedi:sharpshooter+1","Double Energy+1","Core Surge+1","jedi:brewingpoison","Night Terror+1","Riddle With Holes"],"relics":["Cracked Core","EVO:Axolotl","Replay:Rubber Ducky","Ring of Shattering","Bag of Marbles","aspiration:MysteriousAuxiliaryCore","Symbiotic Virus","StuffTheSpire:ColdMirror","Cables","aspiration:BursterCore","Nloth\u0027s Gift","MawBank","Du-Vu Doll","aspiration:HiddenCompartment","aspiration:RunicSpoon","Eternal Feather","vexMod:PaidLearning","wanderingMiniBosses:AbyssPearl","vexMod:ScavengeHelm","aspiration:TomeofQuesting","StuffTheSpire:CocoNut","ReplayTheSpireMod:CursedCoin","Replay:Bottled Snecko","hubris:Teleporter","paleoftheancients:Timepiece","paleoftheancients:KeyRelic","Meat on the Bone","Coffee Dripper","Gremlin Horn","jedi:matchstick","paleoftheancients:SoulOfTheDefect","hubris:DisguiseKit"],"acts_visited":["Exordium","TheCity","TheBeyond","paleoftheancients:PaleOfTheAncients"],"potions_floor_usage":[49,55],"damage_taken":[{"damage":0.0,"enemies":"Small Slimes","floor":1.0,"turns":3.0},{"damage":1.0,"enemies":"Cultist","floor":3.0,"turns":3.0},{"damage":1.0,"enemies":"2 Louse","floor":4.0,"turns":3.0},{"damage":0.0,"enemies":"Large Slime","floor":5.0,"turns":4.0},{"damage":11.0,"enemies":"Replay:BlueRogue","floor":7.0,"turns":4.0},{"damage":35.0,"enemies":"Lagavulin","floor":10.0,"turns":4.0},{"damage":0.0,"enemies":"Gremlin Nob","floor":13.0,"turns":2.0},{"damage":49.0,"enemies":"Fading Forest","floor":16.0,"turns":11.0},{"damage":4.0,"enemies":"Shell Parasite","floor":18.0,"turns":3.0},{"damage":15.0,"enemies":"3 Byrds","floor":19.0,"turns":5.0},{"damage":24.0,"enemies":"Snake Plant","floor":21.0,"turns":2.0},{"damage":0.0,"enemies":"Centurion and Healer","floor":22.0,"turns":3.0},{"damage":18.0,"enemies":"Slavers","floor":24.0,"turns":3.0},{"damage":0.0,"enemies":"Cultist and Chosen","floor":27.0,"turns":3.0},{"damage":9.0,"enemies":"Book of Stabbing","floor":29.0,"turns":3.0},{"damage":0.0,"enemies":"Chosen and Byrds","floor":30.0,"turns":2.0},{"damage":0.0,"enemies":"Snake Plant","floor":31.0,"turns":1.0},{"damage":3.0,"enemies":"Collector","floor":33.0,"turns":3.0},{"damage":7.0,"enemies":"Orb Walker","floor":35.0,"turns":2.0},{"damage":9.0,"enemies":"3 Darklings","floor":36.0,"turns":3.0},{"damage":7.0,"enemies":"Transient","floor":38.0,"turns":5.0},{"damage":36.0,"enemies":"Giant Head","floor":41.0,"turns":7.0},{"damage":3.0,"enemies":"Writhing Mass","floor":42.0,"turns":2.0},{"damage":14.0,"enemies":"Reptomancer","floor":47.0,"turns":4.0},{"damage":28,"enemies":"infinitespire:MassOfShapes","floor":49,"turns":6},{"damage":127,"enemies":"infinitespire:MassOfShapes","floor":50,"turns":9},{"damage":18,"enemies":"infinitespire:MassOfShapes","floor":55,"turns":6},{"damage":100,"enemies":"paleoftheancients:N","floor":59,"turns":8}],"seed_played":"-7843152505329574583","potions_obtained":[{"floor":4.0,"key":"LiquidMemories"},{"floor":5.0,"key":"PowerPotion"},{"floor":10.0,"key":"jedi:tentaclejuice"},{"floor":24.0,"key":"FocusPotion"},{"floor":25.0,"key":"blueLaboratory:CreativityPotion"},{"floor":25.0,"key":"EssenceOfDarkness"},{"floor":29.0,"key":"Strength Potion"},{"floor":30.0,"key":"DistilledChaos"},{"floor":36.0,"key":"blueLaboratory:TrueEctoplasm"},{"floor":38.0,"key":"FairyPotion"},{"floor":41.0,"key":"SpeedPotion"}],"is_trial":false,"path_per_floor":["M","?","M","M","M","R","E","?","T","E","?","?","E","$","R","B",null,"M","M","?","M","M","R","E","?","T","M","R","E","M","M","R","B",null,"M","M","$","M","?","R","E","M","T","T","R","$","E","R","B","M","?","T","R","M","R","T","?","B"],"character_chosen":"DEFECT","items_purchased":["Cables","Eternal Feather","vexMod:PaidLearning","ReplayTheSpireMod:CursedCoin","Replay:Bottled Snecko"],"campfire_rested":2,"item_purchase_floors":[14,37,37,46,46],"current_hp_per_floor":[75,75,74,73,73,73,62,62,62,27,20,20,20,20,42,1,75,71,56,56,32,32,32,14,14,14,14,36,27,27,27,49,46,75,68,59,59,52,52,70,34,31,31,38,56,56,42,60,82,82,82,82,82,73,82,82,82,0,0],"gold":52,"neow_bonus":"ONE_RANDOM_RARE_CARD","is_daily":false,"chose_seed":false,"campfire_upgraded":7,"win_rate":0.0,"timestamp":1609464837,"path_taken":["M","?","M","?","M","R","E","?","T","E","?","?","E","?","R","BOSS","M","?","?","?","?","R","E","?","T","M","R","E","M","?","R","BOSS","M","M","$","?","?","R","E","M","T","?","R","$","E","R","BOSS","M","?","T","R","M","R","T","?","BOSS"],"items_purchased_type":["Relic","Relic","Relic","Relic","Relic"],"build_version":"2020-12-22","purchased_purges":2,"victory":false,"max_hp_per_floor":[75,75,75,75,75,75,75,75,75,75,75,75,75,75,75,75,75,75,75,75,75,75,75,75,75,75,75,75,75,75,75,75,75,75,75,75,75,75,75,75,75,75,75,82,82,82,82,82,82,82,82,82,82,82,82,82,82,82,82],"card_choices":[{"not_picked":["jedi:BurstFrost","Barrage"],"picked":"Streamline","floor":1.0},{"not_picked":["Turbo","Hologram"],"picked":"Glacier","floor":3.0},{"not_picked":["Turbo","Panic Button"],"picked":"jedi:locknload","floor":4.0},{"not_picked":["Panic Button","BasicCrystalCard"],"picked":"Fusion","floor":5.0},{"not_picked":["StuffTheSpire:EventHorizon","Beam Cell"],"picked":"jedi:reiji","floor":7.0},{"not_picked":["Cold Snap","Barrage"],"picked":"Ball Lightning","floor":10.0},{"not_picked":["jedi:BurstFrost","Go for the Eyes"],"picked":"ReplaySort","floor":13.0},{"not_picked":["StuffTheSpire:ForEach","All For One"],"picked":"jedi:BurstDark","floor":16.0},{"not_picked":["Go for the Eyes","Leap"],"picked":"BasicCrystalCard","floor":18.0},{"not_picked":["aspiration:Polymerization","Rip and Tear"],"picked":"StuffTheSpire:Plugnplay+1","floor":19.0},{"not_picked":["Leap","StuffTheSpire:Coldhearted"],"picked":"Beam Cell+1","floor":21.0},{"not_picked":["jedi:blockon+1","Stack"],"picked":"Sweeping Beam+1","floor":22.0},{"not_picked":["Double Energy","jedi:blockon"],"picked":"Sunder","floor":24.0},{"not_picked":["Consume","hubris:Ukulele+1"],"picked":"StuffTheSpire:LoadUp","floor":27.0},{"not_picked":["Turbo","jedi:hex"],"picked":"Echo Form","floor":29.0},{"not_picked":["Consume","Streamline+1"],"picked":"jedi:hex+1","floor":30.0},{"not_picked":["StuffTheSpire:GlassShard","White Noise"],"picked":"Auto Shields","floor":31.0},{"not_picked":["Multi-Cast","Thunder Strike"],"picked":"Electrodynamics","floor":33.0},{"not_picked":["ReplayTheSpireMod:Reroute Power+1","jedi:blockon+1"],"picked":"jedi:spotbugs+1","floor":35.0},{"not_picked":["Rebound+1","Panic Button"],"picked":"jedi:BurstLightning+1","floor":36.0},{"not_picked":["jedi:blockon","Beam Cell+1","StuffTheSpire:GlassShard+1"],"picked":"SKIP","floor":38.0},{"not_picked":["Fission","StuffTheSpire:SnapShoot+1"],"picked":"jedi:sharpshooter+1","floor":41.0},{"not_picked":["Rebound","jedi:BurstFrost+1"],"picked":"Double Energy+1","floor":42.0},{"not_picked":["Redo","aspiration:Polymerization+1"],"picked":"Core Surge","floor":47.0},{"not_picked":["jedi:blockon","Melter","Panic Button+1"],"picked":"SKIP","floor":55}],"player_experience":426958,"relics_obtained":[{"floor":7.0,"key":"Replay:Rubber Ducky"},{"floor":8.0,"key":"Ring of Shattering"},{"floor":8.0,"key":"Ring of Hypnosis"},{"floor":9.0,"key":"Bag of Marbles"},{"floor":10.0,"key":"aspiration:MysteriousAuxiliaryCore"},{"floor":13.0,"key":"StuffTheSpire:ColdMirror"},{"floor":24.0,"key":"MawBank"},{"floor":26.0,"key":"Du-Vu Doll"},{"floor":29.0,"key":"aspiration:HiddenCompartment"},{"floor":38.0,"key":"wanderingMiniBosses:AbyssPearl"},{"floor":41.0,"key":"vexMod:ScavengeHelm"},{"floor":43.0,"key":"aspiration:TomeofQuesting"},{"floor":44.0,"key":"StuffTheSpire:CocoNut"},{"floor":47.0,"key":"hubris:Teleporter"},{"floor":53,"key":"jedi:matchstick"},{"floor":55,"key":"paleoftheancients:SoulOfTheDefect"},{"floor":57,"key":"hubris:DisguiseKit"}],"event_choices":[{"damage_healed":0.0,"max_hp_gain":0.0,"max_hp_loss":0.0,"gold_gain":0.0,"cards_transformed":["Defend_B"],"event_name":"Transmorgrifier","player_choice":"Transformed","floor":2.0,"gold_loss":0.0,"damage_taken":0.0,"cards_obtained":["StuffTheSpire:Rend"]},{"cards_removed":["Defend_B"],"damage_healed":0.0,"max_hp_gain":0.0,"max_hp_loss":0.0,"gold_gain":0.0,"event_name":"Golden Wing","player_choice":"Card Removal","floor":11.0,"gold_loss":0.0,"damage_taken":7.0},{"damage_healed":0.0,"max_hp_gain":0.0,"max_hp_loss":0.0,"gold_gain":0.0,"event_name":"N\u0027loth","player_choice":"Traded Relic","floor":20.0,"relics_lost":["Ring of Hypnosis"],"gold_loss":0.0,"damage_taken":0.0,"relics_obtained":["Nloth\u0027s Gift"]},{"damage_healed":0.0,"max_hp_gain":0.0,"max_hp_loss":0.0,"gold_gain":0.0,"event_name":"Lab","player_choice":"Got Potions","floor":25.0,"gold_loss":0.0,"damage_taken":0.0}],"is_beta":false,"boss_relics":[{"not_picked":["aspiration:Stellarator","Ring of Chaos"],"picked":"aspiration:BursterCore"},{"not_picked":["StuffTheSpire:RunicHypercube","hubris:HollowSoul"],"picked":"aspiration:RunicSpoon"}],"items_purged_floors":[37,46],"is_endless":false,"potions_floor_spawned":[4,5,10,24,29,30,36,38,41],"killed_by":"paleoftheancients:N","ascension_level":4}}