{"host":"q4axc00jr2bozlh9","time":1609461530,"event":{"mods":["AchievementEnabler","BaseMod","Bestiary","Colored Map","Colored Powertips","Curses Come First","Minty Spire (QoL Compilation)","Relic Stats","StSLib","SuperFastMode"],"gold_per_floor":[110,35,35,51,51,51,64,64,64,103,124,124,155,173,173,297,597,617,181,149,149,64,103,115,127,139,195,207,3,28,28,28,151,151,172,47,113,113,128,128,128,103,126,189,214,214,232,82,82,82],"floor_reached":51,"playtime":5744,"items_purged":["Strike_R","Strike_R","Defend_R","Defend_R"],"score":739,"play_id":"9c75c162-2251-4e8a-83a3-85f3c97bdde8","local_time":"20210101013850","is_ascension_mode":false,"campfire_choices":[{"data":"Armaments","floor":6,"key":"SMITH"},{"data":"True Grit","floor":12,"key":"SMITH"},{"data":"Warcry","floor":15,"key":"SMITH"},{"floor":24,"key":"REST"},{"floor":25,"key":"REST"},{"floor":28,"key":"REST"},{"data":"Metamorphosis","floor":32,"key":"SMITH"},{"floor":40,"key":"REST"},{"floor":41,"key":"REST"},{"data":"Armaments","floor":46,"key":"SMITH"},{"data":"Shrug It Off","floor":49,"key":"SMITH"}],"circlet_count":0,"master_deck":["Defend_R","Bash","Warcry+1","Armaments+1","Cleave","Fire Breathing+1","Rage","True Grit+1","Metallicize+1","Exhume","CurseOfTheBell","Metamorphosis+1","Metallicize+1","Flex","Master of Strategy","Shrug It Off+1","Carnage","Immolate","Reaper","Magnetism+1","Armaments+1"],"relics":["Burning Blood","Golden Idol","WingedGreaves","Ancient Tea Set","Frozen Egg 2","Calling Bell","Nunchaku","Pantograph","Old Coin","Boot","Nilry\u0027s Codex","Ice Cream","MawBank","Self Forming Clay","Shuriken","Velvet Choker","Bird Faced Urn","Centennial Puzzle","FossilizedHelix"],"acts_visited":["Exordium","TheCity","TheBeyond"],"potions_floor_usage":[13,13,13,16,16,20,23,23,23,27,33,37,50],"damage_taken":[{"damage":6,"enemies":"Jaw Worm","floor":1,"turns":3},{"damage":2,"enemies":"Small Slimes","floor":4,"turns":7},{"damage":1,"enemies":"Cultist","floor":7,"turns":4},{"damage":12,"enemies":"3 Sentries","floor":10,"turns":5},{"damage":0,"enemies":"3 Louse","floor":11,"turns":4},{"damage":20,"enemies":"Gremlin Nob","floor":13,"turns":4},{"damage":0,"enemies":"Large Slime","floor":14,"turns":7},{"damage":0,"enemies":"Slime Boss","floor":16,"turns":8},{"damage":18,"enemies":"Shell Parasite","floor":18,"turns":9},{"damage":24,"enemies":"2 Thieves","floor":20,"turns":5},{"damage":28,"enemies":"Slavers","floor":23,"turns":6},{"damage":13,"enemies":"Book of Stabbing","floor":27,"turns":8},{"damage":9,"enemies":"Shelled Parasite and Fungi","floor":30,"turns":6},{"damage":4,"enemies":"Champ","floor":33,"turns":14},{"damage":24,"enemies":"3 Shapes","floor":35,"turns":4},{"damage":68,"enemies":"2 Orb Walkers","floor":37,"turns":6},{"damage":20,"enemies":"Orb Walker","floor":39,"turns":4},{"damage":9,"enemies":"Mind Bloom Boss Battle","floor":44,"turns":8},{"damage":21,"enemies":"Sphere and 2 Shapes","floor":45,"turns":6},{"damage":27,"enemies":"3 Darklings","floor":47,"turns":5},{"damage":47,"enemies":"Awakened One","floor":50,"turns":16}],"seed_played":"-6343823651858038016","potions_obtained":[{"floor":7,"key":"EntropicBrew"},{"floor":11,"key":"AttackPotion"},{"floor":14,"key":"Block Potion"},{"floor":16,"key":"EssenceOfSteel"},{"floor":18,"key":"HeartOfIron"},{"floor":20,"key":"Block Potion"},{"floor":23,"key":"SkillPotion"},{"floor":30,"key":"HeartOfIron"},{"floor":35,"key":"ElixirPotion"},{"floor":44,"key":"SteroidPotion"}],"is_trial":false,"path_per_floor":["M","$","?","M","?","R","M","?","T","E","M","R","E","M","R","B",null,"M","$","M","?","?","E","R","R","T","E","R","$","M","?","R","B",null,"M","$","?","?","M","R","R","$","T","?","M","R","M","$","R","B",null],"character_chosen":"IRONCLAD","items_purchased":["Metamorphosis","Boot","Master of Strategy","Shrug It Off","Armaments"],"campfire_rested":5,"item_purchase_floors":[19,19,29,29,42],"current_hp_per_floor":[80,80,60,64,64,64,69,69,69,63,69,69,55,61,61,67,80,68,68,50,34,34,12,36,60,60,53,77,77,74,74,74,80,80,62,62,20,20,14,38,62,62,62,80,72,72,61,61,61,59],"gold":82,"neow_bonus":"TRANSFORM_CARD","is_daily":false,"chose_seed":false,"campfire_upgraded":6,"win_rate":0.0,"timestamp":1609461530,"path_taken":["M","$","?","M","?","R","M","?","T","E","M","R","E","?","R","BOSS","M","$","M","?","?","E","R","R","T","E","R","?","?","?","R","BOSS","M","$","?","?","M","R","R","$","T","?","M","R","M","$","R","BOSS"],"items_purchased_type":["Card","Relic","Card","Card","Card"],"build_version":"2020-12-22","purchased_purges":4,"victory":true,"max_hp_per_floor":[80,80,80,80,80,80,80,80,80,80,80,80,80,80,80,80,80,80,80,80,80,80,80,80,80,80,80,80,80,80,80,80,80,80,80,80,80,80,80,80,80,80,80,80,80,80,80,80,80,80],"relic_stats":{"Nunchaku":[15],"Centennial Puzzle":[12],"counters":[21,139],"Golden Idol":175,"Self Forming Clay":[105],"Shuriken":[20],"Pantograph":43,"Bird Faced Urn":[30],"Boot":[51],"MawBank":72,"obtain_stats":[{"Ice Cream":22,"Golden Idol":3,"Nilry\u0027s Codex":21,"Self Forming Clay":26,"Velvet Choker":34,"Frozen Egg 2":13,"Ancient Tea Set":10,"Boot":19,"MawBank":23,"Burning Blood":0,"Old Coin":17,"Calling Bell":17,"Nunchaku":17,"Centennial Puzzle":43,"Shuriken":27,"Pantograph":17,"Bird Faced Urn":37,"WingedGreaves":9,"FossilizedHelix":44},{"Ice Cream":10,"Golden Idol":1,"Nilry\u0027s Codex":10,"Self Forming Clay":11,"Velvet Choker":14,"Frozen Egg 2":6,"Ancient Tea Set":4,"Boot":9,"MawBank":11,"Burning Blood":0,"Old Coin":8,"Calling Bell":8,"Nunchaku":8,"Centennial Puzzle":17,"Shuriken":12,"Pantograph":8,"Bird Faced Urn":16,"WingedGreaves":3,"FossilizedHelix":18},{"Ice Cream":56,"Golden Idol":3,"Nilry\u0027s Codex":56,"Self Forming Clay":62,"Velvet Choker":90,"Frozen Egg 2":27,"Ancient Tea Set":19,"Boot":51,"MawBank":62,"Burning Blood":0,"Old Coin":42,"Calling Bell":42,"Nunchaku":42,"Centennial Puzzle":104,"Shuriken":70,"Pantograph":42,"Bird Faced Urn":100,"WingedGreaves":14,"FossilizedHelix":112}],"Burning Blood":118},"card_choices":[{"not_picked":["Anger","True Grit"],"picked":"Armaments","floor":1},{"not_picked":["Second Wind","Perfected Strike"],"picked":"Cleave","floor":4},{"not_picked":["Cleave","Heavy Blade"],"picked":"Fire Breathing","floor":7},{"not_picked":["Offering","Disarm"],"picked":"Rage","floor":10},{"not_picked":["Warcry","Twin Strike"],"picked":"True Grit","floor":11},{"not_picked":["Ghostly Armor","Feed"],"picked":"Metallicize+1","floor":13},{"not_picked":["Spot Weakness","Power Through","Body Slam"],"picked":"SKIP","floor":14},{"not_picked":["Corruption+1","Demon Form+1"],"picked":"Exhume","floor":16},{"not_picked":["Clothesline","Entrench","Twin Strike"],"picked":"SKIP","floor":18},{"not_picked":["Cleave","Clothesline","Sword Boomerang"],"picked":"SKIP","floor":20},{"not_picked":["Burning Pact+1","Intimidate"],"picked":"Metallicize+1","floor":23},{"not_picked":["Clash","Body Slam"],"picked":"Flex","floor":27},{"not_picked":["Wild Strike","Heavy Blade","Combust+1"],"picked":"SKIP","floor":30},{"not_picked":["Juggernaut+1","Corruption+1"],"picked":"Reaper","floor":33},{"not_picked":["Thunderclap","Clothesline","Anger+1"],"picked":"SKIP","floor":35},{"not_picked":["Sadistic Nature+1","Violence"],"picked":"Magnetism+1","floor":38},{"not_picked":["Flex+1","Twin Strike","Havoc+1"],"picked":"SKIP","floor":39},{"not_picked":["Carnage+1","Heavy Blade+1","Twin Strike+1"],"picked":"SKIP","floor":45},{"not_picked":["Carnage+1","Heavy Blade+1","Twin Strike+1"],"picked":"SKIP","floor":45},{"not_picked":["Blood for Blood","Thunderclap+1","Rage+1"],"picked":"SKIP","floor":47}],"player_experience":185206,"relics_obtained":[{"floor":9,"key":"WingedGreaves"},{"floor":10,"key":"Ancient Tea Set"},{"floor":13,"key":"Frozen Egg 2"},{"floor":17,"key":"Nunchaku"},{"floor":17,"key":"Pantograph"},{"floor":17,"key":"Old Coin"},{"floor":21,"key":"Nilry\u0027s Codex"},{"floor":23,"key":"MawBank"},{"floor":26,"key":"Self Forming Clay"},{"floor":27,"key":"Shuriken"},{"floor":37,"key":"Bird Faced Urn"},{"floor":43,"key":"Centennial Puzzle"},{"floor":44,"key":"FossilizedHelix"}],"event_choices":[{"damage_healed":0,"gold_gain":0,"player_choice":"Take Damage","damage_taken":20,"relics_obtained":["Golden Idol"],"max_hp_gain":0,"max_hp_loss":0,"event_name":"Golden Idol","floor":3,"gold_loss":0},{"cards_removed":["Strike_R"],"damage_healed":0,"gold_gain":0,"player_choice":"Forget","damage_taken":0,"max_hp_gain":0,"max_hp_loss":0,"event_name":"Living Wall","floor":5,"gold_loss":0},{"damage_healed":0,"gold_gain":0,"player_choice":"Upgraded","damage_taken":0,"max_hp_gain":0,"max_hp_loss":0,"event_name":"Upgrade Shrine","floor":8,"gold_loss":0,"cards_upgraded":["Fire Breathing"]},{"damage_healed":0,"gold_gain":0,"player_choice":"Obtained Book","damage_taken":16,"max_hp_gain":0,"max_hp_loss":0,"event_name":"Cursed Tome","floor":21,"gold_loss":0},{"damage_healed":0,"gold_gain":0,"player_choice":"Obtained Relic","damage_taken":0,"relics_obtained":["Ice Cream"],"max_hp_gain":0,"max_hp_loss":0,"event_name":"Addict","floor":22,"gold_loss":85},{"damage_healed":0,"gold_gain":0,"cards_transformed":["Strike_R","Defend_R"],"player_choice":"Became Test Subject","damage_taken":0,"max_hp_gain":0,"max_hp_loss":0,"event_name":"Drug Dealer","floor":31,"gold_loss":0,"cards_obtained":["Carnage","Immolate"]},{"damage_healed":0,"gold_gain":0,"player_choice":"Fight","damage_taken":0,"max_hp_gain":0,"max_hp_loss":0,"event_name":"Mysterious Sphere","floor":37,"gold_loss":0},{"damage_healed":0,"gold_gain":0,"player_choice":"Memory 1","damage_taken":0,"max_hp_gain":0,"max_hp_loss":0,"event_name":"SensoryStone","floor":38,"gold_loss":0},{"damage_healed":0,"gold_gain":0,"player_choice":"Fight","damage_taken":0,"max_hp_gain":0,"max_hp_loss":0,"event_name":"MindBloom","floor":44,"gold_loss":0}],"is_beta":false,"boss_relics":[{"not_picked":["Snecko Eye","Runic Dome"],"picked":"Calling Bell"},{"not_picked":["Empty Cage","Runic Pyramid"],"picked":"Velvet Choker"}],"items_purged_floors":[2,19,36,48],"is_endless":false,"potions_floor_spawned":[7,11,14,16,18,20,23,30,35,44],"ascension_level":0}}