{"host":"dcj2yvrgcvh5dl2s","time":1609477227,"event":{"mods":["BaseMod","Better Note","Block Reminder","Colored Powertips","DeckTracker","Minty Spire (QoL Compilation)","Quick Restart","Rare Cards Sparkle","Relic Stats","StSLib"],"gold_per_floor":[12,12,12,87,101,101,125,168,168,207,230,245,260,285,285,285,285],"floor_reached":16,"playtime":751,"items_purged":[],"score":213,"play_id":"7b4ea373-aa79-4da5-882b-7baa5c300223","local_time":"20210101150027","is_ascension_mode":true,"campfire_choices":[{"floor":6,"key":"REST"},{"floor":15,"key":"REST"}],"circlet_count":0,"master_deck":["AscendersBane","Strike_R","Strike_R","Strike_R","Strike_R","Defend_R","Defend_R","Defend_R","Defend_R","Bash","Cleave","Uppercut","Flex","Searing Blow"],"relics":["Burning Blood","Golden Idol","HornCleat","Self Forming Clay","Pen Nib","Odd Mushroom"],"acts_visited":["Exordium"],"potions_floor_usage":[8,10,10,11,14],"damage_taken":[{"damage":3,"enemies":"Small Slimes","floor":1,"turns":4},{"damage":4,"enemies":"2 Louse","floor":5,"turns":3},{"damage":7,"enemies":"Jaw Worm","floor":7,"turns":3},{"damage":50,"enemies":"Gremlin Nob","floor":8,"turns":5},{"damage":5,"enemies":"3 Sentries","floor":10,"turns":6},{"damage":1,"enemies":"Lots of Slimes","floor":11,"turns":4},{"damage":8,"enemies":"Looter","floor":12,"turns":3},{"damage":2,"enemies":"2 Fungi Beasts","floor":13,"turns":3},{"damage":9,"enemies":"The Mushroom Lair","floor":14,"turns":3},{"damage":53,"enemies":"Hexaghost","floor":16,"turns":9}],"seed_played":"6516477350527508539","potions_obtained":[{"floor":1,"key":"Explosive Potion"},{"floor":7,"key":"HeartOfIron"},{"floor":8,"key":"DistilledChaos"},{"floor":10,"key":"Fire Potion"},{"floor":13,"key":"SkillPotion"}],"is_trial":false,"path_per_floor":["M","?","?","?","M","R","M","E","T","E","M","M","M","?","R","B"],"character_chosen":"IRONCLAD","items_purchased":[],"campfire_rested":2,"item_purchase_floors":[],"current_hp_per_floor":[85,54,47,36,38,64,63,19,19,20,25,23,27,24,50,0,0],"gold":285,"neow_bonus":"TWENTY_PERCENT_HP_BONUS","is_daily":false,"chose_seed":false,"campfire_upgraded":0,"win_rate":0.0,"timestamp":1609477227,"path_taken":["M","?","?","?","M","R","M","E","T","E","M","M","M","?","R","BOSS"],"items_purchased_type":[],"build_version":"2020-12-22","purchased_purges":0,"victory":false,"max_hp_per_floor":[89,89,89,89,89,89,89,89,89,89,89,89,89,89,89,89,89],"relic_stats":{"counters":[10,43],"Golden Idol":41,"Self Forming Clay":[36],"Pen Nib":[3],"obtain_stats":[{"HornCleat":8,"Golden Idol":2,"Self Forming Clay":9,"Pen Nib":10,"Odd Mushroom":14,"Burning Blood":0},{"HornCleat":4,"Golden Idol":1,"Self Forming Clay":4,"Pen Nib":5,"Odd Mushroom":9,"Burning Blood":0},{"HornCleat":15,"Golden Idol":4,"Self Forming Clay":15,"Pen Nib":21,"Odd Mushroom":34,"Burning Blood":0}],"Burning Blood":54},"card_choices":[{"not_picked":["Combust","Armaments"],"picked":"Cleave","floor":1},{"not_picked":["Hemokinesis","Clash","Perfected Strike"],"picked":"SKIP","floor":5},{"not_picked":["Headbutt","Bloodletting","Body Slam"],"picked":"SKIP","floor":7},{"not_picked":["Clash","Combust","Thunderclap"],"picked":"SKIP","floor":8},{"not_picked":["Seeing Red","Sentinel","Headbutt"],"picked":"SKIP","floor":10},{"not_picked":["Heavy Blade","Bloodletting"],"picked":"Uppercut","floor":11},{"not_picked":["Bludgeon","Clash","Headbutt"],"picked":"SKIP","floor":12},{"not_picked":["Clothesline","Sentinel"],"picked":"Flex","floor":13},{"not_picked":["Havoc","Heavy Blade"],"picked":"Searing Blow","floor":14}],"player_experience":2141106,"relics_obtained":[{"floor":8,"key":"HornCleat"},{"floor":9,"key":"Self Forming Clay"},{"floor":10,"key":"Pen Nib"},{"floor":14,"key":"Odd Mushroom"}],"event_choices":[{"damage_healed":0,"gold_gain":0,"player_choice":"Take Damage","damage_taken":31,"relics_obtained":["Golden Idol"],"max_hp_gain":0,"max_hp_loss":0,"event_name":"Golden Idol","floor":2,"gold_loss":0},{"cards_removed":["Strike_R"],"damage_healed":0,"gold_gain":0,"player_choice":"Card Removal","damage_taken":7,"max_hp_gain":0,"max_hp_loss":0,"event_name":"Golden Wing","floor":3,"gold_loss":0},{"damage_healed":0,"gold_gain":75,"player_choice":"Gather Gold","damage_taken":11,"max_hp_gain":0,"max_hp_loss":0,"event_name":"World of Goop","floor":4,"gold_loss":0},{"damage_healed":0,"gold_gain":0,"player_choice":"Fought Mushrooms","damage_taken":0,"max_hp_gain":0,"max_hp_loss":0,"event_name":"Mushrooms","floor":14,"gold_loss":0}],"is_beta":false,"boss_relics":[],"items_purged_floors":[],"is_endless":false,"potions_floor_spawned":[1,7,8,10,13],"killed_by":"Hexaghost","ascension_level":18}}