{"host":"jm9833yuloeli2yd","time":1609476314,"event":{"mods":["AchievementEnabler","BaseMod","Better Altar","Better Match","Better Note","Better Sensory Stone","Better Skull","Better Third Choice","Better Vampires","BetterRewards","Colored Map","Colored Powertips","DeckTracker","Marked Mod","Minty Spire (QoL Compilation)","Permanent Neow","Quick Restart","StSLib","SuperFastMode"],"gold_per_floor":[110,126,136,116,127,160,160,191,191,191,218,218,242,242,242,336,336,351,369,369,158,158,158,158],"floor_reached":23,"playtime":1768,"items_purged":["Strike_R"],"score":355,"play_id":"da8d484f-abfd-4ab4-ad4a-4a4b92ad18ca","local_time":"20201231234514","is_ascension_mode":true,"campfire_choices":[{"data":"Uppercut","floor":7,"key":"SMITH"},{"floor":10,"key":"REST"},{"floor":15,"key":"REST"}],"circlet_count":0,"master_deck":["AscendersBane","Strike_R","Strike_R","Strike_R","Strike_R","Defend_R","Defend_R","Defend_R","Defend_R","Bash","Brutality","Uppercut+1","Exhume","Battle Trance","Pommel Strike","Wild Strike","Flame Barrier","Inflame+1","Rupture","Immolate","Secret Weapon","Apotheosis","Disarm"],"relics":["Burning Blood","InkBottle","Ginger","Gremlin Horn","Pear","Bloody Idol","Philosopher\u0027s Stone"],"acts_visited":["Exordium","TheCity"],"potions_floor_usage":[6,6,11,21,23,23,23],"damage_taken":[{"damage":10,"enemies":"Cultist","floor":1,"turns":4},{"damage":10,"enemies":"Small Slimes","floor":2,"turns":4},{"damage":4,"enemies":"Jaw Worm","floor":3,"turns":3},{"damage":19,"enemies":"Blue Slaver","floor":5,"turns":5},{"damage":24,"enemies":"Gremlin Nob","floor":6,"turns":4},{"damage":41,"enemies":"3 Sentries","floor":8,"turns":11},{"damage":19,"enemies":"Lagavulin","floor":11,"turns":6},{"damage":16,"enemies":"Exordium Wildlife","floor":13,"turns":6},{"damage":33,"enemies":"Slime Boss","floor":16,"turns":9},{"damage":25,"enemies":"Shell Parasite","floor":18,"turns":6},{"damage":33,"enemies":"3 Byrds","floor":19,"turns":2},{"damage":51,"enemies":"Slavers","floor":23,"turns":3}],"seed_played":"8766326398772314806","potions_obtained":[{"floor":3,"key":"Swift Potion"},{"floor":4,"key":"Regen Potion"},{"floor":8,"key":"BlessingOfTheForge"},{"floor":16,"key":"BloodPotion"},{"floor":19,"key":"Dexterity Potion"}],"is_trial":false,"path_per_floor":["M","M","M","?","M","E","R","E","T","R","E","?","M","?","R","B",null,"M","M","?","$","?","E"],"character_chosen":"IRONCLAD","items_purchased":["Disarm","EntropicBrew"],"campfire_rested":2,"item_purchase_floors":[21,21],"current_hp_per_floor":[64,60,62,62,49,43,43,8,8,30,27,27,17,17,40,13,63,44,17,17,32,31,0,0],"gold":158,"neow_bonus":"ONE_RANDOM_RARE_CARD","is_daily":false,"chose_seed":false,"campfire_upgraded":1,"win_rate":0.0,"timestamp":1609476314,"path_taken":["M","M","M","?","?","E","R","E","T","R","E","?","M","?","R","BOSS","M","M","?","$","?","E"],"items_purchased_type":["Card","Potion"],"build_version":"2020-12-22","purchased_purges":1,"victory":false,"max_hp_per_floor":[75,75,75,75,75,75,75,75,75,75,85,79,79,79,79,79,79,79,79,79,79,79,79,79],"card_choices":[{"not_picked":["Perfected Strike","Shrug It Off"],"picked":"Uppercut","floor":1},{"not_picked":["True Grit","Heavy Blade"],"picked":"Exhume","floor":2},{"not_picked":["Heavy Blade","Warcry"],"picked":"Battle Trance","floor":3},{"not_picked":["Shrug It Off","Dark Embrace"],"picked":"Pommel Strike","floor":5},{"not_picked":["Clash","Burning Pact"],"picked":"Wild Strike","floor":6},{"not_picked":["Ghostly Armor","Sentinel"],"picked":"Flame Barrier","floor":8},{"not_picked":["Thunderclap","Berserk"],"picked":"Inflame","floor":11},{"not_picked":["Anger","Intimidate"],"picked":"Rupture","floor":13},{"not_picked":["Corruption","Double Tap"],"picked":"Immolate","floor":16},{"not_picked":["Bloodletting","Flex","Pommel Strike"],"picked":"SKIP","floor":18},{"not_picked":["Iron Wave","Feel No Pain","Thunderclap"],"picked":"SKIP","floor":19},{"not_picked":["Purity","Jack Of All Trades"],"picked":"Secret Weapon","floor":20},{"not_picked":["Sadistic Nature","Finesse"],"picked":"Apotheosis","floor":20}],"player_experience":1227859,"relics_obtained":[{"floor":6,"key":"InkBottle"},{"floor":8,"key":"Ginger"},{"floor":9,"key":"Gremlin Horn"},{"floor":11,"key":"Pear"}],"event_choices":[{"damage_healed":0,"gold_gain":0,"player_choice":"Bought 1 Potion","damage_taken":0,"max_hp_gain":0,"max_hp_loss":0,"event_name":"The Woman in Blue","floor":4,"gold_loss":0},{"damage_healed":0,"gold_gain":0,"player_choice":"Lose Max HP","damage_taken":0,"relics_obtained":["Golden Idol"],"max_hp_gain":0,"max_hp_loss":6,"event_name":"Golden Idol","floor":12,"gold_loss":0},{"damage_healed":0,"gold_gain":0,"player_choice":"Grow","damage_taken":0,"max_hp_gain":0,"max_hp_loss":0,"event_name":"Living Wall","floor":14,"gold_loss":0,"cards_upgraded":["Inflame"]},{"damage_healed":0,"gold_gain":2,"player_choice":"1","damage_taken":0,"max_hp_gain":0,"max_hp_loss":0,"event_name":"betterStone:BetterStone","floor":20,"gold_loss":0},{"damage_healed":0,"gold_gain":0,"player_choice":" GoldIdol ","damage_taken":1,"relics_obtained":["Bloody Idol"],"max_hp_gain":32,"max_hp_loss":31,"event_name":"betterAltar:BetterAltar","floor":22,"potions_obtained":[],"relics_lost":["Golden Idol"],"gold_loss":0}],"is_beta":false,"boss_relics":[{"not_picked":["Black Blood","Astrolabe"],"picked":"Philosopher\u0027s Stone"}],"items_purged_floors":[21],"is_endless":false,"potions_floor_spawned":[3,5,8,16,19],"killed_by":"Slavers","ascension_level":14}}