{"host":"0rxdudjy6rylha1k","time":1609531636,"event":{"mods":["Aspiration","BaseMod","Colored Map","Colored Powertips","Downfall","Highlight Path","Hubris","Minty Spire (QoL Compilation)","StSLib"],"gold_per_floor":[99,110,126,145,295,295,295,220,94,104,121,155,155,169,179,282,282,207,218,229,229,329,40,40,40,50,50,61,76,76,76,96,200,200,200,214,214,214,468,482,482,482,502,502,502,552,552,562,576,576],"floor_reached":51,"playtime":6813,"items_purged":["Slimebound:Icky","Injury"],"score":961,"play_id":"05c7f54a-7057-41d4-844c-3e527d9a369f","local_time":"20210101130716","is_ascension_mode":true,"campfire_choices":[{"floor":1.0,"key":"RECALL"},{"data":"Guardian:Harden","floor":8.0,"key":"SMITH"},{"data":"Guardian:RefractedBeam+1","floor":18.0,"key":"SMITH"},{"floor":25.0,"key":"REST"},{"floor":30.0,"key":"REST"},{"data":"Guardian:StasisEngine","floor":35.0,"key":"SMITH"},{"data":"Guardian:RefractedBeam+2","floor":42.0,"key":"SMITH"},{"data":"Guardian:CurlUp","floor":47.0,"key":"SMITH"}],"circlet_count":0,"master_deck":["Guardian:CurlUp+1","Guardian:TwinSlam","Guardian:Harden+1","Guardian:VentSteam","Guardian:WalkerClaw","Guardian:GemFinder","Guardian:PolyBeam+1","Guardian:Incinerate+1","Guardian:RefractedBeam+3","Guardian:PrimingBeam+1","Guardian:BaubleBeam+1","Guardian:Planning+1","Guardian:FastForward+1","Guardian:FloatingOrbs","Guardian:EvasiveProtocol+1","Guardian:GemFire+1","J.A.X.","Guardian:TimeSifter+1","Guardian:Gem_Cyan","Guardian:Gem_Cyan","Guardian:DonusPower+1","Guardian:Repulse","Guardian:SentryBeam+1","Guardian:Recover","Guardian:Gem_Cyan","Guardian:StasisEngine+1","Guardian:Gem_Green","Guardian:Emergency","Guardian:FloatingOrbs","Guardian:SpikerProtocol","Guardian:PiercingHide+1","Guardian:Gem_Crimson"],"relics":["Guardian:ModeShifter","Lantern","Molten Egg 2","downfall:HeartBlessingRed","Guardian:SackOfGems","Astrolabe","downfall:HeartBlessingBlue","hubris:Towel","MutagenicStrength","Membership Card","Bag of Preparation","hubris:CrystalStatue","Pandora\u0027s Box","hubris:Icosahedron","Blood Vial","Gremlin Horn","InkBottle","Toy Ornithopter"],"acts_visited":["Exordium","TheCity","TheBeyond"],"potions_floor_usage":[50],"damage_taken":[{"damage":9.0,"enemies":"Cultist","floor":2.0,"turns":5.0},{"damage":3.0,"enemies":"Jaw Worm","floor":3.0,"turns":5.0},{"damage":0.0,"enemies":"2 Louse","floor":4.0,"turns":2.0},{"damage":0.0,"enemies":"downfall:FleeingMerchant","floor":9.0,"turns":4.0},{"damage":4.0,"enemies":"2 Fungi Beasts","floor":10.0,"turns":4.0},{"damage":0.0,"enemies":"Exordium Wildlife","floor":11.0,"turns":1.0},{"damage":14.0,"enemies":"Gremlin Nob","floor":12.0,"turns":5.0},{"damage":0.0,"enemies":"Blue Slaver","floor":14.0,"turns":3.0},{"damage":13.0,"enemies":"Large Slime","floor":15.0,"turns":6.0},{"damage":27.0,"enemies":"downfall:Silent","floor":16.0,"turns":8.0},{"damage":4.0,"enemies":"Shell Parasite","floor":19.0,"turns":4.0},{"damage":0.0,"enemies":"3 Byrds","floor":20.0,"turns":3.0},{"damage":24.0,"enemies":"downfall:Augmenter","floor":22.0,"turns":5.0},{"damage":15.0,"enemies":"downfall:FleeingMerchant","floor":23.0,"turns":4.0},{"damage":3.0,"enemies":"Cultist and Chosen","floor":26.0,"turns":2.0},{"damage":3.0,"enemies":"Snake Plant","floor":28.0,"turns":1.0},{"damage":3.0,"enemies":"Snecko","floor":29.0,"turns":1.0},{"damage":0.0,"enemies":"Centurion and Healer","floor":32.0,"turns":2.0},{"damage":3.0,"enemies":"downfall:Watcher","floor":33.0,"turns":3.0},{"damage":0.0,"enemies":"3 Darklings","floor":36.0,"turns":1.0},{"damage":3.0,"enemies":"downfall:FleeingMerchant","floor":39.0,"turns":3.0},{"damage":0.0,"enemies":"Orb Walker","floor":40.0,"turns":2.0},{"damage":3.0,"enemies":"3 Darklings","floor":43.0,"turns":4.0},{"damage":3.0,"enemies":"Spire Growth","floor":48.0,"turns":3.0},{"damage":0.0,"enemies":"4 Shapes","floor":49.0,"turns":7.0},{"damage":10,"enemies":"downfall:Defect","floor":50,"turns":4}],"seed_played":"-3201043123353723228","potions_obtained":[{"floor":3.0,"key":"Guardian:DefensiveModePotion"},{"floor":4.0,"key":"Explosive Potion"},{"floor":12.0,"key":"Guardian:DefensiveModePotion"},{"floor":14.0,"key":"Explosive Potion"},{"floor":16.0,"key":"SteroidPotion"},{"floor":20.0,"key":"LiquidMemories"},{"floor":26.0,"key":"Fire Potion"},{"floor":33.0,"key":"AttackPotion"},{"floor":36.0,"key":"SteroidPotion"},{"floor":40.0,"key":"AttackPotion"},{"floor":43.0,"key":"Block Potion"}],"is_trial":false,"path_per_floor":["R","M","M","M","?","?","T","R","$","M","M","E","?","M","M","B",null,"R","M","M","?","?","$","T","R","M","?","M","M","R","?","M","B",null,"R","M","?","?","$","M","T","R","M","?","?","T","R","M","M","B",null],"character_chosen":"GUARDIAN","items_purchased":["Guardian:PolyBeam+1","Membership Card","Bag of Preparation","Blood Vial"],"campfire_rested":2,"item_purchase_floors":[9,23,23,39],"current_hp_per_floor":[72,63,60,60,60,60,60,60,60,56,56,42,42,42,29,2,61,71,67,67,67,43,28,28,55,52,52,49,46,73,73,73,70,85,85,85,85,85,82,84,84,84,87,87,90,90,90,87,89,85],"gold":576,"neow_bonus":"RANDOM_COMMON_RELIC","is_daily":false,"chose_seed":false,"campfire_upgraded":5,"win_rate":0.0,"timestamp":1609531636,"path_taken":["R","M","?","M","?","?","T","R","$","M","M","E","?","M","M","BOSS","R","M","M","?","?","?","T","R","M","?","M","M","R","?","M","BOSS","R","M","?","?","$","M","T","R","M","?","?","?","R","?","M","BOSS"],"items_purchased_type":["Card","Relic","Relic","Relic"],"build_version":"2020-12-22","purchased_purges":2,"victory":true,"max_hp_per_floor":[80,80,80,80,80,80,80,80,80,80,80,80,80,80,80,80,80,90,90,90,90,90,90,90,90,90,90,90,90,90,90,90,90,90,90,90,90,90,90,90,90,90,90,90,90,90,90,90,90,90],"card_choices":[{"not_picked":["Guardian:Planning","Guardian:Gem_Red"],"picked":"Guardian:Harden","floor":2.0},{"not_picked":["Guardian:Gem_Lightblue","Guardian:Suspension"],"picked":"Guardian:VentSteam","floor":3.0},{"not_picked":["Guardian:ChargeCore","Guardian:Incinerate"],"picked":"Guardian:WalkerClaw","floor":4.0},{"not_picked":["Guardian:RollAttack+1","Guardian:WalkerClaw+1"],"picked":"Guardian:GemFinder","floor":9.0},{"not_picked":["Guardian:Gem_Cyan","Guardian:Gem_Green"],"picked":"Guardian:Gem_Red","floor":10.0},{"not_picked":["Guardian:ShieldCharger","Guardian:BronzeArmor"],"picked":"Guardian:Gem_Fragmented","floor":10.0},{"not_picked":["Guardian:Gem_Cyan","Guardian:Gem_Green"],"picked":"Guardian:Gem_Red","floor":11.0},{"not_picked":["Guardian:ShieldCharger","Guardian:Planning"],"picked":"Guardian:Incinerate+1","floor":11.0},{"not_picked":["Guardian:Gem_Lightblue","Guardian:Gem_Green"],"picked":"Guardian:Gem_Red","floor":12.0},{"not_picked":["Guardian:ShieldSpikes","Guardian:Gem_Cyan","Guardian:RollAttack+1"],"picked":"SKIP","floor":12.0},{"not_picked":["Guardian:ChargeCore+1","Guardian:Reroute+1"],"picked":"Guardian:RefractedBeam+1","floor":14.0},{"not_picked":["Guardian:EvasiveProtocol","Guardian:Recover"],"picked":"Guardian:PrimingBeam+1","floor":15.0},{"not_picked":["Guardian:ExploitGems","Guardian:FierceBash+1"],"picked":"Guardian:BaubleBeam+1","floor":16.0},{"not_picked":["Guardian:Gem_Green","Guardian:TemporalStrike+1"],"picked":"Guardian:FloatingOrbs","floor":19.0},{"not_picked":["Guardian:ChargeUp+1","Guardian:ShieldCharger"],"picked":"Guardian:EvasiveProtocol+1","floor":20.0},{"not_picked":[],"picked":"J.A.X.","floor":22.0},{"not_picked":["Guardian:Reroute+1","Guardian:ChargeCore+1"],"picked":"Guardian:TimeSifter","floor":22.0},{"not_picked":["Guardian:TemporalShield+1","Guardian:Gem_Lightblue","Guardian:Reroute+1"],"picked":"SKIP","floor":23.0},{"not_picked":["Guardian:Gem_Red","Guardian:Gem_Lightblue"],"picked":"Guardian:Gem_Cyan","floor":26.0},{"not_picked":["Guardian:Gem_Red","Guardian:Gem_Green"],"picked":"Guardian:Gem_Cyan","floor":26.0},{"not_picked":["Guardian:ChargeUp","Guardian:PrismaticBarrier"],"picked":"Guardian:DonusPower+1","floor":26.0},{"not_picked":["Guardian:FuturePlans","Guardian:GuardianWhirl+1"],"picked":"Guardian:Repulse","floor":28.0},{"not_picked":["Guardian:WalkerClaw+1","Guardian:Repulse+1"],"picked":"Guardian:SentryBeam+1","floor":29.0},{"not_picked":["Guardian:Gem_Cyan","Guardian:Emergency"],"picked":"Guardian:Recover","floor":32.0},{"not_picked":["Guardian:Gem_Red","Guardian:Gem_Lightblue"],"picked":"Guardian:Gem_Cyan","floor":33.0},{"not_picked":["Guardian:Gem_Orange","Guardian:AncientConstruct"],"picked":"Guardian:StasisEngine","floor":33.0},{"not_picked":["Guardian:Gem_Lightblue","Guardian:Gem_Red"],"picked":"Guardian:Gem_Green","floor":33.0},{"not_picked":["Guardian:PrimingBeam+1","Guardian:ShieldSpikes"],"picked":"Guardian:PiercingHide+1","floor":36.0},{"not_picked":["Guardian:RevengeProtocol","Guardian:Emergency+1"],"picked":"Guardian:Gem_Crimson","floor":39.0},{"not_picked":["Guardian:ArmoredProtocol","Guardian:TemporalStrike+1","Guardian:TemporalShield"],"picked":"SKIP","floor":40.0},{"not_picked":["Guardian:BronzeOrb+1","Guardian:EvasiveProtocol","Guardian:TemporalStrike+1"],"picked":"SKIP","floor":43.0},{"not_picked":["Guardian:TemporalShield+1","Guardian:PiercingHide","Guardian:Suspension"],"picked":"SKIP","floor":48.0},{"not_picked":["Guardian:RollAttack+1","Guardian:DonusPower","Guardian:EvasiveProtocol+1"],"picked":"SKIP","floor":49.0}],"player_experience":2433971,"relics_obtained":[{"floor":12.0,"key":"Guardian:SackOfGems"},{"floor":22.0,"key":"MutagenicStrength"},{"floor":24.0,"key":"hubris:CrystalStatue"},{"floor":41.0,"key":"Gremlin Horn"},{"floor":44.0,"key":"InkBottle"},{"floor":46.0,"key":"Toy Ornithopter"}],"event_choices":[],"is_beta":false,"boss_relics":[{"not_picked":["Coffee Dripper","aspiration:DefectSkillbook"],"picked":"Astrolabe"},{"not_picked":["aspiration:RunicSpoon","Snecko Eye"],"picked":"Pandora\u0027s Box"}],"items_purged_floors":[9,23],"is_endless":false,"potions_floor_spawned":[3,4,12,14,16,20,26,33,36,40,43],"ascension_level":8}}