{"host":"Bilverbakes","time":1609529856,"event":{"mods":["2.2 Compatiblity","AchievementEnabler","BaseMod","Bestiary","Colored Map","Minty Spire (QoL Compilation)","Relic Stats","StSLib","ojb\u0027s Info Mod"],"gold_per_floor":[111,111,36,36,54,54,64,98,98,127,137,170,70,84,84,161,161,120,120,10,10,21,21,54,65,65,65,82,114,114,127,127,200,200,220,230,241,241,255,255,255,255,255],"floor_reached":42,"playtime":2811,"items_purged":["Strike_G","Strike_G"],"score":969,"play_id":"6df81d84-aeaa-4b45-b94b-a47b760a585b","local_time":"20210101133736","is_ascension_mode":true,"campfire_choices":[{"data":"Neutralize","floor":6.0,"key":"SMITH"},{"data":"Noxious Fumes","floor":15,"key":"SMITH"},{"data":"Dash","floor":23,"key":"SMITH"},{"data":"Blade Dance","floor":27,"key":"SMITH"},{"data":"Crippling Poison","floor":30,"key":"SMITH"},{"data":"Poisoned Stab","floor":32,"key":"SMITH"},{"data":"Dodge and Roll","floor":40,"key":"SMITH"}],"circlet_count":0,"master_deck":["AscendersBane","Strike_G+1","Strike_G","Defend_G","Defend_G","Defend_G","Defend_G","Defend_G","Survivor","Neutralize+1","Dash+1","Underhanded Strike","Dash+1","Noxious Fumes+1","Leg Sweep","Poisoned Stab+1","Blur","Dodge and Roll+1","Grand Finale","Backstab+1","Crippling Poison+1","Expertise","Blade Dance+1","Die Die Die","Tools of the Trade+1","Blade Dance+1","Deflect","Backflip"],"relics":["Ring of the Snake","NeowsBlessing","Ornamental Fan","Oddly Smooth Stone","MealTicket","Nunchaku","Coffee Dripper","InkBottle","Strawberry","Bottled Flame","Bottled Lightning","SlaversCollar"],"acts_visited":["Exordium","TheCity","TheBeyond"],"potions_floor_usage":[12,16,24,33,33,36,41],"damage_taken":[{"damage":0.0,"enemies":"2 Louse","floor":1.0,"turns":1.0},{"damage":0.0,"enemies":"Jaw Worm","floor":5.0,"turns":1.0},{"damage":0.0,"enemies":"Cultist","floor":7.0,"turns":1.0},{"damage":21.0,"enemies":"Gremlin Nob","floor":8.0,"turns":6.0},{"damage":6.0,"enemies":"Lagavulin","floor":10.0,"turns":9.0},{"damage":3.0,"enemies":"Lots of Slimes","floor":11.0,"turns":5.0},{"damage":7,"enemies":"Gremlin Nob","floor":12,"turns":4},{"damage":0,"enemies":"Red Slaver","floor":14,"turns":4},{"damage":0,"enemies":"The Guardian","floor":16,"turns":12},{"damage":10,"enemies":"2 Thieves","floor":18,"turns":5},{"damage":2,"enemies":"3 Byrds","floor":22,"turns":7},{"damage":7,"enemies":"Slavers","floor":24,"turns":5},{"damage":7,"enemies":"Snake Plant","floor":25,"turns":5},{"damage":0,"enemies":"Snecko","floor":28,"turns":6},{"damage":3,"enemies":"Gremlin Leader","floor":29,"turns":7},{"damage":0,"enemies":"Centurion and Healer","floor":31,"turns":5},{"damage":7,"enemies":"Automaton","floor":33,"turns":12},{"damage":0,"enemies":"3 Shapes","floor":35,"turns":3},{"damage":15,"enemies":"3 Darklings","floor":36,"turns":4},{"damage":23,"enemies":"Maw","floor":37,"turns":8},{"damage":21,"enemies":"Sphere and 2 Shapes","floor":39,"turns":7},{"damage":0,"enemies":"Jaw Worm Horde","floor":41,"turns":1},{"damage":14,"enemies":"Giant Head","floor":42,"turns":7}],"seed_played":"-3683213097877926246","potions_obtained":[{"floor":4.0,"key":"BlessingOfTheForge"},{"floor":4.0,"key":"SpeedPotion"},{"floor":14,"key":"AttackPotion"},{"floor":18,"key":"EssenceOfSteel"},{"floor":22,"key":"Dexterity Potion"},{"floor":29,"key":"Energy Potion"},{"floor":35,"key":"BlessingOfTheForge"},{"floor":37,"key":"SmokeBomb"}],"is_trial":false,"path_per_floor":["M","?","$","?","M","R","M","E","T","E","M","E","$","M","R","B",null,"M","T","?","$","M","R","E","M","T","R","M","E","R","M","R","B",null,"M","M","M","?","M","R","M","E"],"character_chosen":"THE_SILENT","items_purchased":[],"campfire_rested":0,"item_purchase_floors":[],"current_hp_per_floor":[59,39,39,39,39,39,39,18,18,12,9,2,17,17,17,17,54,44,44,44,59,57,57,57,50,50,50,50,47,47,47,47,40,65,65,50,27,27,6,6,6,0,0],"gold":255,"neow_bonus":"THREE_ENEMY_KILL","is_daily":false,"chose_seed":false,"campfire_upgraded":7,"win_rate":0.0,"timestamp":1609529856,"path_taken":["M","?","$","?","?","R","?","E","T","E","M","E","$","M","R","BOSS","M","?","?","$","M","R","E","M","T","R","M","E","R","M","R","BOSS","M","M","?","?","?","R","M","E"],"items_purchased_type":[],"build_version":"2020-12-18","purchased_purges":2,"victory":false,"max_hp_per_floor":[66,66,66,66,66,66,66,66,66,66,66,66,66,66,66,66,66,66,66,66,66,66,66,73,73,73,73,73,73,73,73,73,73,73,73,73,73,73,73,73,73,73,73],"relic_stats":{"Nunchaku":[24],"counters":[23,125],"Ornamental Fan":[208],"MealTicket":30,"obtain_stats":[{"SlaversCollar":34,"Nunchaku":12,"Bottled Flame":26,"NeowsBlessing":0,"Ornamental Fan":8,"Strawberry":24,"Oddly Smooth Stone":9,"MealTicket":10,"Coffee Dripper":17,"Bottled Lightning":29,"InkBottle":19,"Ring of the Snake":0},{"SlaversCollar":17,"Nunchaku":7,"Bottled Flame":13,"NeowsBlessing":0,"Ornamental Fan":4,"Strawberry":12,"Oddly Smooth Stone":4,"MealTicket":5,"Coffee Dripper":9,"Bottled Lightning":15,"InkBottle":10,"Ring of the Snake":0},{"SlaversCollar":95,"Nunchaku":27,"Bottled Flame":65,"NeowsBlessing":0,"Ornamental Fan":9,"Strawberry":60,"Oddly Smooth Stone":9,"MealTicket":18,"Coffee Dripper":43,"Bottled Lightning":78,"InkBottle":48,"Ring of the Snake":0}],"InkBottle":[35],"Ring of the Snake":[46]},"card_choices":[{"not_picked":["Blade Dance","Reflex"],"picked":"Dash","floor":1.0},{"not_picked":["Cloak And Dagger","Prepared"],"picked":"Underhanded Strike","floor":5.0},{"not_picked":["Slice","Noxious Fumes"],"picked":"Dash","floor":7.0},{"not_picked":["Backflip","Prepared"],"picked":"Noxious Fumes","floor":8.0},{"not_picked":["Well Laid Plans","Dodge and Roll"],"picked":"Leg Sweep","floor":10.0},{"not_picked":["Slice","Expertise"],"picked":"Poisoned Stab","floor":11.0},{"not_picked":["Choke","Leg Sweep"],"picked":"Blur","floor":12},{"not_picked":["Underhanded Strike","Predator"],"picked":"Dodge and Roll","floor":14},{"not_picked":["Night Terror","Tools of the Trade"],"picked":"Grand Finale","floor":16},{"not_picked":["Endless Agony","Quick Slash"],"picked":"Backstab","floor":18},{"not_picked":["Backflip","Cloak And Dagger"],"picked":"Crippling Poison","floor":22},{"not_picked":["Poisoned Stab","Bane"],"picked":"Expertise","floor":24},{"not_picked":["Outmaneuver","Endless Agony"],"picked":"Blade Dance","floor":25},{"not_picked":["Outmaneuver","Poisoned Stab+1"],"picked":"Die Die Die","floor":28},{"not_picked":["Dagger Throw","Dodge and Roll","Deadly Poison"],"picked":"SKIP","floor":29},{"not_picked":["Terror","Concentrate","Reflex"],"picked":"SKIP","floor":31},{"not_picked":["Grand Finale","Envenom"],"picked":"Tools of the Trade","floor":33},{"not_picked":["Sucker Punch","Well Laid Plans"],"picked":"Blade Dance+1","floor":35},{"not_picked":["Deadly Poison","Dagger Spray","Quick Slash"],"picked":"SKIP","floor":36},{"not_picked":["Slice","Skewer"],"picked":"Deflect","floor":37},{"not_picked":["Bane+1","Dodge and Roll"],"picked":"Backflip","floor":39}],"player_experience":508706,"relics_obtained":[{"floor":8.0,"key":"Ornamental Fan"},{"floor":9.0,"key":"Oddly Smooth Stone"},{"floor":10.0,"key":"MealTicket"},{"floor":12,"key":"Nunchaku"},{"floor":19,"key":"InkBottle"},{"floor":24,"key":"Strawberry"},{"floor":26,"key":"Bottled Flame"},{"floor":29,"key":"Bottled Lightning"}],"event_choices":[{"damage_healed":0.0,"max_hp_gain":0.0,"max_hp_loss":0.0,"gold_gain":0.0,"event_name":"Shining Light","player_choice":"Entered Light","floor":2.0,"gold_loss":0.0,"damage_taken":20.0,"cards_upgraded":["Dash","Strike_G"]},{"damage_healed":0.0,"max_hp_gain":0.0,"max_hp_loss":0.0,"gold_gain":0.0,"event_name":"Lab","player_choice":"Got Potions","floor":4.0,"gold_loss":0.0,"damage_taken":0.0},{"cards_removed":["Strike_G"],"damage_healed":0,"gold_gain":0,"player_choice":"Upgrade and Remove","damage_taken":0,"max_hp_gain":0,"max_hp_loss":0,"event_name":"Designer","floor":20,"gold_loss":110,"cards_upgraded":["Backstab"]},{"damage_healed":0,"gold_gain":0,"player_choice":"Upgraded","damage_taken":0,"max_hp_gain":0,"max_hp_loss":0,"event_name":"Upgrade Shrine","floor":38,"gold_loss":0,"cards_upgraded":["Tools of the Trade"]}],"is_beta":true,"boss_relics":[{"not_picked":["Ring of the Serpent","Busted Crown"],"picked":"Coffee Dripper"},{"not_picked":["Runic Dome","Black Star"],"picked":"SlaversCollar"}],"items_purged_floors":[3,13],"is_endless":false,"potions_floor_spawned":[5,8,14,18,22,29,31,35,37],"killed_by":"Giant Head","ascension_level":18}}