{"host":"r53pw7z744tg3fxg","time":1609536172,"event":{"mods":["AchievementEnabler","BaseMod","Colored Map","Colored Powertips","Highlight Path","Minty Spire (QoL Compilation)","Quick Restart","Transform Curses"],"gold_per_floor":[112,122,142,161,161,188,144,171,471,501,501,209,224,237,237,237,237],"floor_reached":16,"playtime":724,"items_purged":[],"score":267,"play_id":"8589378b-8d17-4456-b84e-179b8ef24f8b","local_time":"20210101142252","is_ascension_mode":true,"campfire_choices":[{"floor":11.0,"key":"REST"},{"floor":15.0,"key":"REST"}],"circlet_count":0,"master_deck":["AscendersBane","Strike_P","Strike_P","Strike_P","Strike_P","Defend_P","Defend_P","Defend_P","Defend_P","Eruption","Vigilance","Wallop","FollowUp","Consecrate","BowlingBash","FlurryOfBlows","FearNoEvil","PathToVictory","Blasphemy"],"relics":["PureWater","GoldenEye","White Beast Statue","Turnip","Old Coin","Ancient Tea Set","Centennial Puzzle","TheAbacus"],"acts_visited":["Exordium"],"potions_floor_usage":[16,16],"damage_taken":[{"damage":0.0,"enemies":"Jaw Worm","floor":1.0,"turns":8.0},{"damage":0.0,"enemies":"2 Louse","floor":2.0,"turns":3.0},{"damage":1.0,"enemies":"Cultist","floor":3.0,"turns":3.0},{"damage":2.0,"enemies":"Looter","floor":4.0,"turns":4.0},{"damage":21.0,"enemies":"3 Sentries","floor":6.0,"turns":7.0},{"damage":10.0,"enemies":"Gremlin Nob","floor":8.0,"turns":4.0},{"damage":12.0,"enemies":"3 Sentries","floor":10.0,"turns":8.0},{"damage":7.0,"enemies":"Exordium Thugs","floor":13.0,"turns":3.0},{"damage":9.0,"enemies":"Red Slaver","floor":14.0,"turns":3.0},{"damage":72,"enemies":"The Guardian","floor":16,"turns":11}],"seed_played":"-1972350710575649898","potions_obtained":[{"floor":1.0,"key":"StancePotion"},{"floor":3.0,"key":"PowerPotion"},{"floor":8.0,"key":"EssenceOfSteel"},{"floor":10.0,"key":"BlessingOfTheForge"},{"floor":13.0,"key":"LiquidMemories"}],"is_trial":false,"path_per_floor":["M","M","M","M","?","E","?","E","T","E","R","$","M","M","R","B"],"character_chosen":"WATCHER","items_purchased":["Centennial Puzzle","TheAbacus"],"campfire_rested":2,"item_purchase_floors":[12,12],"current_hp_per_floor":[72,72,71,69,62,41,41,31,31,19,42,42,35,26,49,0,0],"gold":237,"neow_bonus":"TEN_PERCENT_HP_BONUS","is_daily":false,"chose_seed":false,"campfire_upgraded":0,"win_rate":0.0,"timestamp":1609536172,"path_taken":["M","M","M","M","?","E","?","E","T","E","R","$","M","M","R","BOSS"],"items_purchased_type":["Relic","Relic"],"build_version":"2020-12-22","purchased_purges":0,"victory":false,"max_hp_per_floor":[79,79,79,79,79,79,79,79,79,79,79,79,79,79,79,79,79],"card_choices":[{"not_picked":["Wireheading","JustLucky"],"picked":"Wallop","floor":1.0},{"not_picked":["Tantrum","JustLucky"],"picked":"FollowUp","floor":2.0},{"not_picked":["JustLucky","Protect"],"picked":"Consecrate","floor":3.0},{"not_picked":["Collect","Sanctity"],"picked":"BowlingBash","floor":4.0},{"not_picked":["BowlingBash","Study"],"picked":"FlurryOfBlows","floor":6.0},{"not_picked":["Wireheading","InnerPeace"],"picked":"FearNoEvil","floor":8.0},{"not_picked":["FollowUp","Crescendo"],"picked":"PathToVictory","floor":10.0},{"not_picked":["FlurryOfBlows","FlyingSleeves"],"picked":"Blasphemy","floor":13.0},{"not_picked":["FearNoEvil","FollowUp","Vengeance"],"picked":"SKIP","floor":14.0}],"player_experience":1179669,"relics_obtained":[{"floor":6.0,"key":"White Beast Statue"},{"floor":8.0,"key":"Turnip"},{"floor":9.0,"key":"Old Coin"},{"floor":10.0,"key":"Ancient Tea Set"}],"event_choices":[{"damage_healed":0.0,"max_hp_gain":0.0,"max_hp_loss":0.0,"gold_gain":0.0,"event_name":"Scrap Ooze","player_choice":"Success","floor":5.0,"gold_loss":0.0,"damage_taken":7.0,"relics_obtained":["GoldenEye"]},{"damage_healed":0.0,"max_hp_gain":0.0,"max_hp_loss":0.0,"gold_gain":0.0,"event_name":"World of Goop","player_choice":"Left Gold","floor":7.0,"gold_loss":44.0,"damage_taken":0.0}],"is_beta":false,"boss_relics":[],"items_purged_floors":[],"is_endless":false,"potions_floor_spawned":[1,3,8,10,13,14],"killed_by":"The Guardian","ascension_level":11}}