{"host":"6pfj0wha12yu6wq3","time":1609483907,"event":{"mods":["BaseMod","Colored Map","Colored Powertips","Curses Come First","DeckTracker","Minty Spire (QoL Compilation)","RNG Fix","Relic Sorter","Relic Stats","StSLib","ojb\u0027s Better Paths Mod","ojb\u0027s Info Mod"],"gold_per_floor":[13,26,26,39,56,89,107,139,215,215,235,235,250,279,279,355,355,375,13,13,13,19,52,62,62,62,81,112,124,124,23,23,100,100,119,119,137,157,172,172,6,37,113,141,156,169,199,217,217,217,217,217,217,15,45,45],"floor_reached":57,"playtime":7434,"items_purged":["Strike_G"],"score":2941,"play_id":"e7ad3cab-6107-49d7-9605-92f32ee36e81","local_time":"20210101015147","is_ascension_mode":true,"campfire_choices":[{"floor":10,"key":"REST"},{"data":"Leg Sweep","floor":12,"key":"SMITH"},{"data":"Doppelganger","floor":15,"key":"SMITH"},{"data":"Well Laid Plans","floor":25,"key":"SMITH"},{"data":"Bouncing Flask","floor":32,"key":"SMITH"},{"floor":40,"key":"RECALL"},{"data":"Bullet Time","floor":49,"key":"SMITH"},{"data":"Caltrops","floor":53,"key":"SMITH"}],"circlet_count":0,"master_deck":["AscendersBane","Strike_G","Defend_G","Defend_G","Defend_G","Defend_G","Defend_G","Survivor","Neutralize","Backstab","Flying Knee","Caltrops+1","Finisher","Poisoned Stab","Bouncing Flask+1","Dagger Throw","Leg Sweep+1","Backstab","Heel Hook","Dodge and Roll","Doppelganger+1","Bullet Time+1","Leg Sweep","Well Laid Plans+1","Blur+1","Dodge and Roll+1","Catalyst+1","Blur+1","Acrobatics+1","Impatience+1","Malaise+1","Catalyst+1","Deep Breath+1","Impatience+1","Outmaneuver+1","PiercingWail+1","Blur+1","Expertise+1","Well Laid Plans+1","Crippling Poison+1","Acrobatics+1","Prepared+1","Bouncing Flask+1"],"relics":["Ring of the Snake","Ancient Tea Set","Kunai","White Beast Statue","Cursed Key","Toxic Egg 2","Omamori","Meat on the Bone","Singing Bowl","Coffee Dripper","Frozen Eye","Eternal Feather","Frozen Egg 2","Happy Flower","Bottled Lightning","ClockworkSouvenir","Bag of Marbles"],"acts_visited":["Exordium","TheCity","TheBeyond","TheEnding"],"potions_floor_usage":[8,14,16,22,23,27,28,29,33,39,44,47,51,56,56],"damage_taken":[{"damage":2,"enemies":"Jaw Worm","floor":1,"turns":4},{"damage":0,"enemies":"Cultist","floor":2,"turns":4},{"damage":0,"enemies":"2 Louse","floor":4,"turns":2},{"damage":12,"enemies":"Gremlin Gang","floor":5,"turns":6},{"damage":31,"enemies":"Gremlin Nob","floor":6,"turns":4},{"damage":0,"enemies":"Looter","floor":7,"turns":3},{"damage":14,"enemies":"3 Sentries","floor":8,"turns":8},{"damage":0,"enemies":"2 Fungi Beasts","floor":11,"turns":2},{"damage":0,"enemies":"Blue Slaver","floor":13,"turns":2},{"damage":5,"enemies":"Lagavulin","floor":14,"turns":6},{"damage":13,"enemies":"The Guardian","floor":16,"turns":10},{"damage":8,"enemies":"Spheric Guardian","floor":18,"turns":5},{"damage":0,"enemies":"2 Thieves","floor":22,"turns":4},{"damage":7,"enemies":"Book of Stabbing","floor":23,"turns":6},{"damage":1,"enemies":"Snake Plant","floor":24,"turns":5},{"damage":7,"enemies":"Shelled Parasite and Fungi","floor":27,"turns":6},{"damage":9,"enemies":"Slavers","floor":28,"turns":7},{"damage":0,"enemies":"3 Cultists","floor":29,"turns":7},{"damage":2,"enemies":"Automaton","floor":33,"turns":12},{"damage":2,"enemies":"3 Darklings","floor":35,"turns":11},{"damage":20,"enemies":"Orb Walker","floor":37,"turns":3},{"damage":16,"enemies":"Maw","floor":38,"turns":7},{"damage":39,"enemies":"Jaw Worm Horde","floor":39,"turns":7},{"damage":0,"enemies":"Giant Head","floor":42,"turns":7},{"damage":0,"enemies":"Reptomancer","floor":44,"turns":7},{"damage":6,"enemies":"Sphere and 2 Shapes","floor":45,"turns":8},{"damage":0,"enemies":"4 Shapes","floor":46,"turns":11},{"damage":0,"enemies":"Giant Head","floor":47,"turns":5},{"damage":0,"enemies":"Maw","floor":48,"turns":4},{"damage":2,"enemies":"Awakened One","floor":50,"turns":23},{"damage":4,"enemies":"Donu and Deca","floor":51,"turns":16},{"damage":9,"enemies":"Shield and Spear","floor":55,"turns":8},{"damage":59,"enemies":"The Heart","floor":56,"turns":7}],"seed_played":"-7710188894819093580","potions_obtained":[{"floor":2,"key":"CultistPotion"},{"floor":7,"key":"Poison Potion"},{"floor":11,"key":"SteroidPotion"},{"floor":14,"key":"SmokeBomb"},{"floor":16,"key":"Block Potion"},{"floor":18,"key":"GamblersBrew"},{"floor":22,"key":"Energy Potion"},{"floor":23,"key":"Swift Potion"},{"floor":24,"key":"Fire Potion"},{"floor":27,"key":"PowerPotion"},{"floor":28,"key":"Explosive Potion"},{"floor":29,"key":"Poison Potion"},{"floor":33,"key":"DistilledChaos"},{"floor":35,"key":"DuplicationPotion"},{"floor":39,"key":"CunningPotion"},{"floor":44,"key":"SmokeBomb"},{"floor":45,"key":"LiquidMemories"},{"floor":47,"key":"DistilledChaos"},{"floor":55,"key":"Block Potion"}],"is_trial":false,"path_per_floor":["M","M","?","M","M","E","M","E","T","R","M","R","M","E","R","B",null,"M","$","?","?","M","E","M","R","T","M","E","M","$","$","R","B",null,"M","?","M","M","M","R","$","E","T","E","M","M","E","M","R","B","B",null,"R","$","E","B",null],"character_chosen":"THE_SILENT","items_purchased":["Toxic Egg 2","Impatience+1","Frozen Eye","ClockworkSouvenir","Prepared+1"],"campfire_rested":1,"item_purchase_floors":[19,31,41,54,54],"current_hp_per_floor":[57,57,62,62,50,19,19,5,5,26,26,26,26,21,21,8,55,47,47,47,47,47,40,39,39,39,44,47,47,47,47,47,45,65,63,55,47,43,18,18,18,30,30,42,48,48,50,50,74,72,68,75,77,77,68,21],"gold":45,"neow_bonus":"TRANSFORM_TWO_CARDS","is_daily":false,"chose_seed":false,"campfire_upgraded":6,"win_rate":0.0,"timestamp":1609483907,"path_taken":["M","M","?","M","?","E","M","E","T","R","M","R","M","E","R","BOSS","M","$","?","?","M","E","?","R","T","M","E","M","?","$","R","BOSS","M","?","?","M","M","R","$","E","T","E","M","M","E","M","R","BOSS","BOSS","R","$","E","BOSS"],"items_purchased_type":["Relic","Card","Relic","Relic","Card"],"build_version":"2020-12-22","purchased_purges":1,"victory":true,"max_hp_per_floor":[66,66,71,71,71,71,71,71,71,71,71,71,71,71,71,71,71,71,71,71,71,71,71,71,71,71,71,71,71,71,71,71,71,71,71,73,73,73,75,75,75,75,75,75,75,75,77,77,77,77,77,77,77,77,77,77],"relic_stats":{"Singing Bowl":6,"Happy Flower":[27],"counters":[33,227],"Eternal Feather":26,"Kunai":[82],"Cursed Key":2,"obtain_stats":[{"Singing Bowl":28,"Happy Flower":44,"Eternal Feather":42,"Omamori":23,"Frozen Egg 2":43,"Ancient Tea Set":6,"Cursed Key":17,"White Beast Statue":14,"ClockworkSouvenir":54,"Frozen Eye":41,"Coffee Dripper":34,"Bag of Marbles":55,"Kunai":8,"Bottled Lightning":47,"Toxic Egg 2":19,"Ring of the Snake":0,"Meat on the Bone":26},{"Singing Bowl":17,"Happy Flower":25,"Eternal Feather":24,"Omamori":14,"Frozen Egg 2":24,"Ancient Tea Set":5,"Cursed Key":11,"White Beast Statue":10,"ClockworkSouvenir":31,"Frozen Eye":23,"Coffee Dripper":19,"Bag of Marbles":32,"Kunai":7,"Bottled Lightning":28,"Toxic Egg 2":12,"Ring of the Snake":0,"Meat on the Bone":15},{"Singing Bowl":84,"Happy Flower":145,"Eternal Feather":138,"Omamori":66,"Frozen Egg 2":138,"Ancient Tea Set":20,"Cursed Key":51,"White Beast Statue":41,"ClockworkSouvenir":212,"Frozen Eye":131,"Coffee Dripper":103,"Bag of Marbles":220,"Kunai":31,"Bottled Lightning":169,"Toxic Egg 2":56,"Ring of the Snake":0,"Meat on the Bone":71}],"Ring of the Snake":[66],"Meat on the Bone":108},"card_choices":[{"not_picked":["Prepared","Dagger Throw"],"picked":"Caltrops","floor":1},{"not_picked":["Underhanded Strike","Flying Knee"],"picked":"Finisher","floor":2},{"not_picked":["Deadly Poison","PiercingWail"],"picked":"Poisoned Stab","floor":4},{"not_picked":["Dodge and Roll","Eviscerate"],"picked":"Bouncing Flask","floor":5},{"not_picked":["Expertise","Bane"],"picked":"Dagger Throw","floor":6},{"not_picked":["Backflip","Finisher"],"picked":"Leg Sweep","floor":7},{"not_picked":["Skewer","Blur"],"picked":"Backstab","floor":8},{"not_picked":["Concentrate","Poisoned Stab"],"picked":"Heel Hook","floor":11},{"not_picked":["Accuracy","Poisoned Stab"],"picked":"Dodge and Roll","floor":13},{"not_picked":["PiercingWail","Die Die Die"],"picked":"Doppelganger","floor":14},{"not_picked":["After Image","Venomology"],"picked":"Bullet Time","floor":16},{"not_picked":["All Out Attack","Deadly Poison"],"picked":"Leg Sweep","floor":18},{"not_picked":["Deflect+1","Noxious Fumes"],"picked":"Blur+1","floor":22},{"not_picked":["Underhanded Strike","Backstab","Dagger Spray"],"picked":"SKIP","floor":23},{"not_picked":["Distraction+1","Deadly Poison+1"],"picked":"Dodge and Roll+1","floor":24},{"not_picked":["Slice+1","Dagger Throw"],"picked":"Catalyst+1","floor":27},{"not_picked":["Accuracy","Deadly Poison+1"],"picked":"Blur+1","floor":28},{"not_picked":["Deflect+1","Tools of the Trade"],"picked":"Acrobatics+1","floor":29},{"not_picked":["After Image","Storm of Steel+1"],"picked":"Malaise+1","floor":33},{"not_picked":["Dodge and Roll+1","Flying Knee"],"picked":"Catalyst+1","floor":35},{"not_picked":["Mind Blast","Blind+1"],"picked":"Deep Breath+1","floor":36},{"not_picked":["Enlightenment+1","Transmutation+1","Mind Blast"],"picked":"Singing Bowl","floor":36},{"not_picked":["Metamorphosis+1","Bandage Up+1"],"picked":"Impatience+1","floor":36},{"not_picked":["Well Laid Plans","Skewer"],"picked":"Outmaneuver+1","floor":37},{"not_picked":["Flying Knee","Deflect+1"],"picked":"PiercingWail+1","floor":38},{"not_picked":["Poisoned Stab+1","Footwork","Dodge and Roll+1"],"picked":"Singing Bowl","floor":39},{"not_picked":["Bane","Escape Plan+1"],"picked":"Blur+1","floor":42},{"not_picked":["Sucker Punch","Dagger Spray+1"],"picked":"Expertise+1","floor":44},{"not_picked":["Crippling Poison+1","Adrenaline+1"],"picked":"Well Laid Plans+1","floor":45},{"not_picked":["Dagger Throw","Catalyst+1"],"picked":"Crippling Poison+1","floor":46},{"not_picked":["Deflect+1","Masterful Stab","Underhanded Strike+1"],"picked":"Singing Bowl","floor":47},{"not_picked":["Eviscerate","Leg Sweep+1"],"picked":"Acrobatics+1","floor":48},{"not_picked":["Finisher","Deadly Poison+1"],"picked":"Bouncing Flask+1","floor":55}],"player_experience":47273,"relics_obtained":[{"floor":6,"key":"Ancient Tea Set"},{"floor":8,"key":"Kunai"},{"floor":14,"key":"White Beast Statue"},{"floor":23,"key":"Omamori"},{"floor":26,"key":"Meat on the Bone"},{"floor":28,"key":"Singing Bowl"},{"floor":42,"key":"Eternal Feather"},{"floor":43,"key":"Frozen Egg 2"},{"floor":44,"key":"Happy Flower"},{"floor":47,"key":"Bottled Lightning"},{"floor":55,"key":"Bag of Marbles"}],"event_choices":[{"damage_healed":0,"gold_gain":0,"player_choice":"Donut","damage_taken":0,"max_hp_gain":5,"max_hp_loss":0,"event_name":"Big Fish","floor":3,"gold_loss":0},{"damage_healed":0,"gold_gain":0,"player_choice":"Read","damage_taken":0,"max_hp_gain":0,"max_hp_loss":0,"event_name":"The Library","floor":20,"gold_loss":0,"cards_obtained":["Well Laid Plans"]},{"cards_removed":["Strike_G"],"damage_healed":0,"gold_gain":0,"player_choice":"Purged","damage_taken":0,"max_hp_gain":0,"max_hp_loss":0,"event_name":"Purifier","floor":21,"gold_loss":0},{"damage_healed":0,"gold_gain":0,"player_choice":"Memory 3","damage_taken":10,"max_hp_gain":0,"max_hp_loss":0,"event_name":"SensoryStone","floor":36,"gold_loss":0}],"is_beta":false,"boss_relics":[{"not_picked":["Empty Cage","Fusion Hammer"],"picked":"Cursed Key"},{"not_picked":["Tiny House","Sozu"],"picked":"Coffee Dripper"}],"items_purged_floors":[19],"is_endless":false,"potions_floor_spawned":[2,7,11,14,16,18,22,23,24,27,28,29,33,35,37,38,39,42,44,45,46,47,48,55],"ascension_level":20}}