{"host":"8by3m8mve9y2rhh4","time":1609460547,"event":{"mods":["BaseMod","Minty Spire (QoL Compilation)","Quick Restart"],"gold_per_floor":[116,131,146,165,90,119,194,194,194,194,194,222,17,29,29,128,128,138,138,158,58,68,93,93,118,118,136,166,22,22,49,49,152,152,170,180,230,29,381,410,410,410,410,440,440,440,440,470,470,470,470,470,15,48,48,48],"floor_reached":55,"playtime":2325,"items_purged":["Strike_R","Defend_R","Writhe","Strike_R"],"score":935,"play_id":"533a2139-83ab-453d-a395-f7bf8fbb3014","local_time":"20210101002227","is_ascension_mode":true,"campfire_choices":[{"data":"Inflame","floor":8,"key":"SMITH"},{"floor":15,"key":"REST"},{"data":"Limit Break","floor":24,"key":"SMITH"},{"floor":32,"key":"RECALL"},{"floor":41,"key":"REST"},{"data":"Armaments","floor":47,"key":"SMITH"},{"floor":49,"key":"REST"},{"data":"Disarm","floor":52,"key":"SMITH"}],"circlet_count":0,"master_deck":["Strike_R","Strike_R","Defend_R+1","Defend_R+1","Bash","Iron Wave+1","Ghostly Armor","Inflame+1","Iron Wave+1","Cleave+1","Rage","Iron Wave+1","Limit Break+1","Disarm+1","Inflame+1","Battle Trance","Twin Strike+1","Armaments+1","Metallicize","Disarm+1","Bash","Armaments+1","Dramatic Entrance"],"relics":["Burning Blood","FossilizedHelix","Juzu Bracelet","Bag of Preparation","Mummified Hand","PreservedInsect","Sozu","Nilry\u0027s Codex","Blood Vial","Bottled Lightning","Whetstone","Red Mask","HandDrill","Paper Frog","Happy Flower","Busted Crown","Calipers","Old Coin","Toy Ornithopter","InkBottle","War Paint","Pen Nib","Sling","Lantern"],"acts_visited":["Exordium","TheCity","TheBeyond","TheEnding"],"potions_floor_usage":[6,6,16,18,20],"damage_taken":[{"damage":0,"enemies":"Cultist","floor":1,"turns":3},{"damage":0,"enemies":"Small Slimes","floor":2,"turns":4},{"damage":2,"enemies":"2 Louse","floor":3,"turns":3},{"damage":0,"enemies":"2 Fungi Beasts","floor":4,"turns":5},{"damage":8,"enemies":"Lagavulin","floor":6,"turns":7},{"damage":4,"enemies":"3 Sentries","floor":12,"turns":6},{"damage":0,"enemies":"Looter","floor":14,"turns":3},{"damage":28,"enemies":"Hexaghost","floor":16,"turns":11},{"damage":0,"enemies":"3 Byrds","floor":18,"turns":5},{"damage":5,"enemies":"2 Thieves","floor":20,"turns":3},{"damage":0,"enemies":"Snecko","floor":22,"turns":5},{"damage":0,"enemies":"Gremlin Leader","floor":23,"turns":5},{"damage":7,"enemies":"Slavers","floor":25,"turns":4},{"damage":0,"enemies":"Cultist and Chosen","floor":27,"turns":4},{"damage":14,"enemies":"Masked Bandits","floor":28,"turns":4},{"damage":0,"enemies":"Gremlin Leader","floor":31,"turns":3},{"damage":49,"enemies":"Automaton","floor":33,"turns":10},{"damage":1,"enemies":"3 Darklings","floor":35,"turns":4},{"damage":0,"enemies":"Orb Walker","floor":36,"turns":4},{"damage":0,"enemies":"Mind Bloom Boss Battle","floor":37,"turns":3},{"damage":30,"enemies":"2 Orb Walkers","floor":39,"turns":5},{"damage":0,"enemies":"Giant Head","floor":40,"turns":7},{"damage":0,"enemies":"Nemesis","floor":44,"turns":7},{"damage":20,"enemies":"Reptomancer","floor":48,"turns":4},{"damage":17,"enemies":"Donu and Deca","floor":50,"turns":8},{"damage":20,"enemies":"Shield and Spear","floor":54,"turns":4},{"damage":61,"enemies":"The Heart","floor":55,"turns":5}],"seed_played":"-3519158626337926428","potions_obtained":[{"floor":1,"key":"Energy Potion"},{"floor":2,"key":"GamblersBrew"},{"floor":14,"key":"FearPotion"},{"floor":16,"key":"Explosive Potion"}],"is_trial":false,"path_per_floor":["M","M","M","M","$","E","?","R","T","?","?","E","$","M","R","B",null,"M","?","M","$","M","E","R","E","T","M","?","$","?","E","R","B",null,"M","M","?","$","?","E","R","?","T","E","?","?","R","E","R","B",null,"R","$","E","B"],"character_chosen":"IRONCLAD","items_purchased":["PreservedInsect","Strength Potion","HandDrill","Disarm","Pen Nib","Sling"],"campfire_rested":3,"item_purchase_floors":[13,13,29,38,53,53],"current_hp_per_floor":[72,72,72,72,72,70,59,59,59,52,38,40,40,46,67,45,72,72,56,57,57,63,69,69,70,70,72,64,64,64,72,72,29,72,72,72,72,72,48,56,72,72,72,72,72,72,72,58,72,61,72,72,72,58,0,0],"gold":48,"neow_bonus":"ONE_RARE_RELIC","is_daily":false,"chose_seed":false,"campfire_upgraded":4,"win_rate":0.0,"timestamp":1609460547,"path_taken":["M","M","M","M","$","E","?","R","T","?","?","E","$","M","R","BOSS","M","?","M","$","M","E","R","E","T","M","?","$","?","E","R","BOSS","M","M","?","$","?","E","R","?","T","E","?","?","R","E","R","BOSS","R","$","E","BOSS"],"items_purchased_type":["Relic","Potion","Relic","Card","Relic","Relic"],"build_version":"2020-12-22","purchased_purges":4,"victory":false,"max_hp_per_floor":[72,72,72,72,72,72,72,72,72,72,72,72,72,72,72,72,72,72,72,72,72,72,72,72,72,72,72,72,72,72,72,72,72,72,72,72,72,72,72,72,72,72,72,72,72,72,72,72,72,72,72,72,72,72,72,72],"card_choices":[{"not_picked":["Entrench","Shrug It Off"],"picked":"Iron Wave","floor":1},{"not_picked":["Pommel Strike","Dual Wield"],"picked":"Ghostly Armor","floor":2},{"not_picked":["Second Wind","Armaments"],"picked":"Inflame","floor":3},{"not_picked":["Clothesline","Feel No Pain"],"picked":"Iron Wave","floor":4},{"not_picked":["Thunderclap","Headbutt"],"picked":"Cleave","floor":6},{"not_picked":["Twin Strike","Whirlwind"],"picked":"Rage","floor":12},{"not_picked":["Armaments","Warcry"],"picked":"Iron Wave","floor":14},{"not_picked":["Barricade","Offering"],"picked":"Limit Break","floor":16},{"not_picked":["Clash","Flex"],"picked":"Disarm+1","floor":18},{"not_picked":["Flex","Clash+1"],"picked":"Inflame+1","floor":20},{"not_picked":["Sentinel","Bloodletting","Havoc"],"picked":"SKIP","floor":22},{"not_picked":["Second Wind","Twin Strike"],"picked":"Battle Trance","floor":23},{"not_picked":["Anger","Combust","Pummel"],"picked":"SKIP","floor":25},{"not_picked":["Searing Blow","Perfected Strike+1"],"picked":"Twin Strike+1","floor":27},{"not_picked":["Wild Strike","Infernal Blade+1"],"picked":"Armaments","floor":28},{"not_picked":["Body Slam+1","Uppercut"],"picked":"Metallicize","floor":31},{"not_picked":["Twin Strike+1"],"picked":"SKIP","floor":35},{"not_picked":["Clash"],"picked":"SKIP","floor":36},{"not_picked":["Clothesline+1"],"picked":"SKIP","floor":40},{"not_picked":[],"picked":"Armaments+1","floor":44},{"not_picked":[],"picked":"Dramatic Entrance","floor":45},{"not_picked":["Infernal Blade+1"],"picked":"SKIP","floor":48},{"not_picked":["Twin Strike"],"picked":"SKIP","floor":54}],"player_experience":635508,"relics_obtained":[{"floor":6,"key":"Juzu Bracelet"},{"floor":9,"key":"Bag of Preparation"},{"floor":12,"key":"Mummified Hand"},{"floor":19,"key":"Nilry\u0027s Codex"},{"floor":23,"key":"Blood Vial"},{"floor":25,"key":"Bottled Lightning"},{"floor":26,"key":"Whetstone"},{"floor":28,"key":"Red Mask"},{"floor":31,"key":"Happy Flower"},{"floor":37,"key":"Calipers"},{"floor":39,"key":"Old Coin"},{"floor":40,"key":"Toy Ornithopter"},{"floor":44,"key":"InkBottle"},{"floor":48,"key":"War Paint"},{"floor":54,"key":"Lantern"}],"event_choices":[{"damage_healed":0,"gold_gain":75,"player_choice":"Gather Gold","damage_taken":11,"max_hp_gain":0,"max_hp_loss":0,"event_name":"World of Goop","floor":7,"gold_loss":0},{"cards_removed":["Strike_R"],"damage_healed":0,"gold_gain":0,"player_choice":"Card Removal","damage_taken":7,"max_hp_gain":0,"max_hp_loss":0,"event_name":"Golden Wing","floor":10,"gold_loss":0},{"damage_healed":0,"gold_gain":0,"player_choice":"Entered Light","damage_taken":14,"max_hp_gain":0,"max_hp_loss":0,"event_name":"Shining Light","floor":11,"gold_loss":0,"cards_upgraded":["Iron Wave","Iron Wave"]},{"damage_healed":0,"gold_gain":0,"player_choice":"Obtained Book","damage_taken":16,"max_hp_gain":0,"max_hp_loss":0,"event_name":"Cursed Tome","floor":19,"gold_loss":0},{"damage_healed":0,"gold_gain":0,"player_choice":"Fought Bandits","damage_taken":0,"max_hp_gain":0,"max_hp_loss":0,"event_name":"Masked Bandits","floor":28,"gold_loss":0},{"damage_healed":0,"gold_gain":0,"player_choice":"Opened","damage_taken":0,"relics_obtained":["Paper Frog"],"max_hp_gain":0,"max_hp_loss":0,"event_name":"The Mausoleum","floor":30,"gold_loss":0,"cards_obtained":["Writhe"]},{"damage_healed":0,"gold_gain":0,"player_choice":"Fight","damage_taken":0,"max_hp_gain":0,"max_hp_loss":0,"event_name":"MindBloom","floor":37,"gold_loss":0},{"damage_healed":0,"gold_gain":0,"player_choice":"Fight","damage_taken":0,"max_hp_gain":0,"max_hp_loss":0,"event_name":"Mysterious Sphere","floor":39,"gold_loss":0},{"damage_healed":0,"gold_gain":0,"player_choice":"1 cards matched","damage_taken":0,"max_hp_gain":0,"max_hp_loss":0,"event_name":"Match and Keep!","floor":42,"gold_loss":0,"cards_obtained":["Bash"]},{"damage_healed":0,"gold_gain":0,"player_choice":"Memory 1","damage_taken":0,"max_hp_gain":0,"max_hp_loss":0,"event_name":"SensoryStone","floor":45,"gold_loss":0},{"cards_removed":["Defend_R"],"damage_healed":0,"gold_gain":0,"player_choice":"Removed Skill","damage_taken":0,"max_hp_gain":0,"max_hp_loss":0,"event_name":"Falling","floor":46,"gold_loss":0}],"is_beta":false,"boss_relics":[{"not_picked":["Calling Bell","Tiny House"],"picked":"Sozu"},{"not_picked":["Runic Dome","Mark of Pain"],"picked":"Busted Crown"}],"items_purged_floors":[5,21,38,53],"is_endless":false,"potions_floor_spawned":[1,2,14,16,22,23,27,28,31,35,39,44],"killed_by":"The Heart","ascension_level":1}}