{"host":"KYO","time":1609467991,"event":{"mods":["BaseMod","BetterRewards","Minty Spire (QoL Compilation)","Shop Mod","StSLib","SuperFastMode","[IsaacMod]ÒÔÈö¼âËþ"],"gold_per_floor":[117,117,134,149,168,194,213,241,241,271,283,295,315,326,326,403,403,414,432,432,459,478,504,504,804,804,817,817,842,857,874,874,951,951,971,971,984,1192,1208,1208,1243,1243,1269,1269,1283,1310,1337,1350,1350,1350,1350,1350],"floor_reached":51,"playtime":1908,"items_purged":["Strike_R"],"score":2225,"play_id":"26aaf354-908d-48d4-bf8d-d3aa5a848588","local_time":"20210101102631","is_ascension_mode":true,"campfire_choices":[{"data":"Strike_R","floor":15.0,"key":"PURGE"},{"data":"Strike_R","floor":24.0,"key":"PURGE"},{"data":"Defend_R","floor":32.0,"key":"PURGE"},{"floor":40.0,"key":"RECALL"},{"data":"Barricade","floor":42.0,"key":"SMITH"},{"data":"Evolve","floor":49,"key":"SMITH"}],"circlet_count":0,"master_deck":["AscendersBane","Strike_R","Strike_R","Defend_R","Defend_R","Defend_R","Bash","SuicideKing","Evolve+1","Barricade+1","Offering","Metallicize+1","Offering+1","Dark Embrace+1","Metallicize"],"relics":["Burning Blood","HushsDoor","TheBible","MerchantsRug","Dead Branch","TheBattery","Tiny Chest","NineVolt","Letter Opener","Peace Pipe","DoctorsRemote","Centennial Puzzle","Singing Bowl","DeathBook","Calipers","Orichalcum","Turnip","Gremlin Horn","Mark of Pain","SatanicBible","Mummified Hand","Runic Cube","Toxic Egg 2","Vajra","Bronze Scales","BookOfRevelations"],"acts_visited":["Exordium","TheCity","TheBeyond"],"potions_floor_usage":[51],"damage_taken":[{"damage":0.0,"enemies":"Jaw Worm","floor":1.0,"turns":1.0},{"damage":0.0,"enemies":"Small Slimes","floor":3.0,"turns":1.0},{"damage":0.0,"enemies":"Cultist","floor":4.0,"turns":1.0},{"damage":0.0,"enemies":"Exordium Thugs","floor":5.0,"turns":1.0},{"damage":0.0,"enemies":"Gremlin Nob","floor":6.0,"turns":1.0},{"damage":0.0,"enemies":"Blue Slaver","floor":7.0,"turns":2.0},{"damage":0.0,"enemies":"Lagavulin","floor":8.0,"turns":2.0},{"damage":0.0,"enemies":"3 Sentries","floor":10.0,"turns":3.0},{"damage":0.0,"enemies":"2 Fungi Beasts","floor":11.0,"turns":1.0},{"damage":0.0,"enemies":"Red Slaver","floor":12.0,"turns":1.0},{"damage":0.0,"enemies":"Looter","floor":13.0,"turns":1.0},{"damage":0.0,"enemies":"Exordium Thugs","floor":14.0,"turns":1.0},{"damage":20.0,"enemies":"Hexaghost","floor":16.0,"turns":7.0},{"damage":0.0,"enemies":"3 Byrds","floor":18.0,"turns":1.0},{"damage":17.0,"enemies":"Spheric Guardian","floor":19.0,"turns":4.0},{"damage":1.0,"enemies":"Chosen and Byrds","floor":22.0,"turns":3.0},{"damage":13.0,"enemies":"Book of Stabbing","floor":23.0,"turns":6.0},{"damage":0.0,"enemies":"Centurion and Healer","floor":27.0,"turns":2.0},{"damage":0.0,"enemies":"Gremlin Leader","floor":29.0,"turns":3.0},{"damage":0.0,"enemies":"Shelled Parasite and Fungi","floor":30.0,"turns":1.0},{"damage":0.0,"enemies":"Snake Plant","floor":31.0,"turns":1.0},{"damage":13.0,"enemies":"Champ","floor":33.0,"turns":10.0},{"damage":0.0,"enemies":"Orb Walker","floor":35.0,"turns":1.0},{"damage":0.0,"enemies":"3 Darklings","floor":37.0,"turns":1.0},{"damage":0.0,"enemies":"Spire Growth","floor":39.0,"turns":2.0},{"damage":66.0,"enemies":"Nemesis","floor":41.0,"turns":6.0},{"damage":6,"enemies":"4 Shapes","floor":45,"turns":3},{"damage":6,"enemies":"Reptomancer","floor":46,"turns":2},{"damage":12,"enemies":"3 Darklings","floor":48,"turns":2},{"damage":30,"enemies":"Awakened One","floor":50,"turns":8},{"damage":36,"enemies":"Time Eater","floor":51,"turns":2}],"seed_played":"-4207964048402996566","potions_obtained":[{"floor":0.0,"key":"PowerPotion"},{"floor":0.0,"key":"EntropicBrew"},{"floor":0.0,"key":"DistilledChaos"},{"floor":0.0,"key":"Swift Potion"},{"floor":1.0,"key":"Fire Potion"},{"floor":3.0,"key":"Fire Potion"},{"floor":7.0,"key":"Explosive Potion"},{"floor":8.0,"key":"Block Potion"},{"floor":16.0,"key":"ColorlessPotion"},{"floor":27.0,"key":"EssenceOfSteel"},{"floor":35.0,"key":"DistilledChaos"},{"floor":39.0,"key":"AttackPotion"},{"floor":45,"key":"Explosive Potion"}],"is_trial":false,"path_per_floor":["M","?","M","M","M","E","M","E","T","E","M","M","M","M","R","B",null,"M","M","?","T","M","E","R","?","T","M","?","E","M","M","R","B",null,"M","T","M","$","M","R","E","R","T","?","M","E","T","M","R","B","B"],"character_chosen":"IRONCLAD","items_purchased":["MerchantsRug","Dead Branch","TheBattery","Tiny Chest","NineVolt","Letter Opener","Peace Pipe","DoctorsRemote","Centennial Puzzle","Singing Bowl","Potion Belt","DeathBook","Calipers","Cauldron","Offering"],"campfire_rested":0,"item_purchase_floors":[0,0,0,0,0,0,0,0,0,0,0,0,0,0,38],"current_hp_per_floor":[76,65,73,81,83,85,87,89,89,91,93,95,97,99,99,87,98,103,94,94,94,101,96,96,96,96,104,104,112,115,117,117,110,115,119,119,121,121,123,123,63,63,63,63,63,65,65,59,59,35,0,0],"gold":1350,"neow_bonus":"","is_daily":false,"chose_seed":false,"campfire_upgraded":2,"win_rate":0.0,"timestamp":1609467991,"path_taken":["M","?","M","M","M","E","M","E","T","E","M","?","M","M","R","BOSS","M","M","?","?","?","E","R","?","T","M","?","E","M","M","R","BOSS","M","?","?","?","M","R","E","R","T","?","M","E","?","?","R","BOSS","BOSS"],"items_purchased_type":["Relic","Relic","Relic","Relic","Relic","Relic","Relic","Relic","Relic","Relic","Relic","Relic","Relic","Relic","Card"],"build_version":"2020-12-18","purchased_purges":1,"victory":false,"max_hp_per_floor":[77,77,79,81,83,85,87,89,89,91,93,95,97,99,99,101,101,103,105,105,105,107,109,109,109,109,111,111,113,115,117,117,117,117,119,119,121,121,123,123,123,123,123,123,123,125,125,125,125,125,125,125],"card_choices":[{"not_picked":[],"picked":"SuicideKing","floor":0.0},{"not_picked":["Sword Boomerang","Evolve","Twin Strike"],"picked":"Singing Bowl","floor":1.0},{"not_picked":["Iron Wave","Bloodletting","Body Slam"],"picked":"Singing Bowl","floor":3.0},{"not_picked":["Iron Wave","Rage","Double Tap"],"picked":"Singing Bowl","floor":4.0},{"not_picked":["True Grit","Sword Boomerang","Heavy Blade"],"picked":"Singing Bowl","floor":5.0},{"not_picked":["Rupture","Entrench","Limit Break"],"picked":"Singing Bowl","floor":6.0},{"not_picked":["Anger","True Grit","Shrug It Off"],"picked":"Singing Bowl","floor":7.0},{"not_picked":["Havoc","Rupture","Warcry"],"picked":"Singing Bowl","floor":8.0},{"not_picked":["Thunderclap","Impervious","True Grit"],"picked":"Singing Bowl","floor":10.0},{"not_picked":["Rupture","Bloodletting","Infernal Blade"],"picked":"Singing Bowl","floor":11.0},{"not_picked":["Second Wind","Warcry","Perfected Strike"],"picked":"Singing Bowl","floor":12.0},{"not_picked":["Armaments","Second Wind","Thunderclap"],"picked":"Singing Bowl","floor":13.0},{"not_picked":["Metallicize","Wild Strike","Pommel Strike"],"picked":"Singing Bowl","floor":14.0},{"not_picked":["Immolate","Impervious","Demon Form"],"picked":"Singing Bowl","floor":16.0},{"not_picked":["Havoc","Searing Blow","Second Wind"],"picked":"Singing Bowl","floor":18.0},{"not_picked":["Havoc","Pommel Strike","Shrug It Off"],"picked":"Singing Bowl","floor":19.0},{"not_picked":["Combust","Clash","Thunderclap"],"picked":"Singing Bowl","floor":22.0},{"not_picked":["Ghostly Armor+1","Combust","Spot Weakness"],"picked":"Singing Bowl","floor":23.0},{"not_picked":["Pummel","Clothesline","Power Through"],"picked":"Singing Bowl","floor":27.0},{"not_picked":["Hemokinesis","Double Tap","Wild Strike"],"picked":"Singing Bowl","floor":29.0},{"not_picked":["Clash","Metallicize","Anger"],"picked":"Singing Bowl","floor":30.0},{"not_picked":["Uppercut+1","Flame Barrier","Metallicize"],"picked":"Singing Bowl","floor":31.0},{"not_picked":["Berserk","Exhume"],"picked":"Barricade","floor":33.0},{"not_picked":["Iron Wave+1","Wild Strike+1","Whirlwind"],"picked":"Singing Bowl","floor":35.0},{"not_picked":["Twin Strike+1","Armaments","Flex+1"],"picked":"Singing Bowl","floor":37.0},{"not_picked":["Pummel","Anger","Reckless Charge"],"picked":"Singing Bowl","floor":39.0},{"not_picked":["Pommel Strike+1","Rupture"],"picked":"Metallicize+1","floor":41.0},{"not_picked":["Wild Strike","Dual Wield+1"],"picked":"Dark Embrace+1","floor":45},{"not_picked":["Heavy Blade","Iron Wave","Flex+1"],"picked":"Singing Bowl","floor":46},{"not_picked":["Wild Strike+1","Havoc+1"],"picked":"Metallicize","floor":48}],"player_experience":580843,"relics_obtained":[{"floor":6.0,"key":"Darkstone Periapt"},{"floor":8.0,"key":"Turnip"},{"floor":9.0,"key":"Gremlin Horn"},{"floor":10.0,"key":"StrikeDummy"},{"floor":23.0,"key":"SatanicBible"},{"floor":26.0,"key":"Mummified Hand"},{"floor":29.0,"key":"Akabeko"},{"floor":36.0,"key":"Toy Ornithopter"},{"floor":41.0,"key":"Toxic Egg 2"},{"floor":43.0,"key":"Vajra"},{"floor":46,"key":"Bronze Scales"},{"floor":47,"key":"BookOfRevelations"}],"event_choices":[{"damage_healed":0.0,"max_hp_gain":0.0,"max_hp_loss":0.0,"gold_gain":0.0,"event_name":"Scrap Ooze","player_choice":"Success","floor":2.0,"gold_loss":0.0,"damage_taken":11.0,"relics_obtained":["Orichalcum"]},{"damage_healed":0.0,"max_hp_gain":0.0,"max_hp_loss":0.0,"gold_gain":0.0,"event_name":"The Mausoleum","player_choice":"Ignored","floor":20.0,"gold_loss":0.0,"damage_taken":0.0},{"damage_healed":0.0,"max_hp_gain":0.0,"max_hp_loss":0.0,"gold_gain":0.0,"event_name":"The Library","player_choice":"Read","floor":28.0,"gold_loss":0.0,"damage_taken":0.0,"cards_obtained":["Evolve"]},{"damage_healed":0,"gold_gain":0,"player_choice":"Copied","damage_taken":0,"max_hp_gain":0,"max_hp_loss":0,"event_name":"Duplicator","floor":44,"gold_loss":0,"cards_obtained":["Offering"]}],"is_beta":true,"boss_relics":[{"not_picked":["Fusion Hammer","Tiny House"],"picked":"Mark of Pain"},{"not_picked":[]},{"not_picked":["Busted Crown","SacredBark"],"picked":"Runic Cube"},{"not_picked":[]}],"items_purged_floors":[0],"is_endless":false,"potions_floor_spawned":[1,3,7,8,16,27,30,35,39,45],"killed_by":"Time Eater","ascension_level":20}}