{"host":"tmf10eeko6je6wes","time":1609510365,"event":{"mods":["AchievementEnabler","BaseMod","Better Altar","Better Match","Better Note","Better Sensory Stone","Better Skull","Better Third Choice","Colored Map","Colored Powertips","Curses Come First","DeckTracker","Highlight Path","Minty Spire (QoL Compilation)","Permanent Neow","Quick Restart","Relic Sorter","Relic Stats","Shop Mod","StSLib","SuperFastMode","Synergy Search"],"gold_per_floor":[113,113,137,161,182,205,26,45,45,20,20,20,20,44,44,173,173,192,192,492,512,512,552,552,49,123,139,152,152,152,171,171,299,299,312,312,312,27,27,27,50,50,102,135,135,177,177,202,202,202,202],"floor_reached":50,"playtime":2411,"items_purged":["Injury"],"score":531,"play_id":"6792d7f7-a240-4c67-8bb2-519e512eb029","local_time":"20210101091245","is_ascension_mode":false,"campfire_choices":[{"data":"Armaments","floor":11,"key":"SMITH"},{"data":"Bash","floor":13,"key":"SMITH"},{"floor":15,"key":"REST"},{"floor":24,"key":"REST"},{"floor":30,"key":"REST"},{"floor":32,"key":"REST"},{"data":"Demon Form","floor":40,"key":"SMITH"},{"floor":42,"key":"REST"},{"floor":45,"key":"REST"},{"floor":47,"key":"REST"},{"floor":49,"key":"REST"}],"circlet_count":0,"master_deck":["Strike_R","Strike_R","Strike_R","Strike_R","Defend_R","Defend_R","Defend_R","Defend_R","Bash+1","Iron Wave","Body Slam","Ghostly Armor","Uppercut","Armaments+1","Dark Embrace+1","Ghostly Armor","Perfected Strike","Warcry","Demon Form+1","Heavy Blade+1","Rampage","Pommel Strike","Dual Wield","Violence","Anger","Entrench","Sword Boomerang","Clothesline","Rampage","Shrug It Off+1","Reaper","Headbutt+1","Twin Strike+1","Rage+1","Blood for Blood+1","True Grit+1"],"relics":["Burning Blood","Toy Ornithopter","Golden Idol","Incense Burner","Mark of Pain","Old Coin","StoneCalendar","Bottled Flame","HornCleat","Runic Cube","TungstenRod","Spirit Poop","CeramicFish","Mango"],"acts_visited":["Exordium","TheCity","TheBeyond"],"potions_floor_usage":[16,16,16,28,28,33,44,46],"damage_taken":[{"damage":5,"enemies":"Small Slimes","floor":1,"turns":4},{"damage":6,"enemies":"Jaw Worm","floor":3,"turns":3},{"damage":1,"enemies":"Cultist","floor":4,"turns":4},{"damage":11,"enemies":"Lots of Slimes","floor":5,"turns":9},{"damage":1,"enemies":"2 Fungi Beasts","floor":6,"turns":4},{"damage":26,"enemies":"Large Slime","floor":8,"turns":8},{"damage":0,"enemies":"Blue Slaver","floor":14,"turns":4},{"damage":32,"enemies":"The Guardian","floor":16,"turns":14},{"damage":10,"enemies":"Chosen","floor":18,"turns":6},{"damage":7,"enemies":"Shell Parasite","floor":21,"turns":7},{"damage":75,"enemies":"Gremlin Leader","floor":23,"turns":7},{"damage":17,"enemies":"Centurion and Healer","floor":27,"turns":6},{"damage":2,"enemies":"3 Cultists","floor":28,"turns":5},{"damage":12,"enemies":"Cultist and Chosen","floor":31,"turns":5},{"damage":35,"enemies":"Automaton","floor":33,"turns":14},{"damage":34,"enemies":"3 Shapes","floor":35,"turns":7},{"damage":12,"enemies":"3 Darklings","floor":41,"turns":7},{"damage":35,"enemies":"Spire Growth","floor":44,"turns":5},{"damage":95,"enemies":"Reptomancer","floor":46,"turns":9},{"damage":34,"enemies":"Maw","floor":48,"turns":10},{"damage":79,"enemies":"Donu and Deca","floor":50,"turns":6}],"seed_played":"1106742356428558170","potions_obtained":[{"floor":1,"key":"SkillPotion"},{"floor":3,"key":"Fire Potion"},{"floor":5,"key":"FearPotion"},{"floor":14,"key":"Fire Potion"},{"floor":23,"key":"CultistPotion"},{"floor":27,"key":"Explosive Potion"},{"floor":31,"key":"DuplicationPotion"},{"floor":33,"key":"Regen Potion"},{"floor":41,"key":"SkillPotion"}],"is_trial":false,"path_per_floor":["M","?","M","M","M","M","$","M","T","$","R","?","R","M","R","B",null,"M","?","?","M","?","E","R","$","T","M","M","?","R","M","R","B",null,"M","?","?","$","?","R","M","R","T","M","R","E","R","M","R","B"],"character_chosen":"IRONCLAD","items_purchased":["Armaments","Dark Embrace","Perfected Strike","Violence","Anger","Entrench","Bottled Flame","TungstenRod"],"campfire_rested":8,"item_purchase_floors":[7,7,10,25,25,25,25,38],"current_hp_per_floor":[80,80,80,80,75,80,80,60,60,60,60,60,60,66,80,54,80,76,80,80,79,79,10,34,34,34,23,37,37,61,55,79,55,80,52,52,72,72,72,72,66,80,80,51,75,28,56,34,62,0,0],"gold":202,"neow_bonus":"RANDOM_COMMON_RELIC","is_daily":false,"chose_seed":false,"campfire_upgraded":3,"win_rate":0.0,"timestamp":1609510365,"path_taken":["M","?","M","?","M","M","$","M","T","?","R","?","R","M","R","BOSS","M","?","?","M","?","E","R","$","T","M","M","?","R","M","R","BOSS","M","?","?","$","?","R","M","R","T","?","R","E","R","M","R","BOSS"],"items_purchased_type":["Card","Card","Card","Card","Card","Card","Relic","Relic"],"build_version":"2020-12-22","purchased_purges":1,"victory":false,"max_hp_per_floor":[80,80,80,80,80,80,80,80,80,80,80,80,80,80,80,80,80,80,80,80,80,80,80,80,80,80,80,80,80,80,80,80,80,80,80,80,80,80,80,80,80,80,80,80,80,94,94,94,94,94,94],"relic_stats":{"counters":[21,144],"Golden Idol":129,"CeramicFish":27,"StoneCalendar":[173],"obtain_stats":[{"Golden Idol":2,"CeramicFish":43,"Spirit Poop":39,"StoneCalendar":23,"Mango":46,"Incense Burner":9,"Burning Blood":0,"Old Coin":20,"Bottled Flame":25,"HornCleat":26,"Mark of Pain":17,"Toy Ornithopter":0,"TungstenRod":38,"Runic Cube":34},{"Golden Idol":1,"CeramicFish":17,"Spirit Poop":16,"StoneCalendar":11,"Mango":19,"Incense Burner":6,"Burning Blood":0,"Old Coin":9,"Bottled Flame":11,"HornCleat":11,"Mark of Pain":8,"Toy Ornithopter":0,"TungstenRod":16,"Runic Cube":15},{"Golden Idol":4,"CeramicFish":114,"Spirit Poop":107,"StoneCalendar":70,"Mango":128,"Incense Burner":32,"Burning Blood":0,"Old Coin":56,"Bottled Flame":70,"HornCleat":70,"Mark of Pain":50,"Toy Ornithopter":0,"TungstenRod":107,"Runic Cube":100}],"Burning Blood":114,"Toy Ornithopter":20,"TungstenRod":26,"Runic Cube":[27]},"card_choices":[{"not_picked":["Heavy Blade","Feel No Pain"],"picked":"Iron Wave","floor":1},{"not_picked":["Battle Trance","Combust"],"picked":"Body Slam","floor":3},{"not_picked":["Body Slam","Clothesline"],"picked":"Ghostly Armor","floor":4},{"not_picked":["Searing Blow","Bloodletting"],"picked":"Uppercut","floor":5},{"not_picked":["Thunderclap","Shockwave"],"picked":"Rage","floor":6},{"not_picked":["Hemokinesis","Headbutt"],"picked":"Ghostly Armor","floor":8},{"not_picked":["Heavy Blade","Dark Embrace"],"picked":"Warcry","floor":14},{"not_picked":["Feed","Double Tap"],"picked":"Demon Form","floor":16},{"not_picked":["Thunderclap","Flex"],"picked":"Heavy Blade+1","floor":18},{"not_picked":["Flex+1","Anger+1"],"picked":"Rampage","floor":21},{"not_picked":["Pommel Strike","Warcry+1"],"picked":"Dual Wield","floor":23},{"not_picked":["Headbutt","Iron Wave"],"picked":"Sword Boomerang","floor":27},{"not_picked":["Second Wind","Power Through"],"picked":"Clothesline","floor":28},{"not_picked":["Perfected Strike","Thunderclap+1"],"picked":"Shrug It Off+1","floor":31},{"not_picked":["Feed","Berserk"],"picked":"Reaper","floor":33},{"not_picked":["Warcry+1","Iron Wave+1"],"picked":"Headbutt+1","floor":35},{"not_picked":["Flex+1","Pommel Strike"],"picked":"Twin Strike+1","floor":41},{"not_picked":["Pommel Strike","Combust"],"picked":"Rage+1","floor":44},{"not_picked":["Heavy Blade","Battle Trance"],"picked":"Blood for Blood+1","floor":46},{"not_picked":["Body Slam","Shrug It Off"],"picked":"True Grit+1","floor":48}],"player_experience":45078,"relics_obtained":[{"floor":9,"key":"Incense Burner"},{"floor":23,"key":"StoneCalendar"},{"floor":26,"key":"HornCleat"},{"floor":43,"key":"CeramicFish"},{"floor":46,"key":"Mango"}],"event_choices":[{"damage_healed":0,"gold_gain":0,"player_choice":"Take Wound","damage_taken":0,"relics_obtained":["Golden Idol"],"max_hp_gain":0,"max_hp_loss":0,"event_name":"Golden Idol","floor":2,"gold_loss":0,"cards_obtained":["Injury"]},{"damage_healed":0,"gold_gain":0,"player_choice":"Grow","damage_taken":0,"max_hp_gain":0,"max_hp_loss":0,"event_name":"Living Wall","floor":12,"gold_loss":0,"cards_upgraded":["Dark Embrace"]},{"damage_healed":4,"gold_gain":0,"player_choice":"LEAVE ","damage_taken":0,"relics_obtained":[],"max_hp_gain":0,"max_hp_loss":0,"event_name":"betterSkull:BetterSkull","floor":19,"gold_loss":0,"cards_upgraded":[]},{"cards_removed":["Rage"],"damage_healed":0,"gold_gain":0,"player_choice":"Gave Card","damage_taken":0,"relics_obtained":["Old Coin"],"max_hp_gain":0,"max_hp_loss":0,"event_name":"WeMeetAgain","floor":20,"gold_loss":0},{"damage_healed":0,"gold_gain":0,"cards_transformed":["Strike_R"],"player_choice":"Transformed","damage_taken":0,"max_hp_gain":0,"max_hp_loss":0,"event_name":"Transmorgrifier","floor":22,"gold_loss":0,"cards_obtained":["Pommel Strike"]},{"damage_healed":0,"gold_gain":0,"player_choice":"Copied","damage_taken":0,"max_hp_gain":0,"max_hp_loss":0,"event_name":"Duplicator","floor":29,"gold_loss":0,"cards_obtained":["Rampage"]},{"damage_healed":0,"gold_gain":0,"player_choice":"Ignored","damage_taken":0,"max_hp_gain":0,"max_hp_loss":0,"event_name":"Tomb of Lord Red Mask","floor":36,"gold_loss":0},{"damage_healed":20,"gold_gain":0,"player_choice":"Writhe","damage_taken":0,"max_hp_gain":0,"max_hp_loss":0,"event_name":"Winding Halls","floor":37,"gold_loss":0,"cards_obtained":["Writhe"]},{"cards_removed":["Writhe"],"damage_healed":0,"gold_gain":0,"player_choice":"Offered Curse","damage_taken":0,"relics_obtained":["Spirit Poop"],"max_hp_gain":0,"max_hp_loss":0,"event_name":"Bonfire Elementals","floor":39,"gold_loss":0}],"is_beta":false,"boss_relics":[{"not_picked":["SacredBark","Fusion Hammer"],"picked":"Mark of Pain"},{"not_picked":["Coffee Dripper","Cursed Key"],"picked":"Runic Cube"}],"items_purged_floors":[7],"is_endless":false,"potions_floor_spawned":[1,3,5,14,23,27,31,33,41],"killed_by":"Donu and Deca","ascension_level":0}}