{"host":"7sni158j623xchr2","time":1609490602,"event":{"mods":["BaseMod","Colored Map","Highlight Path","Minty Spire (QoL Compilation)","Permanent Neow","Potion Indicator Mod","Rare Cards Sparkle","Relic Sorter","Relic Stats","StSLib","everything is the same but u backflip on backflip"],"gold_per_floor":[113,15,15,15,15,15,15,59,59,103,15,31,52,83,83,211,274,298,10,285,298,317,358,382,382,382,421,440,465,233,251,251,380,380,429,450,450,1449,1449,1137,1188,1188,1215,456,495,495,77,128,128,128,128,128,89,124,124],"floor_reached":56,"playtime":1740,"items_purged":["Strike_P","Regret","Normality","Normality","Strike_P"],"score":1392,"play_id":"e5baf357-ee50-421e-9397-1af3de41445d","local_time":"20210101024322","is_ascension_mode":true,"campfire_choices":[{"data":"EmptyFist","floor":6,"key":"SMITH"},{"data":"TalkToTheHand","floor":15,"key":"SMITH"},{"data":"Fasting2","floor":25,"key":"SMITH"},{"data":"Tantrum","floor":32,"key":"SMITH"},{"floor":46,"key":"RECALL"},{"data":"Devotion","floor":49,"key":"SMITH"},{"data":"Adaptation","floor":52,"key":"SMITH"}],"circlet_count":0,"master_deck":["Strike_P+1","Defend_P","Defend_P","Defend_P","Defend_P","Eruption+1","Vigilance","EmptyFist+1","MentalFortress","WheelKick","TalkToTheHand+1","ClearTheMind+1","Fasting2+1","Scrawl+1","ForeignInfluence+1","Crescendo+1","Tantrum+1","ThirdEye+1","EmptyBody+1","Halt+1","ThirdEye+1","Wish+1","Adaptation+1","Scrawl+1","Devotion+1","Finesse+1","TalkToTheHand+1","ForeignInfluence+1","Swivel+1"],"relics":["Coffee Dripper","Golden Idol","Toxic Egg 2","Meat on the Bone","Ancient Tea Set","Tiny House","Dream Catcher","Ginger","Juzu Bracelet","MawBank","Sling","SacredBark","Damaru","OrangePellets","Bag of Marbles","Calipers","Toy Ornithopter","Bird Faced Urn"],"acts_visited":["Exordium","TheCity","TheBeyond","TheEnding"],"potions_floor_usage":[8,8,10,17,19,21,23,28,33,41,45,54,54,54,55],"damage_taken":[{"damage":2,"enemies":"Small Slimes","floor":1,"turns":3},{"damage":5,"enemies":"Lagavulin","floor":8,"turns":6},{"damage":26,"enemies":"3 Sentries","floor":10,"turns":9},{"damage":0,"enemies":"Jaw Worm","floor":12,"turns":2},{"damage":0,"enemies":"Cultist","floor":13,"turns":2},{"damage":13,"enemies":"Lagavulin","floor":14,"turns":4},{"damage":5,"enemies":"Hexaghost","floor":16,"turns":8},{"damage":0,"enemies":"Shell Parasite","floor":18,"turns":1},{"damage":8,"enemies":"2 Thieves","floor":21,"turns":2},{"damage":3,"enemies":"Sentry and Sphere","floor":22,"turns":3},{"damage":40,"enemies":"Slavers","floor":23,"turns":2},{"damage":10,"enemies":"Centurion and Healer","floor":24,"turns":4},{"damage":28,"enemies":"Book of Stabbing","floor":27,"turns":3},{"damage":6,"enemies":"Snake Plant","floor":28,"turns":2},{"damage":0,"enemies":"Snecko","floor":31,"turns":2},{"damage":2,"enemies":"Automaton","floor":33,"turns":6},{"damage":11,"enemies":"3 Shapes","floor":35,"turns":6},{"damage":16,"enemies":"3 Darklings","floor":36,"turns":4},{"damage":22,"enemies":"4 Shapes","floor":41,"turns":6},{"damage":1,"enemies":"Reptomancer","floor":45,"turns":4},{"damage":6,"enemies":"Spire Growth","floor":48,"turns":4},{"damage":24,"enemies":"Donu and Deca","floor":50,"turns":6},{"damage":36,"enemies":"Shield and Spear","floor":54,"turns":4},{"damage":31,"enemies":"The Heart","floor":55,"turns":8}],"seed_played":"-3322484087244158072","potions_obtained":[{"floor":1,"key":"Weak Potion"},{"floor":8,"key":"SpeedPotion"},{"floor":12,"key":"Fruit Juice"},{"floor":13,"key":"Swift Potion"},{"floor":17,"key":"Fruit Juice"},{"floor":22,"key":"Dexterity Potion"},{"floor":24,"key":"Energy Potion"},{"floor":28,"key":"Strength Potion"},{"floor":33,"key":"FairyPotion"}],"is_trial":false,"path_per_floor":["M","$","?","T","?","R","?","E","T","E","$","M","M","E","R","B",null,"M","$","?","M","M","E","M","R","T","E","M","T","$","M","R","B",null,"M","M","?","?","?","$","M","?","T","$","E","R","$","M","R","B",null,"R","$","E","B",null],"character_chosen":"WATCHER","items_purchased":["EmptyFist","FearPotion","TalkToTheHand","SkillPotion","Tantrum","GamblersBrew","CultistPotion","Sling","Scrawl+1","Fire Potion","OrangePellets","Bag of Marbles","Devotion","LiquidMemories","Finesse+1","Toy Ornithopter","EntropicBrew","ForeignInfluence+1"],"campfire_rested":0,"item_purchase_floors":[2,2,11,11,19,19,19,30,40,40,44,44,44,44,44,47,47,53],"current_hp_per_floor":[70,70,67,67,67,67,67,62,62,36,36,36,36,35,35,42,77,77,82,82,74,71,43,45,45,45,29,35,35,35,47,47,45,82,71,55,55,55,55,55,45,45,45,45,44,44,44,50,50,38,78,78,78,57,41],"gold":124,"neow_bonus":"BOSS_RELIC","is_daily":false,"chose_seed":false,"campfire_upgraded":6,"win_rate":0.0,"timestamp":1609490602,"path_taken":["M","$","?","?","?","R","?","E","T","E","$","M","M","E","R","BOSS","M","$","?","?","M","E","M","R","T","E","M","?","$","M","R","BOSS","M","M","?","?","?","?","M","?","T","$","E","R","$","M","R","BOSS","R","$","E","BOSS"],"items_purchased_type":["Card","Potion","Card","Potion","Card","Potion","Potion","Relic","Card","Potion","Relic","Relic","Card","Potion","Card","Relic","Potion","Card"],"build_version":"2020-12-22","purchased_purges":5,"victory":true,"max_hp_per_floor":[72,72,67,67,67,67,67,67,67,67,67,67,67,67,67,67,77,77,82,82,82,82,82,82,82,82,82,82,82,82,82,82,82,82,82,82,78,78,78,78,78,78,78,78,78,78,78,78,78,78,78,78,78,78,78],"relic_stats":{"OrangePellets":[7],"Dream Catcher":0,"counters":[24,101],"Golden Idol":218,"Bird Faced Urn":[10],"Juzu Bracelet":1,"Ginger":[5],"MawBank":12,"obtain_stats":[{"Tiny House":17,"Calipers":45,"Golden Idol":3,"SacredBark":34,"Damaru":43,"Juzu Bracelet":27,"Ginger":26,"Ancient Tea Set":10,"MawBank":29,"Sling":30,"OrangePellets":44,"Dream Catcher":23,"Bird Faced Urn":54,"Coffee Dripper":0,"Bag of Marbles":44,"PureWater":0,"Toxic Egg 2":8,"Toy Ornithopter":47,"Meat on the Bone":9},{"Tiny House":7,"Calipers":20,"Golden Idol":1,"SacredBark":16,"Damaru":19,"Juzu Bracelet":13,"Ginger":12,"Ancient Tea Set":3,"MawBank":14,"Sling":14,"OrangePellets":19,"Dream Catcher":11,"Bird Faced Urn":23,"Coffee Dripper":0,"Bag of Marbles":19,"PureWater":0,"Toxic Egg 2":2,"Toy Ornithopter":20,"Meat on the Bone":2},{"Tiny House":34,"Calipers":79,"Golden Idol":3,"SacredBark":59,"Damaru":75,"Juzu Bracelet":49,"Ginger":46,"Ancient Tea Set":18,"MawBank":51,"Sling":51,"OrangePellets":75,"Dream Catcher":42,"Bird Faced Urn":93,"Coffee Dripper":0,"Bag of Marbles":75,"PureWater":0,"Toxic Egg 2":9,"Toy Ornithopter":79,"Meat on the Bone":9}],"Toy Ornithopter":20,"Meat on the Bone":120},"card_choices":[{"not_picked":["WaveOfTheHand","JustLucky","ClearTheMind"],"picked":"SKIP","floor":1},{"not_picked":["Devotion","Prostrate+1"],"picked":"MentalFortress","floor":8},{"not_picked":["EmptyBody+1","DeceiveReality+1"],"picked":"WheelKick","floor":10},{"not_picked":["JustLucky","PathToVictory+1","Devotion"],"picked":"SKIP","floor":12},{"not_picked":["CrushJoints","Crescendo+1"],"picked":"ClearTheMind+1","floor":13},{"not_picked":["SashWhip","EmptyFist"],"picked":"Fasting2","floor":14},{"not_picked":["Wish+1","Judgement+1"],"picked":"Scrawl+1","floor":16},{"not_picked":["Swivel+1","BowlingBash"],"picked":"ForeignInfluence+1","floor":17},{"not_picked":["EmptyBody+1","SandsOfTime"],"picked":"Crescendo+1","floor":18},{"not_picked":["BowlingBash","CrushJoints+1"],"picked":"ThirdEye+1","floor":21},{"not_picked":["ReachHeaven","Collect+1"],"picked":"EmptyBody+1","floor":22},{"not_picked":["FlurryOfBlows","Worship+1","Protect+1"],"picked":"SKIP","floor":23},{"not_picked":["ReachHeaven","FlurryOfBlows"],"picked":"Halt+1","floor":24},{"not_picked":["LikeWater","Consecrate"],"picked":"ThirdEye+1","floor":27},{"not_picked":["SandsOfTime+1","Evaluate+1","Prostrate+1"],"picked":"SKIP","floor":28},{"not_picked":["FollowUp","Pray+1","Halt+1"],"picked":"SKIP","floor":31},{"not_picked":["LessonLearned","ConjureBlade+1"],"picked":"Wish+1","floor":33},{"not_picked":["Prostrate+1","Tantrum+1"],"picked":"Adaptation","floor":35},{"not_picked":["EmptyFist+1","Conclude+1","WindmillStrike+1"],"picked":"SKIP","floor":36},{"not_picked":["Worship+1","Collect+1","WreathOfFlame+1"],"picked":"SKIP","floor":41},{"not_picked":["ReachHeaven+1","Fasting2+1","Consecrate+1"],"picked":"SKIP","floor":45},{"not_picked":["Evaluate+1","CrushJoints+1"],"picked":"TalkToTheHand+1","floor":48},{"not_picked":["CutThroughFate","Collect+1"],"picked":"Swivel+1","floor":54}],"player_experience":1574693,"relics_obtained":[{"floor":8,"key":"Toxic Egg 2"},{"floor":9,"key":"Meat on the Bone"},{"floor":10,"key":"Ancient Tea Set"},{"floor":23,"key":"Dream Catcher"},{"floor":26,"key":"Ginger"},{"floor":27,"key":"Juzu Bracelet"},{"floor":29,"key":"MawBank"},{"floor":43,"key":"Damaru"},{"floor":45,"key":"Calipers"},{"floor":54,"key":"Bird Faced Urn"}],"event_choices":[{"damage_healed":0,"gold_gain":0,"player_choice":"Lose Max HP","damage_taken":0,"relics_obtained":["Golden Idol"],"max_hp_gain":0,"max_hp_loss":5,"event_name":"Golden Idol","floor":3,"gold_loss":0},{"damage_healed":0,"gold_gain":0,"player_choice":"Grow","damage_taken":0,"max_hp_gain":0,"max_hp_loss":0,"event_name":"Living Wall","floor":5,"gold_loss":0,"cards_upgraded":["Eruption"]},{"damage_healed":0,"gold_gain":0,"player_choice":"Full Heal","damage_taken":0,"max_hp_gain":0,"max_hp_loss":0,"event_name":"Wheel of Change","floor":7,"gold_loss":0},{"damage_healed":0,"gold_gain":275,"player_choice":"Desecrate","damage_taken":0,"max_hp_gain":0,"max_hp_loss":0,"event_name":"Golden Shrine","floor":20,"gold_loss":0,"cards_obtained":["Regret"]},{"damage_healed":0,"gold_gain":0,"player_choice":"Max HP","damage_taken":0,"max_hp_gain":0,"max_hp_loss":4,"event_name":"Winding Halls","floor":37,"gold_loss":0},{"damage_healed":0,"gold_gain":999,"player_choice":"Gold","damage_taken":0,"max_hp_gain":0,"max_hp_loss":0,"event_name":"MindBloom","floor":38,"gold_loss":0,"cards_obtained":["Normality","Normality"]},{"damage_healed":0,"gold_gain":0,"player_choice":"Ignored","damage_taken":0,"max_hp_gain":0,"max_hp_loss":0,"event_name":"Mysterious Sphere","floor":39,"gold_loss":0},{"cards_removed":["Strike_P"],"damage_healed":0,"gold_gain":0,"player_choice":"Removed Attack","damage_taken":0,"max_hp_gain":0,"max_hp_loss":0,"event_name":"Falling","floor":42,"gold_loss":0}],"is_beta":false,"boss_relics":[{"not_picked":["Velvet Choker","SlaversCollar"],"picked":"Tiny House"},{"not_picked":["Philosopher\u0027s Stone","Runic Dome"],"picked":"SacredBark"}],"items_purged_floors":[19,30,40,44,47],"is_endless":false,"potions_floor_spawned":[1,8,12,13,22,24,27,28,33,35],"ascension_level":3}}