{"host":"ysrh18sde2fb0mzp","time":1609505069,"event":{"mods":["BaseMod","Minty Spire (QoL Compilation)","StSLib","TheWitcher"],"gold_per_floor":[121,221,246,268,285,322,322,338,338,381,408,408,423,439,439,542,542,559,559,569,596,615,615,645,661,661,679,699,798,798,826,826,923,923,1038,594,648,648,668,668,668,696,696,707,33,33,33,59,59,59,59,59,9,44,44,44],"floor_reached":55,"playtime":3464,"items_purged":["SnafuTest:BombDevilsPuffball","SnafuTest:SpellBitingFrost","SnafuTest:BountyHunt"],"score":931,"play_id":"5d7cff44-3c31-4c60-821a-fb42b98a0f1f","local_time":"20210101204429","is_ascension_mode":false,"campfire_choices":[{"data":"SnafuTest:WarofClans","floor":7.0,"key":"SMITH"},{"data":"SnafuTest:SignIgni","floor":12.0,"key":"SMITH"},{"data":"SnafuTest:SpellCalcinedMetamorphism","floor":15.0,"key":"SMITH"},{"data":"SnafuTest:PowerProbingFeint","floor":23.0,"key":"SMITH"},{"data":"SnafuTest:PowerEternalFlame","floor":32.0,"key":"SMITH"},{"floor":40,"key":"REST"},{"floor":46,"key":"RECALL"},{"data":"SnafuTest:PowerLadyOfLake","floor":49,"key":"SMITH"},{"data":"SnafuTest:BoxingChampion","floor":52,"key":"SMITH"}],"circlet_count":0,"master_deck":["SnafuTest:SignIgni+1","SnafuTest:BombDancingStar+1","SnafuTest:BombDancingStar","SnafuTest:WarofClans+1","SnafuTest:NoPass+1","SnafuTest:PowerProbingFeint+1","SnafuTest:SpellCalcinedMetamorphism+1","SnafuTest:IndifferentImmortality","SnafuTest:PowerCrimsonRitual+1","SnafuTest:BombSamum+1","SnafuTest:LastWish","SnafuTest:PowerEternalFlame+1","SnafuTest:BoxingChampion+1","SnafuTest:PowerLadyOfLake+1","SnafuTest:CareTaker+1","SnafuTest:PowerBloodLust","SnafuTest:PowerLadyOfLake","Mayhem+1"],"relics":["SnafuTest:UnstableMutagenRelic","NeowsBlessing","SnafuTest:YrdenRelic","Kunai","War Paint","Black Star","Singing Bowl","Bag of Marbles","SnafuTest:WolfRelic","SnafuTest:UnstableMutagenRelic","Thread and Needle","Darkstone Periapt","Pandora\u0027s Box","SnafuTest:AxiiRelic","Blood Vial","FossilizedHelix","The Courier","Smiling Mask","Frozen Egg 2","Whetstone","Gambling Chip","Happy Flower","Art of War","Omamori","White Beast Statue","Oddly Smooth Stone"],"acts_visited":["Exordium","TheCity","TheBeyond","TheEnding"],"potions_floor_usage":[50,55,55,55],"damage_taken":[{"damage":0.0,"enemies":"2 Louse","floor":1.0,"turns":1.0},{"damage":0.0,"enemies":"Cultist","floor":3.0,"turns":1.0},{"damage":0.0,"enemies":"Jaw Worm","floor":4.0,"turns":1.0},{"damage":13.0,"enemies":"Lots of Slimes","floor":5.0,"turns":2.0},{"damage":9.0,"enemies":"3 Sentries","floor":6.0,"turns":3.0},{"damage":0.0,"enemies":"2 Fungi Beasts","floor":8.0,"turns":3.0},{"damage":3.0,"enemies":"Gremlin Nob","floor":10.0,"turns":4.0},{"damage":8.0,"enemies":"Blue Slaver","floor":11.0,"turns":4.0},{"damage":10.0,"enemies":"Exordium Wildlife","floor":13.0,"turns":2.0},{"damage":0.0,"enemies":"2 Fungi Beasts","floor":14.0,"turns":3.0},{"damage":11.0,"enemies":"Slime Boss","floor":16.0,"turns":9.0},{"damage":0.0,"enemies":"Spheric Guardian","floor":18.0,"turns":2.0},{"damage":0.0,"enemies":"3 Byrds","floor":20.0,"turns":5.0},{"damage":0.0,"enemies":"Centurion and Healer","floor":21.0,"turns":10.0},{"damage":6.0,"enemies":"Snake Plant","floor":22.0,"turns":6.0},{"damage":0.0,"enemies":"Slavers","floor":24.0,"turns":3.0},{"damage":0.0,"enemies":"3 Cultists","floor":25.0,"turns":3.0},{"damage":7.0,"enemies":"Chosen and Byrds","floor":27.0,"turns":4.0},{"damage":0.0,"enemies":"Snake Plant","floor":28.0,"turns":5.0},{"damage":0.0,"enemies":"Gremlin Leader","floor":31.0,"turns":4.0},{"damage":16.0,"enemies":"Collector","floor":33.0,"turns":8.0},{"damage":33.0,"enemies":"3 Shapes","floor":35.0,"turns":4.0},{"damage":72,"enemies":"2 Orb Walkers","floor":37,"turns":5},{"damage":0,"enemies":"Orb Walker","floor":39,"turns":3},{"damage":0,"enemies":"Reptomancer","floor":42,"turns":6},{"damage":0,"enemies":"Transient","floor":44,"turns":5},{"damage":0,"enemies":"Nemesis","floor":48,"turns":7},{"damage":39,"enemies":"Time Eater","floor":50,"turns":8},{"damage":17,"enemies":"Shield and Spear","floor":54,"turns":7},{"damage":87,"enemies":"The Heart","floor":55,"turns":5}],"seed_played":"7864720481179619059","potions_obtained":[{"floor":1.0,"key":"FairyPotion"},{"floor":4.0,"key":"Swift Potion"},{"floor":10.0,"key":"SteroidPotion"},{"floor":11.0,"key":"Strength Potion"},{"floor":14.0,"key":"Strength Potion"},{"floor":21.0,"key":"CultistPotion"},{"floor":39,"key":"EssenceOfSteel"},{"floor":54,"key":"DuplicationPotion"}],"is_trial":false,"path_per_floor":["M","?","M","M","M","E","R","M","T","E","M","R","M","M","R","B",null,"M","?","M","M","M","R","E","M","T","M","M","?","?","E","R","B",null,"M","$","?","?","M","R","?","E","T","M","$","R","$","E","R","B",null,"R","$","E","B"],"character_chosen":"THE_WITCHER","items_purchased":["SnafuTest:AxiiRelic","Blood Vial","SnafuTest:PowerLadyOfLake","Mayhem+1","Whetstone","Gambling Chip","Happy Flower"],"campfire_rested":1,"item_purchase_floors":[36,36,36,45,45,45,45],"current_hp_per_floor":[75,75,75,75,62,53,53,53,53,50,42,42,32,32,32,21,75,75,75,77,77,71,71,73,75,75,70,72,72,72,72,72,56,85,54,54,28,28,32,59,59,63,63,67,67,67,67,71,71,34,97,97,97,82,0,0],"gold":44,"neow_bonus":"THREE_ENEMY_KILL","is_daily":false,"chose_seed":false,"campfire_upgraded":7,"win_rate":0.0,"timestamp":1609505069,"path_taken":["M","?","M","?","M","E","R","M","T","E","M","R","M","?","R","BOSS","M","?","M","M","M","R","E","M","T","?","M","?","?","E","R","BOSS","M","$","?","?","M","R","?","E","T","?","$","R","?","E","R","BOSS","R","$","E","BOSS"],"items_purchased_type":["Relic","Relic","Card","Card","Relic","Relic","Relic"],"build_version":"2020-12-22","purchased_purges":3,"victory":false,"max_hp_per_floor":[75,75,75,75,75,75,75,75,75,75,75,75,75,75,75,75,75,75,75,77,77,77,77,79,81,81,83,85,85,85,85,85,85,85,87,87,89,89,91,91,91,93,93,95,95,95,95,97,97,97,97,97,97,99,99,99],"card_choices":[{"not_picked":["SnafuTest:PayArmorSmith","SnafuTest:FirstAid"],"picked":"SnafuTest:BombDancingStar","floor":1.0},{"not_picked":["SnafuTest:Oriole","SnafuTest:ShoulderSlam"],"picked":"SnafuTest:BombDancingStar","floor":3.0},{"not_picked":["SnafuTest:BattleCry","SnafuTest:MCFeignDeath"],"picked":"SnafuTest:BombNorthernWind","floor":4.0},{"not_picked":["SnafuTest:WitchHunt","SnafuTest:CareTaker","SnafuTest:PayHappyHour"],"picked":"SKIP","floor":5.0},{"not_picked":["SnafuTest:UndefeatedNarcissism","SnafuTest:CareTaker"],"picked":"SnafuTest:WarofClans","floor":6.0},{"not_picked":["SnafuTest:SuddenPuncture","SnafuTest:SpellTelekinesis"],"picked":"SnafuTest:NoPass","floor":8.0},{"not_picked":["SnafuTest:SignYrden","SnafuTest:SmashingSlash"],"picked":"SnafuTest:GetPaid","floor":10.0},{"not_picked":["SnafuTest:WeddingDance","SnafuTest:ShoulderSlam"],"picked":"SnafuTest:SpellBitingFrost","floor":11.0},{"not_picked":["SnafuTest:MCSuccubusSeduction","SnafuTest:PowerAlwaysOnRoads"],"picked":"SnafuTest:PowerProbingFeint","floor":13.0},{"not_picked":["SnafuTest:PayWeaponSmith","SnafuTest:MCSuccubusSeduction"],"picked":"SnafuTest:SpellCalcinedMetamorphism","floor":14.0},{"not_picked":["SnafuTest:MilitaryReview","SnafuTest:OtherWorld"],"picked":"SnafuTest:IndifferentImmortality","floor":16.0},{"not_picked":["SnafuTest:PowerHangmenTree","SnafuTest:ExcessiveLevies+1"],"picked":"SnafuTest:PowerCrimsonRitual+1","floor":18.0},{"not_picked":["SnafuTest:Portal+1","SnafuTest:SpellBitingFrost","SnafuTest:Meditation+1"],"picked":"Singing Bowl","floor":20.0},{"not_picked":["SnafuTest:WitchHunt","SnafuTest:GetPaid"],"picked":"SnafuTest:BombSamum+1","floor":21.0},{"not_picked":["SnafuTest:AncestralRitual","SnafuTest:BombNorthernWind"],"picked":"SnafuTest:LastWish","floor":22.0},{"not_picked":["SnafuTest:ShoulderSlam","SnafuTest:PaySmithWorkshop","SnafuTest:SpellArcaneDomain"],"picked":"Singing Bowl","floor":24.0},{"not_picked":["SnafuTest:WorldMap","SnafuTest:SignIgni","SnafuTest:MCMockAndRun"],"picked":"Singing Bowl","floor":25.0},{"not_picked":["SnafuTest:SpellHellfire","SnafuTest:Shooting+1","SnafuTest:CareTaker"],"picked":"Singing Bowl","floor":27.0},{"not_picked":["SnafuTest:MCPlayGwent+1","SnafuTest:PowerProbingFeint","SnafuTest:BlueWhale"],"picked":"Singing Bowl","floor":28.0},{"not_picked":["SnafuTest:BlueWhale+1","SnafuTest:PowerAlwaysOnRoads"],"picked":"SnafuTest:PowerEternalFlame","floor":31.0},{"not_picked":["SnafuTest:SweetHome","SnafuTest:BlackSunRise"],"picked":"SnafuTest:BoxingChampion","floor":33.0},{"not_picked":["SnafuTest:SpellTortoise","SnafuTest:Meditation","SnafuTest:PowerHangmenTree"],"picked":"Singing Bowl","floor":35.0},{"not_picked":["SnafuTest:MCMockAndRun","SnafuTest:PowerFireDamnation+1","SnafuTest:FlashingEvasion"],"picked":"Singing Bowl","floor":37},{"not_picked":["SnafuTest:MCSongOfPeace","SnafuTest:SpellLifeDrain+1","SnafuTest:WorldMap"],"picked":"Singing Bowl","floor":39},{"not_picked":["SnafuTest:SuddenPuncture+1","SnafuTest:Offering+1","SnafuTest:PowerVainGlory"],"picked":"Singing Bowl","floor":42},{"not_picked":["SnafuTest:GetPaid+1","SnafuTest:SneakKill","SnafuTest:FlashingRaid+1"],"picked":"Singing Bowl","floor":44},{"not_picked":["SnafuTest:WitchHunt+1","SnafuTest:ShoulderSlam+1","SnafuTest:SignAxii+1"],"picked":"Singing Bowl","floor":48},{"not_picked":["SnafuTest:SpellBitingFrost+1","SnafuTest:SpellBlindFury+1","SnafuTest:SignIgni+1"],"picked":"Singing Bowl","floor":54}],"player_experience":690741,"relics_obtained":[{"floor":6.0,"key":"SnafuTest:YrdenRelic"},{"floor":9.0,"key":"Kunai"},{"floor":10.0,"key":"War Paint"},{"floor":24.0,"key":"Bag of Marbles"},{"floor":24.0,"key":"SnafuTest:WolfRelic"},{"floor":31.0,"key":"Thread and Needle"},{"floor":31.0,"key":"Darkstone Periapt"},{"floor":37,"key":"FossilizedHelix"},{"floor":42,"key":"The Courier"},{"floor":42,"key":"Smiling Mask"},{"floor":43,"key":"Frozen Egg 2"},{"floor":48,"key":"Art of War"},{"floor":48,"key":"Omamori"},{"floor":54,"key":"White Beast Statue"},{"floor":54,"key":"Oddly Smooth Stone"}],"event_choices":[{"damage_healed":0.0,"max_hp_gain":0.0,"max_hp_loss":0.0,"gold_gain":100.0,"event_name":"Golden Shrine","player_choice":"Pray","floor":2.0,"gold_loss":0.0,"damage_taken":0.0},{"cards_removed":["SnafuTest:BombNorthernWind"],"damage_healed":0.0,"max_hp_gain":0.0,"max_hp_loss":0.0,"gold_gain":0.0,"event_name":"WeMeetAgain","player_choice":"Gave Card","floor":19.0,"gold_loss":0.0,"damage_taken":0.0,"relics_obtained":["Singing Bowl"]},{"damage_healed":0.0,"max_hp_gain":0.0,"max_hp_loss":0.0,"gold_gain":99.0,"event_name":"Nest","player_choice":"Stole From Cult","floor":29.0,"gold_loss":0.0,"damage_taken":0.0},{"damage_healed":0,"gold_gain":0,"player_choice":"Fight","damage_taken":0,"max_hp_gain":0,"max_hp_loss":0,"event_name":"Mysterious Sphere","floor":37,"gold_loss":0},{"damage_healed":0,"gold_gain":0,"player_choice":"Ignored","damage_taken":0,"max_hp_gain":0,"max_hp_loss":0,"event_name":"Tomb of Lord Red Mask","floor":38,"gold_loss":0},{"cards_removed":["SnafuTest:MagePersecution"],"damage_healed":0,"gold_gain":0,"player_choice":"Card Removal","damage_taken":0,"max_hp_gain":0,"max_hp_loss":0,"event_name":"Wheel of Change","floor":41,"gold_loss":0}],"is_beta":false,"boss_relics":[{"not_picked":["Philosopher\u0027s Stone","Busted Crown"],"picked":"Black Star"},{"not_picked":["Tiny House","Cursed Key"],"picked":"Pandora\u0027s Box"}],"items_purged_floors":[36,45,53],"is_endless":false,"potions_floor_spawned":[1,4,10,11,14,16,20,21,22,28,31,35,39,44,54],"killed_by":"The Heart","ascension_level":0}}