{"host":"st1kg310ms6sytc5","time":1609508005,"event":{"mods":["Act Like it!","BaseMod","CapriCore","Downfall","Gensokyo","Minty Spire (QoL Compilation)","StSLib","SuperFastMode"],"gold_per_floor":[111,111,191,191,6,6,23,23,71,112,377,377,101,264,264,371,371,389,188,188,130,130,130,130],"floor_reached":23,"playtime":542,"items_purged":["Strike_G","Strike_G"],"score":194,"play_id":"21512005-f2d3-466d-9b43-b7ad1503612f","local_time":"20210101213325","is_ascension_mode":true,"campfire_choices":[{"data":"Reflex","floor":12,"key":"SMITH"},{"data":"Corpse Explosion","floor":15,"key":"SMITH"}],"circlet_count":0,"master_deck":["Strike_G","Defend_G","Defend_G","Defend_G","Defend_G","Defend_G","Survivor","Neutralize","Tactician+1","Reflex+1","Corpse Explosion+1","Blade Dance","Phantasmal Killer","Terror","Gensokyo:TarnishedGold","Gensokyo:RustyChest","Gensokyo:ScrapIron"],"relics":["Ring of the Snake","NeowsBlessing","Gensokyo:PortableGap","Omamori","CeramicFish","Pocketwatch","Lantern","Membership Card","Art of War","WristBlade","Eternal Feather","Gensokyo:RedStar"],"acts_visited":["Gensokyo:Gensokyo","Gensokyo:Gensokyoer"],"potions_floor_usage":[],"damage_taken":[{"damage":0.0,"enemies":"Gensokyo:Gryphon","floor":1.0,"turns":1.0},{"damage":6,"enemies":"Gensokyo:2_Kodama","floor":7,"turns":7},{"damage":2,"enemies":"Gensokyo:Cirno","floor":10,"turns":2},{"damage":0,"enemies":"Gensokyo:Python","floor":11,"turns":4},{"damage":5,"enemies":"Gensokyo:2_Rabbits","floor":14,"turns":3},{"damage":36,"enemies":"Gensokyo:Kokoro","floor":16,"turns":10},{"damage":19,"enemies":"Gensokyo:AngelMirror","floor":18,"turns":5},{"damage":21,"enemies":"Gensokyo:Tenshi","floor":23,"turns":3}],"seed_played":"1489078145969463261","potions_obtained":[{"floor":1.0,"key":"Fire Potion"},{"floor":10,"key":"Ancient Potion"},{"floor":16,"key":"Poison Potion"},{"floor":18,"key":"FearPotion"}],"is_trial":false,"path_per_floor":["M","?","?","?","COS","?","M","$","T","E","M","R","$","M","R","B",null,"M","$","?","COS","?","E"],"character_chosen":"THE_SILENT","items_purchased":["Membership Card","Blade Dance","Art of War","Eternal Feather","Terror"],"campfire_rested":0,"item_purchase_floors":[13,13,13,19,19],"current_hp_per_floor":[70,63,63,63,63,63,57,57,57,55,55,55,55,50,50,14,60,41,41,41,41,41,20,20],"gold":130,"neow_bonus":"THREE_ENEMY_KILL","is_daily":false,"chose_seed":false,"campfire_upgraded":2,"win_rate":0.0,"timestamp":1609508005,"path_taken":["M","?","?","?","COS","?","?","?","T","E","M","R","$","?","R","BOSS","M","$","?","COS","?","E"],"items_purchased_type":["Relic","Card","Relic","Relic","Card"],"build_version":"2020-12-22","purchased_purges":2,"victory":false,"max_hp_per_floor":[70,63,63,63,63,63,63,63,63,63,63,60,60,60,60,60,60,57,54,54,54,54,54,54],"card_choices":[{"not_picked":["Backstab","Deadly Poison","Deflect"],"picked":"SKIP","floor":1.0},{"not_picked":["PiercingWail","Flechettes"],"picked":"Reflex","floor":7},{"not_picked":["Bullet Time","A Thousand Cuts"],"picked":"Corpse Explosion","floor":10},{"not_picked":["Cloak And Dagger","Bane","Well Laid Plans"],"picked":"SKIP","floor":10},{"not_picked":["Infinite Blades","Bane","Deflect"],"picked":"SKIP","floor":11},{"not_picked":["All Out Attack","Slice","Dagger Spray"],"picked":"SKIP","floor":14},{"not_picked":["Tools of the Trade","Glass Knife"],"picked":"Phantasmal Killer","floor":16},{"not_picked":["Tactician+1","Deflect","Catalyst"],"picked":"SKIP","floor":18}],"player_experience":1530409,"relics_obtained":[{"floor":9,"key":"Omamori"},{"floor":10,"key":"Pocketwatch"}],"event_choices":[],"is_beta":false,"boss_relics":[{"not_picked":["Black Star","Runic Pyramid"],"picked":"WristBlade"}],"items_purged_floors":[13,19],"is_endless":false,"potions_floor_spawned":[1,10,16,18],"killed_by":"Gensokyo:Tenshi","ascension_level":1}}