{"host":"jgqxb38yl0c1w101","time":1609526900,"event":{"mods":["BaseMod","Colored Map","Downfall","Minty Spire (QoL Compilation)","StSLib"],"gold_per_floor":[99,116,134,119,119,147,220,395,295,313,342,359,359,372,390,491,491,491,507,523,523,537,537,564,79,111,129,148,182,202,202,214,309,309,209,219,61,71,81,81,81,81,108,126,26,57,57,74,86,86,86,118,19,19,19],"floor_reached":56,"playtime":6212,"items_purged":["Doubt"],"score":1365,"play_id":"f5fec18f-6bca-4727-8201-0e1028075535","local_time":"20210101134820","is_ascension_mode":true,"campfire_choices":[{"data":"Guardian:CurlUp","floor":1.0,"key":"SMITH"},{"data":"Guardian:TwinSlam","floor":9.0,"key":"SMITH"},{"data":"1","floor":13.0,"key":"LIFT"},{"data":"Guardian:Preprogram","floor":18.0,"key":"SMITH"},{"data":"Guardian:FierceBash","floor":23.0,"key":"SMITH"},{"floor":35.0,"key":"RECALL"},{"data":"2","floor":40.0,"key":"LIFT"},{"data":"3","floor":45.0,"key":"LIFT"},{"floor":47.0,"key":"REST"},{"floor":54,"key":"REST"}],"circlet_count":0,"master_deck":["Guardian:CurlUp+1","Guardian:TwinSlam+1","Guardian:Repulse","Guardian:Preprogram+1","Guardian:VentSteam","Guardian:DecasProtection","Guardian:ChargeCore","Guardian:MultiBeam","Guardian:Recover","Guardian:PiercingHide","Guardian:FierceBash+1","Guardian:ShieldCharger","RitualDagger","Guardian:PiercingHide+1","Guardian:TimeCapacitor","Panache","Guardian:MultiBeam+1","Guardian:TemporalStrike","Guardian:StasisField","Guardian:SphericShield","Guardian:GemFinder","Guardian:StasisField","Guardian:TimeBomb","Guardian:AncientConstruct","Guardian:FloatingOrbs","Guardian:RollAttack+1","Guardian:WalkerClaw+1","Guardian:ConstructionForm","Guardian:Gem_Lightblue","Guardian:Gem_Lightblue","Guardian:TemporalShield+1"],"relics":["Guardian:ModeShifter","Nunchaku","downfall:HeartBlessingBlue","Girya","Busted Crown","Anchor","Frozen Eye","InkBottle","Pandora\u0027s Box","downfall:HeartBlessingGreen","Akabeko","Sundial","Toxic Egg 2","downfall:HeartBlessingRed","Bronze Scales","Happy Flower"],"acts_visited":["Exordium","TheCity","TheBeyond","TheEnding"],"potions_floor_usage":[52,55,55,55],"damage_taken":[{"damage":2.0,"enemies":"Small Slimes","floor":2.0,"turns":4.0},{"damage":4.0,"enemies":"2 Louse","floor":3.0,"turns":4.0},{"damage":0.0,"enemies":"downfall:FleeingMerchant","floor":4.0,"turns":4.0},{"damage":31.0,"enemies":"3 Sentries","floor":6.0,"turns":13.0},{"damage":6.0,"enemies":"Jaw Worm","floor":10.0,"turns":4.0},{"damage":4.0,"enemies":"Gremlin Nob","floor":11.0,"turns":5.0},{"damage":7.0,"enemies":"Blue Slaver","floor":12.0,"turns":4.0},{"damage":7.0,"enemies":"Gremlin Gang","floor":14.0,"turns":2.0},{"damage":10.0,"enemies":"Exordium Wildlife","floor":15.0,"turns":3.0},{"damage":19.0,"enemies":"downfall:Watcher","floor":16.0,"turns":13.0},{"damage":18.0,"enemies":"Shell Parasite","floor":19.0,"turns":5.0},{"damage":14.0,"enemies":"Sentry and Sphere","floor":20.0,"turns":7.0},{"damage":12.0,"enemies":"Shelled Parasite and Fungi","floor":22.0,"turns":4.0},{"damage":0.0,"enemies":"downfall:FleeingMerchant","floor":25.0,"turns":4.0},{"damage":19.0,"enemies":"Book of Stabbing","floor":26.0,"turns":6.0},{"damage":2.0,"enemies":"Cultist and Chosen","floor":27.0,"turns":4.0},{"damage":0.0,"enemies":"Centurion and Healer","floor":28.0,"turns":7.0},{"damage":18.0,"enemies":"Slavers","floor":29.0,"turns":4.0},{"damage":0.0,"enemies":"3 Cultists","floor":30.0,"turns":4.0},{"damage":12.0,"enemies":"Snecko","floor":32.0,"turns":6.0},{"damage":28.0,"enemies":"downfall:Silent","floor":33.0,"turns":11.0},{"damage":0.0,"enemies":"3 Darklings","floor":36.0,"turns":3.0},{"damage":20.0,"enemies":"downfall:FleeingMerchant","floor":37.0,"turns":4.0},{"damage":0.0,"enemies":"3 Shapes","floor":38.0,"turns":3.0},{"damage":6.0,"enemies":"Maw","floor":39.0,"turns":8.0},{"damage":0.0,"enemies":"Giant Head","floor":43.0,"turns":7.0},{"damage":2.0,"enemies":"Transient","floor":44.0,"turns":5.0},{"damage":28.0,"enemies":"Reptomancer","floor":46.0,"turns":5.0},{"damage":7.0,"enemies":"Jaw Worm Horde","floor":48.0,"turns":4.0},{"damage":0.0,"enemies":"Spire Growth","floor":49.0,"turns":5.0},{"damage":0,"enemies":"downfall:Ironclad","floor":50,"turns":7},{"damage":78,"enemies":"downfall:CharBossMerchant","floor":52,"turns":9},{"damage":10,"enemies":"downfall:NeowBoss","floor":55,"turns":21}],"seed_played":"-2995055093168747681","potions_obtained":[{"floor":2.0,"key":"EssenceOfSteel"},{"floor":6.0,"key":"Guardian:DefensiveModePotion"},{"floor":11.0,"key":"PowerPotion"},{"floor":12.0,"key":"PowerPotion"},{"floor":15.0,"key":"SpeedPotion"},{"floor":16.0,"key":"SpeedPotion"},{"floor":19.0,"key":"Explosive Potion"},{"floor":22.0,"key":"EntropicBrew"},{"floor":27.0,"key":"Ancient Potion"},{"floor":32.0,"key":"Energy Potion"},{"floor":36.0,"key":"LiquidBronze"},{"floor":43.0,"key":"Regen Potion"},{"floor":44.0,"key":"PowerPotion"},{"floor":52,"key":"Fire Potion"}],"is_trial":false,"path_per_floor":["R","M","M","$","?","E","T","?","R","M","E","M","R","M","M","B",null,"R","M","M","?","M","R","T","$","E","M","M","E","M","?","M","B",null,"R","M","$","M","M","R","T","?","E","M","R","E","R","M","M","B",null,"E","$","R","B",null],"character_chosen":"GUARDIAN","items_purchased":["Frozen Eye","Guardian:TimeCapacitor","Panache","Akabeko","Guardian:StasisDiscoveryPotion"],"campfire_rested":2,"item_purchase_floors":[25,25,25,37,53],"current_hp_per_floor":[88,86,82,82,82,51,51,51,61,55,51,44,44,37,27,8,98,98,80,66,60,48,48,48,48,29,27,27,9,9,9,29,1,98,98,98,78,78,72,72,72,72,72,70,70,42,71,64,64,64,98,34,34,63,53],"gold":19,"neow_bonus":"TEN_PERCENT_HP_BONUS","is_daily":false,"chose_seed":false,"campfire_upgraded":4,"win_rate":0.0,"timestamp":1609526900,"path_taken":["R","M","M","$","?","E","T","?","R","M","E","M","R","M","M","BOSS","R","M","M","?","M","R","T","$","E","M","M","E","M","?","M","BOSS","R","M","$","M","?","R","T","?","E","M","R","E","R","M","M","BOSS","E","$","R","BOSS"],"items_purchased_type":["Relic","Card","Card","Relic","Potion"],"build_version":"2020-12-22","purchased_purges":1,"victory":true,"max_hp_per_floor":[88,88,88,88,88,88,88,88,98,98,98,98,98,98,98,98,98,98,98,98,98,98,98,98,98,98,98,98,98,98,98,98,98,98,98,98,98,98,98,98,98,98,98,98,98,98,98,98,98,98,98,98,98,98,98],"card_choices":[{"not_picked":["Guardian:WalkerClaw","Guardian:TemporalShield"],"picked":"Guardian:Repulse","floor":2.0},{"not_picked":["Guardian:TemporalShield","Guardian:Planning"],"picked":"Guardian:Preprogram","floor":3.0},{"not_picked":["Guardian:Gem_Yellow","Guardian:TemporalShield"],"picked":"Guardian:VentSteam","floor":4.0},{"not_picked":["Guardian:Gem_Red","Guardian:Gem_Crimson"],"picked":"Guardian:Gem_Cyan","floor":6.0},{"not_picked":["Guardian:Harden","Guardian:VentSteam"],"picked":"Guardian:DecasProtection","floor":10.0},{"not_picked":["Guardian:FastForward","Guardian:Gem_Crimson"],"picked":"Guardian:ChargeCore","floor":11.0},{"not_picked":["Guardian:SentryBeam","Guardian:ArmoredProtocol"],"picked":"Guardian:MultiBeam","floor":12.0},{"not_picked":["Guardian:FloatingOrbs","Guardian:Gem_Yellow"],"picked":"Guardian:Recover","floor":14.0},{"not_picked":["Guardian:ShieldCharger","Guardian:Incinerate"],"picked":"Guardian:PiercingHide","floor":15.0},{"not_picked":["Guardian:BaubleBeam","Guardian:StasisStrike"],"picked":"Guardian:FierceBash","floor":16.0},{"not_picked":[],"picked":"Guardian:ShieldCharger","floor":19.0},{"not_picked":[],"picked":"Guardian:Gem_Lightblue","floor":20.0},{"not_picked":[],"picked":"Guardian:PiercingHide+1","floor":22.0},{"not_picked":["Guardian:VentSteam"],"picked":"SKIP","floor":25.0},{"not_picked":["Guardian:Recover"],"picked":"SKIP","floor":26.0},{"not_picked":[],"picked":"Guardian:MultiBeam+1","floor":27.0},{"not_picked":["Guardian:GuardianWhirl+1"],"picked":"SKIP","floor":28.0},{"not_picked":[],"picked":"Guardian:TemporalStrike","floor":29.0},{"not_picked":["Guardian:Repulse+1"],"picked":"SKIP","floor":30.0},{"not_picked":[],"picked":"Guardian:SphericShield","floor":32.0},{"not_picked":[],"picked":"Guardian:GemFinder","floor":33.0},{"not_picked":["Guardian:Gem_Green","Guardian:Gem_Red"],"picked":"Guardian:Gem_Cyan","floor":36.0},{"not_picked":[],"picked":"Guardian:RollAttack+1","floor":36.0},{"not_picked":[],"picked":"Guardian:Gem_Blue","floor":37.0},{"not_picked":["Guardian:VentSteam"],"picked":"SKIP","floor":38.0},{"not_picked":["Guardian:Gem_Green","Guardian:Gem_Red"],"picked":"Guardian:Gem_Cyan","floor":39.0},{"not_picked":["Guardian:ChargeUp"],"picked":"SKIP","floor":39.0},{"not_picked":["Guardian:Gem_Green","Guardian:Gem_Cyan"],"picked":"Guardian:Gem_Red","floor":43.0},{"not_picked":["Guardian:Clone+1"],"picked":"SKIP","floor":43.0},{"not_picked":["Guardian:Gem_Green","Guardian:Gem_Cyan"],"picked":"Guardian:Gem_Red","floor":44.0},{"not_picked":[],"picked":"Guardian:WalkerClaw+1","floor":44.0},{"not_picked":["Guardian:Gem_Red","Guardian:Gem_Cyan"],"picked":"Guardian:Gem_Lightblue","floor":46.0},{"not_picked":["Guardian:Gem_Yellow"],"picked":"SKIP","floor":46.0},{"not_picked":[],"picked":"Guardian:Gem_Yellow","floor":46.0},{"not_picked":[],"picked":"Guardian:ConstructionForm","floor":48.0},{"not_picked":["Guardian:Gem_Red","Guardian:Gem_Green"],"picked":"Guardian:Gem_Lightblue","floor":49.0},{"not_picked":[],"picked":"Guardian:Gem_Lightblue","floor":49.0},{"not_picked":[],"picked":"Guardian:TemporalShield+1","floor":52}],"player_experience":121856,"relics_obtained":[{"floor":6.0,"key":"Nunchaku"},{"floor":11.0,"key":"Girya"},{"floor":24.0,"key":"Anchor"},{"floor":26.0,"key":"InkBottle"},{"floor":29.0,"key":"Omamori"},{"floor":41.0,"key":"Sundial"},{"floor":43.0,"key":"Toxic Egg 2"},{"floor":46.0,"key":"Bronze Scales"},{"floor":52,"key":"Happy Flower"}],"event_choices":[{"damage_healed":0.0,"max_hp_gain":0.0,"max_hp_loss":0.0,"gold_gain":0.0,"cards_transformed":["Guardian:Defend_Guardian"],"event_name":"Living Wall","player_choice":"Change","floor":5.0,"gold_loss":0.0,"damage_taken":0.0,"cards_obtained":["Guardian:Gem_Blue"]}],"is_beta":false,"boss_relics":[{"not_picked":["SlaversCollar","Tiny House"],"picked":"Busted Crown"},{"not_picked":["Coffee Dripper","Sozu"],"picked":"Pandora\u0027s Box"}],"items_purged_floors":[25],"is_endless":false,"potions_floor_spawned":[2,6,11,12,15,16,19,22,27,28,32,36,43,44,52],"ascension_level":1}}