{"host":"wy23tj84iquxuyyu","time":1609466862,"event":{"mods":["Aspiration","BaseMod","Better Note","Colored Map","Fireblade Mod","Hermit","Marked Mod","Minty Spire (QoL Compilation)","Random Character Button","Rare Cards Sparkle","Relic Stats","Replay The Spire","Retaliation","Spicy Shops","StSLib","The Cursed","The Death Knight","The Necromancer","Trackpad"],"gold_per_floor":[118,132,49,60,79,79,92,118,198,198,216,216,226,236,236,337,337,317,335,60,76,92,105,123,133,133,152,152,163,21,38,38,138,138,153,163,163,173,190,190,208,219,242,268,268,268,282,293,293,293],"floor_reached":51,"playtime":3506,"items_purged":[],"score":697,"play_id":"ef7f14bc-2dbd-4d5e-9e5b-1919e22c3e97","local_time":"20201231210742","is_ascension_mode":false,"campfire_choices":[{"data":"Catalyst","floor":6.0,"key":"SMITH"},{"floor":12.0,"key":"REST"},{"floor":15.0,"key":"REST"},{"floor":28.0,"key":"REST"},{"floor":32.0,"key":"REST"},{"floor":45,"key":"REST"},{"floor":49,"key":"REST"}],"circlet_count":0,"master_deck":["Strike_G","Strike_G","Defend_G","Defend_G","Defend_G","Survivor","Neutralize","Catalyst+1","Poisoned Stab","Deadly Poison","Blind","Catalyst","Poisoned Stab","Venomology","Choke+1","ReplayTheSpireMod:The Works+1","Adrenaline+1","Noxious Fumes+1","Crippling Poison","Noxious Fumes+1","Poisoned Stab","Bane","Bouncing Flask","Burst","Parasite","Predator","Crippling Poison+1","Mayhem"],"relics":["Ring of the Snake","ReplayTheSpireMod:Ninjato","Chameleon Ring","Pet Ghost","Astrolabe","Blue Doll","aspiration:Nostalgia","Sizzling Blood","Bronze Scales","Oddly Smooth Stone","WristBlade","trackpad:Mousetrap","Vajra"],"acts_visited":["Exordium","TheCity","TheBeyond"],"potions_floor_usage":[39,39,41,42,42,42,44,48,50,50,50],"damage_taken":[{"damage":0.0,"enemies":"Cultist","floor":1.0,"turns":5.0},{"damage":9.0,"enemies":"Jaw Worm","floor":2.0,"turns":4.0},{"damage":0.0,"enemies":"2 Louse","floor":4.0,"turns":2.0},{"damage":5.0,"enemies":"Large Slime","floor":5.0,"turns":6.0},{"damage":0.0,"enemies":"Blue Slaver","floor":7.0,"turns":3.0},{"damage":26.0,"enemies":"Gremlin Nob","floor":8.0,"turns":4.0},{"damage":3.0,"enemies":"2 Fungi Beasts","floor":11.0,"turns":4.0},{"damage":0.0,"enemies":"Red Slaver","floor":13.0,"turns":3.0},{"damage":6.0,"enemies":"Exordium Wildlife","floor":14.0,"turns":6.0},{"damage":52.0,"enemies":"Fading Forest","floor":16.0,"turns":11.0},{"damage":9.0,"enemies":"2 Thieves","floor":18.0,"turns":4.0},{"damage":0.0,"enemies":"Shell Parasite","floor":19.0,"turns":4.0},{"damage":0.0,"enemies":"Snake Plant","floor":21.0,"turns":3.0},{"damage":2.0,"enemies":"Shelled Parasite and Fungi","floor":22.0,"turns":4.0},{"damage":12.0,"enemies":"3 Cultists","floor":23.0,"turns":3.0},{"damage":21.0,"enemies":"Centurion and Healer","floor":24.0,"turns":6.0},{"damage":17.0,"enemies":"Snake Plant","floor":25.0,"turns":4.0},{"damage":11.0,"enemies":"3 Cultists","floor":27.0,"turns":5.0},{"damage":33.0,"enemies":"Shelled Parasite and Fungi","floor":29.0,"turns":4.0},{"damage":13.0,"enemies":"Centurion and Healer","floor":31.0,"turns":4.0},{"damage":54.0,"enemies":"Champ","floor":33.0,"turns":10.0},{"damage":0.0,"enemies":"3 Shapes","floor":35.0,"turns":5.0},{"damage":6.0,"enemies":"3 Darklings","floor":36.0,"turns":4.0},{"damage":15.0,"enemies":"Writhing Mass","floor":38.0,"turns":5.0},{"damage":0,"enemies":"4 Shapes","floor":39,"turns":3},{"damage":18,"enemies":"3 Darklings","floor":41,"turns":5},{"damage":0,"enemies":"Maw","floor":42,"turns":6},{"damage":12,"enemies":"Giant Head","floor":44,"turns":5},{"damage":22,"enemies":"Spire Growth","floor":47,"turns":4},{"damage":19,"enemies":"Sphere and 2 Shapes","floor":48,"turns":4},{"damage":71,"enemies":"Time Eater","floor":50,"turns":8}],"seed_played":"349710568647793144","potions_obtained":[{"floor":1.0,"key":"Elixir"},{"floor":5.0,"key":"Strength Potion"},{"floor":7.0,"key":"DeathKnight:RimePotion"},{"floor":14.0,"key":"GamblersBrew"},{"floor":18.0,"key":"SkillPotion"},{"floor":23.0,"key":"Fire Potion"},{"floor":33.0,"key":"BlessingOfTheForge"},{"floor":36.0,"key":"EssenceOfSteel"},{"floor":39,"key":"DeathKnight:RimePotion"},{"floor":42,"key":"FearPotion"}],"is_trial":false,"path_per_floor":["M","M","$","M","M","R","M","E","T","?","M","R","M","M","R","B",null,"M","M","$","M","M","M","M","M","T","M","R","M","$","M","R","B",null,"M","M","?","M","M","?","M","M","T","E","R","?","M","M","R","B",null],"character_chosen":"THE_SILENT","items_purchased":["Blind","Noxious Fumes+1","Blue Doll","aspiration:Nostalgia","Oddly Smooth Stone","Bouncing Flask"],"campfire_rested":6,"item_purchase_floors":[3,20,20,20,30,30],"current_hp_per_floor":[70,61,61,61,56,56,56,30,30,30,27,48,48,42,63,29,70,61,61,65,69,71,63,46,33,33,26,48,19,19,10,32,21,74,74,72,72,61,65,65,51,55,55,47,69,69,51,36,58,29],"gold":293,"neow_bonus":"TRANSFORM_CARD","is_daily":false,"chose_seed":false,"campfire_upgraded":1,"win_rate":0.0,"timestamp":1609466862,"path_taken":["M","M","?","M","M","R","M","E","T","?","M","R","M","M","R","BOSS","M","M","$","M","M","M","?","M","T","M","R","M","$","M","R","BOSS","M","M","?","M","M","?","?","M","T","E","R","?","M","M","R","BOSS"],"items_purchased_type":["Card","Card","Relic","Relic","Relic","Card"],"build_version":"2020-12-22","purchased_purges":0,"victory":true,"max_hp_per_floor":[70,70,70,70,70,70,70,70,70,70,70,70,70,70,70,70,70,70,70,74,74,74,74,74,74,74,74,74,74,74,74,74,74,74,74,74,74,74,74,74,74,74,74,74,74,74,74,74,74,74],"relic_stats":{"counters":[31,148],"Astrolabe":["Choke","ReplayTheSpireMod:The Works","Adrenaline"],"Bronze Scales":[207],"obtain_stats":[{"trackpad:Mousetrap":43,"ReplayTheSpireMod:Ninjato":8,"aspiration:Nostalgia":20,"Astrolabe":17,"Oddly Smooth Stone":30,"Vajra":44,"Blue Doll":20,"Sizzling Blood":20,"Pet Ghost":10,"Chameleon Ring":9,"WristBlade":34,"Bronze Scales":26,"Ring of the Snake":0},{"trackpad:Mousetrap":27,"ReplayTheSpireMod:Ninjato":6,"aspiration:Nostalgia":12,"Astrolabe":10,"Oddly Smooth Stone":19,"Vajra":28,"Blue Doll":12,"Sizzling Blood":12,"Pet Ghost":6,"Chameleon Ring":6,"WristBlade":21,"Bronze Scales":17,"Ring of the Snake":0},{"trackpad:Mousetrap":127,"ReplayTheSpireMod:Ninjato":24,"aspiration:Nostalgia":56,"Astrolabe":48,"Oddly Smooth Stone":85,"Vajra":132,"Blue Doll":56,"Sizzling Blood":56,"Pet Ghost":24,"Chameleon Ring":24,"WristBlade":99,"Bronze Scales":76,"Ring of the Snake":0}],"Ring of the Snake":[62]},"card_choices":[{"not_picked":["Flying Knee","Sucker Punch"],"picked":"Poisoned Stab","floor":1.0},{"not_picked":["Acrobatics","Reflex"],"picked":"Deadly Poison","floor":2.0},{"not_picked":["Accuracy","Fluid Movement","Acrobatics"],"picked":"SKIP","floor":4.0},{"not_picked":["Backflip","Sucker Punch","Underhanded Strike"],"picked":"SKIP","floor":5.0},{"not_picked":["Underhanded Strike","Sneak Up"],"picked":"Fluid Movement","floor":7.0},{"not_picked":["Finisher","Cloak And Dagger","Dagger Throw"],"picked":"SKIP","floor":8.0},{"not_picked":["ReplayTheSpireMod:Shiv Toss","Dagger Spray","Dagger Throw"],"picked":"SKIP","floor":11.0},{"not_picked":["Dash","Sneak Up"],"picked":"Catalyst","floor":13.0},{"not_picked":["Tactician","Acrobatics"],"picked":"Poisoned Stab","floor":14.0},{"not_picked":["ReplayTheSpireMod:From All Sides","Burst"],"picked":"Venomology","floor":16.0},{"not_picked":["Blade Dance+1","Sucker Punch"],"picked":"Noxious Fumes+1","floor":18.0},{"not_picked":["All Out Attack","Prepared"],"picked":"Crippling Poison","floor":19.0},{"not_picked":["Flying Knee+1","Sneak Up+1"],"picked":"Poisoned Stab","floor":21.0},{"not_picked":["Doppelganger","Backstab","Blade Dance"],"picked":"SKIP","floor":22.0},{"not_picked":["Backstab","Quick Slash","Cloak And Dagger"],"picked":"SKIP","floor":23.0},{"not_picked":["Distraction","All Out Attack"],"picked":"Bane","floor":24.0},{"not_picked":["Deflect+1","Dagger Throw+1","Outmaneuver"],"picked":"SKIP","floor":25.0},{"not_picked":["PiercingWail","Distraction","Underhanded Strike+1"],"picked":"SKIP","floor":27.0},{"not_picked":["Cloak And Dagger+1","A Thousand Cuts","Backflip"],"picked":"SKIP","floor":29.0},{"not_picked":["Backflip","Cloak And Dagger","ReplayTheSpireMod:Speed Training"],"picked":"SKIP","floor":31.0},{"not_picked":["aspiration:Lunge","Glass Knife"],"picked":"Burst","floor":33.0},{"not_picked":["Dagger Spray+1","Distraction","Concentrate"],"picked":"SKIP","floor":35.0},{"not_picked":["Deadly Poison","Bane","ReplayTheSpireMod:Scrap Shanks+1"],"picked":"SKIP","floor":36.0},{"not_picked":["Bouncing Flask","Leg Sweep+1","PiercingWail+1"],"picked":"SKIP","floor":38.0},{"not_picked":["Dagger Spray+1","Underhanded Strike+1","Flying Knee+1"],"picked":"SKIP","floor":39},{"not_picked":["Underhanded Strike+1","ReplayTheSpireMod:Tripwire+1","Concentrate"],"picked":"SKIP","floor":41},{"not_picked":["Heel Hook","A Thousand Cuts"],"picked":"Crippling Poison+1","floor":42},{"not_picked":["Expertise","Bouncing Flask+1","Riddle With Holes"],"picked":"SKIP","floor":44},{"not_picked":["ReplayTheSpireMod:Necrogeddon","Violence"],"picked":"Mayhem","floor":46},{"not_picked":["Well Laid Plans","Dagger Throw+1","Dagger Spray"],"picked":"SKIP","floor":47},{"not_picked":["Poisoned Stab","Flying Knee","Acrobatics"],"picked":"SKIP","floor":48}],"player_experience":846499,"relics_obtained":[{"floor":8.0,"key":"ReplayTheSpireMod:Ninjato"},{"floor":9.0,"key":"Chameleon Ring"},{"floor":26.0,"key":"Bronze Scales"},{"floor":43,"key":"trackpad:Mousetrap"},{"floor":44,"key":"Vajra"}],"event_choices":[{"cards_removed":["Fluid Movement"],"damage_healed":0.0,"max_hp_gain":0.0,"max_hp_loss":0.0,"gold_gain":0.0,"event_name":"WeMeetAgain","player_choice":"Gave Card","floor":10.0,"gold_loss":0.0,"damage_taken":0.0,"relics_obtained":["Pet Ghost"]},{"damage_healed":0.0,"max_hp_gain":0.0,"max_hp_loss":0.0,"gold_gain":0.0,"event_name":"Mysterious Sphere","player_choice":"Ignored","floor":37.0,"gold_loss":0.0,"damage_taken":0.0},{"damage_healed":0,"gold_gain":0,"cards_transformed":["Defend_G"],"player_choice":"Transformed","damage_taken":0,"max_hp_gain":0,"max_hp_loss":0,"event_name":"Transmorgrifier","floor":40,"gold_loss":0,"cards_obtained":["Predator"]},{"damage_healed":0,"gold_gain":0,"player_choice":"Memory 1","damage_taken":0,"max_hp_gain":0,"max_hp_loss":0,"event_name":"SensoryStone","floor":46,"gold_loss":0}],"is_beta":false,"boss_relics":[{"not_picked":["Replay:Grab Bag","Replay:Drink Me"],"picked":"Astrolabe"},{"not_picked":["Snecko Eye","Painkiller Herb"],"picked":"WristBlade"}],"items_purged_floors":[],"is_endless":false,"potions_floor_spawned":[1,5,7,14,18,19,23,29,33,36,39,42],"ascension_level":0}}