{"host":"gzuytev79v4mazik","time":1609486496,"event":{"mods":["ATMod(°¢èªMod)","Act Like it!","BaseMod","CapriCore","GungeonMod","Hallownest","Infinite Spire","Jorbs\u0027s Wanderer Trilogy","Koishi","Luminous","Minty Spire (QoL Compilation)","Prisma Mod","Rare Cards Sparkle","Remilia£¨ÀÙÃ×ÀòÑÇ£©","Replay The Spire","StSLib","The Alterego","The Bug Knight","The Immortal"],"gold_per_floor":[113,113,113,63,76,129,149,177,216,226,226,226,226,111,111,111,111],"floor_reached":16,"playtime":1039,"items_purged":[],"score":133,"play_id":"5387f494-7570-4793-87d5-86d2511ad154","local_time":"20210101153456","is_ascension_mode":false,"campfire_choices":[{"data":"DemoMod:ManualReload","floor":11.0,"key":"SMITH"},{"data":"DemoMod:Purify","floor":13.0,"key":"SMITH"},{"data":"DemoMod:CombinedRifle","floor":15.0,"key":"SMITH"}],"circlet_count":0,"master_deck":["DemoMod:Strike_Huntress","DemoMod:Strike_Huntress","DemoMod:Defend_Huntress","DemoMod:Defend_Huntress","DemoMod:Defend_Huntress","DemoMod:Roll","DemoMod:ManualReload+1","DemoMod:RustySidearm","DemoMod:CrossBow","AT_BreakingExtremeWeapon","DemoMod:DoubleSwitch","DemoMod:TeaPot","DemoMod:CombinedRifle+1","DemoMod:ThirdPartyController","DemoMod:BattleInHaste","DemoMod:Purify+1"],"relics":["DemoMod:Dog","AT_ATBox","NeowsBlessing","DemoMod:BigBoy","Replay:Mystery Machine","Anchor","infinitespire:PuzzleCube","DemoMod:GnawedKey"],"acts_visited":["Exordium"],"potions_floor_usage":[16,16,16],"damage_taken":[{"damage":0.0,"enemies":"Jaw Worm","floor":1.0,"turns":1.0},{"damage":0.0,"enemies":"Small Slimes","floor":5.0,"turns":1.0},{"damage":0.0,"enemies":"3 Sentries","floor":6.0,"turns":1.0},{"damage":0.0,"enemies":"Cultist","floor":7.0,"turns":2.0},{"damage":12.0,"enemies":"Gremlin Nob","floor":8.0,"turns":3.0},{"damage":13.0,"enemies":"Looter","floor":9.0,"turns":5.0},{"damage":0.0,"enemies":"Looter","floor":10.0,"turns":2.0},{"damage":40,"enemies":"Hexaghost","floor":16,"turns":11}],"seed_played":"-7579083380846142367","potions_obtained":[{"floor":5.0,"key":"Weak Potion"},{"floor":8.0,"key":"Block Potion"},{"floor":10.0,"key":"SpeedPotion"}],"is_trial":false,"path_per_floor":["M","?","?","?","M","E","M","E","T","M","R","?","R","$","R","B"],"character_chosen":"HUNTRESS","items_purchased":["DemoMod:GnawedKey"],"campfire_rested":0,"item_purchase_floors":[14],"current_hp_per_floor":[70,65,65,65,65,65,65,53,40,40,40,40,40,40,40,0,0],"gold":111,"neow_bonus":"THREE_ENEMY_KILL","is_daily":false,"chose_seed":false,"campfire_upgraded":3,"win_rate":0.0,"timestamp":1609486496,"path_taken":["M","?","?","?","M","E","M","E","T","?","R","?","R","$","R","BOSS"],"items_purchased_type":["Relic"],"build_version":"2020-12-22","purchased_purges":0,"victory":false,"max_hp_per_floor":[70,65,65,65,65,65,65,65,65,65,65,65,65,65,65,65,65],"card_choices":[{"not_picked":["DemoMod:SAA","DemoMod:ProbeStrike"],"picked":"DemoMod:Purify","floor":1.0},{"not_picked":["DemoMod:Ejector","DemoMod:Unmoved"],"picked":"DemoMod:DoubleSwitch","floor":5.0},{"not_picked":["DemoMod:ConditionalReflex","DemoMod:FastSwitch"],"picked":"DemoMod:TeaPot","floor":6.0},{"not_picked":["DemoMod:PotionOfGunFriendShip","DemoMod:AC15"],"picked":"DemoMod:CombinedRifle","floor":7.0},{"not_picked":["DemoMod:AC15","DemoMod:BattleInHaste"],"picked":"DemoMod:ThirdPartyController","floor":8.0},{"not_picked":["DemoMod:Camera","DemoMod:CombinedRifle"],"picked":"DemoMod:BattleInHaste","floor":9.0},{"not_picked":["DemoMod:SkilledReload","DemoMod:HardPowerCard"],"picked":"DemoMod:Purify","floor":10.0}],"player_experience":365690,"relics_obtained":[{"floor":6.0,"key":"Replay:Mystery Machine"},{"floor":8.0,"key":"Anchor"},{"floor":9.0,"key":"infinitespire:PuzzleCube"}],"event_choices":[{"damage_healed":0.0,"max_hp_gain":0.0,"max_hp_loss":0.0,"gold_gain":0.0,"event_name":"Big Fish","player_choice":"Box","floor":3.0,"gold_loss":0.0,"damage_taken":0.0,"relics_obtained":["DemoMod:BigBoy"],"cards_obtained":["Regret"]},{"cards_removed":["Regret"],"damage_healed":0.0,"max_hp_gain":0.0,"max_hp_loss":0.0,"gold_gain":0.0,"event_name":"The Cleric","player_choice":"Card Removal","floor":4.0,"gold_loss":50.0,"damage_taken":0.0}],"is_beta":false,"boss_relics":[],"items_purged_floors":[],"is_endless":false,"potions_floor_spawned":[5,8,10],"killed_by":"Hexaghost","ascension_level":0}}