{"host":"gopu3kmfaoww0llm","time":1609513120,"event":{"mods":["BaseMod","DeckTracker","Minty Spire (QoL Compilation)","Quick Restart","StSLib","SuperFastMode"],"gold_per_floor":[110,110,110,110,34,34,66,66,113,113,113,146,159,170,170,249,249,291,331,331,342,353,353,353,353],"floor_reached":24,"playtime":381,"items_purged":[],"score":508,"play_id":"7b3dad42-987e-484b-945b-332f51c43221","local_time":"20210101235840","is_ascension_mode":true,"campfire_choices":[{"data":"Adaptation","floor":6.0,"key":"SMITH"},{"data":"MentalFortress","floor":8.0,"key":"SMITH"},{"floor":11.0,"key":"RECALL"},{"data":"FlurryOfBlows","floor":15.0,"key":"SMITH"},{"floor":23.0,"key":"REST"}],"circlet_count":0,"master_deck":["AscendersBane","Strike_P","Strike_P+1","Strike_P","Strike_P+1","Defend_P","Defend_P","Defend_P","Eruption+1","Vigilance","Adaptation+1","MentalFortress+1","FlurryOfBlows+1","Wish","MentalFortress","InnerPeace+1"],"relics":["PureWater","NeowsBlessing","Matryoshka","Omamori","Lantern","Whetstone","White Beast Statue","Cursed Key"],"acts_visited":["Exordium","TheCity"],"potions_floor_usage":[24,24],"damage_taken":[{"damage":0.0,"enemies":"2 Louse","floor":1.0,"turns":1.0},{"damage":0.0,"enemies":"3 Sentries","floor":7.0,"turns":2.0},{"damage":0.0,"enemies":"Lagavulin","floor":12.0,"turns":1.0},{"damage":2.0,"enemies":"Jaw Worm","floor":13.0,"turns":3.0},{"damage":6.0,"enemies":"Cultist","floor":14.0,"turns":3.0},{"damage":6.0,"enemies":"Hexaghost","floor":16.0,"turns":8.0},{"damage":6.0,"enemies":"Spheric Guardian","floor":18.0,"turns":3.0},{"damage":26.0,"enemies":"3 Byrds","floor":19.0,"turns":7.0},{"damage":22.0,"enemies":"Snake Plant","floor":21.0,"turns":4.0},{"damage":16.0,"enemies":"Centurion and Healer","floor":22.0,"turns":4.0},{"damage":34,"enemies":"Book of Stabbing","floor":24,"turns":4}],"seed_played":"4925875746439181731","potions_obtained":[{"floor":1.0,"key":"AttackPotion"},{"floor":7.0,"key":"Energy Potion"},{"floor":16.0,"key":"Regen Potion"},{"floor":18.0,"key":"Fruit Juice"},{"floor":19.0,"key":"GamblersBrew"},{"floor":21.0,"key":"BottledMiracle"},{"floor":22.0,"key":"AttackPotion"}],"is_trial":false,"path_per_floor":["M","?","?","T","$","R","E","R","T","?","R","E","M","M","R","B",null,"M","M","T","M","M","R","E"],"character_chosen":"WATCHER","items_purchased":["Adaptation"],"campfire_rested":1,"item_purchase_floors":[5],"current_hp_per_floor":[61,61,54,54,54,54,54,54,54,54,54,54,52,46,46,40,61,60,34,34,24,8,29,0,0],"gold":353,"neow_bonus":"THREE_ENEMY_KILL","is_daily":false,"chose_seed":false,"campfire_upgraded":3,"win_rate":0.0,"timestamp":1609513120,"path_taken":["M","?","?","?","$","R","E","R","T","?","R","E","M","M","R","BOSS","M","M","?","M","M","R","E"],"items_purchased_type":["Card"],"build_version":"2020-12-22","purchased_purges":0,"victory":false,"max_hp_per_floor":[68,68,68,68,68,68,68,68,68,68,68,68,68,68,68,68,68,73,73,73,73,73,73,73,73],"card_choices":[{"not_picked":["Meditate","FollowUp","Evaluate"],"picked":"SKIP","floor":1.0},{"not_picked":["Consecrate","Halt"],"picked":"MentalFortress","floor":7.0},{"not_picked":["Conclude","Protect","ThirdEye"],"picked":"SKIP","floor":12.0},{"not_picked":["FlyingSleeves","Study","Sanctity"],"picked":"SKIP","floor":13.0},{"not_picked":["DeceiveReality","DeusExMachina"],"picked":"FlurryOfBlows","floor":14.0},{"not_picked":["Blasphemy","LessonLearned"],"picked":"Wish","floor":16.0},{"not_picked":["JustLucky","CrushJoints","CarveReality+1"],"picked":"SKIP","floor":18.0},{"not_picked":["SashWhip","Collect","BattleHymn"],"picked":"SKIP","floor":19.0},{"not_picked":["Crescendo","Protect"],"picked":"MentalFortress","floor":21.0},{"not_picked":["Evaluate","WaveOfTheHand+1"],"picked":"InnerPeace+1","floor":22.0}],"player_experience":2899059,"relics_obtained":[{"floor":4.0,"key":"Matryoshka"},{"floor":7.0,"key":"Omamori"},{"floor":9.0,"key":"Lantern"},{"floor":9.0,"key":"Whetstone"},{"floor":12.0,"key":"White Beast Statue"}],"event_choices":[{"damage_healed":0.0,"max_hp_gain":0.0,"max_hp_loss":0.0,"gold_gain":0.0,"event_name":"Living Wall","player_choice":"Grow","floor":2.0,"gold_loss":0.0,"damage_taken":0.0,"cards_upgraded":["Eruption"]},{"cards_removed":["Defend_P"],"damage_healed":0.0,"max_hp_gain":0.0,"max_hp_loss":0.0,"gold_gain":0.0,"event_name":"Golden Wing","player_choice":"Card Removal","floor":3.0,"gold_loss":0.0,"damage_taken":7.0},{"damage_healed":0.0,"max_hp_gain":0.0,"max_hp_loss":0.0,"gold_gain":0.0,"event_name":"Wheel of Change","player_choice":"Cursed","floor":10.0,"gold_loss":0.0,"damage_taken":0.0,"cards_obtained":["Decay"]}],"is_beta":false,"boss_relics":[{"not_picked":["Pandora\u0027s Box","Runic Dome"],"picked":"Cursed Key"}],"items_purged_floors":[],"is_endless":false,"potions_floor_spawned":[1,7,13,14,16,18,19,21,22],"killed_by":"Book of Stabbing","ascension_level":20}}