{"host":"0nndazl0keusavit","time":1609510907,"event":{"mods":["AchievementEnabler","BaseMod","Colored Map","Curses Come First","Highlight Path","Minty Spire (QoL Compilation)","Relic Stats","StSLib"],"gold_per_floor":[111,124,124,74,85,85,115,115,115,126,143,161,161,173,173,269,269,282,293,164,179,179,179,212,212,236,268,268,288,288,39,39,134,134,146,162,175,175,191,221,221,221,300,325,24,35,52,62,62,62],"floor_reached":51,"playtime":2523,"items_purged":["Defend_B"],"score":831,"play_id":"c2fa1849-4a6b-4494-9bfe-4dd78b6208be","local_time":"20210101102147","is_ascension_mode":false,"campfire_choices":[{"data":"Beam Cell","floor":6,"key":"SMITH"},{"data":"Go for the Eyes","floor":8,"key":"SMITH"},{"data":"Compile Driver","floor":13,"key":"SMITH"},{"floor":15,"key":"REST"},{"floor":25,"key":"REST"},{"floor":30,"key":"REST"},{"floor":32,"key":"REST"},{"floor":42,"key":"REST"},{"floor":49,"key":"REST"}],"circlet_count":0,"master_deck":["Strike_B","Strike_B","Strike_B","Defend_B","Defend_B","Defend_B","Zap+1","Dualcast","Gash","Beam Cell+1","Gash","Compile Driver+1","Cold Snap","Leap","Rebound+1","Conserve Battery+1","Gash","Hologram+1","Coolheaded","Redo+1","Coolheaded+1","Conserve Battery+1"],"relics":["Runic Pyramid","Mercury Hourglass","Potion Belt","Black Star","Cables","Red Mask","Toy Ornithopter","Centennial Puzzle","Omamori","DollysMirror","Fusion Hammer","Vajra","Emotion Chip","The Courier","Lizard Tail","InkBottle","Calipers"],"acts_visited":["Exordium","TheCity","TheBeyond"],"potions_floor_usage":[16,21,24,27,33,40,44,48,50,50,50,50],"damage_taken":[{"damage":5,"enemies":"2 Louse","floor":1,"turns":3},{"damage":0,"enemies":"Small Slimes","floor":2,"turns":3},{"damage":0,"enemies":"Cultist","floor":5,"turns":4},{"damage":26,"enemies":"Gremlin Nob","floor":7,"turns":4},{"damage":4,"enemies":"Exordium Thugs","floor":10,"turns":4},{"damage":1,"enemies":"2 Fungi Beasts","floor":11,"turns":2},{"damage":5,"enemies":"Exordium Wildlife","floor":12,"turns":3},{"damage":12,"enemies":"3 Louse","floor":14,"turns":2},{"damage":0,"enemies":"Slime Boss","floor":16,"turns":6},{"damage":1,"enemies":"3 Byrds","floor":18,"turns":4},{"damage":8,"enemies":"2 Thieves","floor":19,"turns":4},{"damage":19,"enemies":"Snake Plant","floor":21,"turns":4},{"damage":3,"enemies":"Masked Bandits","floor":24,"turns":2},{"damage":41,"enemies":"Slavers","floor":27,"turns":5},{"damage":12,"enemies":"Snecko","floor":29,"turns":6},{"damage":39,"enemies":"Automaton","floor":33,"turns":7},{"damage":6,"enemies":"3 Shapes","floor":35,"turns":5},{"damage":0,"enemies":"Orb Walker","floor":36,"turns":4},{"damage":11,"enemies":"Maw","floor":37,"turns":7},{"damage":7,"enemies":"Jaw Worm Horde","floor":39,"turns":5},{"damage":16,"enemies":"Giant Head","floor":40,"turns":7},{"damage":16,"enemies":"Nemesis","floor":44,"turns":6},{"damage":1,"enemies":"4 Shapes","floor":46,"turns":6},{"damage":11,"enemies":"Sphere and 2 Shapes","floor":47,"turns":5},{"damage":0,"enemies":"Writhing Mass","floor":48,"turns":5},{"damage":6,"enemies":"Donu and Deca","floor":50,"turns":9}],"seed_played":"8367354091140740792","potions_obtained":[{"floor":2,"key":"Energy Potion"},{"floor":11,"key":"PowerPotion"},{"floor":14,"key":"Fire Potion"},{"floor":18,"key":"PowerPotion"},{"floor":21,"key":"LiquidBronze"},{"floor":33,"key":"FocusPotion"},{"floor":36,"key":"CultistPotion"},{"floor":39,"key":"AttackPotion"},{"floor":40,"key":"ColorlessPotion"},{"floor":44,"key":"FocusPotion"},{"floor":48,"key":"LiquidMemories"}],"is_trial":false,"path_per_floor":["M","M","?","?","M","R","E","R","T","M","M","M","R","M","R","B",null,"M","M","$","M","?","?","?","R","T","E","?","M","R","$","R","B",null,"M","M","M","?","M","E","?","R","T","E","$","M","M","M","R","B",null],"character_chosen":"DEFECT","items_purchased":["Leap","DollysMirror","CultistPotion","Calipers","Regen Potion"],"campfire_rested":6,"item_purchase_floors":[20,31,31,45,45],"current_hp_per_floor":[70,70,70,70,70,70,44,44,44,40,39,34,34,22,44,44,75,74,66,66,47,47,47,44,66,66,30,23,11,33,33,55,21,75,69,69,58,58,51,40,40,62,62,51,51,50,39,58,75,74],"gold":62,"neow_bonus":"BOSS_RELIC","is_daily":false,"chose_seed":false,"campfire_upgraded":3,"win_rate":0.0,"timestamp":1609510907,"path_taken":["M","M","?","?","M","R","E","R","T","M","M","M","R","M","R","BOSS","M","M","$","M","?","?","?","R","T","E","?","?","R","$","R","BOSS","M","M","M","?","M","E","?","R","T","E","$","M","M","M","R","BOSS"],"items_purchased_type":["Card","Relic","Potion","Relic","Potion"],"build_version":"2020-12-22","purchased_purges":1,"victory":true,"max_hp_per_floor":[75,75,75,75,75,75,75,75,75,75,75,75,75,75,75,75,75,75,75,75,75,75,75,75,75,75,75,75,75,75,75,75,75,75,75,75,75,75,75,75,75,75,75,75,75,75,75,75,75,75],"relic_stats":{"Centennial Puzzle":[30],"Emotion Chip":[6,3,3,0,0],"Lizard Tail":0,"counters":[26,120],"Black Star":3,"obtain_stats":[{"Potion Belt":9,"Calipers":45,"Vajra":40,"The Courier":43,"Omamori":27,"Mercury Hourglass":7,"Cables":22,"Centennial Puzzle":27,"Emotion Chip":40,"Lizard Tail":44,"DollysMirror":31,"Fusion Hammer":34,"Black Star":17,"Red Mask":24,"Cracked Core":0,"Toy Ornithopter":26,"InkBottle":44,"Runic Pyramid":0},{"Potion Belt":4,"Calipers":22,"Vajra":21,"The Courier":21,"Omamori":14,"Mercury Hourglass":4,"Cables":12,"Centennial Puzzle":14,"Emotion Chip":21,"Lizard Tail":22,"DollysMirror":15,"Fusion Hammer":16,"Black Star":9,"Red Mask":13,"Cracked Core":0,"Toy Ornithopter":13,"InkBottle":22,"Runic Pyramid":0},{"Potion Belt":14,"Calipers":95,"Vajra":90,"The Courier":90,"Omamori":49,"Mercury Hourglass":14,"Cables":42,"Centennial Puzzle":49,"Emotion Chip":90,"Lizard Tail":95,"DollysMirror":55,"Fusion Hammer":62,"Black Star":30,"Red Mask":44,"Cracked Core":0,"Toy Ornithopter":44,"InkBottle":95,"Runic Pyramid":0}],"Toy Ornithopter":30,"InkBottle":[13],"Mercury Hourglass":[460],"Cables":[60,26,34,0,0]},"card_choices":[{"not_picked":["Steam","Stack"],"picked":"Gash","floor":1},{"not_picked":["Aggregate","Rebound"],"picked":"Beam Cell","floor":2},{"not_picked":["Compile Driver","Stack"],"picked":"Go for the Eyes","floor":5},{"not_picked":["Doom and Gloom","Glacier"],"picked":"Gash","floor":7},{"not_picked":["Leap","Sweeping Beam"],"picked":"Compile Driver","floor":10},{"not_picked":["Blizzard","Defragment"],"picked":"Cold Snap","floor":11},{"not_picked":["Streamline","White Noise","Stack"],"picked":"SKIP","floor":12},{"not_picked":["Streamline","White Noise","Stack"],"picked":"SKIP","floor":12},{"not_picked":["Creative AI","Turbo","Darkness"],"picked":"SKIP","floor":14},{"not_picked":["Barrage","Self Repair+1","Sweeping Beam"],"picked":"SKIP","floor":18},{"not_picked":["Barrage+1","Turbo+1","Cold Snap+1"],"picked":"SKIP","floor":19},{"not_picked":["Ball Lightning","Conserve Battery"],"picked":"Rebound+1","floor":21},{"not_picked":["Multi-Cast","BootSequence","Turbo"],"picked":"SKIP","floor":27},{"not_picked":["Chill","Compile Driver"],"picked":"Conserve Battery+1","floor":29},{"not_picked":["Beam Cell+1","Aggregate","White Noise+1"],"picked":"SKIP","floor":35},{"not_picked":["Chill+1","Turbo","Leap"],"picked":"SKIP","floor":36},{"not_picked":["BootSequence+1","Hello World","Scrape+1"],"picked":"SKIP","floor":37},{"not_picked":["Leap+1","Sweeping Beam+1"],"picked":"Hologram+1","floor":39},{"not_picked":["Fission","Static Discharge+1"],"picked":"Coolheaded","floor":40},{"not_picked":["Compile Driver","Heatsinks+1","Streamline"],"picked":"SKIP","floor":44},{"not_picked":["Rip and Tear+1","Undo"],"picked":"Redo+1","floor":46},{"not_picked":["Redo","Go for the Eyes"],"picked":"Coolheaded+1","floor":47},{"not_picked":["Steam+1","Ball Lightning+1"],"picked":"Conserve Battery+1","floor":48}],"player_experience":869193,"relics_obtained":[{"floor":7,"key":"Mercury Hourglass"},{"floor":9,"key":"Potion Belt"},{"floor":24,"key":"Red Mask"},{"floor":26,"key":"Toy Ornithopter"},{"floor":27,"key":"Centennial Puzzle"},{"floor":27,"key":"Omamori"},{"floor":40,"key":"Vajra"},{"floor":40,"key":"Emotion Chip"},{"floor":43,"key":"The Courier"},{"floor":44,"key":"Lizard Tail"},{"floor":44,"key":"InkBottle"}],"event_choices":[{"damage_healed":0,"gold_gain":0,"player_choice":"Grow","damage_taken":0,"max_hp_gain":0,"max_hp_loss":0,"event_name":"Living Wall","floor":3,"gold_loss":0,"cards_upgraded":["Zap"]},{"cards_removed":["Strike_B"],"damage_healed":0,"gold_gain":0,"player_choice":"Card Removal","damage_taken":0,"max_hp_gain":0,"max_hp_loss":0,"event_name":"The Cleric","floor":4,"gold_loss":50},{"damage_healed":0,"gold_gain":0,"player_choice":"Opened","damage_taken":0,"relics_obtained":["Cables"],"max_hp_gain":0,"max_hp_loss":0,"event_name":"The Mausoleum","floor":22,"gold_loss":0},{"damage_healed":0,"gold_gain":0,"player_choice":"Ignored","damage_taken":0,"max_hp_gain":0,"max_hp_loss":0,"event_name":"Ghosts","floor":23,"gold_loss":0},{"damage_healed":0,"gold_gain":0,"player_choice":"Fought Bandits","damage_taken":0,"max_hp_gain":0,"max_hp_loss":0,"event_name":"Masked Bandits","floor":24,"gold_loss":0},{"damage_healed":0,"gold_gain":0,"player_choice":"Damaged","damage_taken":7,"max_hp_gain":0,"max_hp_loss":0,"event_name":"Wheel of Change","floor":28,"gold_loss":0},{"cards_removed":["Go for the Eyes"],"damage_healed":0,"gold_gain":0,"player_choice":"Removed Attack","damage_taken":0,"max_hp_gain":0,"max_hp_loss":0,"event_name":"Falling","floor":38,"gold_loss":0},{"damage_healed":0,"gold_gain":0,"player_choice":"Ignored","damage_taken":0,"max_hp_gain":0,"max_hp_loss":0,"event_name":"Mysterious Sphere","floor":41,"gold_loss":0}],"is_beta":false,"boss_relics":[{"not_picked":["Cursed Key","Snecko Eye"],"picked":"Black Star"},{"not_picked":["Tiny House","Runic Dome"],"picked":"Fusion Hammer"}],"items_purged_floors":[20],"is_endless":false,"potions_floor_spawned":[2,11,14,18,21,33,36,39,40,44,47,48],"ascension_level":0}}