{"host":"s9mizfpm0ux1oq2e","time":1609488070,"event":{"mods":["Aspiration","BaseMod","Downfall","Minty Spire (QoL Compilation)","Permanent Neow","Replay The Spire","StSLib","SuperFastMode"],"gold_per_floor":[99,109,109,120,68,82,82,82,93,93,112,112,112,123,137,235,235,235,251,9,23,8,20,43,43,60,77,77,88,88,88,105,105,105,105],"floor_reached":33,"playtime":2043,"items_purged":["Guardian:Strike_Guardian","Spreading Infection"],"score":243,"play_id":"5b88a9ea-a491-4509-b2ba-015ab259a88f","local_time":"25640101150110","is_ascension_mode":false,"campfire_choices":[{"data":"Guardian:TwinSlam","floor":1,"key":"SMITH"},{"data":"Guardian:SentryBeam","floor":8,"key":"SMITH"},{"data":"Guardian:EvasiveProtocol","floor":13,"key":"SMITH"},{"data":"Guardian:Suspension","floor":18,"key":"SMITH"},{"floor":25,"key":"REST"},{"data":"Guardian:Orbwalk","floor":30,"key":"SMITH"}],"circlet_count":0,"master_deck":["Guardian:CurlUp","Guardian:TwinSlam+1","Guardian:SentryBeam+1","Guardian:Repulse","Guardian:SpikerProtocol","Guardian:DecasProtection","Guardian:EvasiveProtocol+1","Guardian:EvasiveProtocol","Guardian:PrismaticBeam","Guardian:BaubleBeam","Guardian:Harden","Guardian:PrismaticBeam","Guardian:TimeCapacitor","Guardian:Suspension+1","Guardian:ChargeUp","Guardian:AncientConstruct","Guardian:CrystalBeam","Guardian:StasisField","Guardian:BronzeOrb","Pain","Guardian:Orbwalk+1","Defy Death+1"],"relics":["Cursed Key","ReplayTheSpireMod:CursedCoin","aspiration:StickyExplosives_weak","Pandora\u0027s Box","aspiration:Lifesprig","PrismaticShard"],"acts_visited":["Exordium","TheCity"],"potions_floor_usage":[16,16,16,23,33,33,33,33,33,33],"damage_taken":[{"damage":3,"enemies":"2 Louse","floor":2,"turns":2},{"damage":0,"enemies":"Cultist","floor":4,"turns":4},{"damage":0,"enemies":"downfall:FleeingMerchant","floor":5,"turns":4},{"damage":0,"enemies":"Small Slimes","floor":6,"turns":3},{"damage":3,"enemies":"Gremlin Gang","floor":9,"turns":5},{"damage":0,"enemies":"Large Slime","floor":11,"turns":7},{"damage":4,"enemies":"3 Louse","floor":14,"turns":2},{"damage":14,"enemies":"Exordium Thugs","floor":15,"turns":4},{"damage":11,"enemies":"downfall:Watcher","floor":16,"turns":9},{"damage":6,"enemies":"3 Byrds","floor":19,"turns":4},{"damage":3,"enemies":"downfall:FleeingMerchant","floor":20,"turns":4},{"damage":10,"enemies":"Shell Parasite","floor":21,"turns":4},{"damage":0,"enemies":"downfall:FleeingMerchant","floor":22,"turns":4},{"damage":15,"enemies":"Snecko","floor":23,"turns":5},{"damage":0,"enemies":"Centurion and Healer","floor":26,"turns":6},{"damage":17,"enemies":"3 Cultists","floor":27,"turns":6},{"damage":1,"enemies":"Cultist and Chosen","floor":29,"turns":6},{"damage":37,"enemies":"Snake Plant","floor":32,"turns":4},{"damage":13,"enemies":"downfall:Ironclad","floor":33,"turns":4}],"seed_played":"-3329552211894471705","potions_obtained":[{"floor":2,"key":"Milkshake"},{"floor":6,"key":"SkillPotion"},{"floor":15,"key":"Ancient Potion"},{"floor":16,"key":"SkillPotion"},{"floor":21,"key":"BlessingOfTheForge"},{"floor":26,"key":"EntropicBrew"},{"floor":29,"key":"Dexterity Potion"}],"is_trial":false,"path_per_floor":["R","M","?","M","$","M","T","R","M","?","M","?","R","M","M","B",null,"R","M","$","M","$","M","T","R","M","M","?","M","R","?","M","B"],"character_chosen":"GUARDIAN","items_purchased":["ReplayTheSpireMod:CursedCoin","Guardian:SpikerProtocol","Guardian:Gem_Purple","Guardian:Gem_Cyan","Guardian:BronzeOrb"],"campfire_rested":1,"item_purchase_floors":[5,5,5,20,20],"current_hp_per_floor":[80,77,77,77,77,77,77,77,74,74,74,74,74,70,56,45,80,80,74,71,61,61,46,46,70,70,53,53,52,52,44,7,0,0,0],"gold":105,"neow_bonus":"BOSS_RELIC","is_daily":false,"chose_seed":false,"campfire_upgraded":5,"win_rate":0.0,"timestamp":1609488070,"path_taken":["R","M","?","M","?","M","T","R","M","?","M","?","R","?","M","BOSS","R","M","$","?","$","M","T","R","M","M","?","M","R","?","M","BOSS"],"items_purchased_type":["Relic","Card","Card","Card","Card"],"build_version":"2020-12-22","purchased_purges":2,"victory":false,"max_hp_per_floor":[80,80,80,80,80,80,80,80,80,80,80,80,80,80,80,80,80,80,80,80,80,80,80,80,80,80,80,80,80,80,80,80,80,80,80],"card_choices":[{"not_picked":["Guardian:ShieldCharger","Guardian:Recover"],"picked":"Guardian:SentryBeam","floor":2},{"not_picked":["Guardian:BronzeArmor","Guardian:Gem_Lightblue"],"picked":"Guardian:SentryBeam","floor":4},{"not_picked":["Guardian:Suspension","Guardian:Preprogram"],"picked":"Guardian:Repulse","floor":5},{"not_picked":["Guardian:SentryBeam","Guardian:TemporalStrike"],"picked":"Guardian:Gem_Purple","floor":6},{"not_picked":["Guardian:SpikerProtocol","Guardian:Gem_Fragmented"],"picked":"Guardian:DecasProtection","floor":9},{"not_picked":["Guardian:Incinerate","Guardian:ChargeCore"],"picked":"Guardian:EvasiveProtocol","floor":11},{"not_picked":["Guardian:Repulse","Guardian:PiercingHide"],"picked":"Guardian:EvasiveProtocol","floor":14},{"not_picked":["Guardian:VentSteam","Guardian:Harden"],"picked":"Guardian:PrismaticBeam","floor":15},{"not_picked":["Guardian:AncientConstruct","Guardian:SphericShield"],"picked":"Guardian:BaubleBeam","floor":16},{"not_picked":["Guardian:RefractedBeam","Guardian:Planning+1"],"picked":"Guardian:Gem_Lightblue","floor":19},{"not_picked":["Guardian:VentSteam+1","Guardian:Gem_Fragmented"],"picked":"Guardian:StasisField","floor":20},{"not_picked":["Guardian:TimeCapacitor+1","Guardian:PrimingBeam+1"],"picked":"Guardian:Gem_Cyan","floor":21},{"not_picked":["Guardian:RevengeProtocol","Guardian:Suspension","Guardian:ShieldCharger"],"picked":"SKIP","floor":22},{"not_picked":["Guardian:WalkerClaw+1","Guardian:Suspension"],"picked":"Guardian:Gem_Cyan","floor":23},{"not_picked":["Guardian:TemporalStrike+1","Guardian:PrimingBeam","Guardian:ChargeUp"],"picked":"SKIP","floor":26},{"not_picked":["Guardian:Suspension","Guardian:PrismaticBarrier","Guardian:ShieldSpikes"],"picked":"SKIP","floor":27},{"not_picked":["Guardian:VentSteam","Guardian:Incinerate+1"],"picked":"Guardian:Gem_Lightblue","floor":29},{"not_picked":["Slimebound:GrowthPunch","sneckomod:UnknownClassBLUE"],"picked":"Defy Death+1","floor":32}],"player_experience":153372,"relics_obtained":[{"floor":7,"key":"aspiration:StickyExplosives_weak"},{"floor":24,"key":"aspiration:Lifesprig"},{"floor":31,"key":"PrismaticShard"}],"event_choices":[{"cards_removed":["Spreading Infection"],"damage_healed":0,"gold_gain":0,"player_choice":"Card Removal","damage_taken":0,"max_hp_gain":0,"max_hp_loss":0,"event_name":"The Cleric","floor":10,"gold_loss":0},{"damage_healed":0,"gold_gain":0,"cards_transformed":["Hallucinations","Guardian:SentryBeam"],"player_choice":"Became Test Subject","damage_taken":0,"max_hp_gain":0,"max_hp_loss":0,"event_name":"Drug Dealer","floor":28,"gold_loss":0,"cards_obtained":["Pain","Guardian:Orbwalk"]}],"is_beta":false,"boss_relics":[{"not_picked":["aspiration:WatcherSkillbook","ReplayTheSpireMod:DimensionalGlitch"],"picked":"Pandora\u0027s Box"}],"items_purged_floors":[5,20],"is_endless":false,"potions_floor_spawned":[2,6,15,16,21,26,29,32],"killed_by":"downfall:Ironclad","ascension_level":0}}