{"host":"t5h83eruwt5lxl3o","time":1609495325,"event":{"mods":["AchievementEnabler","Act Like it!","BaseMod","CapriCore","Colored Map","DeckTracker","Hermit","Highlight Path","Koishi","Marisa£¨Ùöéë¡¡Øª×âÞÞ£©","Minty Spire (QoL Compilation)","Permanent Neow","Quick Restart","StSLib","SuperFastMode","The Cursed","The Immortal","everything is the same but u backflip on backflip"],"gold_per_floor":[16,16,91,91,108,108,136,136,161,177,177,196,196,215,215,315,315,329,340,62,80,98,98,428,428,478,488,587,587,587,621,621,723,723,739,739,789,808,825,825,852,456,456,32,61,0,27,27,27,27],"floor_reached":51,"playtime":2986,"items_purged":["Strike_P","Defend_P","Strike_P"],"score":1169,"play_id":"72549609-9cf0-4a01-aae4-a965a52f62c7","local_time":"20210101190205","is_ascension_mode":true,"campfire_choices":[{"data":"Vigilance","floor":6.0,"key":"SMITH"},{"data":"Perseverance","floor":8.0,"key":"SMITH"},{"data":"InnerPeace","floor":11.0,"key":"SMITH"},{"data":"ThirdEye","floor":13.0,"key":"SMITH"},{"data":"Protect","floor":15.0,"key":"SMITH"},{"data":"EmptyMind","floor":23.0,"key":"SMITH"},{"floor":25.0,"key":"REST"},{"data":"Vault","floor":32.0,"key":"SMITH"},{"data":"Vault","floor":40.0,"key":"SMITH"},{"data":"Apotheosis","floor":49,"key":"SMITH"}],"circlet_count":0,"master_deck":["AscendersBane","Strike_P","Defend_P","Defend_P","Eruption+1","Vigilance+1","Alpha+1","InnerPeace+1","InnerPeace","Perseverance+1","ThirdEye+1","Protect+1","Vault+1","Sanctity+1","EmptyMind+1","MentalFortress","Finesse","Protect","EmptyBody+1","Vault+1","MasterReality","Apotheosis+1"],"relics":["PureWater","Mercury Hourglass","Art of War","Black Star","Old Coin","Ornamental Fan","MealTicket","Nunchaku","Lizard Tail","Runic Pyramid","Ginger","GoldenEye","Eternal Feather","Toy Ornithopter","Toolbox","Ice Cream","HornCleat","Calipers","PreservedInsect","Red Mask","Yang","Akabeko"],"acts_visited":["TheCity","TheBeyond"],"potions_floor_usage":[45,50,50,50],"damage_taken":[{"damage":0.0,"enemies":"Cultist","floor":1.0,"turns":2.0},{"damage":0.0,"enemies":"2 Louse","floor":5.0,"turns":2.0},{"damage":20.0,"enemies":"3 Sentries","floor":7.0,"turns":3.0},{"damage":4.0,"enemies":"Small Slimes","floor":10.0,"turns":3.0},{"damage":3.0,"enemies":"3 Louse","floor":12.0,"turns":4.0},{"damage":1.0,"enemies":"Looter","floor":14.0,"turns":3.0},{"damage":2.0,"enemies":"Hexaghost","floor":16.0,"turns":7.0},{"damage":7.0,"enemies":"3 Byrds","floor":18.0,"turns":4.0},{"damage":0.0,"enemies":"Shell Parasite","floor":19.0,"turns":5.0},{"damage":12.0,"enemies":"Chosen and Byrds","floor":21.0,"turns":5.0},{"damage":12.0,"enemies":"Snake Plant","floor":22.0,"turns":4.0},{"damage":21.0,"enemies":"Gremlin Leader","floor":24.0,"turns":5.0},{"damage":0.0,"enemies":"Cultist and Chosen","floor":27.0,"turns":4.0},{"damage":30.0,"enemies":"Book of Stabbing","floor":31.0,"turns":5.0},{"damage":53.0,"enemies":"Automaton","floor":33.0,"turns":14.0},{"damage":4.0,"enemies":"3 Shapes","floor":35.0,"turns":4.0},{"damage":0.0,"enemies":"Mind Bloom Boss Battle","floor":37.0,"turns":8.0},{"damage":6.0,"enemies":"Orb Walker","floor":38.0,"turns":6.0},{"damage":9.0,"enemies":"4 Shapes","floor":39.0,"turns":4.0},{"damage":26.0,"enemies":"Reptomancer","floor":41.0,"turns":6.0},{"damage":4,"enemies":"Giant Head","floor":45,"turns":10},{"damage":0,"enemies":"Nemesis","floor":47,"turns":7},{"damage":35,"enemies":"Awakened One","floor":50,"turns":15}],"seed_played":"7544626584168561609","potions_obtained":[{"floor":1.0,"key":"SmokeBomb"},{"floor":12.0,"key":"EssenceOfSteel"},{"floor":14.0,"key":"Weak Potion"},{"floor":21.0,"key":"EntropicBrew"},{"floor":22.0,"key":"FairyPotion"},{"floor":31.0,"key":"LiquidBronze"},{"floor":33.0,"key":"EssenceOfSteel"},{"floor":35.0,"key":"Explosive Potion"},{"floor":37.0,"key":"Energy Potion"},{"floor":41.0,"key":"Explosive Potion"},{"floor":45,"key":"StancePotion"}],"is_trial":false,"path_per_floor":["M","?","?","?","M","R","E","R","T","M","R","M","R","M","R","B",null,"M","M","$","M","M","R","E","R","T","M","?","?","?","E","R","B",null,"M","?","?","M","M","R","E","$","T","$","E","?","E","?","R","B",null],"character_chosen":"WATCHER","items_purchased":["EmptyMind","MentalFortress","Finesse","Toy Ornithopter","Toolbox","HornCleat","PowerPotion"],"campfire_rested":1,"item_purchase_floors":[20,20,20,42,42,44,44],"current_hp_per_floor":[65,65,54,54,54,54,34,34,34,30,30,27,27,26,26,24,60,53,53,53,41,29,29,8,29,29,29,29,29,29,21,21,9,56,52,52,52,46,37,37,11,26,26,41,42,42,42,42,54,34],"gold":27,"neow_bonus":"THREE_RARE_CARDS","is_daily":false,"chose_seed":false,"campfire_upgraded":9,"win_rate":0.0,"timestamp":1609495325,"path_taken":["M","?","?","?","M","R","E","R","T","?","R","M","R","M","R","BOSS","M","M","$","M","M","R","E","R","T","M","?","?","?","E","R","BOSS","M","?","?","M","M","R","E","$","T","$","E","?","E","?","R","BOSS"],"items_purchased_type":["Card","Card","Card","Relic","Relic","Relic","Potion"],"build_version":"2020-12-22","purchased_purges":3,"victory":true,"max_hp_per_floor":[72,72,72,72,72,72,72,72,72,72,72,72,72,72,72,72,72,72,72,72,72,72,72,72,72,72,72,72,72,72,72,72,72,72,72,72,72,72,72,72,72,72,72,72,72,72,72,72,72,72],"card_choices":[{"not_picked":["Scrawl","Omniscience"],"picked":"Alpha","floor":0.0},{"not_picked":["CrushJoints","EmptyFist"],"picked":"InnerPeace","floor":1.0},{"not_picked":["ThirdEye","BowlingBash"],"picked":"InnerPeace","floor":5.0},{"not_picked":["Consecrate","FlyingSleeves"],"picked":"Perseverance","floor":7.0},{"not_picked":["WaveOfTheHand","JustLucky","BowlingBash"],"picked":"SKIP","floor":10.0},{"not_picked":["WaveOfTheHand","JustLucky","BowlingBash"],"picked":"SKIP","floor":10.0},{"not_picked":["ClearTheMind","ReachHeaven"],"picked":"ThirdEye","floor":12.0},{"not_picked":["Wireheading","DeceiveReality"],"picked":"Protect","floor":14.0},{"not_picked":["Establishment","Wish"],"picked":"Vault","floor":16.0},{"not_picked":["Swivel","Crescendo"],"picked":"Sanctity+1","floor":18.0},{"not_picked":["PathToVictory","Study","CrushJoints"],"picked":"SKIP","floor":19.0},{"not_picked":["PathToVictory","FlyingSleeves","BowlingBash"],"picked":"SKIP","floor":21.0},{"not_picked":["WheelKick","Wallop","TalkToTheHand"],"picked":"SKIP","floor":22.0},{"not_picked":["CrushJoints","Consecrate+1"],"picked":"Protect","floor":24.0},{"not_picked":["ReachHeaven","Protect+1"],"picked":"EmptyBody+1","floor":27.0},{"not_picked":["SignatureMove","Vengeance+1","Meditate"],"picked":"SKIP","floor":31.0},{"not_picked":["Scrawl","Wish"],"picked":"Vault","floor":33.0},{"not_picked":["Halt","Crescendo+1","CutThroughFate"],"picked":"SKIP","floor":35.0},{"not_picked":["FlurryOfBlows+1","FlyingSleeves","Evaluate+1"],"picked":"SKIP","floor":38.0},{"not_picked":["Sanctity","SashWhip+1","PathToVictory+1"],"picked":"SKIP","floor":39.0},{"not_picked":["Consecrate","BowlingBash","Crescendo+1"],"picked":"SKIP","floor":41.0},{"not_picked":["Tantrum","Consecrate"],"picked":"MasterReality","floor":45},{"not_picked":["CarveReality+1","FollowUp","CutThroughFate+1"],"picked":"SKIP","floor":47},{"not_picked":["Finesse","Deep Breath"],"picked":"Apotheosis","floor":48}],"player_experience":639933,"relics_obtained":[{"floor":7.0,"key":"Mercury Hourglass"},{"floor":9.0,"key":"Art of War"},{"floor":24.0,"key":"Old Coin"},{"floor":24.0,"key":"Ornamental Fan"},{"floor":26.0,"key":"MealTicket"},{"floor":31.0,"key":"Nunchaku"},{"floor":31.0,"key":"Lizard Tail"},{"floor":37.0,"key":"Ginger"},{"floor":41.0,"key":"GoldenEye"},{"floor":41.0,"key":"Eternal Feather"},{"floor":43.0,"key":"Ice Cream"},{"floor":45,"key":"Calipers"},{"floor":45,"key":"PreservedInsect"},{"floor":47,"key":"Yang"},{"floor":47,"key":"Akabeko"}],"event_choices":[{"damage_healed":0.0,"max_hp_gain":0.0,"max_hp_loss":0.0,"gold_gain":0.0,"event_name":"Living Wall","player_choice":"Grow","floor":2.0,"gold_loss":0.0,"damage_taken":0.0,"cards_upgraded":["Eruption"]},{"damage_healed":0.0,"max_hp_gain":0.0,"max_hp_loss":0.0,"gold_gain":75.0,"event_name":"World of Goop","player_choice":"Gather Gold","floor":3.0,"gold_loss":0.0,"damage_taken":11.0},{"damage_healed":0.0,"max_hp_gain":0.0,"max_hp_loss":0.0,"gold_gain":0.0,"event_name":"Accursed Blacksmith","player_choice":"Forge","floor":4.0,"gold_loss":0.0,"damage_taken":0.0,"cards_upgraded":["Alpha"]},{"damage_healed":0.0,"max_hp_gain":0.0,"max_hp_loss":0.0,"gold_gain":99.0,"event_name":"Nest","player_choice":"Stole From Cult","floor":28.0,"gold_loss":0.0,"damage_taken":0.0},{"cards_removed":["Defend_P"],"damage_healed":0.0,"max_hp_gain":0.0,"max_hp_loss":0.0,"gold_gain":0.0,"event_name":"Back to Basics","player_choice":"Elegance","floor":29.0,"gold_loss":0.0,"damage_taken":0.0},{"damage_healed":0.0,"max_hp_gain":0.0,"max_hp_loss":0.0,"gold_gain":0.0,"event_name":"The Mausoleum","player_choice":"Ignored","floor":30.0,"gold_loss":0.0,"damage_taken":0.0},{"cards_removed":["Strike_P"],"damage_healed":0.0,"max_hp_gain":0.0,"max_hp_loss":0.0,"gold_gain":0.0,"event_name":"Falling","player_choice":"Removed Attack","floor":36.0,"gold_loss":0.0,"damage_taken":0.0},{"damage_healed":0.0,"max_hp_gain":0.0,"max_hp_loss":0.0,"gold_gain":0.0,"event_name":"MindBloom","player_choice":"Fight","floor":37.0,"gold_loss":0.0,"damage_taken":0.0},{"damage_healed":0,"gold_gain":0,"player_choice":"Paid","damage_taken":0,"relics_obtained":["Red Mask"],"max_hp_gain":0,"max_hp_loss":0,"event_name":"Tomb of Lord Red Mask","floor":46,"gold_loss":61},{"damage_healed":0,"gold_gain":0,"player_choice":"Memory 1","damage_taken":0,"max_hp_gain":0,"max_hp_loss":0,"event_name":"SensoryStone","floor":48,"gold_loss":0}],"is_beta":false,"boss_relics":[{"not_picked":["SacredBark","Cursed Key"],"picked":"Black Star"},{"not_picked":["Empty Cage","HolyWater"],"picked":"Runic Pyramid"}],"items_purged_floors":[20,42,44],"is_endless":false,"potions_floor_spawned":[1,12,14,21,22,31,33,35,37,41,45],"ascension_level":10}}