{"host":"l9yshwnp37vxhsgm","time":1609524448,"event":{"mods":["BaseMod","Block Reminder","Colored Map","Colored Powertips","DeckTracker","Highlight Path","Minty Spire (QoL Compilation)","Quick Restart","Relic Stats"],"gold_per_floor":[212,9,24,42,60,60,60,60,60,72,89,123,123,141,141,243,243,254,235,235,235,255,255,271,37,37,37,37,51,61,61,61,61,61],"floor_reached":33,"playtime":2446,"items_purged":[],"score":251,"play_id":"f0a4cb9e-61a7-4a8c-b1c9-8268fe3912c1","local_time":"20210101190728","is_ascension_mode":false,"campfire_choices":[{"floor":6,"key":"RECALL"},{"floor":13,"key":"REST"},{"data":"Noxious Fumes","floor":15,"key":"SMITH"},{"floor":23,"key":"REST"},{"floor":27,"key":"REST"},{"floor":32,"key":"REST"}],"circlet_count":0,"master_deck":["Strike_G","Strike_G","Strike_G","Strike_G","Strike_G","Defend_G","Defend_G","Defend_G","Defend_G","Defend_G","Survivor","Neutralize","Blade Dance","Backflip","Dodge and Roll","Endless Agony+1","Poisoned Stab","Parasite","Escape Plan","Noxious Fumes+1","Poisoned Stab","Blade Dance","After Image","Endless Agony+1","Deflect","Choke+1","Poisoned Stab","Dash","Flying Knee","Blade Dance+1","Backstab"],"relics":["Ring of the Snake","Sling","Bird Faced Urn","MutagenicStrength","Regal Pillow","Oddly Smooth Stone","Ice Cream"],"acts_visited":["Exordium","TheCity"],"potions_floor_usage":[16,16,33,33],"damage_taken":[{"damage":2,"enemies":"Small Slimes","floor":1,"turns":4},{"damage":0,"enemies":"2 Louse","floor":3,"turns":4},{"damage":0,"enemies":"Jaw Worm","floor":4,"turns":3},{"damage":3,"enemies":"Red Slaver","floor":5,"turns":4},{"damage":0,"enemies":"Exordium Wildlife","floor":10,"turns":3},{"damage":7,"enemies":"Blue Slaver","floor":11,"turns":4},{"damage":29,"enemies":"Gremlin Nob","floor":12,"turns":5},{"damage":3,"enemies":"Lots of Slimes","floor":14,"turns":5},{"damage":26,"enemies":"Slime Boss","floor":16,"turns":12},{"damage":0,"enemies":"Shell Parasite","floor":18,"turns":8},{"damage":9,"enemies":"2 Thieves","floor":19,"turns":4},{"damage":39,"enemies":"Sentry and Sphere","floor":22,"turns":8},{"damage":26,"enemies":"Snake Plant","floor":24,"turns":6},{"damage":1,"enemies":"Chosen and Byrds","floor":29,"turns":6},{"damage":24,"enemies":"Snecko","floor":30,"turns":4},{"damage":100,"enemies":"Champ","floor":33,"turns":14}],"seed_played":"-2520144269497505736","potions_obtained":[{"floor":10,"key":"Weak Potion"},{"floor":12,"key":"Fire Potion"},{"floor":16,"key":"SpeedPotion"},{"floor":19,"key":"Block Potion"}],"is_trial":false,"path_per_floor":["M","$","M","M","M","R","?","?","T","M","M","E","R","M","R","B",null,"M","M","?","?","M","R","M","$","T","R","$","M","M","T","R","B"],"character_chosen":"THE_SILENT","items_purchased":["Sling","Backflip","Regal Pillow","Dash","Flying Knee"],"campfire_rested":4,"item_purchase_floors":[2,2,25,25,25],"current_hp_per_floor":[68,68,68,68,65,65,70,75,75,75,68,39,61,60,60,36,75,75,66,66,66,31,53,31,31,31,68,68,69,47,47,75,0,0],"gold":61,"neow_bonus":"HUNDRED_GOLD","is_daily":false,"chose_seed":false,"campfire_upgraded":1,"win_rate":0.0,"timestamp":1609524448,"path_taken":["M","$","M","M","M","R","?","?","T","M","M","E","R","M","R","BOSS","M","M","?","?","M","R","M","$","T","R","$","?","M","?","R","BOSS"],"items_purchased_type":["Relic","Card","Relic","Card","Card"],"build_version":"2020-12-22","purchased_purges":0,"victory":false,"max_hp_per_floor":[70,70,70,70,70,70,70,75,75,75,75,75,75,75,75,75,75,75,75,75,75,75,75,75,75,75,75,75,75,75,75,75,75,75],"relic_stats":{"Regal Pillow":21,"counters":[16,94],"Bird Faced Urn":[20],"obtain_stats":[{"Ice Cream":31,"Regal Pillow":25,"Bird Faced Urn":12,"MutagenicStrength":20,"Oddly Smooth Stone":26,"Sling":2,"Ring of the Snake":0},{"Ice Cream":15,"Regal Pillow":13,"Bird Faced Urn":7,"MutagenicStrength":11,"Oddly Smooth Stone":13,"Sling":1,"Ring of the Snake":0},{"Ice Cream":80,"Regal Pillow":70,"Bird Faced Urn":27,"MutagenicStrength":56,"Oddly Smooth Stone":70,"Sling":4,"Ring of the Snake":0}],"Ring of the Snake":[34]},"card_choices":[{"not_picked":["Dodge and Roll","Bane"],"picked":"Blade Dance","floor":1},{"not_picked":["Bane","Riddle With Holes"],"picked":"Dodge and Roll","floor":3},{"not_picked":["Crippling Poison","Underhanded Strike"],"picked":"Endless Agony","floor":4},{"not_picked":["Outmaneuver","Quick Slash"],"picked":"Poisoned Stab","floor":5},{"not_picked":["Eviscerate","Crippling Poison"],"picked":"Escape Plan","floor":10},{"not_picked":["Dodge and Roll","After Image"],"picked":"Noxious Fumes","floor":11},{"not_picked":["Dagger Spray","PiercingWail"],"picked":"Poisoned Stab","floor":12},{"not_picked":["Deadly Poison","Concentrate"],"picked":"Blade Dance","floor":14},{"not_picked":["Grand Finale","Adrenaline"],"picked":"After Image","floor":16},{"not_picked":["Prepared","Concentrate"],"picked":"Endless Agony+1","floor":18},{"not_picked":["PiercingWail","Deadly Poison"],"picked":"Deflect","floor":19},{"not_picked":["Underhanded Strike+1","Finisher"],"picked":"Choke+1","floor":22},{"not_picked":["Eviscerate","Bane"],"picked":"Poisoned Stab","floor":24},{"not_picked":["Grand Finale","Choke"],"picked":"Blade Dance+1","floor":29},{"not_picked":["Quick Slash","Acrobatics+1"],"picked":"Backstab","floor":30}],"player_experience":199780,"relics_obtained":[{"floor":12,"key":"Bird Faced Urn"},{"floor":26,"key":"Oddly Smooth Stone"},{"floor":31,"key":"Ice Cream"}],"event_choices":[{"damage_healed":17,"gold_gain":0,"player_choice":"Healed and dodged fight","damage_taken":0,"max_hp_gain":0,"max_hp_loss":0,"event_name":"Mushrooms","floor":7,"gold_loss":0,"cards_obtained":["Parasite"]},{"damage_healed":0,"gold_gain":0,"player_choice":"Donut","damage_taken":0,"max_hp_gain":5,"max_hp_loss":0,"event_name":"Big Fish","floor":8,"gold_loss":0},{"damage_healed":0,"gold_gain":0,"player_choice":"Inject Mutagens","damage_taken":0,"relics_obtained":["MutagenicStrength"],"max_hp_gain":0,"max_hp_loss":0,"event_name":"Drug Dealer","floor":20,"gold_loss":0},{"damage_healed":0,"gold_gain":0,"player_choice":"Upgraded","damage_taken":0,"max_hp_gain":0,"max_hp_loss":0,"event_name":"Upgrade Shrine","floor":21,"gold_loss":0,"cards_upgraded":["Endless Agony"]}],"is_beta":false,"boss_relics":[{"not_picked":["Philosopher\u0027s Stone","Snecko Eye","Sozu"]}],"items_purged_floors":[],"is_endless":false,"potions_floor_spawned":[10,12,16,19],"killed_by":"Champ","ascension_level":0}}