{"host":"2se5dq1do2gp0x9k","time":1609478405,"event":{"mods":["AchievementEnabler","BaseMod","Block Reminder","Colored Map","Colored Powertips","Minty Spire (QoL Compilation)","Relic Stats","StSLib","SuperFastMode"],"gold_per_floor":[116,116,116,131,150,179,179,47,47,59,59,88,88,103,103,177,177,195,205,217,0,0,29,47,74,74,74,94,94,94],"floor_reached":29,"playtime":797,"items_purged":["Strike_R"],"score":510,"play_id":"4d7e42d6-4a55-4606-b2af-2463ee050c37","local_time":"20201231212005","is_ascension_mode":true,"campfire_choices":[{"data":"Sword Boomerang","floor":7,"key":"SMITH"},{"floor":11,"key":"REST"},{"data":"Sword Boomerang","floor":13,"key":"SMITH"},{"data":"Spot Weakness","floor":15,"key":"SMITH"},{"data":"1","floor":27,"key":"LIFT"}],"circlet_count":0,"master_deck":["AscendersBane","Strike_R","Strike_R","Defend_R","Defend_R","Defend_R","Defend_R","Bash","Clothesline","Anger","Spot Weakness+1","Sword Boomerang+1","Pommel Strike","True Grit","Sword Boomerang+1","Shrug It Off","Bludgeon","True Grit","True Grit+1","Dark Shackles","Feel No Pain+1","Feel No Pain"],"relics":["Burning Blood","Bird Faced Urn","Bottled Lightning","Blue Candle","Red Skull","Runic Pyramid","Membership Card","Nilry\u0027s Codex","Girya","Vajra"],"acts_visited":["Exordium","TheCity"],"potions_floor_usage":[10,12,12,16,23],"damage_taken":[{"damage":4,"enemies":"Small Slimes","floor":1,"turns":3},{"damage":3,"enemies":"2 Louse","floor":4,"turns":4},{"damage":0,"enemies":"Cultist","floor":5,"turns":3},{"damage":30,"enemies":"Lagavulin","floor":6,"turns":7},{"damage":29,"enemies":"Gremlin Gang","floor":10,"turns":4},{"damage":31,"enemies":"3 Sentries","floor":12,"turns":7},{"damage":0,"enemies":"3 Louse","floor":14,"turns":2},{"damage":3,"enemies":"Slime Boss","floor":16,"turns":6},{"damage":21,"enemies":"Shell Parasite","floor":18,"turns":2},{"damage":5,"enemies":"Chosen","floor":19,"turns":5},{"damage":10,"enemies":"Centurion and Healer","floor":20,"turns":5},{"damage":10,"enemies":"Gremlin Leader","floor":23,"turns":5},{"damage":15,"enemies":"Snecko","floor":24,"turns":5},{"damage":9,"enemies":"Snake Plant","floor":28,"turns":4},{"damage":11,"enemies":"Centurion and Healer","floor":29,"turns":1}],"seed_played":"5300175550656673261","potions_obtained":[{"floor":4,"key":"ColorlessPotion"},{"floor":10,"key":"EntropicBrew"},{"floor":12,"key":"ColorlessPotion"},{"floor":16,"key":"Explosive Potion"}],"is_trial":false,"path_per_floor":["M","?","?","M","M","E","R","$","T","M","R","E","R","M","R","B",null,"M","M","M","$","?","E","M","T","T","R","M","M"],"character_chosen":"IRONCLAD","items_purchased":["Pommel Strike","Membership Card","Dark Shackles"],"campfire_rested":1,"item_purchase_floors":[8,21,21],"current_hp_per_floor":[52,45,45,48,54,30,30,30,30,7,29,19,19,25,25,30,64,49,50,46,46,25,21,12,12,12,12,9,0,0],"gold":94,"neow_bonus":"ONE_RARE_RELIC","is_daily":false,"chose_seed":false,"campfire_upgraded":3,"win_rate":0.0,"timestamp":1609478405,"path_taken":["M","?","?","M","M","E","R","$","T","M","R","E","R","?","R","BOSS","M","M","?","$","?","E","M","?","T","R","?","?"],"items_purchased_type":["Card","Relic","Card"],"build_version":"2020-12-22","purchased_purges":1,"victory":false,"max_hp_per_floor":[75,75,75,75,75,75,75,75,75,75,75,75,75,75,75,75,75,75,75,75,75,75,75,75,75,75,75,75,75,75],"relic_stats":{"counters":[15,63],"Bird Faced Urn":[4],"Blue Candle":[0],"obtain_stats":[{"Girya":23,"Nilry\u0027s Codex":22,"Bird Faced Urn":0,"Blue Candle":9,"Vajra":25,"Bottled Lightning":6,"Membership Card":21,"Burning Blood":0,"Red Skull":12,"Runic Pyramid":17},{"Girya":12,"Nilry\u0027s Codex":11,"Bird Faced Urn":0,"Blue Candle":4,"Vajra":13,"Bottled Lightning":4,"Membership Card":11,"Burning Blood":0,"Red Skull":6,"Runic Pyramid":8},{"Girya":53,"Nilry\u0027s Codex":48,"Bird Faced Urn":0,"Blue Candle":17,"Vajra":58,"Bottled Lightning":17,"Membership Card":48,"Burning Blood":0,"Red Skull":28,"Runic Pyramid":36}],"Burning Blood":84},"card_choices":[{"not_picked":["Wild Strike","Flex"],"picked":"Clothesline","floor":1},{"not_picked":["Sword Boomerang","Clothesline"],"picked":"Anger","floor":4},{"not_picked":["Twin Strike","Perfected Strike"],"picked":"Spot Weakness","floor":5},{"not_picked":["Fire Breathing","Combust"],"picked":"Sword Boomerang","floor":6},{"not_picked":["Rampage","Twin Strike"],"picked":"True Grit","floor":10},{"not_picked":["Uppercut","Rampage"],"picked":"Sword Boomerang","floor":12},{"not_picked":["Iron Wave","Headbutt"],"picked":"Shrug It Off","floor":14},{"not_picked":["Immolate","Juggernaut"],"picked":"Bludgeon","floor":16},{"not_picked":["Warcry","Heavy Blade"],"picked":"True Grit","floor":18},{"not_picked":["Heavy Blade","Sword Boomerang","Iron Wave"],"picked":"SKIP","floor":19},{"not_picked":["Havoc","Cleave"],"picked":"True Grit+1","floor":20},{"not_picked":["Perfected Strike","Havoc","Pommel Strike"],"picked":"SKIP","floor":23},{"not_picked":["Metallicize","Armaments"],"picked":"Feel No Pain+1","floor":24},{"not_picked":["Fire Breathing","Cleave"],"picked":"Feel No Pain","floor":28}],"player_experience":3686297,"relics_obtained":[{"floor":6,"key":"Bottled Lightning"},{"floor":9,"key":"Blue Candle"},{"floor":12,"key":"Red Skull"},{"floor":22,"key":"Nilry\u0027s Codex"},{"floor":23,"key":"Girya"},{"floor":25,"key":"Vajra"}],"event_choices":[{"cards_removed":["Strike_R"],"damage_healed":0,"gold_gain":0,"player_choice":"Card Removal","damage_taken":7,"max_hp_gain":0,"max_hp_loss":0,"event_name":"Golden Wing","floor":2,"gold_loss":0},{"cards_removed":["Strike_R"],"damage_healed":0,"gold_gain":0,"player_choice":"Purged","damage_taken":0,"max_hp_gain":0,"max_hp_loss":0,"event_name":"Purifier","floor":3,"gold_loss":0},{"damage_healed":0,"gold_gain":0,"player_choice":"Obtained Book","damage_taken":21,"max_hp_gain":0,"max_hp_loss":0,"event_name":"Cursed Tome","floor":22,"gold_loss":0}],"is_beta":false,"boss_relics":[{"not_picked":["Black Blood","Philosopher\u0027s Stone"],"picked":"Runic Pyramid"}],"items_purged_floors":[8],"is_endless":false,"potions_floor_spawned":[4,10,12,16,20],"killed_by":"Centurion and Healer","ascension_level":20}}