{"host":"sfkslwp4t49i7lrt","time":1609508649,"event":{"mods":["Act Like it!","Astrologer","BaseMod","Bestiary","Block Reminder","Downfall","Friendly Minions","Gensokyo","Hermit","Highlight Path","Jorbs\u0027s Wanderer Trilogy","Mari Mod (Legacy)","Mari\u0027s V1 Patch","Marisa????????","Minty Spire (QoL Compilation)","Reimu??????","Relic Stats","Robot Space Explorer","StSLib","The Disciple","The Florist","The Gatherer","The Hierophant","The Mystic","The Poker Player","The Runesmith","The Servant 0.9.4","Yohane!","Yuri Mod","everything is the same but u backflip on backflip","slay the spire mod where everything is the same but ironclad has a cowboy hat"],"gold_per_floor":[111,126,139,157,157,157,157,157,157,171,185,219,244,265,265,390,390,390],"floor_reached":17,"playtime":911,"items_purged":[],"score":159,"play_id":"4881ca9f-35f6-4eb1-84a5-3bf893eb6f2f","local_time":"20210101204409","is_ascension_mode":true,"campfire_choices":[{"data":"yuri:ReactiveMadnessCorrupt","floor":6,"key":"SMITH"},{"floor":8,"key":"REST"},{"data":"yuri:DragonForm","floor":15,"key":"SMITH"}],"circlet_count":0,"master_deck":["yuri:yuriStrike","yuri:yuriStrike","yuri:yuriStrike","yuri:yuriStrike","yuri:yuriStrike","yuri:yuriDefend","yuri:yuriDefend","yuri:yuriDefend","yuri:yuriDefend","yuri:yuriDefend","yuri:Oolong","yuri:yuriStab","yuri:InduceGlitch","yuri:ReactiveMadnessCorrupt+1","yuri:ThornRemove","yuri:DistillInsanityCorrupt","yuri:ReloadGameCorrupt","yuri:CalmingAuraCorrupt","yuri:HoldBackCorrupt","yuri:ChibiInvasionCorrupt","yuri:DeepBreathingCorrupt","yuri:HeavierStrike","yuri:DragonForm+1","yuri:Virus"],"relics":["yuri:BloodyKnife","Lizard Tail","NeowsBlessing","Golden Idol","Bag of Marbles","Odd Mushroom","yuri:BookOfBooks"],"acts_visited":["Exordium","Gensokyo:Gensokyoer"],"potions_floor_usage":[],"damage_taken":[{"damage":1067,"enemies":"Cultist","floor":1,"turns":4},{"damage":0,"enemies":"Small Slimes","floor":2,"turns":1},{"damage":0,"enemies":"Jaw Worm","floor":3,"turns":1},{"damage":2,"enemies":"Blue Slaver","floor":4,"turns":3},{"damage":18,"enemies":"3 Louse","floor":10,"turns":6},{"damage":5,"enemies":"Exordium Wildlife","floor":11,"turns":4},{"damage":4,"enemies":"The Mushroom Lair","floor":12,"turns":4},{"damage":7,"enemies":"Exordium Thugs","floor":13,"turns":3},{"damage":0,"enemies":"3 Louse","floor":14,"turns":2},{"damage":31,"enemies":"Slime Boss","floor":16,"turns":9}],"seed_played":"4863486208990638626","potions_obtained":[{"floor":3,"key":"SteroidPotion"},{"floor":10,"key":"FearPotion"},{"floor":12,"key":"bronze:BurnAndBuffPotion"}],"is_trial":false,"path_per_floor":["M","M","M","M","?","R","?","R","T","M","M","?","M","M","R","B",null],"character_chosen":"YURI","items_purchased":[],"campfire_rested":1,"item_purchase_floors":[],"current_hp_per_floor":[32,32,32,34,34,34,34,56,56,42,41,37,34,34,34,7,74,74],"gold":390,"neow_bonus":"THREE_ENEMY_KILL","is_daily":false,"chose_seed":false,"campfire_upgraded":2,"win_rate":0.0,"timestamp":1609508649,"path_taken":["M","M","M","M","?","R","?","R","T","M","M","?","?","M","R","BOSS"],"items_purchased_type":[],"build_version":"2020-12-22","purchased_purges":0,"victory":false,"max_hp_per_floor":[80,80,80,80,74,74,74,74,74,74,74,74,74,74,74,74,74,74],"relic_stats":{"Lizard Tail":40,"counters":[10,37],"Golden Idol":47,"obtain_stats":[{"yuri:BookOfBooks":17,"Lizard Tail":0,"NeowsBlessing":0,"Golden Idol":5,"yuri:yuriKnife":0,"yuri:BloodyKnife":1,"Bag of Marbles":9,"Odd Mushroom":12},{"yuri:BookOfBooks":10,"Lizard Tail":0,"NeowsBlessing":0,"Golden Idol":4,"yuri:yuriKnife":0,"yuri:BloodyKnife":1,"Bag of Marbles":4,"Odd Mushroom":7},{"yuri:BookOfBooks":37,"Lizard Tail":0,"NeowsBlessing":0,"Golden Idol":9,"yuri:yuriKnife":0,"yuri:BloodyKnife":3,"Bag of Marbles":9,"Odd Mushroom":23}]},"card_choices":[{"not_picked":["yuri:Stalk","yuri:InsanityDefense"],"picked":"yuri:ReactiveMadness","floor":1},{"not_picked":["yuri:ThrowBook","yuri:ChibiInvasion"],"picked":"yuri:InduceGlitch","floor":2},{"not_picked":["yuri:yuriHeavyStrike","yuri:MultiDip"],"picked":"yuri:ThornRemove","floor":3},{"not_picked":["yuri:DebugCard","yuri:CorruptHitbox","yuri:Skip"],"picked":"SKIP","floor":4},{"not_picked":["yuri:GlitchedStrike","yuri:BookPurple","yuri:Stare"],"picked":"SKIP","floor":10},{"not_picked":["yuri:Spin","yuri:yuriHeavyStrike","yuri:BookBlue"],"picked":"SKIP","floor":11},{"not_picked":["yuri:ThrowingKnives","yuri:InduceGlitch"],"picked":"yuri:HeavierStrike","floor":12},{"not_picked":["yuri:MPose","yuri:ArmBrace","yuri:Skip"],"picked":"SKIP","floor":13},{"not_picked":["yuri:Skip","yuri:Spin"],"picked":"yuri:DragonForm","floor":14},{"not_picked":["yuri:RelentlessStrikes","yuri:MagneticKnives"],"picked":"yuri:Virus","floor":16}],"player_experience":499225,"relics_obtained":[{"floor":9,"key":"Bag of Marbles"},{"floor":12,"key":"Odd Mushroom"}],"event_choices":[{"damage_healed":0,"gold_gain":0,"player_choice":"Lose Max HP","damage_taken":0,"relics_obtained":["Golden Idol"],"max_hp_gain":0,"max_hp_loss":6,"event_name":"Golden Idol","floor":5,"gold_loss":0},{"damage_healed":0,"gold_gain":0,"player_choice":"Fled","damage_taken":0,"max_hp_gain":0,"max_hp_loss":0,"event_name":"Scrap Ooze","floor":7,"gold_loss":0},{"damage_healed":0,"gold_gain":0,"player_choice":"Fought Mushrooms","damage_taken":0,"max_hp_gain":0,"max_hp_loss":0,"event_name":"Mushrooms","floor":12,"gold_loss":0}],"is_beta":false,"boss_relics":[{"not_picked":["bronze:MakeshiftBattery","Philosopher\u0027s Stone"],"picked":"yuri:BookOfBooks"}],"items_purged_floors":[],"is_endless":false,"potions_floor_spawned":[3,10,12,13,16],"ascension_level":1}}