{"host":"v1m5rkjj38qutr02","time":1609509350,"event":{"mods":["Act Like it!","BaseMod","Conspire","Gensokyo","GungeonMod","Hallownest","Minty Spire (QoL Compilation)","Replay The Spire","StSLib","The Bug Knight","Youmu£®ªÍ∆«—˝√Œ£©"],"gold_per_floor":[118,118,130,156,30,64,64,79,79,79,105,105,105,280,280,280,280],"floor_reached":16,"playtime":216,"items_purged":[],"score":183,"play_id":"1d17a86e-d9c3-44bb-a0f7-f094f0a0df97","local_time":"20210101215550","is_ascension_mode":true,"campfire_choices":[{"data":"FIFO Queue","floor":7,"key":"SMITH"},{"data":"ReplaySort","floor":10,"key":"SMITH"},{"floor":12,"key":"REST"},{"floor":15,"key":"REST"}],"circlet_count":0,"master_deck":["Strike_B","Strike_B","Strike_B","Strike_B","Defend_B","Defend_B","Defend_B","Defend_B","Zap","Dualcast","Skim","FIFO Queue+1","Hologram+1","Coolheaded","ReplaySort+1","Doubt"],"relics":["Cracked Core","NeowsBlessing","DemoMod:Relodestone","Divine Protection","Replay:Accelerometer","Toy Ornithopter"],"acts_visited":["Exordium"],"potions_floor_usage":[11,16],"damage_taken":[{"damage":0.0,"enemies":"Small Slimes","floor":1.0,"turns":1.0},{"damage":0,"enemies":"Jaw Worm","floor":3,"turns":1},{"damage":0,"enemies":"3 Sentries","floor":6,"turns":1},{"damage":0,"enemies":"2 Louse","floor":8,"turns":4},{"damage":57,"enemies":"Gremlin Nob","floor":11,"turns":6},{"damage":11,"enemies":"Slime Boss","floor":16,"turns":4}],"seed_played":"4515608804305422532","potions_obtained":[{"floor":8,"key":"LiquidBronze"},{"floor":11,"key":"LifebloodPotion"}],"is_trial":false,"path_per_floor":["M","?","M","?","$","E","R","M","T","R","E","R","?","?","R","B"],"character_chosen":"DEFECT","items_purchased":["FIFO Queue","Hologram"],"campfire_rested":2,"item_purchase_floors":[5,5],"current_hp_per_floor":[68,68,68,68,68,68,68,68,68,68,11,33,33,33,55,49,49],"gold":280,"neow_bonus":"THREE_ENEMY_KILL","is_daily":false,"chose_seed":false,"campfire_upgraded":2,"win_rate":0.0,"timestamp":1609509350,"path_taken":["M","?","M","?","?","E","R","M","T","R","E","R","?","?","R","BOSS"],"items_purchased_type":["Card","Card"],"build_version":"2020-12-22","purchased_purges":0,"victory":false,"max_hp_per_floor":[75,75,75,75,75,75,75,75,75,75,75,75,75,75,75,75,75],"card_choices":[{"not_picked":["Stack","Reinforced Body"],"picked":"Skim","floor":1.0},{"not_picked":["Streamline","Go for the Eyes","ReplayTheSpireMod:System Scan"],"picked":"SKIP","floor":3},{"not_picked":["ReplayTheSpireMod:Repulse","Compile Driver"],"picked":"Coolheaded","floor":6},{"not_picked":["Gash","Reprogram"],"picked":"ReplaySort","floor":8},{"not_picked":["Rip and Tear","Coolheaded","Compile Driver"],"picked":"SKIP","floor":11}],"player_experience":394137,"relics_obtained":[{"floor":4,"key":"DemoMod:Relodestone"},{"floor":6,"key":"Divine Protection"},{"floor":9,"key":"Replay:Accelerometer"},{"floor":11,"key":"Toy Ornithopter"}],"event_choices":[{"damage_healed":0,"gold_gain":175,"player_choice":"AGREE","damage_taken":0,"max_hp_gain":0,"max_hp_loss":0,"event_name":"Liars Game","floor":14,"gold_loss":0,"cards_obtained":["Doubt"]}],"is_beta":false,"boss_relics":[],"items_purged_floors":[],"is_endless":false,"potions_floor_spawned":[8,11],"killed_by":"Slime Boss","ascension_level":8}}