{"host":"43vb3u4kiuosyd1s","time":1609520002,"event":{"mods":["Arknights The Spire","BaseMod","HololiveMod","Minty Spire (QoL Compilation)","StSLib","Td1madao Mod"],"gold_per_floor":[113,113,188,158,176,176,201,201,201,213,230,264,264,289,289,289,289],"floor_reached":16,"playtime":620,"items_purged":[],"score":143,"play_id":"64acd139-cc81-43d6-b843-b412e8dc324e","local_time":"20210102015322","is_ascension_mode":false,"campfire_choices":[{"floor":6,"key":"DIG"},{"floor":13,"key":"DIG"},{"floor":15,"key":"DIG"}],"circlet_count":0,"master_deck":["ats:Strike C","ats:Strike G","ats:Strike S","ats:Strike V","ats:Armor Crushing Shot","ats:Defend","ats:Defend","ats:Defend","ats:Defend","ats:Emotion Absorption","ats:Powerful Strike","ats:Steam Pump","ats:Hammer On","ats:Magnetic Hammer","ats:Assault Order"],"relics":["ats:Sanity","NeowsBlessing","Shovel","ats:Ability Aura","ats:Originium","Lantern","FossilizedHelix","Boot","Dead Branch","Anchor"],"acts_visited":["Exordium"],"potions_floor_usage":[12,16],"damage_taken":[{"damage":0,"enemies":"2 Louse","floor":1,"turns":1},{"damage":0,"enemies":"Jaw Worm","floor":5,"turns":1},{"damage":0,"enemies":"3 Sentries","floor":7,"turns":1},{"damage":1,"enemies":"Cultist","floor":10,"turns":3},{"damage":2,"enemies":"Large Slime","floor":11,"turns":5},{"damage":19,"enemies":"Lagavulin","floor":12,"turns":8},{"damage":21,"enemies":"Gremlin Nob","floor":14,"turns":5},{"damage":29,"enemies":"Hexaghost","floor":16,"turns":9}],"seed_played":"7824432224335465756","potions_obtained":[{"floor":1,"key":"SpeedPotion"},{"floor":4,"key":"EssenceOfSteel"},{"floor":4,"key":"DistilledChaos"},{"floor":11,"key":"BlessingOfTheForge"}],"is_trial":false,"path_per_floor":["M","?","?","?","M","R","E","?","T","M","M","E","R","E","R","B"],"character_chosen":"DOCTOR_CLASS","items_purchased":[],"campfire_rested":0,"item_purchase_floors":[],"current_hp_per_floor":[72,54,43,43,43,43,43,72,72,71,69,50,50,29,29,0,0],"gold":289,"neow_bonus":"THREE_ENEMY_KILL","is_daily":false,"chose_seed":false,"campfire_upgraded":0,"win_rate":0.0,"timestamp":1609520002,"path_taken":["M","?","?","?","?","R","E","?","T","?","M","E","R","E","R","BOSS"],"items_purchased_type":[],"build_version":"2020-12-22","purchased_purges":0,"victory":false,"max_hp_per_floor":[72,72,72,72,72,72,72,72,72,72,72,72,72,72,72,72,72],"card_choices":[{"not_picked":["ats:Closed Bolt Burst Fire","ats:Assault Order"],"picked":"ats:Powerful Strike","floor":1},{"not_picked":["ats:Ignite","ats:Blood Oath"],"picked":"ats:Steam Pump","floor":5},{"not_picked":["ats:Directed Diagnosis","ats:Mental Burst"],"picked":"ats:Thermite Blade","floor":7},{"not_picked":["ats:Curse Doll","ats:Beaten Up"],"picked":"ats:Hammer On","floor":10},{"not_picked":["ats:Revitalization","ats:Assault Order"],"picked":"ats:Magnetic Hammer","floor":11},{"not_picked":["ats:Beaten Up","ats:Powerful Strike","ats:Hammer On"],"picked":"SKIP","floor":12},{"not_picked":["ats:Revitalization","ats:Childhood Dance"],"picked":"ats:Assault Order","floor":14}],"player_experience":162401,"relics_obtained":[{"floor":6,"key":"ats:Ability Aura"},{"floor":7,"key":"ats:Originium"},{"floor":7,"key":"Lantern"},{"floor":12,"key":"ats:Originium"},{"floor":12,"key":"FossilizedHelix"},{"floor":13,"key":"Boot"},{"floor":14,"key":"ats:Originium"},{"floor":14,"key":"Dead Branch"},{"floor":15,"key":"Anchor"}],"event_choices":[{"damage_healed":0,"gold_gain":0,"player_choice":"Success","damage_taken":18,"relics_obtained":["Shovel"],"max_hp_gain":0,"max_hp_loss":0,"event_name":"Scrap Ooze","floor":2,"gold_loss":0},{"damage_healed":0,"gold_gain":75,"player_choice":"Gather Gold","damage_taken":11,"max_hp_gain":0,"max_hp_loss":0,"event_name":"World of Goop","floor":3,"gold_loss":0},{"damage_healed":0,"gold_gain":0,"player_choice":"Bought 2 Potions","damage_taken":0,"max_hp_gain":0,"max_hp_loss":0,"event_name":"The Woman in Blue","floor":4,"gold_loss":0},{"cards_removed":["ats:Thermite Blade"],"damage_healed":29,"gold_gain":0,"player_choice":"Offered Uncommon","damage_taken":0,"max_hp_gain":0,"max_hp_loss":0,"event_name":"Bonfire Elementals","floor":8,"gold_loss":0}],"is_beta":false,"boss_relics":[],"items_purged_floors":[],"is_endless":false,"potions_floor_spawned":[1,10,11],"killed_by":"Hexaghost","ascension_level":0}}