{"host":"ormi09wwzv7sq47a","time":1609530005,"event":{"mods":["2.2 Compatiblity","AchievementEnabler","Act Like it!","BaseMod","Bestiary","Better Altar","Better Note","Better Sensory Stone","Better Skull","Better Third Choice","Better Vampires","BetterRewards","Block Reminder","Card Forge","Colored Map","Colored Powertips","Curses Come First","DeckTracker","Downfall","Highlight Path","Minty Spire (QoL Compilation)","Permanent Neow","Quick Restart","Rare Cards Sparkle","Relic Stats","Shop Mod","StSLib","The Jungle","The Servant 0.9.4"],"gold_per_floor":[26,40,56,69,18,18,35,35,61,88,88,115,125,125,125,201,201,214,233,233,245,245,245],"floor_reached":21,"playtime":1191,"items_purged":["Guardian:Strike_Guardian"],"score":585,"play_id":"00163985-4195-4ab1-9721-6f80977d6a66","local_time":"20210101164005","is_ascension_mode":true,"campfire_choices":[{"data":"Guardian:CurlUp","floor":6,"key":"SMITH"},{"data":"expansioncontent:DashGenerateEvil","floor":8,"key":"SMITH"},{"data":"Guardian:TwinSlam","floor":11,"key":"SMITH"},{"data":"Guardian:BronzeArmor","floor":15,"key":"SMITH"}],"circlet_count":0,"master_deck":["AscendersBane","Guardian:Strike_Guardian","Guardian:Strike_Guardian","Guardian:Strike_Guardian","Guardian:Defend_Guardian","Guardian:Defend_Guardian","Guardian:Defend_Guardian","Guardian:CurlUp+1","Guardian:TwinSlam+1","expansioncontent:DashGenerateEvil+1","Guardian:ShieldSpikes","Guardian:SpikerProtocol","Guardian:BronzeArmor+1","Guardian:PiercingHide","Guardian:ConstructionForm","Guardian:SpikerProtocol","Guardian:Gem_Orange","Guardian:PiercingHide"],"relics":["Guardian:ModeShifterPlus","Hammer of Thor","Seething Fire","Anvil of the Gods","Bird Faced Urn","Singing Bowl","Bag of Marbles","Art of War","Orichalcum","MawBank"],"acts_visited":["Exordium","TheCity"],"potions_floor_usage":[7,10,12,16],"damage_taken":[{"damage":3,"enemies":"Cultist","floor":1,"turns":4},{"damage":0,"enemies":"Small Slimes","floor":2,"turns":4},{"damage":1,"enemies":"Jaw Worm","floor":3,"turns":5},{"damage":0,"enemies":"Red Slaver","floor":4,"turns":3},{"damage":6,"enemies":"Gremlin Gang","floor":7,"turns":3},{"damage":0,"enemies":"Gremlin Nob","floor":10,"turns":2},{"damage":26,"enemies":"3 Sentries","floor":12,"turns":8},{"damage":3,"enemies":"Exordium Wildlife","floor":13,"turns":3},{"damage":31,"enemies":"Slime Boss","floor":16,"turns":17},{"damage":9,"enemies":"Spheric Guardian","floor":18,"turns":5},{"damage":6,"enemies":"2 Thieves","floor":19,"turns":3},{"damage":20,"enemies":"Centurion and Healer","floor":21,"turns":19}],"seed_played":"-424205897265043890","potions_obtained":[{"floor":3,"key":"hexamod:EctoCoolerPotion"},{"floor":4,"key":"Explosive Potion"},{"floor":10,"key":"LiquidBronze"},{"floor":13,"key":"BlessingOfTheForge"},{"floor":16,"key":"FairyPotion"}],"is_trial":false,"path_per_floor":["M","M","M","M","$","R","M","R","T","E","R","E","M","?","R","B",null,"M","M","?","M"],"character_chosen":"GUARDIAN","items_purchased":["Singing Bowl","expansioncontent:DashGenerateEvil","Guardian:ShieldSpikes","Guardian:SpikerProtocol","Guardian:PiercingHide"],"campfire_rested":0,"item_purchase_floors":[0,0,0,0,5],"current_hp_per_floor":[59,65,66,68,68,68,66,66,66,68,68,46,45,45,45,22,64,59,57,57,45,45,45],"gold":245,"neow_bonus":"","is_daily":false,"chose_seed":false,"campfire_upgraded":4,"win_rate":0.0,"timestamp":1609530005,"path_taken":["M","M","?","?","$","R","M","R","T","E","R","E","M","?","R","BOSS","M","M","?","M"],"items_purchased_type":["Relic","Card","Card","Card","Card"],"build_version":"2020-12-22","purchased_purges":1,"victory":false,"max_hp_per_floor":[72,74,74,74,74,74,76,76,76,78,78,78,78,78,78,78,78,78,80,80,80,80,80],"relic_stats":{"Singing Bowl":14,"counters":[237,1097],"Bird Faced Urn":[42],"Art of War":[18],"Orichalcum":[36],"MawBank":12,"obtain_stats":[{"Calipers":30,"Gremlin Horn":26,"Nilry\u0027s Codex":25,"Guardian:StasisEgg":37,"Vajra":31,"Guardian:SackOfGems":23,"Hammer of Thor":0,"Ginger":0,"Sling":0,"Guardian:PickAxe":14,"Blood Vial":23,"Lizard Tail":0,"Centennial Puzzle":29,"HornCleat":22,"Sundial":30,"DollysMirror":31,"Strawberry":10,"Prayer Wheel":17,"MealTicket":0,"Philosopher\u0027s Stone":34,"Kunai":53,"Toxic Egg 2":29,"Girya":10,"MerchantsRug":21,"Happy Flower":54,"Astrolabe":17,"Dead Branch":0,"Blue Candle":0,"Guardian:ModeShifter":0,"Oddly Smooth Stone":37,"Eternal Feather":9,"Pen Nib":44,"Guardian:PocketSentry":6,"War Paint":9,"Akabeko":0,"OrangePellets":0,"Bottled Flame":26,"Shuriken":26,"Anvil of the Gods":0,"Bronze Scales":0,"MutagenicStrength":22,"Bird Faced Urn":0,"Pandora\u0027s Box":34,"Black Star":34,"Nloth\u0027s Gift":22,"Unceasing Top":7,"Pocketwatch":7,"Darkstone Periapt":17,"Guardian:StasisSlotReductionRelic":17,"Lantern":29,"Guardian:ModeShifterPlus":34,"Torii":12,"Singing Bowl":21,"Guardian:StasisCodex":54,"StoneCalendar":38,"Incense Burner":7,"Bag of Preparation":21,"Juzu Bracelet":7,"Ancient Tea Set":26,"Smiling Mask":30,"Cursed Key":17,"Dream Catcher":14,"Nunchaku":0,"Matryoshka":9,"Shovel":40,"Mummified Hand":8,"Tiny Chest":25,"InkBottle":47,"Lee\u0027s Waffle":0,"Golden Idol":13,"PreservedInsect":17,"Omamori":46,"Seething Fire":0,"Orichalcum":43,"Frozen Egg 2":9,"Medical Kit":0,"MawBank":9,"White Beast Statue":21,"Mercury Hourglass":45,"Calling Bell":17,"Peace Pipe":0,"Guardian:StasisUpgradeRelic":53,"CaptainsWheel":9,"Anchor":9,"betterThird:SlimedRelic":2,"Turnip":0,"Bag of Marbles":48,"Art of War":48,"Bottled Lightning":26,"Membership Card":21,"hexamod:BolsterEngine":13,"FossilizedHelix":38,"Toy Ornithopter":44,"TungstenRod":26},{"Calipers":124,"Gremlin Horn":52,"Nilry\u0027s Codex":149,"Guardian:StasisEgg":218,"Vajra":30,"Guardian:SackOfGems":210,"Hammer of Thor":0,"Ginger":39,"Sling":39,"Guardian:PickAxe":24,"Blood Vial":51,"Lizard Tail":17,"Centennial Puzzle":53,"HornCleat":50,"Sundial":12,"DollysMirror":99,"Strawberry":90,"Prayer Wheel":25,"MealTicket":171,"Philosopher\u0027s Stone":186,"Kunai":109,"Toxic Egg 2":215,"Girya":80,"MerchantsRug":96,"Happy Flower":110,"Astrolabe":47,"Dead Branch":111,"Blue Candle":136,"Guardian:ModeShifter":0,"Oddly Smooth Stone":32,"Eternal Feather":44,"Pen Nib":35,"Guardian:PocketSentry":44,"War Paint":69,"Akabeko":84,"OrangePellets":111,"Bottled Flame":123,"Shuriken":97,"Anvil of the Gods":0,"Bronze Scales":162,"MutagenicStrength":180,"Bird Faced Urn":225,"Pandora\u0027s Box":14,"Black Star":100,"Nloth\u0027s Gift":209,"Unceasing Top":69,"Pocketwatch":116,"Darkstone Periapt":25,"Guardian:StasisSlotReductionRelic":7,"Lantern":29,"Guardian:ModeShifterPlus":55,"Torii":143,"Singing Bowl":209,"Guardian:StasisCodex":65,"StoneCalendar":189,"Incense Burner":4,"Bag of Preparation":96,"Juzu Bracelet":168,"Ancient Tea Set":28,"Smiling Mask":99,"Cursed Key":177,"Dream Catcher":6,"Nunchaku":66,"Matryoshka":194,"Shovel":220,"Mummified Hand":141,"Tiny Chest":123,"InkBottle":37,"Lee\u0027s Waffle":162,"Golden Idol":5,"PreservedInsect":25,"Omamori":106,"Seething Fire":0,"Orichalcum":34,"Frozen Egg 2":89,"Medical Kit":66,"MawBank":204,"White Beast Statue":96,"Mercury Hourglass":157,"Calling Bell":25,"Peace Pipe":76,"Guardian:StasisUpgradeRelic":109,"CaptainsWheel":4,"Anchor":21,"betterThird:SlimedRelic":40,"Turnip":66,"Bag of Marbles":63,"Art of War":133,"Bottled Lightning":10,"Membership Card":96,"hexamod:BolsterEngine":45,"FossilizedHelix":58,"Toy Ornithopter":105,"TungstenRod":212},{"Calipers":565,"Gremlin Horn":274,"Nilry\u0027s Codex":664,"Guardian:StasisEgg":983,"Vajra":154,"Guardian:SackOfGems":959,"Hammer of Thor":0,"Ginger":211,"Sling":211,"Guardian:PickAxe":121,"Blood Vial":270,"Lizard Tail":91,"Centennial Puzzle":277,"HornCleat":266,"Sundial":61,"DollysMirror":485,"Strawberry":460,"Prayer Wheel":130,"MealTicket":775,"Philosopher\u0027s Stone":845,"Kunai":521,"Toxic Egg 2":974,"Girya":426,"MerchantsRug":476,"Happy Flower":525,"Astrolabe":259,"Dead Branch":532,"Blue Candle":609,"Guardian:ModeShifter":0,"Oddly Smooth Stone":167,"Eternal Feather":237,"Pen Nib":184,"Guardian:PocketSentry":237,"War Paint":367,"Akabeko":446,"OrangePellets":532,"Bottled Flame":561,"Shuriken":479,"Anvil of the Gods":0,"Bronze Scales":727,"MutagenicStrength":815,"Bird Faced Urn":1021,"Pandora\u0027s Box":75,"Black Star":490,"Nloth\u0027s Gift":955,"Unceasing Top":367,"Pocketwatch":545,"Darkstone Periapt":130,"Guardian:StasisSlotReductionRelic":38,"Lantern":150,"Guardian:ModeShifterPlus":288,"Torii":640,"Singing Bowl":955,"Guardian:StasisCodex":340,"StoneCalendar":861,"Incense Burner":18,"Bag of Preparation":476,"Juzu Bracelet":761,"Ancient Tea Set":145,"Smiling Mask":485,"Cursed Key":801,"Dream Catcher":28,"Nunchaku":349,"Matryoshka":883,"Shovel":992,"Mummified Hand":631,"Tiny Chest":561,"InkBottle":196,"Lee\u0027s Waffle":727,"Golden Idol":22,"PreservedInsect":130,"Omamori":510,"Seething Fire":0,"Orichalcum":177,"Frozen Egg 2":456,"Medical Kit":349,"MawBank":929,"White Beast Statue":476,"Mercury Hourglass":698,"Calling Bell":130,"Peace Pipe":412,"Guardian:StasisUpgradeRelic":521,"CaptainsWheel":18,"Anchor":107,"betterThird:SlimedRelic":214,"Turnip":349,"Bag of Marbles":326,"Art of War":591,"Bottled Lightning":50,"Membership Card":476,"hexamod:BolsterEngine":240,"FossilizedHelix":296,"Toy Ornithopter":504,"TungstenRod":962}]},"card_choices":[{"not_picked":["Guardian:VentSteam","Guardian:ArmoredProtocol"],"picked":"Guardian:Gem_Cyan","floor":1},{"not_picked":["Guardian:ShieldCharger","Guardian:EvasiveProtocol","Guardian:PiercingHide"],"picked":"Singing Bowl","floor":2},{"not_picked":["Guardian:Gem_Green","Guardian:CrystalBeam"],"picked":"Guardian:BronzeArmor","floor":3},{"not_picked":["Guardian:Gem_Red","Guardian:Incinerate"],"picked":"Guardian:Gem_Blue","floor":4},{"not_picked":["Guardian:TemporalShield","Guardian:ShieldCharger","Guardian:PiercingHide"],"picked":"Singing Bowl","floor":7},{"not_picked":["Guardian:PolyBeam","Guardian:Incinerate","Guardian:CrystalBeam"],"picked":"Singing Bowl","floor":10},{"not_picked":["Guardian:VentSteam","Guardian:WalkerClaw"],"picked":"Guardian:ConstructionForm","floor":12},{"not_picked":["Guardian:Recover","Guardian:VentSteam"],"picked":"Guardian:SpikerProtocol","floor":13},{"not_picked":["Guardian:AncientConstruct","Guardian:ConstructionForm"],"picked":"Guardian:Gem_Orange","floor":16},{"not_picked":["Guardian:EvasiveProtocol","Guardian:Gem_Lightblue"],"picked":"Guardian:PiercingHide","floor":18},{"not_picked":["Guardian:Recover","Guardian:Suspension","Guardian:VentSteam"],"picked":"Singing Bowl","floor":19}],"player_experience":856486,"relics_obtained":[{"floor":9,"key":"Bag of Marbles"},{"floor":10,"key":"Art of War"},{"floor":12,"key":"Orichalcum"}],"event_choices":[{"cards_removed":["Guardian:Defend_Guardian"],"damage_healed":0,"gold_gain":0,"player_choice":"Forget","damage_taken":0,"max_hp_gain":0,"max_hp_loss":0,"event_name":"Living Wall","floor":14,"gold_loss":0},{"damage_healed":0,"gold_gain":0,"player_choice":"Gave Potion","damage_taken":0,"relics_obtained":["MawBank"],"max_hp_gain":0,"max_hp_loss":0,"event_name":"WeMeetAgain","floor":20,"gold_loss":0}],"is_beta":false,"boss_relics":[{"not_picked":["Runic Pyramid","Black Star"],"picked":"Guardian:ModeShifterPlus"}],"items_purged_floors":[0],"is_endless":false,"potions_floor_spawned":[3,4,10,13,16],"killed_by":"Centurion and Healer","ascension_level":17}}