{"host":"r6wilvrr1tovskr2","time":1609480334,"event":{"mods":["2.2 Compatiblity","AchievementEnabler","Aspiration","BaseMod","Bestiary","Better Altar","Better Match","Better Note","Better Sensory Stone","Better Skull","Better Third Choice","Colored Powertips","Conspire","Curses Come First","Energized Spire","GifTheSpireLib","Halation","Highlight Path","Hubris","Infinite Spire","Marked Mod","Minty Spire (QoL Compilation)","Quick Restart","Replay The Spire","Shop Mod","Spicy Shops","Spikes Relics","StSLib","Stuff the Spire","The Blue Laboratory","vexMod"],"gold_per_floor":[119,30,47,21,21,52,52,52,52,52,66,66,78,91,91,186,186,196,196,211,229,229,229],"floor_reached":22,"playtime":1192,"items_purged":[],"score":295,"play_id":"fbdb5609-fdb7-4cdf-9132-ab3db1bfcc63","local_time":"20201231235214","is_ascension_mode":true,"campfire_choices":[{"floor":7.0,"key":"RECALL"},{"data":"hubris:Counter","floor":10.0,"key":"SMITH"},{"floor":15.0,"key":"DIG"}],"circlet_count":0,"master_deck":["Defend_G","Defend_G","Defend_G","Defend_G","Defend_G","Survivor","Neutralize","hubris:Counter+1","StuffTheSpire:BumpUp","Bane+1","StuffTheSpire:DoubleShiv","Hidden Blade","StuffTheSpire:BumpUp","ReplayTheSpireMod:Shiv Toss","Storm of Steel","Atom Bomb+1","Hidden Blade+1","Noxious Fumes+1","hubris:Sniper+1"],"relics":["Ring of the Snake","NeowsBlessing","Gremlin Food","hubris:Towel","Darkstone Periapt","Astrolabe","Nilry\u0027s Codex"],"acts_visited":["Exordium","TheCity"],"potions_floor_usage":[16,16],"damage_taken":[{"damage":0.0,"enemies":"Small Slimes","floor":1.0,"turns":1.0},{"damage":0.0,"enemies":"2 Louse","floor":3.0,"turns":1.0},{"damage":0.0,"enemies":"3 Sentries","floor":6.0,"turns":2.0},{"damage":3.0,"enemies":"Jaw Worm","floor":11.0,"turns":4.0},{"damage":14.0,"enemies":"3 Louse","floor":13.0,"turns":4.0},{"damage":11.0,"enemies":"2 Fungi Beasts","floor":14.0,"turns":3.0},{"damage":49,"enemies":"Fading Forest","floor":16,"turns":11},{"damage":0,"enemies":"Chosen","floor":18,"turns":3},{"damage":6,"enemies":"3 Byrds","floor":20,"turns":4},{"damage":4,"enemies":"Snecko","floor":21,"turns":3},{"damage":41,"enemies":"Shelled Parasite and Fungi","floor":22,"turns":3}],"seed_played":"7984596621261804649","potions_obtained":[{"floor":6.0,"key":"Weak Potion"},{"floor":11.0,"key":"Ancient Potion"},{"floor":13.0,"key":"blueLaboratory:EmptyBottle"},{"floor":14.0,"key":"blueLaboratory:EmptyBottle"}],"is_trial":false,"path_per_floor":["M","$","M","$","?","E","R","?","T","R","M","?","M","M","R","B",null,"M","?","M","M","M"],"character_chosen":"THE_SILENT","items_purchased":["StuffTheSpire:BumpUp","Bane+1","Hidden Blade"],"campfire_rested":0,"item_purchase_floors":[2,2,4],"current_hp_per_floor":[63,63,63,63,63,63,63,63,63,63,60,60,46,35,35,4,54,54,38,32,28,0,0],"gold":229,"neow_bonus":"THREE_ENEMY_KILL","is_daily":false,"chose_seed":false,"campfire_upgraded":1,"win_rate":0.0,"timestamp":1609480334,"path_taken":["M","$","M","$","?","E","R","?","T","R","M","?","?","M","R","BOSS","M","?","M","M","M"],"items_purchased_type":["Card","Card","Card"],"build_version":"2020-12-22","purchased_purges":0,"victory":false,"max_hp_per_floor":[70,70,70,70,70,70,70,70,70,70,70,70,70,70,70,70,70,70,70,70,70,70,70],"card_choices":[{"not_picked":["PiercingWail","Sucker Punch"],"picked":"hubris:Counter","floor":1.0},{"not_picked":["Finisher","Toxin Wave"],"picked":"StuffTheSpire:DoubleShiv","floor":3.0},{"not_picked":["Deadly Poison","StuffTheSpire:Injection"],"picked":"StuffTheSpire:BumpUp","floor":6.0},{"not_picked":["Outmaneuver","Predator"],"picked":"ReplayTheSpireMod:Shiv Toss","floor":11.0},{"not_picked":["Blade Dance","ReplayTheSpireMod:Exploit Weakness","Prepared"],"picked":"SKIP","floor":13.0},{"not_picked":["Dodge and Roll","Concentrate","Accuracy"],"picked":"SKIP","floor":14.0},{"not_picked":["Night Terror","Glass Knife"],"picked":"Storm of Steel","floor":16},{"not_picked":["Sucker Punch+1","Accuracy"],"picked":"hubris:Sniper+1","floor":18},{"not_picked":["Deflect","Cloak And Dagger","StuffTheSpire:Incursion"],"picked":"SKIP","floor":20},{"not_picked":["conspire:DoublingDagger","Deadly Poison","Infinite Blades+1"],"picked":"SKIP","floor":21}],"player_experience":1159635,"relics_obtained":[{"floor":6.0,"key":"Gremlin Food"},{"floor":15.0,"key":"Darkstone Periapt"},{"floor":19,"key":"Nilry\u0027s Codex"}],"event_choices":[{"cards_removed":["Strike_G"],"damage_healed":0.0,"max_hp_gain":0.0,"max_hp_loss":0.0,"gold_gain":0.0,"event_name":"Living Wall","player_choice":"Forget","floor":8.0,"gold_loss":0.0,"damage_taken":0.0},{"damage_healed":0,"gold_gain":0,"player_choice":"Obtained Book","damage_taken":16,"max_hp_gain":0,"max_hp_loss":0,"event_name":"Cursed Tome","floor":19,"gold_loss":0}],"is_beta":false,"boss_relics":[{"not_picked":["aspiration:PoetsPen_weak","Abe\u0027s Treasure"],"picked":"Astrolabe"}],"items_purged_floors":[],"is_endless":false,"potions_floor_spawned":[6,11,13,14],"killed_by":"Shelled Parasite and Fungi","ascension_level":8}}