{"host":"omv42op7s93bjjql","time":1609528769,"event":{"mods":["BaseMod","Colored Map","Colored Powertips","DeckTracker","Keyboard Shortcuts","Minty Spire (QoL Compilation)","StSLib","SuperFastMode"],"gold_per_floor":[110,124,142,157,157,157,169,169,169,181,52,62,87,100,100,178,178,193,211,211,11,30,30,41,41,41,54,54,54],"floor_reached":28,"playtime":984,"items_purged":["Strike_G"],"score":452,"play_id":"446c7529-dbfb-40de-804a-6eb9dc2581fa","local_time":"20210102041929","is_ascension_mode":true,"campfire_choices":[{"data":"Neutralize","floor":6,"key":"SMITH"},{"data":"Footwork","floor":8,"key":"SMITH"},{"floor":15,"key":"REST"},{"data":"Malaise","floor":23,"key":"SMITH"},{"floor":25,"key":"REST"}],"circlet_count":0,"master_deck":["AscendersBane","Strike_G","Strike_G","Strike_G","Strike_G","Defend_G","Defend_G","Defend_G","Defend_G","Defend_G","Survivor","Neutralize+1","Choke+1","Underhanded Strike","Blade Dance","Deadly Poison","Footwork+1","Cloak And Dagger","Acrobatics","Corpse Explosion","PiercingWail","Prepared","Footwork","Well Laid Plans","Malaise+1","Bouncing Flask"],"relics":["Ring of the Snake","NeowsBlessing","FossilizedHelix","White Beast Statue","Philosopher\u0027s Stone","Membership Card","Tough Bandages"],"acts_visited":["Exordium","TheCity"],"potions_floor_usage":[4,16,16,19,22,24,27,27,28],"damage_taken":[{"damage":0,"enemies":"Cultist","floor":1,"turns":1},{"damage":0,"enemies":"Jaw Worm","floor":2,"turns":1},{"damage":0,"enemies":"Small Slimes","floor":3,"turns":1},{"damage":8,"enemies":"Blue Slaver","floor":4,"turns":3},{"damage":9,"enemies":"Gremlin Gang","floor":7,"turns":4},{"damage":11,"enemies":"2 Fungi Beasts","floor":10,"turns":4},{"damage":0,"enemies":"Large Slime","floor":12,"turns":4},{"damage":11,"enemies":"Lagavulin","floor":13,"turns":8},{"damage":0,"enemies":"Exordium Thugs","floor":14,"turns":4},{"damage":2,"enemies":"Hexaghost","floor":16,"turns":10},{"damage":11,"enemies":"Shell Parasite","floor":18,"turns":7},{"damage":12,"enemies":"Spheric Guardian","floor":19,"turns":6},{"damage":8,"enemies":"Centurion and Healer","floor":22,"turns":5},{"damage":9,"enemies":"Snake Plant","floor":24,"turns":5},{"damage":21,"enemies":"Sentry and Sphere","floor":27,"turns":7},{"damage":17,"enemies":"Cultist and Chosen","floor":28,"turns":4}],"seed_played":"1359048905788306540","potions_obtained":[{"floor":2,"key":"Energy Potion"},{"floor":13,"key":"CultistPotion"},{"floor":14,"key":"GamblersBrew"},{"floor":16,"key":"SpeedPotion"},{"floor":18,"key":"SteroidPotion"},{"floor":19,"key":"Ancient Potion"},{"floor":22,"key":"ColorlessPotion"},{"floor":24,"key":"DuplicationPotion"},{"floor":27,"key":"Weak Potion"}],"is_trial":false,"path_per_floor":["M","M","M","M","?","R","M","R","T","M","$","M","E","M","R","B",null,"M","M","?","$","M","R","M","R","T","M","M"],"character_chosen":"THE_SILENT","items_purchased":["Acrobatics","Membership Card","Block Potion"],"campfire_rested":2,"item_purchase_floors":[11,21,21],"current_hp_per_floor":[59,59,59,51,51,51,42,42,42,31,31,31,20,20,39,37,59,48,36,36,36,28,28,19,38,38,17,0,0],"gold":54,"neow_bonus":"THREE_ENEMY_KILL","is_daily":false,"chose_seed":false,"campfire_upgraded":3,"win_rate":0.0,"timestamp":1609528769,"path_taken":["M","M","M","M","?","R","?","R","T","M","?","M","E","M","R","BOSS","M","M","?","$","M","R","M","R","T","M","M"],"items_purchased_type":["Card","Relic","Potion"],"build_version":"2020-12-22","purchased_purges":1,"victory":false,"max_hp_per_floor":[66,66,66,66,66,66,66,66,66,66,66,66,66,66,66,66,66,66,66,66,66,66,66,66,66,66,66,66,66],"card_choices":[{"not_picked":["Flying Knee","Slice"],"picked":"Choke","floor":1},{"not_picked":["Poisoned Stab","Leg Sweep"],"picked":"Underhanded Strike","floor":2},{"not_picked":["Dodge and Roll","Concentrate"],"picked":"Blade Dance","floor":3},{"not_picked":["Poisoned Stab","Flying Knee"],"picked":"Deadly Poison","floor":4},{"not_picked":["Concentrate","Eviscerate"],"picked":"Footwork","floor":7},{"not_picked":["Dodge and Roll","Distraction"],"picked":"Cloak And Dagger","floor":10},{"not_picked":["PiercingWail","Underhanded Strike"],"picked":"Corpse Explosion","floor":12},{"not_picked":["Bane","Night Terror"],"picked":"PiercingWail","floor":13},{"not_picked":["Deflect","Blade Dance"],"picked":"Prepared","floor":14},{"not_picked":["Masterful Stab","Deflect"],"picked":"Footwork","floor":18},{"not_picked":["Quick Slash","Outmaneuver"],"picked":"Well Laid Plans","floor":19},{"not_picked":["Slice","Dodge and Roll"],"picked":"Malaise","floor":22},{"not_picked":["Sucker Punch","Blade Dance","All Out Attack"],"picked":"SKIP","floor":24},{"not_picked":["PiercingWail","Choke"],"picked":"Bouncing Flask","floor":27}],"player_experience":842983,"relics_obtained":[{"floor":9,"key":"FossilizedHelix"},{"floor":13,"key":"White Beast Statue"},{"floor":26,"key":"Tough Bandages"}],"event_choices":[{"damage_healed":0,"gold_gain":0,"player_choice":"Upgraded","damage_taken":0,"max_hp_gain":0,"max_hp_loss":0,"event_name":"Upgrade Shrine","floor":5,"gold_loss":0,"cards_upgraded":["Choke"]},{"damage_healed":0,"gold_gain":0,"player_choice":"Ignored","damage_taken":0,"max_hp_gain":0,"max_hp_loss":0,"event_name":"Ghosts","floor":20,"gold_loss":0}],"is_beta":false,"boss_relics":[{"not_picked":["Ring of the Serpent","Velvet Choker"],"picked":"Philosopher\u0027s Stone"}],"items_purged_floors":[11],"is_endless":false,"potions_floor_spawned":[2,13,14,16,18,19,22,24,27],"killed_by":"Cultist and Chosen","ascension_level":20}}