{"host":"f0dbpmn0khgeoqc0","time":1609483523,"event":{"mods":["2.2 Compatiblity","AchievementEnabler","Act Like it!","Ascension Unlocker","Aspiration","BaseMod","Better Altar","Better Match","Better Sensory Stone","Better Skull","Better Third Choice","BetterRewards","Block Reminder","Colored Map","Colored Powertips","Conspire","DNKmod","Disable Question Mark Monsters","Displayed Cursed Tome","Downfall","Evolution","Friendly Minions","Hermit","Highlight Path","Humility","Infinite Spire","Jorbs\u0027s Wanderer Trilogy","Koishi","Marisa????????","Minty Spire (QoL Compilation)","MostiFishMod","Permanent Neow","Random Character Button","Relic Filter","Relic Stats","Spicy Shops","StSLib","Td1madao Mod","The Gatherer","Treasure Hunter","Wandering Minibosses","??????REMEMod"],"gold_per_floor":[109,109,43,14,34,67,79,79,79,79,79],"floor_reached":10,"playtime":790,"items_purged":["Pain"],"score":132,"play_id":"cddbbd63-0367-4502-8f57-dbb0fa5636b8","local_time":"20210101014523","is_ascension_mode":true,"campfire_choices":[{"data":"Malaise","floor":8,"key":"SMITH"}],"circlet_count":0,"master_deck":["AscendersBane","Strike_G","Strike_G","Strike_G","Strike_G","Strike_G","Defend_G","Defend_G","Defend_G","Defend_G","Defend_G","Survivor","Neutralize+1","Ragnarok","Well Laid Plans","REME_ShadowStrike","Cloak And Dagger","Dagger Spray","Poisoned Stab","TH:ArmorSpikes","PiercingWail","Malaise+1","TH:CopperCoins"],"relics":["Ring of the Snake","EVO:Axolotl","DaveBox","REME_ComplimentaryCards","Membership Card","SynthV:TestCard","Toy Ornithopter","aspiration:WatcherSkillbook"],"acts_visited":["Exordium"],"potions_floor_usage":[6,6],"damage_taken":[{"damage":3,"enemies":"conspire:RoseBush","floor":1,"turns":6},{"damage":0,"enemies":"Cultist","floor":5,"turns":3},{"damage":20,"enemies":"Lagavulin","floor":6,"turns":5},{"damage":0,"enemies":"Jaw Worm","floor":7,"turns":3},{"damage":43,"enemies":"3 Sentries","floor":10,"turns":5}],"seed_played":"5580689074995762567","potions_obtained":[{"floor":1,"key":"sneckomod:MuddlingPotion"},{"floor":5,"key":"DistilledChaos"}],"is_trial":false,"path_per_floor":["M","?","$","$","M","E","M","R","T","E"],"character_chosen":"THE_SILENT","items_purchased":["Cloak And Dagger","Dagger Spray"],"campfire_rested":0,"item_purchase_floors":[3,4],"current_hp_per_floor":[56,56,56,56,56,36,36,36,36,0,0],"gold":79,"neow_bonus":"THREE_RARE_CARDS","is_daily":false,"chose_seed":false,"campfire_upgraded":1,"win_rate":0.0,"timestamp":1609483523,"path_taken":["M","?","?","$","M","E","M","R","T","E"],"items_purchased_type":["Card","Card"],"build_version":"2020-12-22","purchased_purges":1,"victory":false,"max_hp_per_floor":[66,66,66,66,66,66,66,66,66,66,66],"relic_stats":{"counters":[5,22],"obtain_stats":[{"SynthV:TestCard":1,"DaveBox":0,"aspiration:WatcherSkillbook":9,"EVO:Axolotl":0,"Membership Card":0,"Toy Ornithopter":6,"Ring of the Snake":0,"REME_ComplimentaryCards":0},{"SynthV:TestCard":1,"DaveBox":0,"aspiration:WatcherSkillbook":4,"EVO:Axolotl":0,"Membership Card":0,"Toy Ornithopter":3,"Ring of the Snake":0,"REME_ComplimentaryCards":0},{"SynthV:TestCard":6,"DaveBox":0,"aspiration:WatcherSkillbook":17,"EVO:Axolotl":0,"Membership Card":0,"Toy Ornithopter":14,"Ring of the Snake":0,"REME_ComplimentaryCards":0}],"Toy Ornithopter":0,"Ring of the Snake":[10]},"card_choices":[{"not_picked":["MostiFishMod:Confrontation","Adrenaline"],"picked":"Well Laid Plans","floor":0},{"not_picked":["Crippling Poison","Deflect"],"picked":"REME_ShadowStrike","floor":1},{"not_picked":["Blur","Terror","Bane","Dodge and Roll"],"picked":"Poisoned Stab","floor":5},{"not_picked":["TH:BikiniMail","TH:EnergyPotion","TH:DeckOfManyThings"],"picked":"TH:ArmorSpikes","floor":6},{"not_picked":["REME_GreenPollution","Dagger Throw","Outmaneuver","Blade Dance"],"picked":"PiercingWail","floor":6},{"not_picked":["Deflect","PiercingWail","Dagger Spray","Crippling Poison"],"picked":"Malaise","floor":7},{"not_picked":["TH:PixieDust","TH:Mimic","TH:ArmorSpikes"],"picked":"TH:CopperCoins","floor":9}],"player_experience":552286,"relics_obtained":[{"floor":1,"key":"SynthV:TestCard"},{"floor":6,"key":"Toy Ornithopter"},{"floor":9,"key":"aspiration:WatcherSkillbook"}],"event_choices":[{"damage_healed":0,"gold_gain":0,"player_choice":"Forge","damage_taken":0,"max_hp_gain":0,"max_hp_loss":0,"event_name":"Accursed Blacksmith","floor":2,"gold_loss":0,"cards_upgraded":["Neutralize"]}],"is_beta":false,"boss_relics":[],"items_purged_floors":[3],"is_endless":false,"potions_floor_spawned":[1,5],"killed_by":"3 Sentries","ascension_level":20}}