{"host":"sc0o2qwpf9j16a4i","time":1609531439,"event":{"mods":["AchievementEnabler","BaseMod","BetterRewards","Block Reminder","Colored Map","Colored Powertips","Custom Start","Highlight Path","Minty Spire (QoL Compilation)","Relic Stats"],"gold_per_floor":[113,125,138,138,138,138,138,138,138,154,229,229,239,18,18,95,95,105,105,105,123,157,190,190,217,243,263,263,263,25,37,37,115,115,125,138,150,198,217,217,247,247,270,280,299,332,349,239,239,239,239,239,239,32,67,67],"floor_reached":57,"playtime":3012,"items_purged":["Perfected Strike"],"score":3584,"play_id":"e76a32ca-6c95-4d6d-85b8-e4a5f4a273e7","local_time":"20210101220359","is_ascension_mode":true,"campfire_choices":[{"floor":6,"key":"REST"},{"floor":8,"key":"REST"},{"floor":12,"key":"REST"},{"data":"Uppercut","floor":15,"key":"SMITH"},{"floor":24,"key":"REST"},{"data":"Dark Embrace","floor":29,"key":"SMITH"},{"data":"Barricade","floor":32,"key":"SMITH"},{"data":"Corruption","floor":40,"key":"SMITH"},{"floor":42,"key":"RECALL"},{"data":"Feel No Pain","floor":49,"key":"SMITH"},{"data":"Feel No Pain","floor":53,"key":"SMITH"}],"circlet_count":0,"master_deck":["AscendersBane","Strike_R+1","Strike_R+1","Defend_R+1","Defend_R+1","Defend_R+1","Defend_R+1","Bash","Inflame","Power Through+1","Evolve","Rampage","Carnage","Disarm","Whirlwind","Dark Embrace+1","Feel No Pain+1","Uppercut+1","Corruption+1","Intimidate+1","Shockwave","Flame Barrier+1","Headbutt","Feel No Pain+1","Barricade+1","Seeing Red","Fiend Fire","Reaper","Battle Trance+1","Inflame","Seeing Red","Power Through+1","Flame Barrier+1","Flame Barrier+1","Shrug It Off+1","Battle Trance"],"relics":["Burning Blood","OrangePellets","Pen Nib","Medical Kit","Lantern","Champion Belt","Membership Card","Sozu","Red Mask","Boot","Gremlin Horn","Red Skull","Busted Crown","Dead Branch","Lizard Tail","Omamori","Akabeko","Orrery","War Paint","Nunchaku"],"acts_visited":["Exordium","TheCity","TheBeyond","TheEnding"],"potions_floor_usage":[16,21,22],"damage_taken":[{"damage":5,"enemies":"2 Louse","floor":1,"turns":4},{"damage":2,"enemies":"Jaw Worm","floor":2,"turns":3},{"damage":0,"enemies":"Small Slimes","floor":3,"turns":2},{"damage":19,"enemies":"Exordium Thugs","floor":10,"turns":6},{"damage":8,"enemies":"Exordium Wildlife","floor":13,"turns":4},{"damage":9,"enemies":"Slime Boss","floor":16,"turns":9},{"damage":16,"enemies":"Chosen","floor":18,"turns":4},{"damage":3,"enemies":"3 Byrds","floor":21,"turns":3},{"damage":30,"enemies":"Masked Bandits","floor":22,"turns":6},{"damage":5,"enemies":"Gremlin Leader","floor":23,"turns":8},{"damage":11,"enemies":"Book of Stabbing","floor":25,"turns":6},{"damage":0,"enemies":"Centurion and Healer","floor":27,"turns":5},{"damage":15,"enemies":"Chosen and Byrds","floor":31,"turns":8},{"damage":0,"enemies":"Automaton","floor":33,"turns":10},{"damage":39,"enemies":"Orb Walker","floor":35,"turns":6},{"damage":14,"enemies":"3 Darklings","floor":36,"turns":5},{"damage":2,"enemies":"Spire Growth","floor":37,"turns":7},{"damage":63,"enemies":"2 Orb Walkers","floor":38,"turns":6},{"damage":0,"enemies":"Maw","floor":39,"turns":7},{"damage":1,"enemies":"Nemesis","floor":41,"turns":7},{"damage":0,"enemies":"Transient","floor":44,"turns":6},{"damage":6,"enemies":"Sphere and 2 Shapes","floor":45,"turns":4},{"damage":0,"enemies":"Giant Head","floor":46,"turns":5},{"damage":8,"enemies":"3 Darklings","floor":47,"turns":3},{"damage":38,"enemies":"Donu and Deca","floor":50,"turns":7},{"damage":40,"enemies":"Awakened One","floor":51,"turns":9},{"damage":73,"enemies":"Shield and Spear","floor":55,"turns":6},{"damage":6,"enemies":"The Heart","floor":56,"turns":7}],"seed_played":"-5689822212891067274","potions_obtained":[{"floor":1,"key":"Ancient Potion"},{"floor":16,"key":"BlessingOfTheForge"}],"is_trial":false,"path_per_floor":["M","M","M","?","?","R","?","R","T","M","?","R","M","$","R","B",null,"M","?","?","M","?","E","R","E","T","M","?","R","$","M","R","B",null,"M","M","M","?","M","R","E","R","T","M","M","E","M","?","R","B","B",null,"R","$","E","B",null],"character_chosen":"IRONCLAD","items_purchased":["OrangePellets","Inflame","Pen Nib","Medical Kit","Lantern","Power Through","Evolve","SteroidPotion","Membership Card","Feel No Pain","Uppercut","Barricade","Red Skull","Seeing Red","Orrery","War Paint","Battle Trance"],"campfire_rested":4,"item_purchase_floors":[0,0,0,0,0,0,0,0,14,14,14,30,30,30,54,54,54],"current_hp_per_floor":[33,37,43,36,13,35,35,57,57,44,33,55,53,53,53,50,69,59,59,59,62,38,39,61,56,56,62,62,62,62,53,53,59,71,50,65,75,23,75,75,75,75,75,75,75,75,75,75,75,75,75,75,75,75,65,75],"gold":67,"neow_bonus":"","is_daily":false,"chose_seed":false,"campfire_upgraded":6,"win_rate":0.0,"timestamp":1609531439,"path_taken":["M","M","M","?","?","R","?","R","T","?","?","R","M","$","R","BOSS","M","?","?","M","?","E","R","E","T","M","?","R","$","M","R","BOSS","M","M","?","?","M","R","E","R","T","M","M","E","M","?","R","BOSS","BOSS","R","$","E","BOSS"],"items_purchased_type":["Relic","Card","Relic","Relic","Relic","Card","Card","Potion","Relic","Card","Card","Card","Relic","Card","Relic","Relic","Card"],"build_version":"2020-12-22","purchased_purges":1,"victory":true,"max_hp_per_floor":[75,75,75,75,75,75,75,75,75,75,75,75,75,75,75,75,75,75,75,75,75,75,75,75,75,75,75,75,75,75,75,75,75,75,75,75,75,75,75,75,75,75,75,75,75,75,75,75,75,75,75,75,75,75,75,75],"relic_stats":{"Gremlin Horn":[14,14],"counters":[48,274],"Dead Branch":[418],"Pen Nib":[25],"War Paint":["Power Through","Shrug It Off"],"Medical Kit":[99],"Boot":[41],"Burning Blood":283,"Sozu":9,"OrangePellets":[25],"Lizard Tail":41,"Nunchaku":[1],"Busted Crown":32,"Champion Belt":[85],"obtain_stats":[{"Lantern":0,"Singing Bowl":7,"Gremlin Horn":25,"Magic Flower":21,"Black Blood":34,"Ancient Tea Set":24,"Boot":23,"Burning Blood":0,"Sozu":17,"Dream Catcher":22,"Nunchaku":40,"Lizard Tail":41,"Strawberry":9,"MealTicket":12,"Red Mask":22,"Red Skull":30,"Dead Branch":38,"Pen Nib":0,"Omamori":43,"War Paint":54,"Question Card":26,"Medical Kit":0,"Akabeko":46,"WarpedTongs":8,"Runic Dome":17,"OrangePellets":0,"Busted Crown":34,"Orrery":54,"Champion Belt":9,"Membership Card":14,"Unceasing Top":31},{"Lantern":20,"Singing Bowl":4,"Gremlin Horn":31,"Magic Flower":11,"Black Blood":16,"Ancient Tea Set":12,"Boot":30,"Burning Blood":0,"Sozu":26,"Dream Catcher":11,"Nunchaku":19,"Lizard Tail":40,"Strawberry":4,"MealTicket":7,"Red Mask":29,"Red Skull":32,"Dead Branch":38,"Pen Nib":20,"Omamori":40,"War Paint":46,"Question Card":12,"Medical Kit":20,"Akabeko":43,"WarpedTongs":4,"Runic Dome":9,"OrangePellets":20,"Busted Crown":34,"Orrery":46,"Champion Belt":23,"Membership Card":25,"Unceasing Top":15},{"Lantern":111,"Singing Bowl":17,"Gremlin Horn":166,"Magic Flower":51,"Black Blood":83,"Ancient Tea Set":58,"Boot":160,"Burning Blood":0,"Sozu":139,"Dream Catcher":51,"Nunchaku":104,"Lizard Tail":227,"Strawberry":17,"MealTicket":31,"Red Mask":152,"Red Skull":171,"Dead Branch":213,"Pen Nib":111,"Omamori":227,"War Paint":261,"Question Card":58,"Medical Kit":111,"Akabeko":242,"WarpedTongs":17,"Runic Dome":42,"OrangePellets":111,"Busted Crown":189,"Orrery":261,"Champion Belt":120,"Membership Card":130,"Unceasing Top":76}]},"card_choices":[{"not_picked":["Havoc","Perfected Strike"],"picked":"Rampage","floor":1},{"not_picked":["Havoc","True Grit"],"picked":"Carnage","floor":2},{"not_picked":["Wild Strike","Carnage"],"picked":"Disarm","floor":3},{"not_picked":["Body Slam","Searing Blow"],"picked":"Whirlwind","floor":10},{"not_picked":["Flex","Perfected Strike"],"picked":"Dark Embrace","floor":13},{"not_picked":["Double Tap","Limit Break"],"picked":"Corruption","floor":16},{"not_picked":["Clothesline","Pommel Strike"],"picked":"Intimidate+1","floor":18},{"not_picked":["Rampage","Cleave","Perfected Strike"],"picked":"SKIP","floor":21},{"not_picked":["Shrug It Off","Twin Strike"],"picked":"Flame Barrier","floor":23},{"not_picked":["Perfected Strike","Intimidate"],"picked":"Headbutt","floor":25},{"not_picked":["Clash","Iron Wave","Clothesline"],"picked":"SKIP","floor":27},{"not_picked":["Wild Strike+1","Clothesline"],"picked":"Fiend Fire","floor":31},{"not_picked":["Brutality","Impervious"],"picked":"Reaper","floor":33},{"not_picked":[],"picked":"Battle Trance+1","floor":35},{"not_picked":["Iron Wave"],"picked":"SKIP","floor":36},{"not_picked":[],"picked":"Inflame","floor":37},{"not_picked":["Havoc+1"],"picked":"SKIP","floor":39},{"not_picked":[],"picked":"Seeing Red","floor":41},{"not_picked":["Flex"],"picked":"SKIP","floor":44},{"not_picked":[],"picked":"Power Through","floor":45},{"not_picked":[],"picked":"Flame Barrier+1","floor":46},{"not_picked":[],"picked":"Flame Barrier+1","floor":47},{"not_picked":[],"picked":"Shrug It Off","floor":54},{"not_picked":["Perfected Strike"],"picked":"SKIP","floor":55}],"player_experience":490770,"relics_obtained":[{"floor":9,"key":"Champion Belt"},{"floor":22,"key":"Red Mask"},{"floor":23,"key":"Boot"},{"floor":25,"key":"Gremlin Horn"},{"floor":38,"key":"Dead Branch"},{"floor":41,"key":"Lizard Tail"},{"floor":43,"key":"Omamori"},{"floor":46,"key":"Akabeko"},{"floor":55,"key":"Nunchaku"}],"event_choices":[{"cards_removed":["Strike_R"],"damage_healed":0,"gold_gain":0,"player_choice":"Card Removal","damage_taken":7,"max_hp_gain":0,"max_hp_loss":0,"event_name":"Golden Wing","floor":4,"gold_loss":0},{"damage_healed":0,"gold_gain":0,"player_choice":"Entered Light","damage_taken":23,"max_hp_gain":0,"max_hp_loss":0,"event_name":"Shining Light","floor":5,"gold_loss":0,"cards_upgraded":["Power Through","Defend_R"]},{"damage_healed":0,"gold_gain":0,"cards_transformed":["Strike_R"],"player_choice":"Transformed","damage_taken":0,"max_hp_gain":0,"max_hp_loss":0,"event_name":"Transmorgrifier","floor":7,"gold_loss":0,"cards_obtained":["Perfected Strike"]},{"damage_healed":0,"gold_gain":75,"player_choice":"Gather Gold","damage_taken":11,"max_hp_gain":0,"max_hp_loss":0,"event_name":"World of Goop","floor":11,"gold_loss":0},{"damage_healed":0,"gold_gain":0,"player_choice":"Simplicity","damage_taken":0,"max_hp_gain":0,"max_hp_loss":0,"event_name":"Back to Basics","floor":19,"gold_loss":0,"cards_upgraded":["Strike_R","Strike_R","Strike_R","Defend_R","Defend_R","Defend_R"]},{"damage_healed":0,"gold_gain":0,"player_choice":"Read","damage_taken":0,"max_hp_gain":0,"max_hp_loss":0,"event_name":"The Library","floor":20,"gold_loss":0,"cards_obtained":["Shockwave"]},{"damage_healed":0,"gold_gain":0,"player_choice":"Fought Bandits","damage_taken":0,"max_hp_gain":0,"max_hp_loss":0,"event_name":"Masked Bandits","floor":22,"gold_loss":0},{"damage_healed":0,"gold_gain":0,"player_choice":"Copied","damage_taken":0,"max_hp_gain":0,"max_hp_loss":0,"event_name":"Duplicator","floor":28,"gold_loss":0,"cards_obtained":["Feel No Pain"]},{"damage_healed":0,"gold_gain":0,"player_choice":"Fight","damage_taken":0,"max_hp_gain":0,"max_hp_loss":0,"event_name":"Mysterious Sphere","floor":38,"gold_loss":0},{"cards_removed":["Strike_R"],"damage_healed":0,"gold_gain":0,"player_choice":"Upgrade and Remove","damage_taken":0,"max_hp_gain":0,"max_hp_loss":0,"event_name":"Designer","floor":48,"gold_loss":110,"cards_upgraded":["Flame Barrier"]}],"is_beta":false,"boss_relics":[{"not_picked":["Tiny House","Astrolabe"],"picked":"Sozu"},{"not_picked":["Black Blood","Runic Cube"],"picked":"Busted Crown"}],"items_purged_floors":[30],"is_endless":false,"potions_floor_spawned":[1,3,13,16,21,22,23,36,44,45,46,47,55],"ascension_level":20}}