{"host":"fjaupvxe7fzqrf4j","time":1609524738,"event":{"mods":["ATMod(°¢èªMod)","BaseMod","Minty Spire (QoL Compilation)","StSLib"],"gold_per_floor":[119,194,119,119,119,152,152,192,217,258,291,327,366,87,87,177,177,192,192,192,58,58,93,128,161,161,270,386,430,548,331,331,449,449,493,187,187,278,278,344,405,468,547,656,442,505,505,195,195,320,345,345,345,51,139,164],"floor_reached":57,"playtime":1088,"items_purged":["AT_WindFlip","Underhanded Strike","Expertise"],"score":4475,"play_id":"9c26b7d4-9a64-4162-bd92-6722bbcca334","local_time":"20210102021218","daily_mods":["SealedDeck","Heirloom","Time Dilation","Flight","Elite Swarm"],"is_ascension_mode":true,"campfire_choices":[{"data":"Calculated Gamble","floor":7.0,"key":"SMITH"},{"data":"Prepared","floor":15,"key":"SMITH"},{"data":"AT_KingSlayer","floor":32,"key":"SMITH"},{"data":"Terror","floor":47,"key":"SMITH"},{"floor":49,"key":"RECALL"},{"data":"Wraith Form v2","floor":53,"key":"SMITH"}],"circlet_count":0,"master_deck":["AscendersBane","Blur","Calculated Gamble+1","Prepared+1","Acrobatics","Escape Plan","Acrobatics","Adrenaline","After Image","Adrenaline","Grand Finale","AT_KingSlayer+1","Tactician+1","Terror+1","Wraith Form v2+1","Scrawl+1"],"relics":["Ring of the Snake","AT_ATBox","Tingsha","Golden Idol","Peace Pipe","Letter Opener","Bag of Marbles","Anchor","AT_ImmortalShieldbow","Regal Pillow","Membership Card","Oddly Smooth Stone","AT_TrinityForce","Nilry\u0027s Codex","Mummified Hand","Matryoshka","Pear","AT_GuinsooRageblade","AT_MibuBalloonWealth","Incense Burner","Potion Belt","AT_LudenTempest","OrangePellets","Omamori","Runic Pyramid","ClockworkSouvenir","Gambling Chip","Bronze Scales","Darkstone Periapt","AT_BellowingDragoncrestRing","PreservedInsect","Kunai","Ornamental Fan","Toxic Egg 2","Pen Nib","Toy Ornithopter","Akabeko","AT_RedNoBalance","Lee\u0027s Waffle","PrismaticShard","Thread and Needle","FossilizedHelix"],"acts_visited":["Exordium","TheCity","TheBeyond","TheEnding"],"potions_floor_usage":[16,56,56,56,56,56,56,56],"damage_taken":[{"damage":0.0,"enemies":"Jaw Worm","floor":1.0,"turns":1.0},{"damage":0.0,"enemies":"Gremlin Nob","floor":6.0,"turns":1.0},{"damage":0.0,"enemies":"3 Sentries","floor":8.0,"turns":1.0},{"damage":0.0,"enemies":"Lagavulin","floor":10.0,"turns":1.0},{"damage":0,"enemies":"Gremlin Nob","floor":11,"turns":1},{"damage":0,"enemies":"Lagavulin","floor":12,"turns":1},{"damage":0,"enemies":"Gremlin Nob","floor":13,"turns":1},{"damage":0,"enemies":"Hexaghost","floor":16,"turns":1},{"damage":0,"enemies":"Chosen","floor":18,"turns":1},{"damage":0,"enemies":"Gremlin Leader","floor":23,"turns":1},{"damage":0,"enemies":"Book of Stabbing","floor":24,"turns":1},{"damage":0,"enemies":"Slavers","floor":25,"turns":1},{"damage":0,"enemies":"Gremlin Leader","floor":27,"turns":1},{"damage":0,"enemies":"Slavers","floor":28,"turns":1},{"damage":0,"enemies":"Spheric Guardian","floor":29,"turns":1},{"damage":0,"enemies":"Gremlin Leader","floor":30,"turns":1},{"damage":0,"enemies":"Collector","floor":33,"turns":1},{"damage":0,"enemies":"Orb Walker","floor":35,"turns":1},{"damage":0,"enemies":"3 Shapes","floor":38,"turns":1},{"damage":0,"enemies":"Nemesis","floor":40,"turns":1},{"damage":0,"enemies":"Giant Head","floor":41,"turns":1},{"damage":0,"enemies":"Nemesis","floor":42,"turns":1},{"damage":0,"enemies":"Reptomancer","floor":44,"turns":1},{"damage":0,"enemies":"Nemesis","floor":46,"turns":1},{"damage":0,"enemies":"Awakened One","floor":50,"turns":2},{"damage":0,"enemies":"Time Eater","floor":51,"turns":1},{"damage":0,"enemies":"Shield and Spear","floor":55,"turns":1},{"damage":0,"enemies":"The Heart","floor":56,"turns":4}],"seed_played":"-6802608164438936420","potions_obtained":[{"floor":1.0,"key":"Fire Potion"},{"floor":8.0,"key":"FairyPotion"},{"floor":13,"key":"CultistPotion"},{"floor":16,"key":"Fruit Juice"},{"floor":23,"key":"PowerPotion"},{"floor":28,"key":"BlessingOfTheForge"},{"floor":40,"key":"Poison Potion"}],"is_trial":true,"path_per_floor":["M","?","?","?","?","E","R","E","T","E","E","E","E","$","R","B",null,"M","?","?","$","?","E","E","E","T","E","E","M","E","$","R","B",null,"M","$","?","M","?","E","E","E","T","E","$","E","R","$","R","B","B",null,"R","$","E","B",null],"character_chosen":"THE_SILENT","items_purchased":["Membership Card","Oddly Smooth Stone","Mummified Hand","OrangePellets","Omamori","ClockworkSouvenir","Gambling Chip","Toxic Egg 2","Pen Nib","Akabeko","AT_SilverBalance","Lee\u0027s Waffle","PrismaticShard","Thread and Needle","EntropicBrew"],"campfire_rested":0,"item_purchase_floors":[14,14,21,31,31,36,36,45,45,48,48,48,54,54,54],"current_hp_per_floor":[59,48,48,25,25,25,25,25,25,25,25,25,25,25,25,30,61,61,40,40,40,40,40,50,50,50,50,50,50,50,50,50,50,73,73,73,73,73,73,73,73,73,73,73,73,73,73,84,84,42,42,74,74,74,42,77],"gold":164,"neow_bonus":"","is_daily":false,"chose_seed":false,"campfire_upgraded":5,"win_rate":0.0,"timestamp":1609524738,"path_taken":["M","?","?","?","?","E","R","E","T","E","E","E","E","$","R","BOSS","M","?","?","$","?","E","E","E","T","E","E","M","E","$","R","BOSS","M","$","?","?","?","E","E","E","T","E","$","E","R","$","R","BOSS","BOSS","R","$","E","BOSS"],"items_purchased_type":["Relic","Relic","Relic","Relic","Relic","Relic","Relic","Relic","Relic","Relic","Relic","Relic","Relic","Relic","Potion"],"build_version":"2020-12-22","purchased_purges":3,"victory":true,"max_hp_per_floor":[66,66,66,66,66,66,66,66,66,66,66,66,66,66,66,71,71,71,71,71,71,71,71,81,81,81,81,81,81,81,81,81,81,81,81,81,81,81,77,77,77,77,77,77,77,77,77,84,84,84,84,84,84,84,84,84],"card_choices":[{"not_picked":["Infinite Blades","PiercingWail"],"picked":"Acrobatics","floor":1.0},{"not_picked":["Phantasmal Killer","Die Die Die"],"picked":"Adrenaline","floor":6.0},{"not_picked":["Corpse Explosion","Bullet Time"],"picked":"After Image","floor":8.0},{"not_picked":["Envenom","AT_EssenceShift","After Image"],"picked":"SKIP","floor":10},{"not_picked":["Unload","Corpse Explosion","AT_MyraUnstableElement"],"picked":"SKIP","floor":11},{"not_picked":["Burst","Wraith Form v2"],"picked":"Adrenaline","floor":12},{"not_picked":["Night Terror","Envenom"],"picked":"Grand Finale","floor":13},{"not_picked":["Dodge and Roll","Poisoned Stab","Infinite Blades"],"picked":"SKIP","floor":18},{"not_picked":["Venomology","Adrenaline","Glass Knife"],"picked":"SKIP","floor":23},{"not_picked":["Wraith Form v2","AT_MyraUnstableElement"],"picked":"AT_KingSlayer","floor":24},{"not_picked":["Envenom","Corpse Explosion","Grand Finale"],"picked":"SKIP","floor":25},{"not_picked":["Bullet Time","Doppelganger","Grand Finale"],"picked":"SKIP","floor":27},{"not_picked":["Storm of Steel","Burst","Doppelganger"],"picked":"SKIP","floor":28},{"not_picked":["Acrobatics","Bane","Dodge and Roll"],"picked":"SKIP","floor":29},{"not_picked":["Tools of the Trade","Grand Finale","Die Die Die"],"picked":"SKIP","floor":30},{"not_picked":["Deadly Poison+1","Endless Agony"],"picked":"Tactician+1","floor":35},{"not_picked":["Choke","Slice","Infinite Blades"],"picked":"SKIP","floor":38},{"not_picked":["Malaise","Phantasmal Killer","Wraith Form v2"],"picked":"SKIP","floor":40},{"not_picked":["Malaise","Phantasmal Killer"],"picked":"Wraith Form v2","floor":40},{"not_picked":["Wraith Form v2","Adrenaline","AT_MyraUnstableElement"],"picked":"SKIP","floor":41},{"not_picked":["Wraith Form v2","Adrenaline","AT_MyraUnstableElement"],"picked":"SKIP","floor":41},{"not_picked":["Wraith Form v2","Malaise","Bullet Time"],"picked":"SKIP","floor":42},{"not_picked":["Unload","Bullet Time","Burst"],"picked":"SKIP","floor":44},{"not_picked":["Night Terror+1","A Thousand Cuts","Adrenaline+1"],"picked":"SKIP","floor":46},{"not_picked":["After Image","Barricade"],"picked":"Scrawl+1","floor":55}],"player_experience":318440,"relics_obtained":[{"floor":6.0,"key":"Peace Pipe"},{"floor":8.0,"key":"Letter Opener"},{"floor":9.0,"key":"Bag of Marbles"},{"floor":11,"key":"Anchor"},{"floor":12,"key":"AT_ImmortalShieldbow"},{"floor":13,"key":"Regal Pillow"},{"floor":19,"key":"Nilry\u0027s Codex"},{"floor":23,"key":"Matryoshka"},{"floor":24,"key":"Pear"},{"floor":25,"key":"AT_GuinsooRageblade"},{"floor":26,"key":"AT_MibuBalloonWealth"},{"floor":27,"key":"Incense Burner"},{"floor":28,"key":"Potion Belt"},{"floor":30,"key":"AT_LudenTempest"},{"floor":40,"key":"Bronze Scales"},{"floor":41,"key":"Darkstone Periapt"},{"floor":42,"key":"AT_BellowingDragoncrestRing"},{"floor":43,"key":"PreservedInsect"},{"floor":43,"key":"Kunai"},{"floor":44,"key":"Ornamental Fan"},{"floor":46,"key":"Toy Ornithopter"},{"floor":55,"key":"FossilizedHelix"}],"event_choices":[{"damage_healed":0.0,"max_hp_gain":0.0,"max_hp_loss":0.0,"gold_gain":75.0,"event_name":"World of Goop","player_choice":"Gather Gold","floor":2.0,"gold_loss":0.0,"damage_taken":11.0},{"cards_removed":["Blade Dance"],"damage_healed":0.0,"max_hp_gain":0.0,"max_hp_loss":0.0,"gold_gain":0.0,"event_name":"The Cleric","player_choice":"Card Removal","floor":3.0,"gold_loss":75.0,"damage_taken":0.0},{"damage_healed":0.0,"max_hp_gain":0.0,"max_hp_loss":0.0,"gold_gain":0.0,"event_name":"Golden Idol","player_choice":"Take Damage","floor":4.0,"gold_loss":0.0,"damage_taken":23.0,"relics_obtained":["Golden Idol"]},{"damage_healed":0.0,"max_hp_gain":0.0,"max_hp_loss":0.0,"gold_gain":0.0,"event_name":"Liars Game","player_choice":"Ignored","floor":5.0,"gold_loss":0.0,"damage_taken":0.0},{"damage_healed":0,"gold_gain":0,"player_choice":"Obtained Book","damage_taken":21,"max_hp_gain":0,"max_hp_loss":0,"event_name":"Cursed Tome","floor":19,"gold_loss":0},{"cards_removed":["Masterful Stab"],"damage_healed":0,"gold_gain":0,"player_choice":"Elegance","damage_taken":0,"max_hp_gain":0,"max_hp_loss":0,"event_name":"Back to Basics","floor":20,"gold_loss":0},{"damage_healed":0,"gold_gain":0,"player_choice":"Ignored","damage_taken":0,"max_hp_gain":0,"max_hp_loss":0,"event_name":"The Mausoleum","floor":22,"gold_loss":0},{"damage_healed":0,"gold_gain":0,"player_choice":"1 cards matched","damage_taken":0,"max_hp_gain":0,"max_hp_loss":0,"event_name":"Match and Keep!","floor":37,"gold_loss":0,"cards_obtained":["Terror"]},{"damage_healed":0,"gold_gain":0,"player_choice":"Max HP","damage_taken":0,"max_hp_gain":0,"max_hp_loss":4,"event_name":"Winding Halls","floor":39,"gold_loss":0}],"is_beta":false,"boss_relics":[{"not_picked":["Ectoplasm","Velvet Choker"],"picked":"AT_TrinityForce"},{"not_picked":["Snecko Eye","Cursed Key"],"picked":"Runic Pyramid"}],"items_purged_floors":[14,31,36],"is_endless":false,"potions_floor_spawned":[1,8,11,13,16,23,27,28,30,40,41],"ascension_level":20}}