{"host":"2yqfi47fogfu1ic4","time":1609519634,"event":{"mods":["AchievementEnabler","BaseMod","Colored Map","Colored Powertips","Highlight Path","Minty Spire (QoL Compilation)","Permanent Neow","Relic Stats","StSLib"],"gold_per_floor":[114,114,130,205,47,74,49,60,60,80,105,128,140,178,190,280,292,315,343,355,382,394,406,418,418],"floor_reached":24,"playtime":2026,"items_purged":[],"score":482,"play_id":"b727e7c0-5515-4590-bf70-907e576c0f8c","local_time":"20210101174714","is_ascension_mode":true,"campfire_choices":[{"floor":13.0,"key":"REST"},{"data":"Hemokinesis","floor":15.0,"key":"SMITH"},{"floor":23,"key":"REST"}],"circlet_count":0,"master_deck":["AscendersBane","Strike_G","Strike_G","Strike_G","Strike_G","Strike_G","Defend_G","Defend_G","Defend_G","Defend_G","Survivor","Neutralize","Slice","Blade Dance","Hemokinesis+1","Backflip","DeceiveReality","Seeing Red","Blade Dance","FollowUp","Amplify","Shrug It Off","Ghostly","Ghostly","Ghostly"],"relics":["Ring of the Snake","NeowsBlessing","PrismaticShard","InkBottle","Pantograph","MawBank","Tingsha","Fusion Hammer"],"acts_visited":["Exordium","TheCity"],"potions_floor_usage":[21,24,24],"damage_taken":[{"damage":0.0,"enemies":"Jaw Worm","floor":1.0,"turns":1.0},{"damage":0.0,"enemies":"2 Louse","floor":3.0,"turns":1.0},{"damage":0.0,"enemies":"3 Sentries","floor":6.0,"turns":2.0},{"damage":0.0,"enemies":"Cultist","floor":8.0,"turns":4.0},{"damage":4.0,"enemies":"Exordium Wildlife","floor":10.0,"turns":5.0},{"damage":24.0,"enemies":"Lagavulin","floor":11.0,"turns":10.0},{"damage":8.0,"enemies":"3 Louse","floor":12.0,"turns":4.0},{"damage":1.0,"enemies":"3 Sentries","floor":14.0,"turns":9.0},{"damage":52.0,"enemies":"Slime Boss","floor":16.0,"turns":14.0},{"damage":14.0,"enemies":"Spheric Guardian","floor":18.0,"turns":4.0},{"damage":10.0,"enemies":"2 Thieves","floor":19.0,"turns":4.0},{"damage":20,"enemies":"Sentry and Sphere","floor":21,"turns":5},{"damage":32,"enemies":"Slavers","floor":24,"turns":7}],"seed_played":"8674762010291479725","potions_obtained":[{"floor":3.0,"key":"Swift Potion"},{"floor":10.0,"key":"SmokeBomb"},{"floor":14.0,"key":"Fruit Juice"},{"floor":16.0,"key":"GamblersBrew"},{"floor":20.0,"key":"GamblersBrew"},{"floor":21,"key":"AttackPotion"}],"is_trial":false,"path_per_floor":["M","?","M","?","$","E","$","M","T","M","E","M","R","E","R","B",null,"M","M","?","M","?","R","E"],"character_chosen":"THE_SILENT","items_purchased":["PrismaticShard","Backflip"],"campfire_rested":2,"item_purchase_floors":[5,7],"current_hp_per_floor":[59,52,52,41,41,41,41,41,41,37,13,5,24,23,23,1,54,40,30,30,10,10,20,0,0],"gold":418,"neow_bonus":"THREE_ENEMY_KILL","is_daily":false,"chose_seed":false,"campfire_upgraded":1,"win_rate":0.0,"timestamp":1609519634,"path_taken":["M","?","M","?","$","E","?","M","T","?","E","M","R","E","R","BOSS","M","M","?","?","?","R","E"],"items_purchased_type":["Relic","Card"],"build_version":"2020-12-22","purchased_purges":0,"victory":false,"max_hp_per_floor":[66,66,66,66,66,66,66,66,66,66,66,66,66,66,66,71,71,71,71,71,71,35,35,35,35],"relic_stats":{"counters":[13,70],"Pantograph":25,"Tingsha":[24],"MawBank":156,"obtain_stats":[{"NeowsBlessing":0,"Pantograph":9,"Tingsha":14,"Fusion Hammer":17,"PrismaticShard":5,"MawBank":11,"InkBottle":6,"Ring of the Snake":0},{"NeowsBlessing":0,"Pantograph":4,"Tingsha":8,"Fusion Hammer":9,"PrismaticShard":2,"MawBank":6,"InkBottle":3,"Ring of the Snake":0},{"NeowsBlessing":0,"Pantograph":8,"Tingsha":36,"Fusion Hammer":50,"PrismaticShard":2,"MawBank":23,"InkBottle":4,"Ring of the Snake":0}],"InkBottle":[34],"Ring of the Snake":[26]},"card_choices":[{"not_picked":["Dodge and Roll","Cloak And Dagger"],"picked":"Slice","floor":1.0},{"not_picked":["Poisoned Stab","Outmaneuver"],"picked":"Blade Dance","floor":3.0},{"not_picked":["True Grit","Beam Cell"],"picked":"Hemokinesis","floor":6.0},{"not_picked":["Thunderclap","PathToVictory"],"picked":"DeceiveReality","floor":8.0},{"not_picked":["CrushJoints","PathToVictory"],"picked":"Seeing Red","floor":10.0},{"not_picked":["Go for the Eyes","Spot Weakness"],"picked":"Blade Dance","floor":11.0},{"not_picked":["True Grit","Iron Wave"],"picked":"FollowUp","floor":12.0},{"not_picked":["EmptyFist","Pray","Eviscerate"],"picked":"SKIP","floor":14.0},{"not_picked":["Thunder Strike","Limit Break"],"picked":"Amplify","floor":16.0},{"not_picked":["Static Discharge","Twin Strike","Body Slam"],"picked":"SKIP","floor":18.0},{"not_picked":["Compile Driver","CrushJoints"],"picked":"Shrug It Off","floor":19.0},{"not_picked":["Dagger Throw","Steam","Perseverance"],"picked":"SKIP","floor":21}],"player_experience":2002622,"relics_obtained":[{"floor":6.0,"key":"InkBottle"},{"floor":9.0,"key":"Pantograph"},{"floor":11.0,"key":"MawBank"},{"floor":14.0,"key":"Tingsha"}],"event_choices":[{"cards_removed":["Defend_G"],"damage_healed":0.0,"max_hp_gain":0.0,"max_hp_loss":0.0,"gold_gain":0.0,"event_name":"Golden Wing","player_choice":"Card Removal","floor":2.0,"gold_loss":0.0,"damage_taken":7.0},{"damage_healed":0.0,"max_hp_gain":0.0,"max_hp_loss":0.0,"gold_gain":75.0,"event_name":"World of Goop","player_choice":"Gather Gold","floor":4.0,"gold_loss":0.0,"damage_taken":11.0},{"damage_healed":0.0,"max_hp_gain":0.0,"max_hp_loss":0.0,"gold_gain":0.0,"event_name":"Lab","player_choice":"Got Potions","floor":20.0,"gold_loss":0.0,"damage_taken":0.0},{"damage_healed":0,"gold_gain":0,"player_choice":"Became a Ghost","damage_taken":0,"max_hp_gain":0,"max_hp_loss":36,"event_name":"Ghosts","floor":22,"gold_loss":0,"cards_obtained":["Ghostly","Ghostly","Ghostly"]}],"is_beta":false,"boss_relics":[{"not_picked":["Empty Cage","Ring of the Serpent"],"picked":"Fusion Hammer"}],"items_purged_floors":[],"is_endless":false,"potions_floor_spawned":[3,10,14,16,21],"killed_by":"Slavers","ascension_level":20}}