{"host":"j1eo1fqrqta44853","time":1609480274,"event":{"mods":["Act Like it!","Bartender","BaseMod","CatGirl Mod","Custom Start","Downfall","Elementarium","Gensokyo","GungeonMod","HololiveMod","Hubris","Infinite Spire","KinomotoSakuraMod(????)","Koishi","Lobotomy","LobotomyExtend","Marisa????????","Minty Spire (QoL Compilation)","Pale of the Ancients","Rare Cards Sparkle","Reimu??????","Replay The Spire","SIMod","Shedinja","StSLib","The Alterego","The Jungle","The Marked","The Mystic","The Runesmith","The Senshi","The Vixen","TheBandit","Waifu the Spire","WarShipGirlsR/????R mod","Yakumo Yukari mod"],"gold_per_floor":[363,363,422,422,440,440,470,470,494,520,534,547,547,564,564,665,665,677,193,205,205,223,223,239,255,255,268,268,118,118,146,146,250,250,268,42,54,54,54,54,68,68,91,106,126,55,70,70,70,70,70,70,3,36,36],"floor_reached":56,"playtime":8281,"items_purged":[],"score":1154,"play_id":"2ef7dd8c-e57b-4055-9bce-fc5b5c38edd9","local_time":"20201231235114","is_ascension_mode":false,"campfire_choices":[{"floor":6,"key":"REST"},{"floor":8,"key":"REST"},{"floor":13,"key":"RECALL"},{"data":"Koishi:ImGoingToCallYouNow","floor":15,"key":"SMITH"},{"data":"Koishi:BramblyRoseGarden","floor":23,"key":"SMITH"},{"data":"Koishi:ConfinedInnocent","floor":30,"key":"SMITH"},{"data":"Koishi:Untouchable","floor":32,"key":"SMITH"},{"data":"Koishi:Heartbroken","floor":40,"key":"SMITH"},{"data":"Koishi:FidgetySnatcher","floor":49,"key":"SMITH"},{"data":"Koishi:BasicDefend","floor":52,"key":"SMITH"}],"circlet_count":0,"master_deck":["Koishi:BasicStrike","Koishi:BasicStrike","Koishi:BasicStrike","Koishi:BasicStrike","Koishi:BasicDefend","Koishi:BasicDefend","Koishi:BasicDefend","Koishi:BasicDefend+2","Koishi:Provoke+1","Koishi:HauntingSlash+1","Koishi:BramblyRoseGarden+1","Koishi:Untouchable+1","Koishi:ImGoingToCallYouNow+1","Koishi:JumpScare+1","Koishi:FreudianInstinct+1","Koishi:JumpScare+1","Koishi:UnconsciousUprising+1","Koishi:RacingHeart+1","Koishi:SpiritedAway+1","Koishi:GrowingPain+1","Koishi:Prune+1","Koishi:Untouchable+1","Koishi:MindNumbingTerror+1","Koishi:SpiritedAway+1","Koishi:EmbryosDream+1","Koishi:SubconsciousSweep+1","Koishi:UnansweredLove+1","Koishi:PhantomStrike+1","Koishi:RacingHeart+1","theCatGirl:PlayAround+1","Koishi:ConfinedInnocent+1","Koishi:Heartbroken+1","Koishi:EmbersOfLove+1","Koishi:Untouchable+1","Koishi:HeartfeltFancy+1","Koishi:DNAsFlaw+1","Koishi:UnseenTerror+1","Koishi:UnansweredLove+1","Koishi:VengefulSpirit+1","Koishi:FidgetySnatcher+1","Koishi:BramblyRoseGarden+1","Koishi:Vanish","Koishi:PerfectMindControl"],"relics":["Koishi:ImaginaryFriend","hubris:OldNail","hubris:ToyBattleship","Blood Vial","Calling Bell","DemoMod:LamentConfigurum","hubris:CrystalStatue","DemoMod:Relodestone","Lantern","Strawberry","FossilizedHelix","theSenshi:FeatherClipsRelic","hubris:64BitClover","DemoMod:ClearGuonStone","Cursed Key","Omamori","hubris:Towel","Dream Catcher","DemoMod:GlassGuonStoneRelic","Simple Rune","DemoMod:MeltedRock","Centennial Puzzle"],"acts_visited":["Exordium","TheCity","TheBeyond","TheEnding"],"potions_floor_usage":[7,7,10,10,18,20,25,25,47,55,55],"damage_taken":[{"damage":2,"enemies":"Jaw Worm","floor":1,"turns":6},{"damage":0,"enemies":"Small Slimes","floor":5,"turns":5},{"damage":33,"enemies":"3 Sentries","floor":7,"turns":13},{"damage":24,"enemies":"Lagavulin","floor":10,"turns":12},{"damage":4,"enemies":"2 Louse","floor":11,"turns":6},{"damage":20,"enemies":"Exordium Wildlife","floor":12,"turns":8},{"damage":8,"enemies":"Looter","floor":14,"turns":5},{"damage":47,"enemies":"The Guardian","floor":16,"turns":16},{"damage":9,"enemies":"Shell Parasite","floor":18,"turns":8},{"damage":3,"enemies":"Chosen","floor":20,"turns":4},{"damage":0,"enemies":"Centurion and Healer","floor":22,"turns":9},{"damage":0,"enemies":"Chosen and Byrds","floor":24,"turns":9},{"damage":14,"enemies":"Snake Plant","floor":25,"turns":4},{"damage":13,"enemies":"Snecko","floor":27,"turns":5},{"damage":42,"enemies":"Book of Stabbing","floor":31,"turns":9},{"damage":9,"enemies":"Automaton","floor":33,"turns":12},{"damage":42,"enemies":"3 Darklings","floor":35,"turns":5},{"damage":0,"enemies":"3 Shapes","floor":37,"turns":7},{"damage":7,"enemies":"Jaw Worm Horde","floor":41,"turns":6},{"damage":6,"enemies":"Jaw Worm Horde","floor":42,"turns":19},{"damage":0,"enemies":"Writhing Mass","floor":44,"turns":9},{"damage":9,"enemies":"4 Shapes","floor":45,"turns":6},{"damage":0,"enemies":"Transient","floor":47,"turns":5},{"damage":23,"enemies":"hubris:GrandSnecko","floor":50,"turns":14},{"damage":0,"enemies":"Shield and Spear","floor":54,"turns":6},{"damage":2,"enemies":"The Heart","floor":55,"turns":9}],"seed_played":"-8911662666920702408","potions_obtained":[{"floor":3,"key":"Cursed Concoction"},{"floor":3,"key":"Adrenaline Potion"},{"floor":5,"key":"LiquidMemories"},{"floor":7,"key":"Ancient Potion"},{"floor":14,"key":"SteroidPotion"},{"floor":16,"key":"Milkshake"},{"floor":18,"key":"Explosive Potion"},{"floor":22,"key":"Adrenaline Potion"},{"floor":27,"key":"Elixir"},{"floor":35,"key":"Toxic Potion"},{"floor":45,"key":"Adrenaline Potion"},{"floor":47,"key":"Languid Potion"}],"is_trial":false,"path_per_floor":["M","?","?","?","M","R","E","R","T","E","M","M","R","M","R","B",null,"M","$","M","?","M","R","M","M","T","M","?","$","R","E","R","B",null,"M","$","M","AVR","?","R","M","?","T","M","M","$","M","NS","R","B",null,"R","$","E","B",null],"character_chosen":"KOISHI","items_purchased":["Lantern","Strawberry","Koishi:Untouchable","Koishi:MindNumbingTerror+1","Koishi:SpiritedAway","Koishi:ConfinedInnocent","Omamori","Koishi:Untouchable","Koishi:FidgetySnatcher","Koishi:Vanish"],"campfire_rested":2,"item_purchase_floors":[19,19,19,19,19,29,36,36,46,53],"current_hp_per_floor":[43,43,19,19,28,46,24,42,42,37,51,52,52,60,60,55,60,60,67,67,67,67,67,67,67,67,66,66,66,66,40,40,55,67,67,67,67,67,67,67,67,67,67,67,67,67,67,67,67,67,67,67,67,67,67],"gold":36,"neow_bonus":"TWO_FIFTY_GOLD","is_daily":false,"chose_seed":false,"campfire_upgraded":7,"win_rate":0.0,"timestamp":1609480274,"path_taken":["M","?","?","?","M","R","E","R","T","E","M","M","R","M","R","BOSS","M","$","M","?","M","R","M","M","T","M","?","?","R","E","R","BOSS","M","$","M","AVR","?","R","M","?","T","M","M","?","M","NS","R","BOSS","R","$","E","BOSS"],"items_purchased_type":["Card","Relic","Card","Card","Card","Card","Relic","Card","Card","Card"],"build_version":"2020-12-22","purchased_purges":0,"victory":true,"max_hp_per_floor":[60,60,60,60,60,60,60,60,60,60,60,60,60,60,60,60,60,60,67,67,67,67,67,67,67,67,67,67,67,67,67,67,67,67,67,67,67,67,67,67,67,67,67,67,67,67,67,67,67,67,67,67,67,67,67],"card_choices":[{"not_picked":["Koishi:UnseenTerror","Koishi:ReleaseOfTheId"],"picked":"Koishi:BramblyRoseGarden","floor":1},{"not_picked":["Koishi:DanmakuParanoia","Koishi:Bloodlust"],"picked":"Koishi:Untouchable","floor":3},{"not_picked":[],"picked":"Koishi:ImGoingToCallYouNow","floor":4},{"not_picked":["Koishi:PhantomBarrier","Koishi:BloodcurdlingScream"],"picked":"Koishi:JumpScare","floor":5},{"not_picked":["Koishi:TremblingHands","Koishi:Vanish"],"picked":"Koishi:FreudianInstinct","floor":7},{"not_picked":["Koishi:RorschachInDanmaku","Koishi:MindNumbingTerror"],"picked":"Koishi:JumpScare","floor":10},{"not_picked":["Koishi:DNAsFlaw","Koishi:ReflexRadar"],"picked":"Koishi:UnconsciousUprising","floor":11},{"not_picked":["Koishi:UnansweredLove","Koishi:PhantomBarrier"],"picked":"Koishi:RacingHeart","floor":12},{"not_picked":["Koishi:MassHysteria","Koishi:PhantomStrike"],"picked":"Koishi:SpiritedAway","floor":14},{"not_picked":["Koishi:SuperEgo","Koishi:ConditionedTeleport"],"picked":"Koishi:GrowingPain","floor":16},{"not_picked":["Koishi:StingingMind","Koishi:FadingMemory"],"picked":"Koishi:Prune+1","floor":18},{"not_picked":["Koishi:StingingMind","Koishi:FleetingPhantom"],"picked":"Koishi:EmbryosDream+1","floor":20},{"not_picked":["Koishi:StingingMind+1","Koishi:SpiritedAway+1"],"picked":"Koishi:SubconsciousSweep+1","floor":22},{"not_picked":["Koishi:ReflexRadar+1","Koishi:EmbryosDream"],"picked":"Koishi:UnansweredLove","floor":24},{"not_picked":["Koishi:Jaunt+1","Koishi:FourthEye"],"picked":"Koishi:PhantomStrike+1","floor":25},{"not_picked":["Koishi:MassHysteria","Koishi:SubterraneanRose"],"picked":"Koishi:RacingHeart+1","floor":27},{"not_picked":["Koishi:LastRemote","Koishi:Catatonia+1","Koishi:SubconsciousSweep"],"picked":"SKIP","floor":31},{"not_picked":["Koishi:RoseHell","Koishi:PerfectMindControl"],"picked":"Koishi:Heartbroken","floor":33},{"not_picked":["Koishi:SubconsciousSweep","Koishi:DreadfulBlow+1"],"picked":"Koishi:EmbersOfLove+1","floor":35},{"not_picked":["Koishi:MindNumbingTerror","Koishi:JumpScare+1"],"picked":"Koishi:HeartfeltFancy","floor":37},{"not_picked":["Koishi:DreadfulBlow","Koishi:StingingMind+1"],"picked":"Koishi:DNAsFlaw+1","floor":41},{"not_picked":["Koishi:DreadfulBlow","Koishi:BloodcurdlingScream"],"picked":"Koishi:UnseenTerror+1","floor":42},{"not_picked":["Koishi:Possession","Koishi:DreadfulBlow"],"picked":"Koishi:UnansweredLove+1","floor":44},{"not_picked":["Koishi:BloodcurdlingScream+1","Koishi:CatchAndRose"],"picked":"Koishi:VengefulSpirit+1","floor":45},{"not_picked":["Koishi:YoukaiPolygraph+1","Koishi:PhantomStrike"],"picked":"Koishi:BramblyRoseGarden","floor":47},{"not_picked":["Koishi:Prune","Koishi:Catatonia"],"picked":"Koishi:PerfectMindControl","floor":54}],"player_experience":1046307,"relics_obtained":[{"floor":3,"key":"hubris:OldNail"},{"floor":7,"key":"hubris:ToyBattleship"},{"floor":10,"key":"Blood Vial"},{"floor":17,"key":"DemoMod:LamentConfigurum"},{"floor":17,"key":"hubris:CrystalStatue"},{"floor":17,"key":"DemoMod:Relodestone"},{"floor":26,"key":"theSenshi:FeatherClipsRelic"},{"floor":31,"key":"DemoMod:ClearGuonStone"},{"floor":43,"key":"Dream Catcher"},{"floor":47,"key":"Simple Rune"},{"floor":54,"key":"DemoMod:WeirdEgg"}],"event_choices":[{"damage_healed":0,"gold_gain":0,"player_choice":"Read","damage_taken":0,"max_hp_gain":0,"max_hp_loss":0,"event_name":"The Library","floor":28,"gold_loss":0,"cards_obtained":["theCatGirl:PlayAround"]}],"is_beta":false,"boss_relics":[{"not_picked":["Ring of Chaos","Replay:Bronze Core"],"picked":"Calling Bell"},{"not_picked":["Silver_Glasses","hubris:RunicObelisk"],"picked":"Cursed Key"}],"items_purged_floors":[],"is_endless":false,"potions_floor_spawned":[5,7,14,16,18,22,27,35,45,47,54],"ascension_level":0}}