{"host":"0hb9w7uizu7y13wj","time":1609521568,"event":{"mods":["Act Like it!","Aspiration","BaseMod","BetterRewards","Colored Map","Conspire","Downfall","Energized Spire","FTL Soundtrack","Friendly Minions","Halation","Hubris","Infinite Spire","Minty Spire (QoL Compilation)","Quick Restart","Replay The Spire","StSLib","Synergy Search","The Factory","The Hierophant","The Jungle","The Poker Player","Trackpad","everything is the same but u backflip on backflip","vexMod"],"gold_per_floor":[114,114,289,58,58,83,10,23,47,62,62,137,172,201,201,327,277,274,300,47,49,72,72,111,111,137,165,56,70,70,85,85,188,188,199,216,236,236,248,282,299,336,336,366,376,408,421,421,421,427,427,427,427,465,493],"floor_reached":56,"playtime":2400,"items_purged":["Doubt","Pain","Strike_B","Strike_B"],"score":2006,"play_id":"54943e68-86e2-4759-ba1a-fe5cc1f22610","local_time":"20210101171928","is_ascension_mode":true,"campfire_choices":[{"data":"Storm","floor":11.0,"key":"SMITH"},{"floor":15.0,"key":"REST"},{"data":"Replay:SS_forest_6","floor":15.0,"key":"SMITH"},{"floor":23.0,"key":"REST"},{"data":"Echo Form","floor":23.0,"key":"SMITH"},{"floor":30.0,"key":"REST"},{"data":"hubris:PowerSurge","floor":30.0,"key":"SMITH"},{"data":"Zap","floor":32.0,"key":"SMITH"},{"floor":49,"key":"RECALL"},{"data":"infinitespire:NeuralNetwork","floor":52,"key":"SMITH"}],"circlet_count":0,"master_deck":["Strike_B","Strike_B","Strike_B","Defend_B","Defend_B","Defend_B","Defend_B","Zap+1","Dualcast","Replay:SS_forest_6+1","Storm+1","Redo","Capacitor","FIFO Queue","hubris:PowerSurge+1","Echo Form+1","Amplify","ReplayGash","Chill+1","hubris:PowerSurge+1","Tempest","infinitespire:NeuralNetwork+1","Hologram+1","All For One","All For One","Panic Button","Coolheaded","Mirror Shield","Biased Cognition","Heatsinks+1","Ball Lightning+1","Tempest+1","BootSequence+1","Seek","Thunder Strike","Self Repair+1","Heatsinks+1","infinitespire:NeuralNetwork","infinitespire:Oblivion","Ball Lightning+1"],"relics":["Cracked Core","NeowsBlessing","hubris:DeckOfHolding","WarpedTongs","infinitespire:Magic Flask","vexMod:MemoryStick","infinitespire:Midas Blood","Prayer Wheel","energizedSpire:HugeHouse","ClockworkSouvenir","Chameleon Ring","trackpad:NeutrinoGenerator","Omamori","aspiration:EnhancedActuators","trackpad:MiracleGrow","halation:ForbiddenBikini","Pet Ghost","aspiration:TomeofQuesting","hubris:SlimyHat","hubris:TinFlute","infinitespire:WardingShard","trackpad:WondrousWand"],"acts_visited":["Exordium","TheCity","TheBeyond","TheEnding"],"potions_floor_usage":[50,55,55],"damage_taken":[{"damage":0.0,"enemies":"Cultist","floor":1.0,"turns":1.0},{"damage":2.0,"enemies":"3 Sentries","floor":6.0,"turns":1.0},{"damage":0.0,"enemies":"Jaw Worm","floor":8.0,"turns":1.0},{"damage":7.0,"enemies":"Small Slimes","floor":10.0,"turns":3.0},{"damage":36.0,"enemies":"Gremlin Nob","floor":13.0,"turns":5.0},{"damage":13.0,"enemies":"Red Slaver","floor":14.0,"turns":5.0},{"damage":34.0,"enemies":"The Guardian","floor":16.0,"turns":9.0},{"damage":31.0,"enemies":"2 Thieves","floor":18.0,"turns":4.0},{"damage":5.0,"enemies":"Spheric Guardian","floor":19.0,"turns":4.0},{"damage":19.0,"enemies":"Snake Plant","floor":22.0,"turns":3.0},{"damage":19.0,"enemies":"Book of Stabbing","floor":24.0,"turns":5.0},{"damage":0.0,"enemies":"Slavers","floor":27.0,"turns":4.0},{"damage":0.0,"enemies":"Cultist and Chosen","floor":29.0,"turns":4.0},{"damage":0.0,"enemies":"Snecko","floor":31.0,"turns":3.0},{"damage":0.0,"enemies":"Champ","floor":33.0,"turns":5.0},{"damage":0.0,"enemies":"3 Darklings","floor":35.0,"turns":4.0},{"damage":0.0,"enemies":"3 Shapes","floor":36.0,"turns":3.0},{"damage":0.0,"enemies":"Maw","floor":37.0,"turns":4.0},{"damage":0.0,"enemies":"Transient","floor":39.0,"turns":5.0},{"damage":14.0,"enemies":"Reptomancer","floor":40.0,"turns":4.0},{"damage":0.0,"enemies":"3 Darklings","floor":41.0,"turns":3.0},{"damage":10.0,"enemies":"Nemesis","floor":42.0,"turns":3.0},{"damage":0,"enemies":"Reptomancer","floor":44,"turns":3},{"damage":0,"enemies":"Jaw Worm Horde","floor":45,"turns":3},{"damage":0,"enemies":"Giant Head","floor":46,"turns":5},{"damage":0,"enemies":"Spire Growth","floor":47,"turns":3},{"damage":16,"enemies":"conspire:OrnateMirror","floor":50,"turns":4},{"damage":5,"enemies":"Shield and Spear","floor":54,"turns":4},{"damage":20,"enemies":"The Heart","floor":55,"turns":7}],"seed_played":"-7146066110883575","potions_obtained":[{"floor":6.0,"key":"LifebloodPotion"},{"floor":14.0,"key":"BlessingOfTheForge"},{"floor":16.0,"key":"PotionOfCapacity"},{"floor":19.0,"key":"SteroidPotion"},{"floor":24.0,"key":"Explosive Potion"},{"floor":29.0,"key":"EssenceOfDarkness"},{"floor":31.0,"key":"Weak Potion"},{"floor":38.0,"key":"Flashbang"},{"floor":38.0,"key":"infinitespire:BlackPotion"},{"floor":42.0,"key":"champ:CounterPotion"},{"floor":45,"key":"DuplicationPotion"},{"floor":54,"key":"Fire Potion"}],"is_trial":false,"path_per_floor":["M","T","?","$","?","E","$","M","T","M","R","?","E","M","R","B",null,"M","M","$","?","M","R","E","AVR","T","E","$","M","R","M","R","B",null,"M","M","M","?","M","E","M","E","T","E","M","E","M","AVR","R","B",null,"R","$","E","B",null],"character_chosen":"DEFECT","items_purchased":["Replay:SS_forest_6","Storm","Capacitor","ClockworkSouvenir","All For One"],"campfire_rested":3,"item_purchase_floors":[4,4,7,20,28],"current_hp_per_floor":[68,68,68,68,68,66,66,66,66,67,67,56,28,23,45,11,55,36,43,43,37,18,39,32,32,32,44,44,44,65,65,65,65,69,69,70,70,70,70,68,68,70,70,70,70,70,70,70,70,54,66,66,66,70,60],"gold":493,"neow_bonus":"THREE_ENEMY_KILL","is_daily":false,"chose_seed":false,"campfire_upgraded":6,"win_rate":0.0,"timestamp":1609521568,"path_taken":["M","?","?","$","?","E","$","?","T","?","R","?","E","M","R","BOSS","M","M","$","?","M","R","E","AVR","T","E","?","M","R","?","R","BOSS","M","M","M","?","M","E","M","E","T","E","M","E","?","AVR","R","BOSS","R","$","E","BOSS"],"items_purchased_type":["Card","Card","Card","Relic","Card"],"build_version":"2020-12-22","purchased_purges":4,"victory":true,"max_hp_per_floor":[75,75,75,75,75,75,75,75,75,75,75,75,75,75,75,75,70,70,70,70,70,70,70,70,70,70,70,70,70,70,70,70,70,70,70,70,70,70,70,70,70,70,70,70,70,70,70,70,70,70,70,70,70,70,70],"card_choices":[{"not_picked":["Streamline","Aggregate"],"picked":"Coolheaded","floor":1.0},{"not_picked":["Sweeping Beam","Skim"],"picked":"Redo","floor":6.0},{"not_picked":["Gash","Leap"],"picked":"FIFO Queue","floor":8.0},{"not_picked":["Lockon","Undo"],"picked":"ReplayTheSpireMod:Fabricate Wheel","floor":10.0},{"not_picked":["Genetic Algorithm","ReplayTheSpireMod:Dual Polarity","Streamline"],"picked":"SKIP","floor":13.0},{"not_picked":["Undo","Double Energy"],"picked":"hubris:PowerSurge","floor":14.0},{"not_picked":["Seek","Reboot"],"picked":"Amplify","floor":16.0},{"not_picked":["Tempest","Crystallizer"],"picked":"Chill+1","floor":18.0},{"not_picked":["Rebound","FTL+1","ReplayGash"],"picked":"SKIP","floor":18.0},{"not_picked":["hubris:Ukulele","Melter"],"picked":"hubris:PowerSurge+1","floor":19.0},{"not_picked":["Recycle","Sweeping Beam+1","Barrage+1"],"picked":"SKIP","floor":19.0},{"not_picked":["Barrage","Steam","BasicCrystalCard+1"],"picked":"SKIP","floor":22.0},{"not_picked":["Turbo","Chaos","Stack"],"picked":"SKIP","floor":22.0},{"not_picked":["Barrage","Steam","BasicCrystalCard+1"],"picked":"SKIP","floor":22.0},{"not_picked":["Turbo","Chaos","Stack"],"picked":"SKIP","floor":22.0},{"not_picked":["Coolheaded","ReplayGash"],"picked":"Tempest","floor":24.0},{"not_picked":["Gash+1","Cold Snap+1"],"picked":"Hologram+1","floor":27.0},{"not_picked":["Steam Power","Compile Driver"],"picked":"Panic Button","floor":29.0},{"not_picked":["Genetic Algorithm+1","Cold Snap"],"picked":"Coolheaded","floor":29.0},{"not_picked":["Gash","Hologram"],"picked":"Mirror Shield","floor":31.0},{"not_picked":["Recycle","Redo","Hologram"],"picked":"SKIP","floor":31.0},{"not_picked":["ReplayTheSpireMod:Fabricate Wheel","hubris:SpecializedCircuitry"],"picked":"Biased Cognition","floor":33.0},{"not_picked":["Barrage","Coolheaded","Sweeping Beam"],"picked":"SKIP","floor":35.0},{"not_picked":["Rebound","Leap+1","Gash"],"picked":"SKIP","floor":35.0},{"not_picked":["Steam+1","Turbo"],"picked":"Heatsinks+1","floor":36.0},{"not_picked":["Ball Lightning","Steam Power","Compile Driver+1"],"picked":"SKIP","floor":36.0},{"not_picked":["ReplayTheSpireMod:Dual Polarity+1","Cold Snap+1"],"picked":"Ball Lightning+1","floor":37.0},{"not_picked":["Go for the Eyes+1","Turbo+1","Conserve Battery"],"picked":"SKIP","floor":37.0},{"not_picked":["Rebound+1","Turbo"],"picked":"Tempest+1","floor":39.0},{"not_picked":["Turbo","Hello World+1"],"picked":"BootSequence+1","floor":39.0},{"not_picked":["Compile Driver","Streamline+1","Hologram+1"],"picked":"SKIP","floor":40.0},{"not_picked":["Panic Button","Gash+1"],"picked":"Seek","floor":41.0},{"not_picked":["Redo","Beam Cell+1","Gash"],"picked":"SKIP","floor":41.0},{"not_picked":["Blizzard+1","Sweeping Beam"],"picked":"Thunder Strike","floor":42.0},{"not_picked":["Turbo","Blizzard"],"picked":"Self Repair+1","floor":44},{"not_picked":["Gash+1","Go for the Eyes"],"picked":"Heatsinks+1","floor":45},{"not_picked":["hubris:Prefetch","Panic Button+1","Compile Driver"],"picked":"SKIP","floor":45},{"not_picked":["Leap+1","ReplayTheSpireMod:Omega Cannon","Streamline"],"picked":"SKIP","floor":46},{"not_picked":["Coolheaded","Stack+1","Conserve Battery+1"],"picked":"SKIP","floor":47},{"not_picked":["Redo","Coolheaded","ReplayGash+1"],"picked":"SKIP","floor":47},{"not_picked":["Auto Shields+1","Rebound+1"],"picked":"Ball Lightning+1","floor":54}],"player_experience":922436,"relics_obtained":[{"floor":2.0,"key":"hubris:DeckOfHolding"},{"floor":6.0,"key":"infinitespire:Magic Flask"},{"floor":9.0,"key":"vexMod:MemoryStick"},{"floor":13.0,"key":"infinitespire:Midas Blood"},{"floor":24.0,"key":"Chameleon Ring"},{"floor":26.0,"key":"aspiration:EnhancedActuators"},{"floor":27.0,"key":"trackpad:MiracleGrow"},{"floor":40.0,"key":"Pet Ghost"},{"floor":42.0,"key":"aspiration:TomeofQuesting"},{"floor":44,"key":"hubris:SlimyHat"},{"floor":46,"key":"hubris:TinFlute"},{"floor":54,"key":"trackpad:WondrousWand"}],"event_choices":[{"damage_healed":0.0,"max_hp_gain":0.0,"max_hp_loss":0.0,"gold_gain":175.0,"event_name":"Liars Game","player_choice":"AGREE","floor":3.0,"gold_loss":0.0,"damage_taken":0.0,"cards_obtained":["Doubt"]},{"damage_healed":0.0,"max_hp_gain":0.0,"max_hp_loss":0.0,"gold_gain":0.0,"event_name":"Accursed Blacksmith","player_choice":"Rummage","floor":5.0,"gold_loss":0.0,"damage_taken":0.0,"relics_obtained":["WarpedTongs"],"cards_obtained":["Pain"]},{"damage_healed":0.0,"max_hp_gain":0.0,"max_hp_loss":0.0,"gold_gain":75.0,"event_name":"World of Goop","player_choice":"Gather Gold","floor":12.0,"gold_loss":0.0,"damage_taken":11.0},{"damage_healed":0.0,"max_hp_gain":0.0,"max_hp_loss":0.0,"gold_gain":0.0,"event_name":"Knowing Skull","player_choice":"","floor":21.0,"potions_obtained":[],"gold_loss":0.0,"damage_taken":6.0,"cards_obtained":[]},{"damage_healed":0.0,"max_hp_gain":0.0,"max_hp_loss":0.0,"gold_gain":0.0,"event_name":"Lab","player_choice":"Got Potions","floor":38.0,"gold_loss":0.0,"damage_taken":0.0}],"is_beta":false,"boss_relics":[{"not_picked":["vexMod:EndlessSickness","energizedSpire:OgreHead"],"picked":"energizedSpire:HugeHouse"},{"not_picked":["energizedSpire:EnergizedDie","halation:Yufonium"],"picked":"halation:ForbiddenBikini"}],"items_purged_floors":[4,20,25,48],"is_endless":false,"potions_floor_spawned":[6,14,16,19,24,29,31,36,37,42,45,54],"ascension_level":9}}