{"host":"2461dio7vetlq1z3","time":1609511895,"event":{"mods":["2.2 Compatiblity","AchievementEnabler","BaseMod","Better Third Choice","Friendly Minions","Hubris","Minty Spire (QoL Compilation)","Relic Stats","Spicy Shops","StSLib","Waifu the Spire"],"gold_per_floor":[117,129,145,163,178,178,178,178,178,188,199,234,234,248,248,248,248],"floor_reached":16,"playtime":903,"items_purged":[],"score":212,"play_id":"de75fbb5-2a65-46e5-ac23-9ffc8118071b","local_time":"20210101153815","is_ascension_mode":true,"campfire_choices":[{"floor":6,"key":"REST"},{"data":"Consume","floor":8,"key":"SMITH"},{"floor":13,"key":"DIG"},{"floor":15,"key":"DIG"}],"circlet_count":0,"master_deck":["AscendersBane","Strike_B","Strike_B","Strike_B","Strike_B","Defend_B","Defend_B","Defend_B","Defend_B","Zap","Dualcast","Consume+1","Cold Snap","Sweeping Beam","Compile Driver","Melter","Glacier","Redo"],"relics":["Cracked Core","Shovel","hubris:Teleporter","Bag of Marbles","hubris:PeanutButter"],"acts_visited":["Exordium"],"potions_floor_usage":[10,12,16,16,16],"damage_taken":[{"damage":7,"enemies":"Cultist","floor":1,"turns":4},{"damage":2,"enemies":"2 Louse","floor":2,"turns":2},{"damage":0,"enemies":"Small Slimes","floor":3,"turns":3},{"damage":18,"enemies":"2 Fungi Beasts","floor":4,"turns":3},{"damage":17,"enemies":"Blue Slaver","floor":5,"turns":4},{"damage":6,"enemies":"Lots of Slimes","floor":10,"turns":2},{"damage":10,"enemies":"Large Slime","floor":11,"turns":6},{"damage":41,"enemies":"Gremlin Nob","floor":12,"turns":5},{"damage":8,"enemies":"Blue Slaver","floor":14,"turns":3},{"damage":30,"enemies":"Hexaghost","floor":16,"turns":11}],"seed_played":"-6133442510265168532","potions_obtained":[{"floor":1,"key":"Regen Potion"},{"floor":5,"key":"SkillPotion"},{"floor":10,"key":"LiquidBronze"},{"floor":11,"key":"EntropicBrew"},{"floor":14,"key":"SpeedPotion"}],"is_trial":false,"path_per_floor":["M","M","M","M","M","R","?","R","T","M","M","E","R","M","R","B"],"character_chosen":"DEFECT","items_purchased":[],"campfire_rested":1,"item_purchase_floors":[],"current_hp_per_floor":[64,62,62,44,27,50,78,78,78,72,62,35,35,27,27,0,0],"gold":248,"neow_bonus":"TEN_PERCENT_HP_BONUS","is_daily":false,"chose_seed":false,"campfire_upgraded":1,"win_rate":0.0,"timestamp":1609511895,"path_taken":["M","M","?","M","M","R","?","R","T","M","M","E","R","M","R","BOSS"],"items_purchased_type":[],"build_version":"2020-12-22","purchased_purges":0,"victory":false,"max_hp_per_floor":[78,78,78,78,78,78,78,78,78,78,78,78,78,78,78,78,78],"relic_stats":{"Shovel":2,"counters":[10,43],"obtain_stats":[{"Shovel":9,"hubris:Teleporter":12,"hubris:PeanutButter":15,"Bag of Marbles":13,"Cracked Core":0},{"Shovel":5,"hubris:Teleporter":8,"hubris:PeanutButter":9,"Bag of Marbles":8,"Cracked Core":0},{"Shovel":16,"hubris:Teleporter":29,"hubris:PeanutButter":32,"Bag of Marbles":29,"Cracked Core":0}]},"card_choices":[{"not_picked":["Steam","Coolheaded"],"picked":"Consume","floor":1},{"not_picked":["Conserve Battery","Coolheaded"],"picked":"Cold Snap","floor":2},{"not_picked":["Barrage","Chill"],"picked":"Sweeping Beam","floor":3},{"not_picked":["Rebound","Conserve Battery"],"picked":"Recycle","floor":4},{"not_picked":["Steam","Darkness"],"picked":"Compile Driver","floor":5},{"not_picked":["Heatsinks","Stack"],"picked":"Melter","floor":10},{"not_picked":["Steam","Lockon"],"picked":"Glacier","floor":11},{"not_picked":["Rebound","Turbo"],"picked":"Redo","floor":12},{"not_picked":["Steam Power","hubris:Prefetch","Stack"],"picked":"SKIP","floor":14}],"player_experience":980174,"relics_obtained":[{"floor":9,"key":"Shovel"},{"floor":12,"key":"hubris:Teleporter"},{"floor":13,"key":"Bag of Marbles"},{"floor":15,"key":"hubris:PeanutButter"}],"event_choices":[{"cards_removed":["Recycle"],"damage_healed":28,"gold_gain":0,"player_choice":"Offered Uncommon","damage_taken":0,"max_hp_gain":0,"max_hp_loss":0,"event_name":"Bonfire Elementals","floor":7,"gold_loss":0}],"is_beta":false,"boss_relics":[],"items_purged_floors":[],"is_endless":false,"potions_floor_spawned":[1,5,10,11,14],"killed_by":"Hexaghost","ascension_level":20}}