{"host":"gc0hqzwg2gd3zszy","time":1609502888,"event":{"mods":["BaseMod","DeckTracker","Minty Spire (QoL Compilation)","Relic Stats","SuperFastMode"],"gold_per_floor":[114,114,189,205,205,205,86,116,162,62,94,104,104,104,104,176,176,188,24,41,61,61,61,61,61],"floor_reached":24,"playtime":711,"items_purged":["Pain","Strike_R"],"score":454,"play_id":"21a7659d-723a-44ce-8e83-cb90ffafaec1","local_time":"20210101210807","is_ascension_mode":true,"campfire_choices":[{"data":"Battle Trance","floor":6,"key":"SMITH"},{"data":"Uppercut","floor":13,"key":"SMITH"},{"data":"Intimidate","floor":15,"key":"SMITH"},{"floor":23,"key":"REST"}],"circlet_count":0,"master_deck":["AscendersBane","Strike_R","Strike_R","Strike_R","Strike_R","Defend_R","Defend_R","Defend_R","Defend_R","Bash","Cleave","Battle Trance+1","Uppercut+1","Intimidate+1","Dark Embrace","Juggernaut","Shockwave"],"relics":["Burning Blood","NeowsBlessing","WarpedTongs","Gremlin Horn","Akabeko","InkBottle","GremlinMask","Sozu","Medical Kit"],"acts_visited":["Exordium","TheCity"],"potions_floor_usage":[11,11,16],"damage_taken":[{"damage":0,"enemies":"Small Slimes","floor":1,"turns":1},{"damage":0,"enemies":"2 Louse","floor":4,"turns":1},{"damage":0,"enemies":"Gremlin Nob","floor":8,"turns":1},{"damage":5,"enemies":"3 Sentries","floor":11,"turns":4},{"damage":0,"enemies":"Cultist","floor":12,"turns":2},{"damage":42,"enemies":"The Guardian","floor":16,"turns":17},{"damage":21,"enemies":"3 Byrds","floor":18,"turns":6},{"damage":22,"enemies":"Shell Parasite","floor":20,"turns":7},{"damage":39,"enemies":"Cultist and Chosen","floor":21,"turns":7},{"damage":28,"enemies":"Book of Stabbing","floor":24,"turns":4}],"seed_played":"-1595814223877314624","potions_obtained":[{"floor":1,"key":"Explosive Potion"},{"floor":4,"key":"Fire Potion"},{"floor":11,"key":"PowerPotion"}],"is_trial":false,"path_per_floor":["M","?","?","M","?","R","$","E","T","$","E","M","R","?","R","B",null,"M","$","M","M","$","R","E"],"character_chosen":"IRONCLAD","items_purchased":["Uppercut","Medical Kit"],"campfire_rested":1,"item_purchase_floors":[7,19],"current_hp_per_floor":[74,79,68,74,74,74,74,80,80,80,80,80,80,80,80,44,71,56,56,40,7,7,31,3,3],"gold":61,"neow_bonus":"THREE_ENEMY_KILL","is_daily":false,"chose_seed":false,"campfire_upgraded":3,"win_rate":0.0,"timestamp":1609502887,"path_taken":["M","?","?","M","?","R","$","E","T","$","E","?","R","?","R","BOSS","M","?","M","M","$","R","E"],"items_purchased_type":["Card","Relic"],"build_version":"2020-12-22","purchased_purges":2,"victory":false,"max_hp_per_floor":[75,80,80,80,80,80,80,80,80,80,80,80,80,80,80,80,80,80,80,80,80,80,80,80,80],"relic_stats":{"Sozu":2,"Gremlin Horn":[2,5],"counters":[10,50],"Medical Kit":[8],"obtain_stats":[{"Sozu":17,"NeowsBlessing":0,"Gremlin Horn":8,"GremlinMask":14,"Medical Kit":19,"Burning Blood":0,"Akabeko":9,"InkBottle":11,"WarpedTongs":5},{"Sozu":6,"NeowsBlessing":0,"Gremlin Horn":3,"GremlinMask":5,"Medical Kit":7,"Burning Blood":0,"Akabeko":3,"InkBottle":4,"WarpedTongs":2},{"Sozu":26,"NeowsBlessing":0,"Gremlin Horn":3,"GremlinMask":9,"Medical Kit":32,"Burning Blood":0,"Akabeko":3,"InkBottle":7,"WarpedTongs":2}],"Burning Blood":47,"InkBottle":[4],"WarpedTongs":[40]},"card_choices":[{"not_picked":["Sword Boomerang","Flame Barrier"],"picked":"Cleave","floor":1},{"not_picked":["True Grit","Headbutt"],"picked":"Battle Trance","floor":4},{"not_picked":["Iron Wave","Thunderclap","Cleave"],"picked":"SKIP","floor":8},{"not_picked":["Wild Strike","Limit Break"],"picked":"Intimidate","floor":11},{"not_picked":["Sword Boomerang","Anger"],"picked":"Dark Embrace","floor":12},{"not_picked":["Brutality","Limit Break"],"picked":"Juggernaut","floor":16},{"not_picked":["True Grit","Headbutt"],"picked":"Shockwave","floor":18},{"not_picked":["Intimidate","Anger","Shockwave"],"picked":"SKIP","floor":20},{"not_picked":["Havoc","Armaments","Thunderclap"],"picked":"SKIP","floor":21}],"player_experience":1328844,"relics_obtained":[{"floor":8,"key":"Gremlin Horn"},{"floor":9,"key":"Akabeko"},{"floor":11,"key":"InkBottle"}],"event_choices":[{"damage_healed":0,"gold_gain":0,"player_choice":"Donut","damage_taken":0,"max_hp_gain":5,"max_hp_loss":0,"event_name":"Big Fish","floor":2,"gold_loss":0},{"damage_healed":0,"gold_gain":75,"player_choice":"Gather Gold","damage_taken":11,"max_hp_gain":0,"max_hp_loss":0,"event_name":"World of Goop","floor":3,"gold_loss":0},{"damage_healed":0,"gold_gain":0,"player_choice":"Rummage","damage_taken":0,"relics_obtained":["WarpedTongs"],"max_hp_gain":0,"max_hp_loss":0,"event_name":"Accursed Blacksmith","floor":5,"gold_loss":0,"cards_obtained":["Pain"]},{"damage_healed":0,"gold_gain":0,"player_choice":"Trade","damage_taken":0,"relics_obtained":["GremlinMask"],"max_hp_gain":0,"max_hp_loss":0,"event_name":"FaceTrader","floor":14,"gold_loss":0}],"is_beta":false,"boss_relics":[{"not_picked":["Pandora\u0027s Box","Runic Cube"],"picked":"Sozu"}],"items_purged_floors":[7,10],"is_endless":false,"potions_floor_spawned":[1,4,11,18,21],"killed_by":"Book of Stabbing","ascension_level":20}}