{"host":"uceopoba4zvqsgiy","time":1609487931,"event":{"mods":["Act Like it!","BaseMod","Better Skull","Better Third Choice","Elementarium","Evolution","GifTheSpireLib","Hermit","Humility","Infinite Spire","Jorbs\u0027s Wanderer Trilogy","Marked Mod","Minty Spire (QoL Compilation)","Potionbrewer","Replay The Spire","Robot Space Explorer","Shade Mod","Spicy Shops","StSLib","Stuff the Spire","The Blue Laboratory","The Caster","The Cursed","The Dragon Tamer","The Hierophant","The Judge","The Jungle","Wandering Minibosses"],"gold_per_floor":[119,119,119,43,43,75,68,68,119,119,136,136,171,191,191,287,287,301,301,301],"floor_reached":19,"playtime":2270,"items_purged":[],"score":198,"play_id":"a5730587-849b-4c6f-834c-52f2c1647cae","local_time":"20210101182851","is_ascension_mode":false,"campfire_choices":[{"data":"caster:MeteorStorm","floor":10,"key":"SMITH"},{"data":"caster:AbsoluteZero","floor":12,"key":"SMITH"},{"floor":15,"key":"REST"}],"circlet_count":0,"master_deck":["caster:Meteor","caster:DivertFocus","caster:strike","caster:strike","caster:strike","caster:strike","caster:defend","caster:defend","caster:defend","caster:defend","caster:defend","caster:AbsoluteZero+1","caster:MeteorStorm+1","caster:FrigidBeam","StuffTheSpire:GnomedCurse","caster:AbsoluteZero","caster:Slick+1","caster:QuickCast","caster:WallOfMirrors","caster:GlacialShield","caster:SunGoddessAmaterasu","TheCursedMod:Dregs","Overencumbered","WordoMod:Petrified","caster:GateOfBabylon"],"relics":["caster:MagicBook","EVO:Axolotl","NeowsBlessing","Replay:Baseball","StuffTheSpire:ForceGauntlet","Regal Pillow","ReplayTheSpireMod:CursedCoin","DollysMirror","MealTicket","White Beast Statue","Replay:Ancient Bell","Juzu Bracelet","The Courier","infinitespire:Golems Mask"],"acts_visited":["Exordium","TheCity"],"potions_floor_usage":[16,16,16],"damage_taken":[{"damage":0,"enemies":"Small Slimes","floor":1,"turns":3},{"damage":0,"enemies":"3 Sentries","floor":6,"turns":2},{"damage":0,"enemies":"Jaw Worm","floor":11,"turns":1},{"damage":34,"enemies":"Lagavulin","floor":13,"turns":6},{"damage":0,"enemies":"Cultist","floor":14,"turns":3},{"damage":17,"enemies":"The Guardian","floor":16,"turns":12},{"damage":56,"enemies":"3 Byrds","floor":18,"turns":8}],"seed_played":"489644068063355926","potions_obtained":[{"floor":1,"key":"Dexterity Potion"},{"floor":13,"key":"Energy Potion"},{"floor":14,"key":"DistilledChaos"},{"floor":16,"key":"blueLaboratory:BubblePotion"},{"floor":18,"key":"blueLaboratory:ExaltedPotion"}],"is_trial":false,"path_per_floor":["M","?","?","$","T","E","$","?","T","R","M","R","E","M","R","B",null,"M","?"],"character_chosen":"THE_CASTER","items_purchased":["caster:MeteorStorm","ReplayTheSpireMod:CursedCoin","DollysMirror"],"campfire_rested":1,"item_purchase_floors":[4,7,7],"current_hp_per_floor":[64,64,64,64,64,64,64,64,64,64,64,64,30,30,64,47,64,8,0,0],"gold":301,"neow_bonus":"THREE_ENEMY_KILL","is_daily":false,"chose_seed":false,"campfire_upgraded":2,"win_rate":0.0,"timestamp":1609487931,"path_taken":["M","?","?","$","?","E","$","?","T","R","M","R","E","?","R","BOSS","M","?"],"items_purchased_type":["Card","Relic","Relic"],"build_version":"2020-12-22","purchased_purges":0,"victory":false,"max_hp_per_floor":[64,64,64,64,64,64,64,64,64,64,64,64,64,64,64,64,64,64,64,64],"card_choices":[{"not_picked":["caster:Fireball","caster:Enfeeble"],"picked":"caster:AbsoluteZero","floor":1},{"not_picked":["caster:MagicResonance","caster:FrostDriver"],"picked":"caster:FrigidBeam","floor":6},{"not_picked":["caster:Charge","caster:Sleet"],"picked":"caster:QuickCast","floor":11},{"not_picked":["caster:GlacialShield","caster:FireWall"],"picked":"caster:WallOfMirrors","floor":13},{"not_picked":["caster:Charge","caster:LightningBolt"],"picked":"caster:GlacialShield","floor":14},{"not_picked":["caster:Susanoo","caster:Demi"],"picked":"caster:SunGoddessAmaterasu","floor":16},{"not_picked":["StuffTheSpire:GnomedCurse","CommonCold"],"picked":"TheCursedMod:Dregs","floor":17},{"not_picked":["ReplayTheSpireMod:Faulty Equipment","Doubt"],"picked":"Overencumbered","floor":17},{"not_picked":["Decay","WordoMod:Infected"],"picked":"WordoMod:Petrified","floor":17},{"not_picked":["caster:Enfeeble","caster:Sandstorm"],"picked":"caster:GateOfBabylon","floor":18}],"player_experience":1572534,"relics_obtained":[{"floor":2,"key":"Replay:Baseball"},{"floor":5,"key":"StuffTheSpire:ForceGauntlet"},{"floor":6,"key":"Regal Pillow"},{"floor":9,"key":"MealTicket"},{"floor":13,"key":"White Beast Statue"}],"event_choices":[{"damage_healed":0,"gold_gain":0,"player_choice":"Leave","damage_taken":0,"max_hp_gain":0,"max_hp_loss":0,"event_name":"The Cleric","floor":3,"gold_loss":0}],"is_beta":false,"boss_relics":[{"not_picked":["Replay:Wanted Poster","Replay:Fungal Core"],"picked":"Replay:Ancient Bell"},{"not_picked":["CeramicFish","Replay:Rubber Ducky"],"picked":"Juzu Bracelet"},{"not_picked":["Pear","StuffTheSpire:RubySignet"],"picked":"The Courier"},{"not_picked":["FossilizedHelix","Turnip"],"picked":"infinitespire:Golems Mask"}],"items_purged_floors":[],"is_endless":false,"potions_floor_spawned":[1,13,14,16,18],"ascension_level":0}}