{"host":"of54lgomlc4q20p4","time":1609528916,"event":{"mods":["2.2 Compatiblity","BaseMod","Colored Map","Downfall","Hermit","Hubris","Infinite Spire","Minty Spire (QoL Compilation)","Robot Space Explorer","StSLib","The Cursed","The Disciple","The Necromancer","The Poker Player","The Runesmith"],"gold_per_floor":[119,138,152,117,132,132,165,179,179,179,17,27,27,27,27,129,129,149,149,178,95,105,105,105,105,129,129,157,38,38,49,49,148,148,161,161,181,32,45,45,45,59,59,59,59],"floor_reached":44,"playtime":4089,"items_purged":[],"score":476,"play_id":"79a95bea-fea8-4e39-80d7-227040686c61","local_time":"20210101142156","is_ascension_mode":false,"campfire_choices":[{"data":"RobotSpaceExplorer:StarLightning","floor":6.0,"key":"SMITH"},{"data":"RobotSpaceExplorer:SurgingStrike","floor":10.0,"key":"SMITH"},{"floor":15,"key":"REST"},{"data":"RobotSpaceExplorer:ChargingLaser","floor":23,"key":"SMITH"},{"data":"Mind Blast","floor":25,"key":"SMITH"},{"data":"RobotSpaceExplorer:Fix","floor":27,"key":"SMITH"},{"data":"RobotSpaceExplorer:HighVoltage","floor":32,"key":"SMITH"},{"data":"infinitespire:FutureSight","floor":40,"key":"SMITH"}],"circlet_count":0,"master_deck":["RobotSpaceExplorer:Strike","RobotSpaceExplorer:Strike","RobotSpaceExplorer:Strike","RobotSpaceExplorer:Defend","RobotSpaceExplorer:Defend","RobotSpaceExplorer:Defend","RobotSpaceExplorer:Scan","RobotSpaceExplorer:MiniLasers","RobotSpaceExplorer:SwiftStep","RobotSpaceExplorer:ScrapToss","RobotSpaceExplorer:StarLightning+1","RobotSpaceExplorer:DoubleBlock","RobotSpaceExplorer:SurgingStrike+1","RobotSpaceExplorer:MiniDrones","RobotSpaceExplorer:BigMissile+1","RobotSpaceExplorer:Fix+1","RobotSpaceExplorer:Electropulse","RobotSpaceExplorer:HighVoltage+1","RobotSpaceExplorer:LaserBurst+1","RobotSpaceExplorer:Asteroid+1","RobotSpaceExplorer:IronShell+1","RobotSpaceExplorer:SurgingShield","J.A.X.","RobotSpaceExplorer:Pulsar","Mind Blast+1","RobotSpaceExplorer:ChargingLaser+1","RobotSpaceExplorer:Calculate","RobotSpaceExplorer:Discharger","RobotSpaceExplorer:BigMissile","RobotSpaceExplorer:TurboDodge","RobotSpaceExplorer:Pulsar+1","RobotSpaceExplorer:Comet","RobotSpaceExplorer:MetalStrike","hubris:Sloth","hubris:Compulsion","infinitespire:FutureSight+1","RobotSpaceExplorer:Counterblock","RobotSpaceExplorer:Reload","RobotSpaceExplorer:SlimeMissile","RobotSpaceExplorer:ShovelStrike","RobotSpaceExplorer:SlimeMissile","RobotSpaceExplorer:FrostMissile"],"relics":["RobotSpaceExplorer:TurboCore","Lantern","RobotSpaceExplorer:BottledGravity","infinitespire:PuzzleCube","Astrolabe","Red Mask","Nunchaku","infinitespire:Lychee Nut","Bird Faced Urn"],"acts_visited":["Exordium","TheCity","TheBeyond"],"potions_floor_usage":[16,16,16,33,33,33,42,42,44],"damage_taken":[{"damage":0.0,"enemies":"Jaw Worm","floor":1.0,"turns":4.0},{"damage":0.0,"enemies":"2 Louse","floor":2.0,"turns":3.0},{"damage":18.0,"enemies":"Cultist","floor":3.0,"turns":7.0},{"damage":4.0,"enemies":"Blue Slaver","floor":5.0,"turns":5.0},{"damage":18.0,"enemies":"Lagavulin","floor":7.0,"turns":7.0},{"damage":0.0,"enemies":"Exordium Thugs","floor":8.0,"turns":6.0},{"damage":1,"enemies":"3 Louse","floor":12,"turns":4},{"damage":13,"enemies":"Hexaghost","floor":16,"turns":8},{"damage":11,"enemies":"Spheric Guardian","floor":18,"turns":3},{"damage":14,"enemies":"Masked Bandits","floor":20,"turns":3},{"damage":14,"enemies":"2 Thieves","floor":22,"turns":3},{"damage":3,"enemies":"Book of Stabbing","floor":28,"turns":3},{"damage":12,"enemies":"Centurion and Healer","floor":31,"turns":3},{"damage":61,"enemies":"Champ","floor":33,"turns":9},{"damage":31,"enemies":"3 Shapes","floor":35,"turns":4},{"damage":2,"enemies":"Orb Walker","floor":37,"turns":4},{"damage":5,"enemies":"Spire Growth","floor":39,"turns":5},{"damage":19,"enemies":"Maw","floor":42,"turns":8},{"damage":81,"enemies":"Nemesis","floor":44,"turns":5}],"seed_played":"5544285512160929748","potions_obtained":[{"floor":2.0,"key":"Strength Potion"},{"floor":7.0,"key":"ColorlessPotion"},{"floor":8.0,"key":"SteroidPotion"},{"floor":16,"key":"Swift Potion"},{"floor":18,"key":"Strength Potion"},{"floor":22,"key":"LiquidBronze"},{"floor":28,"key":"champ:CounterPotion"},{"floor":33,"key":"SkillPotion"},{"floor":37,"key":"LiquidBronze"},{"floor":39,"key":"Dexterity Potion"}],"is_trial":false,"path_per_floor":["M","M","M","?","M","R","E","M","T","R","$","M","?","?","R","B",null,"M","?","?","$","M","R","?","R","T","R","E","$","?","M","R","B",null,"M","?","M","$","M","R","?","M","T","E"],"character_chosen":"RobotSpaceExplorer","items_purchased":["RobotSpaceExplorer:MiniDrones","RobotSpaceExplorer:BigMissile","RobotSpaceExplorer:Fix","Mind Blast","RobotSpaceExplorer:Discharger","RobotSpaceExplorer:BigMissile","RobotSpaceExplorer:Reload","RobotSpaceExplorer:SlimeMissile","RobotSpaceExplorer:ShovelStrike"],"campfire_rested":1,"item_purchase_floors":[11,11,11,21,29,29,38,38,38],"current_hp_per_floor":[82,82,64,82,78,78,60,60,60,60,60,63,63,60,82,73,82,71,71,61,61,51,51,82,82,82,82,61,61,61,51,51,2,61,37,37,47,47,54,54,54,45,45,0,0],"gold":59,"neow_bonus":"TEN_PERCENT_HP_BONUS","is_daily":false,"chose_seed":false,"campfire_upgraded":7,"win_rate":0.0,"timestamp":1609528916,"path_taken":["M","M","M","?","M","R","E","M","T","R","$","M","?","?","R","BOSS","M","?","?","$","?","R","?","R","T","R","E","?","?","M","R","BOSS","M","?","M","$","M","R","?","M","T","E"],"items_purchased_type":["Card","Card","Card","Card","Card","Card","Card","Card","Card"],"build_version":"2020-12-22","purchased_purges":0,"victory":false,"max_hp_per_floor":[82,82,82,82,82,82,82,82,82,82,82,82,82,82,82,82,82,82,82,82,82,82,82,82,82,82,82,61,61,61,61,61,61,61,61,61,61,61,61,61,61,61,61,61,61],"card_choices":[{"not_picked":["RobotSpaceExplorer:Counterblock","RobotSpaceExplorer:MiniBoosters"],"picked":"RobotSpaceExplorer:GlueSpray","floor":1.0},{"not_picked":["RobotSpaceExplorer:GlueShot","RobotSpaceExplorer:StunGrenade"],"picked":"RobotSpaceExplorer:SwiftStep","floor":2.0},{"not_picked":["RobotSpaceExplorer:ImprovisedAttack","RobotSpaceExplorer:ShovelStrike"],"picked":"RobotSpaceExplorer:ScrapToss","floor":3.0},{"not_picked":["RobotSpaceExplorer:Reload","RobotSpaceExplorer:TurboDodge"],"picked":"RobotSpaceExplorer:StarLightning","floor":5.0},{"not_picked":["RobotSpaceExplorer:Ammunition","RobotSpaceExplorer:PowerCollector"],"picked":"RobotSpaceExplorer:DoubleBlock","floor":7.0},{"not_picked":["RobotSpaceExplorer:DualCore","RobotSpaceExplorer:Probe"],"picked":"RobotSpaceExplorer:SurgingStrike","floor":8.0},{"not_picked":["RobotSpaceExplorer:StarDust","RobotSpaceExplorer:MiniBoosters"],"picked":"RobotSpaceExplorer:Electropulse","floor":12},{"not_picked":["RobotSpaceExplorer:BlastShield","RobotSpaceExplorer:Explosion"],"picked":"RobotSpaceExplorer:HighVoltage","floor":16},{"not_picked":["RobotSpaceExplorer:Smokescreen","RobotSpaceExplorer:ShovelStrike"],"picked":"RobotSpaceExplorer:SurgingShield","floor":18},{"not_picked":["RobotSpaceExplorer:SelfCleaning","RobotSpaceExplorer:ShockKick+1"],"picked":"RobotSpaceExplorer:Pulsar","floor":20},{"not_picked":["RobotSpaceExplorer:GlueShot","RobotSpaceExplorer:SwiftStep"],"picked":"RobotSpaceExplorer:ChargingLaser","floor":22},{"not_picked":["RobotSpaceExplorer:ImprovisedAttack","RobotSpaceExplorer:GearShield"],"picked":"RobotSpaceExplorer:Calculate","floor":28},{"not_picked":["RobotSpaceExplorer:Probe","RobotSpaceExplorer:MetalStrike+1"],"picked":"RobotSpaceExplorer:Pulsar+1","floor":31},{"not_picked":["RobotSpaceExplorer:Explosion","RobotSpaceExplorer:Wormhole"],"picked":"RobotSpaceExplorer:Comet","floor":33},{"not_picked":["RobotSpaceExplorer:FranticSearch","RobotSpaceExplorer:SelfCleaning"],"picked":"RobotSpaceExplorer:MetalStrike","floor":35},{"not_picked":["infinitespire:Oblivion","infinitespire:Gouge"],"picked":"infinitespire:FutureSight","floor":36},{"not_picked":["RobotSpaceExplorer:Electropulse","RobotSpaceExplorer:RigExplosive"],"picked":"RobotSpaceExplorer:Counterblock","floor":37},{"not_picked":["RobotSpaceExplorer:ShovelStrike+1","RobotSpaceExplorer:GlueSpray+1"],"picked":"RobotSpaceExplorer:SlimeMissile","floor":39},{"not_picked":["RobotSpaceExplorer:GlueSpray","RobotSpaceExplorer:Explosion"],"picked":"RobotSpaceExplorer:FrostMissile","floor":42}],"player_experience":48238,"relics_obtained":[{"floor":7.0,"key":"Lantern"},{"floor":9.0,"key":"RobotSpaceExplorer:BottledGravity"},{"floor":20,"key":"Red Mask"},{"floor":26,"key":"Nunchaku"},{"floor":28,"key":"infinitespire:Lychee Nut"},{"floor":43,"key":"Bird Faced Urn"}],"event_choices":[{"damage_healed":20.0,"max_hp_gain":0.0,"max_hp_loss":0.0,"gold_gain":0.0,"event_name":"The Cleric","player_choice":"Healed","floor":4.0,"gold_loss":35.0,"damage_taken":0.0},{"damage_healed":0,"gold_gain":0,"player_choice":"Success","damage_taken":3,"relics_obtained":["infinitespire:PuzzleCube"],"max_hp_gain":0,"max_hp_loss":0,"event_name":"Scrap Ooze","floor":14,"gold_loss":0},{"damage_healed":0,"gold_gain":0,"player_choice":"Obtain J.A.X.","damage_taken":0,"max_hp_gain":0,"max_hp_loss":0,"event_name":"Drug Dealer","floor":19,"gold_loss":0,"cards_obtained":["J.A.X."]},{"damage_healed":0,"gold_gain":0,"player_choice":"Fought Bandits","damage_taken":0,"max_hp_gain":0,"max_hp_loss":0,"event_name":"Masked Bandits","floor":20,"gold_loss":0},{"damage_healed":31,"gold_gain":0,"player_choice":"Full Heal","damage_taken":0,"max_hp_gain":0,"max_hp_loss":0,"event_name":"Wheel of Change","floor":24,"gold_loss":0},{"damage_healed":0,"gold_gain":0,"player_choice":"Read","damage_taken":0,"max_hp_gain":0,"max_hp_loss":0,"event_name":"The Library","floor":30,"gold_loss":0,"cards_obtained":["RobotSpaceExplorer:TurboDodge"]}],"is_beta":false,"boss_relics":[{"not_picked":["Runesmith:UraniumAnvil","Fusion Hammer"],"picked":"Astrolabe"},{"not_picked":["hubris:ScarierMask","infinitespire:Cupcake"],"picked":"RobotSpaceExplorer:TurboCore"}],"items_purged_floors":[],"is_endless":false,"potions_floor_spawned":[2,7,8,16,18,22,28,33,37,39],"killed_by":"Nemesis","ascension_level":0}}