{"host":"wukdhyb91avklb3w","time":1609479742,"event":{"mods":["BaseMod","Colored Map","Colored Powertips","Highlight Path","Minty Spire (QoL Compilation)","Relic Stats"],"gold_per_floor":[112,125,125,50,66,93,109,134,134,153,328,403,419,419,419,419,419],"floor_reached":16,"playtime":1059,"items_purged":["Strike_B"],"score":162,"play_id":"5caf29ec-cac2-43d1-85f2-84d6ba7ef41e","local_time":"20201231214222","is_ascension_mode":true,"campfire_choices":[{"data":"Chaos","floor":15,"key":"SMITH"}],"circlet_count":0,"master_deck":["Strike_B","Strike_B","Strike_B+1","Defend_B","Defend_B","Defend_B","Defend_B+1","Zap+1","Dualcast","Conserve Battery","Beam Cell","Electrodynamics","Conserve Battery","Barrage","Chaos+1","Doubt","Ball Lightning"],"relics":["Inserter","Lizard Tail","HornCleat","Mercury Hourglass"],"acts_visited":["Exordium"],"potions_floor_usage":[7,16],"damage_taken":[{"damage":3,"enemies":"Jaw Worm","floor":1,"turns":4},{"damage":0,"enemies":"Cultist","floor":2,"turns":5},{"damage":3,"enemies":"2 Louse","floor":5,"turns":2},{"damage":31,"enemies":"Lagavulin","floor":6,"turns":8},{"damage":2,"enemies":"2 Fungi Beasts","floor":7,"turns":3},{"damage":54,"enemies":"Gremlin Nob","floor":8,"turns":5},{"damage":9,"enemies":"3 Louse","floor":10,"turns":3},{"damage":1,"enemies":"Blue Slaver","floor":13,"turns":4},{"damage":0,"enemies":"Hexaghost","floor":16,"turns":4}],"seed_played":"-4428420890656820394","potions_obtained":[{"floor":2,"key":"SpeedPotion"},{"floor":8,"key":"Dexterity Potion"}],"is_trial":false,"path_per_floor":["M","M","?","$","M","E","M","E","T","M","?","?","M","?","R","B"],"character_chosen":"DEFECT","items_purchased":[],"campfire_rested":0,"item_purchase_floors":[],"current_hp_per_floor":[65,65,65,65,62,31,29,37,37,28,28,17,16,1,1,1,1],"gold":419,"neow_bonus":"BOSS_RELIC","is_daily":false,"chose_seed":false,"campfire_upgraded":1,"win_rate":0.0,"timestamp":1609479742,"path_taken":["M","M","?","?","M","E","M","E","T","M","?","?","M","?","R","BOSS"],"items_purchased_type":[],"build_version":"2020-12-22","purchased_purges":1,"victory":false,"max_hp_per_floor":[75,75,75,75,75,75,75,75,75,75,75,75,75,75,75,75,75],"relic_stats":{"Lizard Tail":37,"Inserter":[19],"counters":[9,37],"obtain_stats":[{"Lizard Tail":6,"Inserter":0,"HornCleat":8,"Cracked Core":0,"Mercury Hourglass":9},{"Lizard Tail":4,"Inserter":0,"HornCleat":6,"Cracked Core":0,"Mercury Hourglass":6},{"Lizard Tail":19,"Inserter":0,"HornCleat":27,"Cracked Core":0,"Mercury Hourglass":27}],"Mercury Hourglass":[42]},"card_choices":[{"not_picked":["Capacitor","Heatsinks"],"picked":"Conserve Battery","floor":1},{"not_picked":["Steam","Blizzard","Chaos"],"picked":"SKIP","floor":2},{"not_picked":["Hello World","Steam"],"picked":"Beam Cell","floor":5},{"not_picked":["Go for the Eyes","Rip and Tear"],"picked":"Electrodynamics","floor":6},{"not_picked":["Barrage","Redo"],"picked":"Conserve Battery","floor":7},{"not_picked":["Scrape","Force Field"],"picked":"Barrage","floor":8},{"not_picked":["Genetic Algorithm","Leap"],"picked":"Chaos","floor":10},{"not_picked":["Go for the Eyes","Reprogram"],"picked":"Ball Lightning","floor":13}],"player_experience":930455,"relics_obtained":[{"floor":6,"key":"Lizard Tail"},{"floor":8,"key":"HornCleat"},{"floor":9,"key":"Mercury Hourglass"}],"event_choices":[{"damage_healed":0,"gold_gain":0,"player_choice":"Upgraded","damage_taken":0,"max_hp_gain":0,"max_hp_loss":0,"event_name":"Upgrade Shrine","floor":3,"gold_loss":0,"cards_upgraded":["Zap"]},{"damage_healed":0,"gold_gain":175,"player_choice":"AGREE","damage_taken":0,"max_hp_gain":0,"max_hp_loss":0,"event_name":"Liars Game","floor":11,"gold_loss":0,"cards_obtained":["Doubt"]},{"damage_healed":0,"gold_gain":75,"player_choice":"Gather Gold","damage_taken":11,"max_hp_gain":0,"max_hp_loss":0,"event_name":"World of Goop","floor":12,"gold_loss":0},{"damage_healed":0,"gold_gain":0,"player_choice":"Entered Light","damage_taken":15,"max_hp_gain":0,"max_hp_loss":0,"event_name":"Shining Light","floor":14,"gold_loss":0,"cards_upgraded":["Strike_B","Defend_B"]}],"is_beta":false,"boss_relics":[],"items_purged_floors":[4],"is_endless":false,"potions_floor_spawned":[2,8],"killed_by":"Hexaghost","ascension_level":9}}