{"host":"982s3gyyw86tgeig","time":1609545438,"event":{"mods":["AchievementEnabler","Act Like it!","Aspiration","BaseMod","Colored Powertips","Evolution","GifTheSpireLib","Hermit","Hubris","Minty Spire (QoL Compilation)","Pale of the Ancients","Rare Cards Sparkle","Relic Stats","Replay The Spire","StSLib","Stuff the Spire","The IronCluck","vexMod"],"gold_per_floor":[117,117,131,131,146,175,175,23,50,50,68,68,93,103,103,204,204,224,97,37,127,137,137],"floor_reached":22,"playtime":1277,"items_purged":[],"score":192,"play_id":"0f725b08-332e-421d-b437-9154a26918fc","local_time":"20210101155718","is_ascension_mode":false,"campfire_choices":[{"floor":7,"key":"REST"},{"floor":12,"key":"REST"},{"floor":15,"key":"REST"}],"circlet_count":0,"master_deck":["hermit:Misfire+1","hermit:Misfire+1","hermit:Strike_Hermit","hermit:Strike_Hermit","hermit:Defend_Hermit","hermit:Defend_Hermit","hermit:Defend_Hermit","hermit:Defend_Hermit","hermit:Snapshot","hermit:Covet","hermit:TrackingShot","hermit:Snipe","hermit:Showdown","hermit:Ricochet","hermit:Roughhouse","hermit:Spite","hermit:CursedWeapon","hermit:Headshot","hermit:Magnum","hermit:CalledShot","hermit:Scavenge","hermit:Scavenge","hermit:Determination"],"relics":["hermit:Momento","EVO:Axolotl","hubris:BundleOfHerbs","StuffTheSpire:Mouthbags","hubris:ToyBattleship","Cursed Key"],"acts_visited":["Exordium","TheCity"],"potions_floor_usage":[16,16,22],"damage_taken":[{"damage":1,"enemies":"Jaw Worm","floor":1,"turns":2},{"damage":0,"enemies":"2 Louse","floor":3,"turns":1},{"damage":0,"enemies":"Cultist","floor":5,"turns":2},{"damage":39,"enemies":"Lagavulin","floor":6,"turns":6},{"damage":6,"enemies":"2 Fungi Beasts","floor":11,"turns":2},{"damage":4,"enemies":"Replay:BlueRogue","floor":13,"turns":4},{"damage":7,"enemies":"Looter","floor":14,"turns":2},{"damage":44,"enemies":"The Guardian","floor":16,"turns":7},{"damage":25,"enemies":"Shell Parasite","floor":18,"turns":4},{"damage":43,"enemies":"3 Byrds","floor":22,"turns":5}],"seed_played":"1739353018869998945","potions_obtained":[{"floor":6,"key":"SkillPotion"},{"floor":11,"key":"AttackPotion"},{"floor":14,"key":"Swift Potion"}],"is_trial":false,"path_per_floor":["M","?","M","?","M","E","R","$","T","$","M","R","E","M","R","B",null,"M","$","?","?","M"],"character_chosen":"HERMIT","items_purchased":["hermit:Roughhouse","hermit:Scavenge","hermit:Determination"],"campfire_rested":3,"item_purchase_floors":[8,19,19],"current_hp_per_floor":[74,74,74,74,74,35,57,57,57,57,51,73,69,62,75,37,75,50,50,50,38,0,0],"gold":137,"neow_bonus":"UPGRADE_CARD","is_daily":false,"chose_seed":false,"campfire_upgraded":0,"win_rate":0.0,"timestamp":1609545438,"path_taken":["M","?","M","?","M","E","R","?","T","$","?","R","E","?","R","BOSS","M","$","?","?","?"],"items_purchased_type":["Card","Card","Card"],"build_version":"2020-12-22","purchased_purges":0,"victory":false,"max_hp_per_floor":[75,75,75,75,75,75,75,75,75,75,75,75,75,75,75,75,75,75,75,75,75,75,75],"relic_stats":{"counters":[10,35],"Cursed Key":0,"obtain_stats":[{"StuffTheSpire:Mouthbags":9,"hubris:BundleOfHerbs":6,"hubris:ToyBattleship":13,"EVO:Axolotl":0,"Cursed Key":17,"hermit:Momento":0},{"StuffTheSpire:Mouthbags":4,"hubris:BundleOfHerbs":4,"hubris:ToyBattleship":6,"EVO:Axolotl":0,"Cursed Key":8,"hermit:Momento":0},{"StuffTheSpire:Mouthbags":11,"hubris:BundleOfHerbs":11,"hubris:ToyBattleship":17,"EVO:Axolotl":0,"Cursed Key":26,"hermit:Momento":0}]},"card_choices":[{"not_picked":["hermit:Quickdraw","hermit:Glare"],"picked":"hermit:TrackingShot","floor":1},{"not_picked":["hermit:Vantage","hermit:Cheat"],"picked":"hermit:Snipe","floor":3},{"not_picked":["hermit:PistolWhip","hermit:FullyLoaded"],"picked":"hermit:Showdown","floor":5},{"not_picked":["hermit:LowProfile","hermit:Brawl"],"picked":"hermit:Ricochet","floor":6},{"not_picked":["hermit:Roulette","hermit:TakeCover"],"picked":"hermit:Spite","floor":11},{"not_picked":["hermit:Shortfuse","hermit:NoHoldsBarred"],"picked":"hermit:CursedWeapon","floor":13},{"not_picked":["hermit:Quickdraw","hermit:TrackingShot"],"picked":"hermit:Headshot","floor":14},{"not_picked":["hermit:Adapt","hermit:Purgatory"],"picked":"hermit:Magnum","floor":16},{"not_picked":["hermit:LowProfile","hermit:Roulette"],"picked":"hermit:CalledShot","floor":18}],"player_experience":46520,"relics_obtained":[{"floor":6,"key":"hubris:BundleOfHerbs"},{"floor":9,"key":"StuffTheSpire:Mouthbags"},{"floor":13,"key":"hubris:ToyBattleship"}],"event_choices":[{"damage_healed":0,"gold_gain":0,"player_choice":"Ignored","damage_taken":0,"max_hp_gain":0,"max_hp_loss":0,"event_name":"Liars Game","floor":2,"gold_loss":0},{"damage_healed":0,"gold_gain":0,"player_choice":"Grow","damage_taken":0,"max_hp_gain":0,"max_hp_loss":0,"event_name":"Living Wall","floor":4,"gold_loss":0,"cards_upgraded":["hermit:Misfire"]},{"damage_healed":0,"gold_gain":90,"player_choice":"GOLD ","damage_taken":12,"max_hp_gain":0,"max_hp_loss":0,"event_name":"Knowing Skull","floor":21,"potions_obtained":[],"gold_loss":0,"cards_obtained":[]}],"is_beta":false,"boss_relics":[{"not_picked":["hubris:BlackHole","vexMod:RockOfEvil"],"picked":"Cursed Key"}],"items_purged_floors":[],"is_endless":false,"potions_floor_spawned":[6,11,14],"killed_by":"3 Byrds","ascension_level":0}}