{"host":"n7aywsqehmyjh5xy","time":1609485446,"event":{"mods":["BaseMod","Colored Map","Downfall","Minty Spire (QoL Compilation)","StSLib"],"gold_per_floor":[114,114,130,199,217,217,47,72,97,124,138,163,182,200,200,296,296,313,323,124,124,142,175,185,185,230,260,272,287,287,70,70,174,174,187,204,204,204,216,216,244,244,269,269,304,119,146,159,159,159],"floor_reached":51,"playtime":3387,"items_purged":["Defend_B","Defend_B","Strike_B","Strike_B"],"score":1084,"play_id":"50320152-5a11-4db8-863c-b1606a674a85","local_time":"20210101021726","is_ascension_mode":true,"campfire_choices":[{"data":"Glacier","floor":6,"key":"SMITH"},{"data":"Defragment","floor":15,"key":"SMITH"},{"data":"Machine Learning","floor":25,"key":"SMITH"},{"floor":32,"key":"REST"},{"data":"Coolheaded","floor":40,"key":"SMITH"},{"data":"Conserve Battery","floor":44,"key":"SMITH"},{"floor":49,"key":"REST"}],"circlet_count":0,"master_deck":["Defend_B+1","Zap+1","Dualcast","Undo","Cold Snap","Rebound","Glacier+1","Defragment+1","Compile Driver","Coolheaded+1","Conserve Battery","Machine Learning+1","Conserve Battery+1","Auto Shields","Electrodynamics+1","White Noise+1","White Noise+1","Capacitor","Consume+1","Go for the Eyes+1","Tempest+1","White Noise","Loop+1"],"relics":["Cracked Core","The Courier","Regal Pillow","War Paint","Orichalcum","Pen Nib","SlaversCollar","DataDisk","Nunchaku","Happy Flower","Tiny Chest","Runic Capacitor","Sozu","Centennial Puzzle","Art of War","StrikeDummy","StoneCalendar"],"acts_visited":["Exordium","TheCity","TheBeyond"],"potions_floor_usage":[16,22,47,50],"damage_taken":[{"damage":7,"enemies":"Small Slimes","floor":1,"turns":4},{"damage":0,"enemies":"Jaw Worm","floor":3,"turns":3},{"damage":0,"enemies":"Cultist","floor":5,"turns":3},{"damage":9,"enemies":"3 Sentries","floor":8,"turns":9},{"damage":1,"enemies":"Lagavulin","floor":10,"turns":7},{"damage":0,"enemies":"Exordium Thugs","floor":11,"turns":5},{"damage":15,"enemies":"Gremlin Nob","floor":12,"turns":5},{"damage":5,"enemies":"Lots of Slimes","floor":13,"turns":6},{"damage":0,"enemies":"2 Fungi Beasts","floor":14,"turns":2},{"damage":15,"enemies":"Slime Boss","floor":16,"turns":12},{"damage":0,"enemies":"3 Byrds","floor":18,"turns":2},{"damage":0,"enemies":"Chosen","floor":19,"turns":4},{"damage":5,"enemies":"Snecko","floor":22,"turns":5},{"damage":7,"enemies":"Slavers","floor":23,"turns":4},{"damage":0,"enemies":"3 Cultists","floor":24,"turns":3},{"damage":0,"enemies":"Gremlin Leader","floor":27,"turns":6},{"damage":23,"enemies":"Chosen and Byrds","floor":28,"turns":5},{"damage":10,"enemies":"Cultist and Chosen","floor":29,"turns":6},{"damage":0,"enemies":"Automaton","floor":33,"turns":10},{"damage":0,"enemies":"Orb Walker","floor":35,"turns":3},{"damage":0,"enemies":"3 Shapes","floor":36,"turns":4},{"damage":0,"enemies":"Maw","floor":39,"turns":6},{"damage":19,"enemies":"Nemesis","floor":41,"turns":5},{"damage":0,"enemies":"Giant Head","floor":45,"turns":6},{"damage":18,"enemies":"Reptomancer","floor":47,"turns":4},{"damage":14,"enemies":"3 Darklings","floor":48,"turns":3},{"damage":2,"enemies":"Time Eater","floor":50,"turns":11}],"seed_played":"-8925130118316132327","potions_obtained":[{"floor":11,"key":"Dexterity Potion"},{"floor":12,"key":"EssenceOfDarkness"},{"floor":13,"key":"Swift Potion"},{"floor":18,"key":"SteroidPotion"},{"floor":22,"key":"LiquidBronze"},{"floor":28,"key":"EssenceOfSteel"},{"floor":33,"key":"SpeedPotion"}],"is_trial":false,"path_per_floor":["M","?","M","T","M","R","$","E","T","E","M","E","M","M","R","B",null,"M","M","$","?","M","E","M","R","T","E","M","M","?","$","R","B",null,"M","M","?","?","M","R","E","T","T","R","E","$","E","M","R","B",null],"character_chosen":"DEFECT","items_purchased":["Defragment","Compile Driver","Coolheaded","DataDisk","Runic Capacitor","White Noise"],"campfire_rested":2,"item_purchase_floors":[7,7,7,20,31,46],"current_hp_per_floor":[68,61,61,61,61,61,61,52,52,51,51,36,31,31,31,16,60,60,60,60,60,55,48,48,48,48,48,25,15,15,15,52,52,69,69,69,69,69,69,69,50,50,50,50,50,50,32,18,54,52],"gold":159,"neow_bonus":"TRANSFORM_CARD","is_daily":false,"chose_seed":false,"campfire_upgraded":5,"win_rate":0.0,"timestamp":1609485446,"path_taken":["M","?","M","?","?","R","$","E","T","E","M","E","M","M","R","BOSS","M","M","$","?","?","E","M","R","T","E","M","M","?","$","R","BOSS","M","M","?","?","M","R","E","?","T","R","E","$","E","M","R","BOSS"],"items_purchased_type":["Card","Card","Card","Relic","Relic","Card"],"build_version":"2020-12-22","purchased_purges":4,"victory":true,"max_hp_per_floor":[75,75,75,75,75,75,75,75,75,75,75,75,75,75,75,75,75,75,75,75,75,75,75,75,75,75,75,75,75,75,75,75,75,75,75,75,75,71,71,71,71,71,71,71,71,71,71,71,71,71],"card_choices":[{"not_picked":["Steam","Streamline"],"picked":"Cold Snap","floor":1},{"not_picked":["Streamline","Gash"],"picked":"Rebound","floor":3},{"not_picked":["Stack","Melter"],"picked":"Glacier","floor":5},{"not_picked":["Darkness","Doom and Gloom"],"picked":"Conserve Battery","floor":8},{"not_picked":["Sweeping Beam","Melter"],"picked":"Machine Learning","floor":10},{"not_picked":["Doom and Gloom","Scrape"],"picked":"Conserve Battery","floor":11},{"not_picked":["Rebound","Leap"],"picked":"Auto Shields","floor":12},{"not_picked":["Reprogram","Cold Snap","Sunder"],"picked":"SKIP","floor":13},{"not_picked":["Stack","Sweeping Beam","Barrage"],"picked":"SKIP","floor":14},{"not_picked":["Thunder Strike","Core Surge"],"picked":"Electrodynamics","floor":16},{"not_picked":["Reinforced Body+1","Ball Lightning+1"],"picked":"White Noise+1","floor":18},{"not_picked":["Leap","Hello World","Ball Lightning"],"picked":"SKIP","floor":19},{"not_picked":["Turbo","Steam","Echo Form"],"picked":"SKIP","floor":22},{"not_picked":["Leap+1","Undo"],"picked":"White Noise+1","floor":23},{"not_picked":["Undo","Coolheaded","Storm"],"picked":"SKIP","floor":24},{"not_picked":["Loop","Double Energy"],"picked":"Capacitor","floor":27},{"not_picked":["Double Energy","Turbo","Recycle+1"],"picked":"SKIP","floor":28},{"not_picked":["Hologram","Defragment"],"picked":"Consume+1","floor":29},{"not_picked":["Aggregate+1","Glacier+1","Rebound"],"picked":"SKIP","floor":35},{"not_picked":["Gash","Stack"],"picked":"Go for the Eyes+1","floor":36},{"not_picked":["Cold Snap","Recycle+1"],"picked":"Tempest+1","floor":39},{"not_picked":["Gash+1","Sweeping Beam","Lockon"],"picked":"SKIP","floor":41},{"not_picked":["Go for the Eyes","Compile Driver+1","Steam"],"picked":"SKIP","floor":45},{"not_picked":["Heatsinks","Conserve Battery","Ball Lightning+1"],"picked":"SKIP","floor":47},{"not_picked":["Barrage","Fission"],"picked":"Loop+1","floor":48}],"player_experience":141788,"relics_obtained":[{"floor":4,"key":"The Courier"},{"floor":8,"key":"Regal Pillow"},{"floor":9,"key":"War Paint"},{"floor":10,"key":"Orichalcum"},{"floor":12,"key":"Pen Nib"},{"floor":23,"key":"Nunchaku"},{"floor":26,"key":"Happy Flower"},{"floor":27,"key":"Tiny Chest"},{"floor":41,"key":"Centennial Puzzle"},{"floor":43,"key":"Art of War"},{"floor":45,"key":"StrikeDummy"},{"floor":47,"key":"StoneCalendar"}],"event_choices":[{"cards_removed":["Defend_B"],"damage_healed":0,"gold_gain":0,"player_choice":"Card Removal","damage_taken":7,"max_hp_gain":0,"max_hp_loss":0,"event_name":"Golden Wing","floor":2,"gold_loss":0},{"damage_healed":0,"gold_gain":0,"player_choice":"Forge","damage_taken":0,"max_hp_gain":0,"max_hp_loss":0,"event_name":"Accursed Blacksmith","floor":21,"gold_loss":0,"cards_upgraded":["Electrodynamics"]},{"damage_healed":0,"gold_gain":0,"player_choice":"Ignored","damage_taken":0,"max_hp_gain":0,"max_hp_loss":0,"event_name":"Vampires","floor":30,"gold_loss":0},{"cards_removed":["Strike_B"],"damage_healed":0,"gold_gain":0,"player_choice":"Removed Attack","damage_taken":0,"max_hp_gain":0,"max_hp_loss":0,"event_name":"Falling","floor":37,"gold_loss":0},{"damage_healed":0,"gold_gain":0,"player_choice":"Max HP","damage_taken":0,"max_hp_gain":0,"max_hp_loss":4,"event_name":"Winding Halls","floor":38,"gold_loss":0}],"is_beta":false,"boss_relics":[{"not_picked":["SacredBark","Coffee Dripper"],"picked":"SlaversCollar"},{"not_picked":["Black Star","Cursed Key"],"picked":"Sozu"}],"items_purged_floors":[7,20,31,46],"is_endless":false,"potions_floor_spawned":[11,12,13,14,18,22,28,29,33,35,39,41,45],"ascension_level":5}}