{"host":"ow66nzv2xecjoor3","time":1609469239,"event":{"mods":["BaseMod","Bestiary","Block Reminder","Colored Powertips","Curses Come First","Highlight Path","Keyboard Shortcuts","Minty Spire (QoL Compilation)","Permanent Neow","Relic Stats","StSLib","The Marked","UnlockEverythingMod"],"gold_per_floor":[14,14,30,48,48,73,92,121,170,170,189,216,216,234,234,337,337,349,349,364,0,10,42,42,77,77,95,95,95,95],"floor_reached":29,"playtime":1370,"items_purged":["theMarked:Defend"],"score":299,"play_id":"c07b507a-ecd9-4f11-8ee0-9f4401bb9153","local_time":"20201231204719","is_ascension_mode":true,"campfire_choices":[{"data":"theMarked:RogueSparks","floor":15.0,"key":"SMITH"},{"floor":24.0,"key":"REST"}],"circlet_count":0,"master_deck":["theMarked:Strike","theMarked:Strike","theMarked:Defend","theMarked:SoldierOfQuellstein","theMarked:SwordAndMagic+1","theMarked:BanishingStrike","theMarked:Polarize","theMarked:EmpowerWeapon","theMarked:ParalyzingBlade","theMarked:TurnInvisible","theMarked:RogueSparks+1","theMarked:SoldierForm","theMarked:ReduceFriction+1","theMarked:MysticalArsenal","theMarked:EternalStudent","theMarked:Opportunist+1","theMarked:Generate","theMarked:Generate+1"],"relics":["theMarked:ArtifactOfAir","Nunchaku","Bottled Flame","Orichalcum","Juzu Bracelet","Blue Candle","Black Star","Girya","Dream Catcher","HornCleat","Toy Ornithopter","Akabeko","The Courier"],"acts_visited":["Exordium","TheCity"],"potions_floor_usage":[29],"damage_taken":[{"damage":0.0,"enemies":"2 Louse","floor":1.0,"turns":3.0},{"damage":2.0,"enemies":"Small Slimes","floor":3.0,"turns":3.0},{"damage":0.0,"enemies":"Cultist","floor":4.0,"turns":2.0},{"damage":16.0,"enemies":"Gremlin Nob","floor":6.0,"turns":3.0},{"damage":3.0,"enemies":"Large Slime","floor":7.0,"turns":5.0},{"damage":13.0,"enemies":"Lagavulin","floor":8.0,"turns":4.0},{"damage":7.0,"enemies":"Blue Slaver","floor":11.0,"turns":4.0},{"damage":3.0,"enemies":"Gremlin Nob","floor":12.0,"turns":3.0},{"damage":0.0,"enemies":"Exordium Thugs","floor":14.0,"turns":3.0},{"damage":10.0,"enemies":"Hexaghost","floor":16.0,"turns":9.0},{"damage":0.0,"enemies":"Chosen","floor":18.0,"turns":4.0},{"damage":11.0,"enemies":"2 Thieves","floor":20.0,"turns":4.0},{"damage":4.0,"enemies":"Cultist and Chosen","floor":22.0,"turns":6.0},{"damage":37.0,"enemies":"Slavers","floor":23.0,"turns":7.0},{"damage":25.0,"enemies":"Book of Stabbing","floor":25.0,"turns":5.0},{"damage":10.0,"enemies":"Snecko","floor":27.0,"turns":4.0},{"damage":9,"enemies":"Slavers","floor":29,"turns":3}],"seed_played":"-3076025498631048727","potions_obtained":[{"floor":1.0,"key":"SkillPotion"},{"floor":4.0,"key":"AttackPotion"},{"floor":8.0,"key":"SmokeBomb"},{"floor":12.0,"key":"Ancient Potion"},{"floor":20.0,"key":"theMarked:ChargePotion"}],"is_trial":false,"path_per_floor":["M","?","M","M","$","E","M","E","T","?","M","E","?","M","R","B",null,"M","?","M","$","M","E","R","E","T","M","$","E"],"character_chosen":"THE_DEFAULT","items_purchased":["Girya"],"campfire_rested":1,"item_purchase_floors":[21],"current_hp_per_floor":[70,70,68,68,68,52,49,36,36,36,29,26,19,19,19,9,70,70,70,59,59,55,18,39,14,14,4,4,0,0],"gold":95,"neow_bonus":"TRANSFORM_TWO_CARDS","is_daily":false,"chose_seed":false,"campfire_upgraded":1,"win_rate":0.0,"timestamp":1609469239,"path_taken":["M","?","M","M","$","E","M","E","T","?","M","E","?","M","R","BOSS","M","?","M","$","M","E","R","E","T","M","$","E"],"items_purchased_type":["Relic"],"build_version":"2020-12-22","purchased_purges":1,"victory":false,"max_hp_per_floor":[70,70,70,70,70,70,70,70,70,70,70,70,70,70,70,70,70,70,70,70,70,70,70,70,70,70,70,70,70,70],"relic_stats":{"Nunchaku":[9],"Dream Catcher":1,"counters":[17,71],"Blue Candle":[0],"Juzu Bracelet":1,"Black Star":2,"Orichalcum":[180],"obtain_stats":[{"Girya":21,"Blue Candle":12,"The Courier":26,"Juzu Bracelet":10,"Orichalcum":9,"Akabeko":25,"theMarked:ArtifactOfAir":0,"Nunchaku":6,"Bottled Flame":8,"Dream Catcher":23,"HornCleat":23,"Black Star":17,"Toy Ornithopter":25},{"Girya":12,"Blue Candle":8,"The Courier":15,"Juzu Bracelet":6,"Orichalcum":6,"Akabeko":15,"theMarked:ArtifactOfAir":0,"Nunchaku":4,"Bottled Flame":6,"Dream Catcher":14,"HornCleat":14,"Black Star":10,"Toy Ornithopter":15},{"Girya":46,"Blue Candle":27,"The Courier":64,"Juzu Bracelet":20,"Orichalcum":20,"Akabeko":64,"theMarked:ArtifactOfAir":0,"Nunchaku":11,"Bottled Flame":20,"Dream Catcher":59,"HornCleat":59,"Black Star":38,"Toy Ornithopter":64}],"Toy Ornithopter":5},"card_choices":[{"not_picked":["theMarked:EmpowerWeapon","theMarked:BanishingStrike"],"picked":"theMarked:Polarize","floor":1.0},{"not_picked":["theMarked:TwofoldDefense","theMarked:Parry","theMarked:Frustration"],"picked":"SKIP","floor":3.0},{"not_picked":["theMarked:SwordAndMagic","theMarked:WastefulDefense"],"picked":"theMarked:EmpowerWeapon","floor":4.0},{"not_picked":["theMarked:ElectricStrings","theMarked:EmpowerWeapon","theMarked:WardOff"],"picked":"SKIP","floor":6.0},{"not_picked":["theMarked:Parry","theMarked:Panic","theMarked:ChainLightning"],"picked":"SKIP","floor":7.0},{"not_picked":["theMarked:MysticalArsenal","theMarked:LightningStrikesTwice"],"picked":"theMarked:ParalyzingBlade","floor":8.0},{"not_picked":["theMarked:Frustration","theMarked:Reabsorb","theMarked:Static"],"picked":"SKIP","floor":11.0},{"not_picked":["theMarked:Parkour","theMarked:Improvise"],"picked":"theMarked:TurnInvisible","floor":12.0},{"not_picked":["theMarked:TwofoldDefense","theMarked:ElectricStrings"],"picked":"theMarked:RogueSparks","floor":14.0},{"not_picked":["theMarked:Abjuration","theMarked:Defy"],"picked":"theMarked:SoldierForm","floor":16.0},{"not_picked":["theMarked:BanishingStrike","theMarked:Frustration+1"],"picked":"theMarked:ReduceFriction+1","floor":18.0},{"not_picked":["theMarked:BanishingStrike","theMarked:HeightenedSenses","theMarked:WastefulAttack"],"picked":"SKIP","floor":20.0},{"not_picked":["theMarked:SwordAndMagic","theMarked:LightningStrikesTwice","theMarked:EmpowerWeapon"],"picked":"SKIP","floor":22.0},{"not_picked":["theMarked:RogueSparks","theMarked:SwordAndMagic","theMarked:RepellingDischarge+1"],"picked":"SKIP","floor":23.0},{"not_picked":["theMarked:HeightenedSenses","theMarked:CreepingChasm+1"],"picked":"theMarked:Opportunist+1","floor":24.0},{"not_picked":["theMarked:GodGivenPower","theMarked:EternalStudent"],"picked":"theMarked:Generate","floor":25.0},{"not_picked":["theMarked:BanishingStrike","theMarked:Electrocute"],"picked":"theMarked:Generate+1","floor":27.0}],"player_experience":2698164,"relics_obtained":[{"floor":6.0,"key":"Nunchaku"},{"floor":8.0,"key":"Bottled Flame"},{"floor":9.0,"key":"Orichalcum"},{"floor":12.0,"key":"Blue Candle"},{"floor":23.0,"key":"Dream Catcher"},{"floor":23.0,"key":"HornCleat"},{"floor":25.0,"key":"Toy Ornithopter"},{"floor":25.0,"key":"Akabeko"},{"floor":26.0,"key":"The Courier"}],"event_choices":[{"damage_healed":0.0,"max_hp_gain":0.0,"max_hp_loss":0.0,"gold_gain":0.0,"event_name":"Living Wall","player_choice":"Grow","floor":2.0,"gold_loss":0.0,"damage_taken":0.0,"cards_upgraded":["theMarked:SwordAndMagic"]},{"damage_healed":0.0,"max_hp_gain":0.0,"max_hp_loss":0.0,"gold_gain":0.0,"event_name":"WeMeetAgain","player_choice":"Gave Potion","floor":10.0,"gold_loss":0.0,"damage_taken":0.0,"relics_obtained":["Juzu Bracelet"]},{"cards_removed":["theMarked:Strike"],"damage_healed":0.0,"max_hp_gain":0.0,"max_hp_loss":0.0,"gold_gain":0.0,"event_name":"Golden Wing","player_choice":"Card Removal","floor":13.0,"gold_loss":0.0,"damage_taken":7.0},{"damage_healed":0.0,"max_hp_gain":0.0,"max_hp_loss":0.0,"gold_gain":0.0,"cards_transformed":["theMarked:Defend","theMarked:Defend"],"event_name":"Drug Dealer","player_choice":"Became Test Subject","floor":19.0,"gold_loss":0.0,"damage_taken":0.0,"cards_obtained":["theMarked:MysticalArsenal","theMarked:EternalStudent"]}],"is_beta":false,"boss_relics":[{"not_picked":["Ectoplasm","Busted Crown"],"picked":"Black Star"}],"items_purged_floors":[21],"is_endless":false,"potions_floor_spawned":[1,4,8,12,20],"killed_by":"Slavers","ascension_level":1}}