{"host":"09dggplywn8v9u5y","time":1609483578,"event":{"mods":["2.2 Compatiblity","AchievementEnabler","BaseMod","Better Altar","Better Match","Better Note","Better Sensory Stone","Better Skull","Better Third Choice","BetterRewards","Block Reminder","Colored Map","Colored Powertips","DeckTracker","Friendly Minions","Highlight Path","Jorbs\u0027s Wanderer Trilogy","Minty Spire (QoL Compilation)","Quick Restart","Random Character Button","Rare Cards Sparkle","Relic Sorter","Relic Stats","Shop Mod","StSLib","The Bug Knight","The Cursed","The Disciple","The Necromancer","The Runesmith","The Servant 0.9.4","Unceasing Turn Reminder"],"gold_per_floor":[111,129,129,6,24,24,37,83,83,83,33,66,66,85,85,189,189,202,212,227,237,237,237,1,1,1,1,1,1,1,11,11,109,109,127,139,158,175,186,186,1,17,42,54,54,73,73,0,0,0],"floor_reached":51,"playtime":3514,"items_purged":["Corruption","Strike_R","Strike_R","Strike_R"],"score":676,"play_id":"c5fbdba7-e22d-45ba-952f-d63de6641d4f","local_time":"20210101034618","is_ascension_mode":false,"campfire_choices":[{"data":"Rampage","floor":6,"key":"SMITH"},{"data":"Battle Trance","floor":10,"key":"SMITH"},{"floor":13,"key":"REST"},{"data":"Headbutt","floor":15,"key":"SMITH"},{"data":"Double Tap","floor":23,"key":"SMITH"},{"data":"Double Tap","floor":27,"key":"SMITH"},{"data":"Shrug It Off","floor":30,"key":"SMITH"},{"floor":32,"key":"REST"},{"floor":40,"key":"REST"},{"floor":45,"key":"REST"},{"floor":47,"key":"REST"},{"data":"Shrug It Off","floor":49,"key":"SMITH"}],"circlet_count":0,"master_deck":["Strike_R","Defend_R","Defend_R","Defend_R","Defend_R","Headbutt+1","Rampage+1","Battle Trance+1","Thunderclap","Shrug It Off","Shrug It Off+1","Double Tap+1","Double Tap+1","Headbutt","Shrug It Off+1","Shrug It Off+1","Parasite"],"relics":["Burning Blood","Smiling Mask","Toy Ornithopter","White Beast Statue","Bag of Preparation","MerchantsRug","Happy Flower","Cursed Key","Meat on the Bone","Nunchaku","Red Mask"],"acts_visited":["Exordium","TheCity","TheBeyond"],"potions_floor_usage":[12,16,33,33,50,50],"damage_taken":[{"damage":7,"enemies":"Small Slimes","floor":1,"turns":4},{"damage":1,"enemies":"Cultist","floor":2,"turns":3},{"damage":6,"enemies":"Jaw Worm","floor":5,"turns":3},{"damage":31,"enemies":"Exordium Thugs","floor":7,"turns":5},{"damage":23,"enemies":"Gremlin Nob","floor":12,"turns":4},{"damage":9,"enemies":"Looter","floor":14,"turns":4},{"damage":32,"enemies":"The Guardian","floor":16,"turns":10},{"damage":10,"enemies":"3 Byrds","floor":18,"turns":6},{"damage":0,"enemies":"Chosen","floor":19,"turns":3},{"damage":18,"enemies":"Snecko","floor":20,"turns":4},{"damage":29,"enemies":"Centurion and Healer","floor":21,"turns":5},{"damage":22,"enemies":"Shelled Parasite and Fungi","floor":31,"turns":5},{"damage":53,"enemies":"Collector","floor":33,"turns":5},{"damage":20,"enemies":"3 Darklings","floor":35,"turns":6},{"damage":1,"enemies":"3 Shapes","floor":36,"turns":3},{"damage":61,"enemies":"Spire Growth","floor":37,"turns":6},{"damage":13,"enemies":"Jaw Worm Horde","floor":38,"turns":6},{"damage":2,"enemies":"Transient","floor":39,"turns":5},{"damage":41,"enemies":"Sphere and 2 Shapes","floor":42,"turns":5},{"damage":10,"enemies":"3 Darklings","floor":44,"turns":9},{"damage":13,"enemies":"Maw","floor":46,"turns":6},{"damage":60,"enemies":"Awakened One","floor":50,"turns":13}],"seed_played":"8053253272703104876","potions_obtained":[{"floor":5,"key":"EssenceOfSteel"},{"floor":7,"key":"Fruit Juice"},{"floor":12,"key":"SmokeBomb"},{"floor":14,"key":"HeartOfIron"},{"floor":16,"key":"Weak Potion"},{"floor":18,"key":"FairyPotion"},{"floor":31,"key":"Energy Potion"},{"floor":33,"key":"AttackPotion"},{"floor":35,"key":"Swift Potion"},{"floor":36,"key":"Dexterity Potion"},{"floor":38,"key":"DuplicationPotion"},{"floor":46,"key":"DuplicationPotion"}],"is_trial":false,"path_per_floor":["M","M","?","$","M","R","M","T","T","R","$","E","R","M","R","B",null,"M","M","M","M","?","R","$","?","T","R","$","?","R","M","R","B",null,"M","M","M","M","M","R","$","M","T","M","R","M","R","?","R","B",null],"character_chosen":"IRONCLAD","items_purchased":["Battle Trance","Shrug It Off","MerchantsRug","Meat on the Bone"],"campfire_rested":5,"item_purchase_floors":[4,24,24,41],"current_hp_per_floor":[79,80,80,80,80,80,55,55,55,55,55,48,73,70,70,49,85,81,85,73,50,50,50,50,50,50,50,50,50,50,34,59,22,85,71,76,21,14,18,43,43,20,20,28,53,58,83,83,83,51],"gold":0,"neow_bonus":"RANDOM_COMMON_RELIC","is_daily":false,"chose_seed":false,"campfire_upgraded":7,"win_rate":0.0,"timestamp":1609483578,"path_taken":["M","M","?","?","M","R","M","?","T","R","$","E","R","M","R","BOSS","M","M","M","M","?","R","$","?","T","R","$","?","R","M","R","BOSS","M","M","M","M","M","R","$","M","T","M","R","M","R","?","R","BOSS"],"items_purchased_type":["Card","Card","Relic","Relic"],"build_version":"2020-12-22","purchased_purges":4,"victory":true,"max_hp_per_floor":[80,80,80,80,80,80,80,80,80,80,80,85,85,85,85,85,85,85,85,85,85,85,85,85,85,85,85,85,85,85,85,85,85,85,85,85,85,85,85,85,85,85,85,85,85,85,85,85,85,85],"relic_stats":{"Nunchaku":[7],"Happy Flower":[23],"counters":[22,120],"Bag of Preparation":[34],"Smiling Mask":250,"Cursed Key":1,"obtain_stats":[{"MerchantsRug":24,"Nunchaku":43,"Happy Flower":26,"Velvet Choker":17,"Bag of Preparation":12,"Red Mask":48,"Smiling Mask":0,"Cursed Key":34,"Burning Blood":0,"Toy Ornithopter":8,"White Beast Statue":9,"Meat on the Bone":41},{"MerchantsRug":11,"Nunchaku":19,"Happy Flower":11,"Velvet Choker":7,"Bag of Preparation":5,"Red Mask":21,"Smiling Mask":0,"Cursed Key":13,"Burning Blood":0,"Toy Ornithopter":4,"White Beast Statue":4,"Meat on the Bone":18},{"MerchantsRug":51,"Nunchaku":92,"Happy Flower":51,"Velvet Choker":33,"Bag of Preparation":19,"Red Mask":107,"Smiling Mask":0,"Cursed Key":61,"Burning Blood":0,"Toy Ornithopter":15,"White Beast Statue":15,"Meat on the Bone":87}],"Burning Blood":126,"Toy Ornithopter":30,"Meat on the Bone":48},"card_choices":[{"not_picked":["Flex","Thunderclap"],"picked":"Headbutt","floor":1},{"not_picked":["Spot Weakness","Flame Barrier"],"picked":"Rampage","floor":2},{"not_picked":["Spot Weakness","Body Slam","Anger"],"picked":"SKIP","floor":5},{"not_picked":["Inflame","Sever Soul"],"picked":"Thunderclap","floor":7},{"not_picked":["Wild Strike","Ghostly Armor"],"picked":"Shrug It Off","floor":12},{"not_picked":["Clash","Rupture"],"picked":"Shrug It Off","floor":14},{"not_picked":["Corruption","Bludgeon"],"picked":"Double Tap","floor":16},{"not_picked":["Iron Wave","True Grit","Dropkick"],"picked":"SKIP","floor":18},{"not_picked":["Rampage","Headbutt","True Grit"],"picked":"SKIP","floor":19},{"not_picked":["Heavy Blade","Pommel Strike"],"picked":"Double Tap","floor":20},{"not_picked":["Twin Strike","Wild Strike"],"picked":"Headbutt","floor":21},{"not_picked":["Body Slam","Perfected Strike","Anger"],"picked":"SKIP","floor":31},{"not_picked":["Metallicize+1","Intimidate+1","Wild Strike"],"picked":"SKIP","floor":35},{"not_picked":["Perfected Strike","Body Slam","Dual Wield+1"],"picked":"SKIP","floor":36},{"not_picked":["Combust","Entrench+1"],"picked":"Shrug It Off+1","floor":37},{"not_picked":["Cleave","Intimidate","Bloodletting"],"picked":"SKIP","floor":38},{"not_picked":["Whirlwind+1","Iron Wave+1","Juggernaut"],"picked":"SKIP","floor":39},{"not_picked":["Spot Weakness","Clash+1","Flame Barrier+1"],"picked":"SKIP","floor":42},{"not_picked":["True Grit","Armaments+1","Fire Breathing+1"],"picked":"SKIP","floor":44},{"not_picked":["Thunderclap+1","Iron Wave","Battle Trance"],"picked":"SKIP","floor":46}],"player_experience":33844,"relics_obtained":[{"floor":8,"key":"Toy Ornithopter"},{"floor":9,"key":"White Beast Statue"},{"floor":12,"key":"Bag of Preparation"},{"floor":26,"key":"Happy Flower"},{"floor":43,"key":"Nunchaku"}],"event_choices":[{"damage_healed":0,"gold_gain":0,"cards_transformed":["Bash"],"player_choice":"Transformed","damage_taken":0,"max_hp_gain":0,"max_hp_loss":0,"event_name":"Transmorgrifier","floor":3,"gold_loss":0,"cards_obtained":["Corruption"]},{"cards_removed":["Strike_R"],"damage_healed":0,"gold_gain":0,"player_choice":"Offered Basic","damage_taken":0,"max_hp_gain":0,"max_hp_loss":0,"event_name":"Bonfire Elementals","floor":22,"gold_loss":0},{"cards_removed":["Double Tap"],"damage_healed":0,"gold_gain":0,"player_choice":"Give","damage_taken":0,"max_hp_gain":0,"max_hp_loss":0,"event_name":"betterNote:BetterNote","floor":25,"gold_loss":0,"cards_obtained":["None"]},{"damage_healed":0,"gold_gain":0,"player_choice":"Ignored","damage_taken":0,"max_hp_gain":0,"max_hp_loss":0,"event_name":"The Mausoleum","floor":29,"gold_loss":0},{"damage_healed":0,"gold_gain":0,"player_choice":"Paid","damage_taken":0,"relics_obtained":["Red Mask"],"max_hp_gain":0,"max_hp_loss":0,"event_name":"Tomb of Lord Red Mask","floor":48,"gold_loss":73}],"is_beta":false,"boss_relics":[{"not_picked":["Calling Bell","SlaversCollar"],"picked":"Velvet Choker"},{"not_picked":["Runic Cube","Mark of Pain"],"picked":"Cursed Key"}],"items_purged_floors":[4,11,24,41],"is_endless":false,"potions_floor_spawned":[5,7,12,14,16,18,19,20,21,31,33,35,36,37,38,39,42,44,46],"ascension_level":0}}