{"host":"44cj7v9849ev3ii0","time":1609473278,"event":{"mods":["BaseMod","Colored Powertips","Downfall","Marisa£®ÏF”Í°°ƒß¿Ì…≥£©","Minty Spire (QoL Compilation)","Replay The Spire","Shop Mod","StSLib","The Animator","The Cursed"],"gold_per_floor":[115,115,115,115,130,149,159,159,191,209,209,209,223,223,223,223,223,319,319,339,355,365,385,385,411,411,427,496,514,514,35,54,54,54,153,153,165,225,235,46,46,46,24,51,51,3,48,48,98,126,126,126],"floor_reached":53,"playtime":3341,"items_purged":[],"score":760,"play_id":"02e56da4-9dfc-4ea2-95e1-c897bf9d903c","local_time":"20210101115438","is_ascension_mode":false,"campfire_choices":[{"data":"TheCursedMod:CircleOfBlood","floor":8,"key":"SMITH"},{"data":"TheCursedMod:CursedSpellbook","floor":12,"key":"SMITH"},{"data":"TheCursedMod:SpitefulPray","floor":14,"key":"SMITH"},{"data":"TheCursedMod:TacticalStrike","floor":17,"key":"SMITH"},{"data":"TheCursedMod:CollectTribute","floor":26,"key":"SMITH"},{"data":"TheCursedMod:CursedRelics","floor":30,"key":"SMITH"},{"data":"TheCursedMod:LuckyCharm","floor":34,"key":"SMITH"},{"data":"TheCursedMod:CircleOfCorruption","floor":42,"key":"SMITH"},{"floor":48,"key":"DIG"},{"data":"TheCursedMod:CircleOfFlame","floor":51,"key":"SMITH"}],"circlet_count":0,"master_deck":["TheCursedMod:Defend_TheCursed","TheCursedMod:CursedWand","TheCursedMod:CleanUpWorkshop+1","TheCursedMod:Dregs","TheCursedMod:CursedShiv","Iron Wave","TheCursedMod:CircleOfBlood+1","TheCursedMod:SpitefulPray+1","TheCursedMod:DemonSword","TheCursedMod:TacticalStrike+1","TheCursedMod:CursedSpellbook+1","TheCursedMod:SpitefulStrike","Regret","TheCursedMod:CollectTribute+1","TheCursedMod:SoulCrush+1","TheCursedMod:CursedBoomerang+1","TheCursedMod:AshesToAshes+1","TheCursedMod:WearCloak","TheCursedMod:HellfireBreathing","TheCursedMod:LuckyCharm+1","TheCursedMod:AbyssShockwave","Necronomicurse","TheCursedMod:CursedBlade","TheCursedMod:Wield","Clumsy","TheCursedMod:CursedRelics+1","TheCursedMod:ManaBullet+1","Flash of Steel","ReplayTheSpireMod:Brewmster+1","TheCursedMod:ReleasedStrength+1","Bite","Bite","Bite","Bite","Bite","TheCursedMod:AntiAging+1","TheCursedMod:CursedBoomerang+1","ReplayTheSpireMod:Doomed","TheCursedMod:RapidMovement+1","TheCursedMod:ReleasedStrength+1","TheCursedMod:SpitefulStrike","TheCursedMod:CircleOfCorruption+1","expansioncontent:GuardianWhirl","TheCursedMod:DemonSword","TheCursedMod:CircleOfCorruption","TheCursedMod:SpitefulPray","ReplayTheSpireMod:Faulty Equipment","TheCursedMod:CircleOfCorruption","TheCursedMod:CircleOfFlame+1","TheCursedMod:TacticalStrike+1","TheCursedMod:CursedAmulet+1"],"relics":["TheCursedMod:BlackMagic101","Replay:Rubber Ducky","Unceasing Top","TheCursedMod:DemonicMark","Replay:Grab Bag","Cursed Key","ChewingGum","TheCursedMod:FourLeafCloverCharm","Astrolabe","Necronomicon","FossilizedHelix","Onion Ring","PreservedInsect","Painkiller Herb","Guide Book","Juzu Bracelet","Molten Egg 2","Shovel","Bag of Preparation","Replay:Kaleidoscope","Toy Ornithopter"],"acts_visited":["Exordium","TheCity","TheBeyond"],"potions_floor_usage":[32,52,52],"damage_taken":[{"damage":1,"enemies":"Jaw Worm","floor":1,"turns":4},{"damage":0,"enemies":"Cultist","floor":5,"turns":4},{"damage":1,"enemies":"2 Louse","floor":6,"turns":3},{"damage":5,"enemies":"Looter","floor":7,"turns":3},{"damage":18,"enemies":"Replay:BlueRogue","floor":9,"turns":6},{"damage":7,"enemies":"Large Slime","floor":10,"turns":5},{"damage":0,"enemies":"3 Louse","floor":13,"turns":2},{"damage":45,"enemies":"Fading Forest","floor":18,"turns":11},{"damage":1,"enemies":"Chosen","floor":20,"turns":2},{"damage":7,"enemies":"Shell Parasite","floor":21,"turns":2},{"damage":7,"enemies":"3 Cultists","floor":22,"turns":4},{"damage":0,"enemies":"Sentry and Sphere","floor":23,"turns":3},{"damage":17,"enemies":"Replay:Snechameleon","floor":25,"turns":7},{"damage":30,"enemies":"Snake Plant","floor":27,"turns":4},{"damage":5,"enemies":"Cultist and Chosen","floor":29,"turns":2},{"damage":0,"enemies":"3 Cultists","floor":32,"turns":2},{"damage":30,"enemies":"Collector","floor":35,"turns":6},{"damage":13,"enemies":"3 Shapes","floor":37,"turns":2},{"damage":15,"enemies":"3 Darklings","floor":39,"turns":2},{"damage":5,"enemies":"Giant Head","floor":44,"turns":4},{"damage":15,"enemies":"2 Orb Walkers","floor":47,"turns":3},{"damage":0,"enemies":"Mind Bloom Boss Battle","floor":49,"turns":1},{"damage":0,"enemies":"Reptomancer","floor":50,"turns":2},{"damage":50,"enemies":"Replay:Hell Engine","floor":52,"turns":7}],"seed_played":"3848158220625681999","potions_obtained":[{"floor":1,"key":"champ:CounterPotion"},{"floor":5,"key":"SteroidPotion"},{"floor":6,"key":"ColorlessPotion"},{"floor":39,"key":"BlessingOfTheForge"}],"is_trial":false,"path_per_floor":["M","?","PTL","PTL","M","M","M","R","E","M","T","R","M","R","?","?","R","B",null,"M","M","M","M","?","E","R","M","T","M","R","$","M","?","R","B",null,"?","?","?","T","?","T","T","E","T","T","?","T","?","E","T","B",null],"character_chosen":"THE_CURSED","items_purchased":["TheCursedMod:ManaBullet+1","Flash of Steel","ReplayTheSpireMod:Brewmster","PreservedInsect","Guide Book","TheCursedMod:SpitefulStrike","TheCursedMod:CircleOfCorruption","TheCursedMod:CircleOfCorruption"],"campfire_rested":0,"item_purchase_floors":[31,31,31,31,40,40,43,46],"current_hp_per_floor":[81,81,81,81,81,81,77,77,63,72,72,72,76,76,76,76,76,37,82,81,82,75,82,66,57,57,35,35,46,46,46,54,54,54,31,57,46,46,33,33,33,33,33,34,34,34,21,21,23,43,43,27],"gold":126,"neow_bonus":"TEN_PERCENT_HP_BONUS","is_daily":false,"chose_seed":false,"campfire_upgraded":9,"win_rate":0.0,"timestamp":1609473278,"path_taken":["M","?","PTL","PTL","?","M","M","R","E","M","T","R","M","R","?","?","R","BOSS","M","M","M","M","?","E","R","M","T","M","R","$","M","?","R","BOSS","?","?","?","T","?","T","T","E","T","T","?","T","?","E","T","BOSS"],"items_purchased_type":["Card","Card","Card","Relic","Relic","Card","Card","Card"],"build_version":"2020-12-22","purchased_purges":0,"victory":true,"max_hp_per_floor":[82,82,82,82,82,82,82,82,82,82,82,82,82,82,82,82,82,82,82,82,82,82,82,82,82,82,82,82,82,82,82,82,57,57,57,57,57,57,57,57,57,57,57,57,57,57,57,57,57,57,57,57],"card_choices":[{"not_picked":["TheCursedMod:BloodBarrier","TheCursedMod:FleshFromBone"],"picked":"TheCursedMod:CursedShiv","floor":1},{"not_picked":["TheCursedMod:SoulCrush","TheCursedMod:CircleOfFlame"],"picked":"TheCursedMod:CircleOfBlood","floor":5},{"not_picked":["TheCursedMod:SpitefulStrike","TheCursedMod:VitalStrike"],"picked":"TheCursedMod:SpitefulPray","floor":6},{"not_picked":["TheCursedMod:CircleOfFlame","TheCursedMod:VitalStrike"],"picked":"TheCursedMod:DemonSword","floor":7},{"not_picked":["TheCursedMod:ReleasedKnowledge","TheCursedMod:FleshFromBone"],"picked":"TheCursedMod:TacticalStrike","floor":9},{"not_picked":["TheCursedMod:ReleasedKnowledge","TheCursedMod:CircleOfCorruption"],"picked":"TheCursedMod:CursedSpellbook","floor":10},{"not_picked":["TheCursedMod:CircleOfCorruption","TheCursedMod:TacticalStrike"],"picked":"TheCursedMod:SpitefulStrike","floor":13},{"not_picked":["TheCursedMod:UltimatePain","TheCursedMod:ForbiddenAlchemy"],"picked":"TheCursedMod:CollectTribute","floor":18},{"not_picked":["TheCursedMod:SaltUponWound","TheCursedMod:CursedShiv"],"picked":"TheCursedMod:WearCloak","floor":20},{"not_picked":["TheCursedMod:RavingStaff","TheCursedMod:AshesToAshes+1"],"picked":"TheCursedMod:HellfireBreathing","floor":21},{"not_picked":["TheCursedMod:BloodBarrier+1","TheCursedMod:CursedArmor+1"],"picked":"TheCursedMod:LuckyCharm","floor":22},{"not_picked":["TheCursedMod:FuryStrike","TheCursedMod:Obscuration"],"picked":"TheCursedMod:AbyssShockwave","floor":23},{"not_picked":["TheCursedMod:Stretching","TheCursedMod:BlessingInDisguise"],"picked":"TheCursedMod:CursedBlade","floor":25},{"not_picked":["TheCursedMod:SurpriseAttack+1","TheCursedMod:Stigma"],"picked":"TheCursedMod:Wield","floor":27},{"not_picked":["TheCursedMod:Wield","TheCursedMod:StingEye"],"picked":"TheCursedMod:CursedRelics","floor":29},{"not_picked":["TheCursedMod:HellfireBreathing+1","TheCursedMod:EmpowerCircles"],"picked":"TheCursedMod:ReleasedStrength+1","floor":32},{"not_picked":["TheCursedMod:CursedRelics","TheCursedMod:UltimatePain"],"picked":"TheCursedMod:AntiAging","floor":35},{"not_picked":["TheCursedMod:CursedArmor+1","TheCursedMod:Obscuration"],"picked":"TheCursedMod:CursedBoomerang+1","floor":37},{"not_picked":["TheCursedMod:VitalStrike","TheCursedMod:CursedMace+1"],"picked":"TheCursedMod:RapidMovement+1","floor":38},{"not_picked":["TheCursedMod:Wield+1","TheCursedMod:SpitefulStrike+1"],"picked":"TheCursedMod:ReleasedStrength+1","floor":39},{"not_picked":["TheCursedMod:SmokeScreen","TheCursedMod:FleshFromBone"],"picked":"TheCursedMod:SpitefulPray","floor":44},{"not_picked":["TheCursedMod:SoulReap+1","TheCursedMod:CursedMace+1"],"picked":"TheCursedMod:CircleOfFlame","floor":47},{"not_picked":["TheCursedMod:CircleOfFlame","TheCursedMod:CursedMace+1"],"picked":"TheCursedMod:TacticalStrike+1","floor":49},{"not_picked":["TheCursedMod:VitalStrike+1","TheCursedMod:Obscuration+1"],"picked":"TheCursedMod:CursedAmulet+1","floor":50}],"player_experience":19937,"relics_obtained":[{"floor":9,"key":"Replay:Rubber Ducky"},{"floor":11,"key":"Unceasing Top"},{"floor":24,"key":"Necronomicon"},{"floor":25,"key":"FossilizedHelix"},{"floor":28,"key":"Onion Ring"},{"floor":44,"key":"Juzu Bracelet"},{"floor":45,"key":"Molten Egg 2"},{"floor":47,"key":"Shovel"},{"floor":48,"key":"Bag of Preparation"},{"floor":49,"key":"Replay:Kaleidoscope"},{"floor":50,"key":"Toy Ornithopter"}],"event_choices":[{"cards_removed":["TheCursedMod:Defend_TheCursed"],"damage_healed":0,"gold_gain":0,"player_choice":"Took Card","damage_taken":0,"max_hp_gain":0,"max_hp_loss":0,"event_name":"NoteForYourself","floor":2,"gold_loss":0,"cards_obtained":["Iron Wave"]},{"damage_healed":0,"gold_gain":0,"player_choice":"Grow","damage_taken":0,"max_hp_gain":0,"max_hp_loss":0,"event_name":"Living Wall","floor":15,"gold_loss":0,"cards_upgraded":["TheCursedMod:CleanUpWorkshop"]},{"damage_healed":0,"gold_gain":0,"player_choice":"Box","damage_taken":0,"relics_obtained":["TheCursedMod:DemonicMark"],"max_hp_gain":0,"max_hp_loss":0,"event_name":"Big Fish","floor":16,"gold_loss":0,"cards_obtained":["Regret"]},{"damage_healed":0,"gold_gain":0,"player_choice":"Obtained Book","damage_taken":16,"max_hp_gain":0,"max_hp_loss":0,"event_name":"Cursed Tome","floor":24,"gold_loss":0},{"damage_healed":0,"gold_gain":0,"player_choice":"Became a vampire","damage_taken":0,"max_hp_gain":0,"max_hp_loss":25,"event_name":"Vampires","floor":33,"gold_loss":0,"cards_obtained":["Bite","Bite","Bite","Bite","Bite"]},{"damage_healed":0,"gold_gain":0,"player_choice":"3 cards matched","damage_taken":0,"max_hp_gain":0,"max_hp_loss":0,"event_name":"Match and Keep!","floor":41,"gold_loss":0,"cards_obtained":["TheCursedMod:CircleOfCorruption","expansioncontent:GuardianWhirl","TheCursedMod:DemonSword"]},{"damage_healed":0,"gold_gain":0,"player_choice":"Fight","damage_taken":0,"max_hp_gain":0,"max_hp_loss":0,"event_name":"Mysterious Sphere","floor":47,"gold_loss":0},{"damage_healed":0,"gold_gain":0,"player_choice":"Fight","damage_taken":0,"max_hp_gain":0,"max_hp_loss":0,"event_name":"MindBloom","floor":49,"gold_loss":0}],"is_beta":false,"boss_relics":[{"not_picked":["Runic Dome","Runic Pyramid"],"picked":"Replay:Grab Bag"},{"not_picked":["SlaversCollar","Philosopher\u0027s Stone"],"picked":"Cursed Key"},{"not_picked":["Coffee Dripper","Velvet Choker"],"picked":"ChewingGum"},{"not_picked":["Tiny House","Kintsugi"],"picked":"TheCursedMod:FourLeafCloverCharm"},{"not_picked":["SacredBark","Ring of Chaos"],"picked":"Astrolabe"},{"not_picked":["Replay:Drink Me","ReplayTheSpireMod:DimensionalGlitch"],"picked":"Painkiller Herb"}],"items_purged_floors":[],"is_endless":false,"potions_floor_spawned":[1,5,6,9,20,23,35,39,47,50],"ascension_level":0}}