{"host":"jksa5rawk3m4gilz","time":1609518351,"event":{"mods":["BaseMod","Colored Map","Highlight Path","Minty Spire (QoL Compilation)","Quick Restart"],"gold_per_floor":[117,40,53,3,178,213,230,241,321,354,364,364,383,400,400,400,400],"floor_reached":16,"playtime":360,"items_purged":[],"score":236,"play_id":"d5167c62-25b6-40c8-9e1d-b210a912f13d","local_time":"20210101172551","is_ascension_mode":true,"campfire_choices":[{"floor":12,"key":"REST"},{"floor":15,"key":"REST"}],"circlet_count":0,"master_deck":["AscendersBane","Strike_B","Strike_B","Strike_B","Defend_B","Defend_B","Defend_B","Defend_B","Zap","Dualcast","Gash","Sunder","Doubt","Gash","Beam Cell","Reinforced Body","Go for the Eyes","Coolheaded","Auto Shields"],"relics":["Cracked Core","NeowsBlessing","Emotion Chip","Blue Candle","Lantern"],"acts_visited":["Exordium"],"potions_floor_usage":[7,11],"damage_taken":[{"damage":0,"enemies":"2 Louse","floor":1,"turns":1},{"damage":0,"enemies":"Small Slimes","floor":3,"turns":1},{"damage":0,"enemies":"3 Sentries","floor":6,"turns":1},{"damage":1,"enemies":"Cultist","floor":7,"turns":4},{"damage":0,"enemies":"Exordium Wildlife","floor":8,"turns":2},{"damage":33,"enemies":"Gremlin Nob","floor":10,"turns":4},{"damage":0,"enemies":"Exordium Thugs","floor":11,"turns":4},{"damage":6,"enemies":"Looter","floor":13,"turns":2},{"damage":21,"enemies":"3 Louse","floor":14,"turns":4},{"damage":13,"enemies":"Hexaghost","floor":16,"turns":6}],"seed_played":"-8425228077124880005","potions_obtained":[{"floor":6,"key":"Swift Potion"},{"floor":7,"key":"BlessingOfTheForge"},{"floor":8,"key":"Weak Potion"},{"floor":11,"key":"DuplicationPotion"},{"floor":14,"key":"Energy Potion"}],"is_trial":false,"path_per_floor":["M","$","M","?","?","E","M","M","T","E","M","R","M","M","R","B"],"character_chosen":"DEFECT","items_purchased":["Sunder"],"campfire_rested":2,"item_purchase_floors":[2],"current_hp_per_floor":[64,64,64,64,64,64,63,63,63,30,30,51,45,24,45,32,32],"gold":400,"neow_bonus":"THREE_ENEMY_KILL","is_daily":false,"chose_seed":false,"campfire_upgraded":0,"win_rate":0.0,"timestamp":1609518351,"path_taken":["M","$","M","?","?","E","M","M","T","E","M","R","M","M","R","BOSS"],"items_purchased_type":["Card"],"build_version":"2020-12-22","purchased_purges":0,"victory":false,"max_hp_per_floor":[71,71,71,71,71,71,71,71,71,71,71,71,71,71,71,71,71],"card_choices":[{"not_picked":["Turbo","Streamline"],"picked":"Gash","floor":1},{"not_picked":["Sweeping Beam","Melter","Coolheaded"],"picked":"SKIP","floor":3},{"not_picked":["Redo","Stack"],"picked":"Gash","floor":6},{"not_picked":["Aggregate","Hologram"],"picked":"Beam Cell","floor":7},{"not_picked":["Reprogram","Sweeping Beam","Ball Lightning"],"picked":"SKIP","floor":8},{"not_picked":["Fission","Cold Snap"],"picked":"Reinforced Body","floor":10},{"not_picked":["Darkness","Hello World"],"picked":"Go for the Eyes","floor":11},{"not_picked":["Streamline","Conserve Battery"],"picked":"Coolheaded","floor":13},{"not_picked":["Sweeping Beam","Darkness"],"picked":"Auto Shields","floor":14}],"player_experience":2106470,"relics_obtained":[{"floor":6,"key":"Emotion Chip"},{"floor":9,"key":"Blue Candle"},{"floor":10,"key":"Lantern"}],"event_choices":[{"cards_removed":["Strike_B"],"damage_healed":0,"gold_gain":0,"player_choice":"Card Removal","damage_taken":0,"max_hp_gain":0,"max_hp_loss":0,"event_name":"The Cleric","floor":4,"gold_loss":50},{"damage_healed":0,"gold_gain":175,"player_choice":"AGREE","damage_taken":0,"max_hp_gain":0,"max_hp_loss":0,"event_name":"Liars Game","floor":5,"gold_loss":0,"cards_obtained":["Doubt"]}],"is_beta":false,"boss_relics":[],"items_purged_floors":[],"is_endless":false,"potions_floor_spawned":[6,7,8,11,14],"killed_by":"Hexaghost","ascension_level":14}}