{"host":"gkh5j5k5w4qf7k7n","time":1609482161,"event":{"mods":["2.2 Compatiblity","AchievementEnabler","BaseMod","Colored Map","Colored Powertips","GifTheSpireLib","Keyboard Shortcuts","Minty Spire (QoL Compilation)","Quick Restart","StSLib","SuperFastMode","The Animator","¡¼?Úª?ø«¡½REMEMod"],"gold_per_floor":[121,134,35,35,46,46,46,56,56,206,222,235,235,253,253,324,324,356,356,256,272,299,299,328,338,407,417,417,458,458,458,458],"floor_reached":31,"playtime":3469,"items_purged":["animator:Strike","animator:Strike"],"score":584,"play_id":"215c9a06-5dd8-4f3c-881d-151e94bcb019","local_time":"20210101152241","is_ascension_mode":true,"campfire_choices":[{"data":"animator:Aqua","floor":6.0,"key":"SMITH"},{"data":"animator:Tet","floor":15.0,"key":"SMITH"},{"data":"animator:YachiyoNanami","floor":23,"key":"SMITH"},{"data":"animator:HinaKagiyama","floor":28,"key":"SMITH"}],"circlet_count":0,"master_deck":["AscendersBane","animator:Strike_MadokaMagica","animator:Defend_MadokaMagica","animator:Defend","animator:Defend","animator:Defend","animator:IrohaTamaki","animator:YuiTsuruno","Feed","animator:YachiyoNanami+1","animator:DolaCouronne","animator:Wiz","animator:Aqua+1","animator:SuzuneAmano","animator:Tet+1","animator:HinaKagiyama+1","animator:Curse_Dizziness","animator:PinaCoLada","animator:MamiTomoe","animator:Lelouch","animator:DolaRiku","animator:Zero+1","animator:Hitei","Necronomicurse"],"relics":["animator:LivingPicture","animator:TheMissingPiece","REME_ComplimentaryCards","NeowsBlessing","CloakClasp","REME_LowDesire","Red Mask","Boot","Eternal Feather","Akabeko","Necronomicon"],"acts_visited":["Exordium","TheCity"],"potions_floor_usage":[21,21,30,30,30],"damage_taken":[{"damage":0.0,"enemies":"Cultist","floor":1.0,"turns":1.0},{"damage":2.0,"enemies":"Jaw Worm","floor":2.0,"turns":3.0},{"damage":0.0,"enemies":"2 Louse","floor":5.0,"turns":2.0},{"damage":8.0,"enemies":"Blue Slaver","floor":8.0,"turns":8.0},{"damage":8.0,"enemies":"2 Fungi Beasts","floor":11.0,"turns":6.0},{"damage":6.0,"enemies":"3 Louse","floor":12.0,"turns":6.0},{"damage":24.0,"enemies":"Gremlin Gang","floor":14.0,"turns":7.0},{"damage":38.0,"enemies":"Hexaghost","floor":16.0,"turns":14.0},{"damage":30,"enemies":"Shell Parasite","floor":18,"turns":10},{"damage":14,"enemies":"2 Thieves","floor":21,"turns":4},{"damage":89,"enemies":"Masked Bandits","floor":22,"turns":6},{"damage":61,"enemies":"Slavers","floor":24,"turns":9},{"damage":13,"enemies":"Snecko","floor":25,"turns":7},{"damage":23,"enemies":"Shelled Parasite and Fungi","floor":27,"turns":6},{"damage":44,"enemies":"REME_1_Revenger","floor":29,"turns":8},{"damage":6,"enemies":"Snake Plant","floor":31,"turns":1}],"seed_played":"-9103597083217535915","potions_obtained":[{"floor":2.0,"key":"DistilledChaos"},{"floor":5.0,"key":"Block Potion"},{"floor":18,"key":"ColorlessPotion"},{"floor":24,"key":"DuplicationPotion"},{"floor":27,"key":"EssenceOfSteel"},{"floor":29,"key":"SkillPotion"}],"is_trial":false,"path_per_floor":["M","M","$","?","M","R","?","M","T","?","M","M","?","M","R","B",null,"M","?","$","M","?","R","E","M","T","M","R","E","?","M"],"character_chosen":"THE_ANIMATOR","items_purchased":["animator:DolaCouronne"],"campfire_rested":0,"item_purchase_floors":[3],"current_hp_per_floor":[57,58,58,58,61,61,61,60,60,60,58,61,61,46,46,11,69,45,45,45,37,17,17,55,48,48,34,46,8,2,0,0],"gold":458,"neow_bonus":"THREE_ENEMY_KILL","is_daily":false,"chose_seed":false,"campfire_upgraded":4,"win_rate":0.0,"timestamp":1609482161,"path_taken":["M","?","$","?","?","R","?","M","T","?","M","M","?","M","R","BOSS","M","?","$","?","?","R","E","M","T","M","R","E","?","M"],"items_purchased_type":["Card"],"build_version":"2020-12-22","purchased_purges":2,"victory":false,"max_hp_per_floor":[63,66,66,66,69,69,69,73,73,73,76,82,82,88,88,88,88,88,88,88,91,94,94,100,103,103,106,106,106,121,121,121],"card_choices":[{"not_picked":["animator:SilverFang","animator:FielNirvalen"],"picked":"animator:YachiyoNanami","floor":1.0},{"not_picked":["animator:ShinjiMatou","animator:Genos","animator:MumenRider"],"picked":"SKIP","floor":2.0},{"not_picked":["animator:Illya","animator:Jibril"],"picked":"animator:Aqua","floor":5.0},{"not_picked":["animator:YuiTsuruno","animator:IrohaTamaki"],"picked":"animator:SuzuneAmano","floor":8.0},{"not_picked":["animator:SilverFang","animator:DolaRiku","animator:YunYun"],"picked":"SKIP","floor":11.0},{"not_picked":["animator:Tatsumaki","animator:RinTohsaka"],"picked":"animator:Tet","floor":12.0},{"not_picked":["animator:Tatsumaki","animator:RinTohsaka","animator:DolaCouronne"],"picked":"SKIP","floor":14.0},{"not_picked":["animator:Saitama","animator:Sora"],"picked":"animator:PinaCoLada","floor":16.0},{"not_picked":["animator:YuiTsuruno","animator:OrikoMikuni"],"picked":"animator:MamiTomoe","floor":18},{"not_picked":["animator:Archer","animator:Togame","animator:EmiyaShirou"],"picked":"animator:Lelouch","floor":21},{"not_picked":["animator:Geryuganshoop","animator:SilverFang","animator:TakanashiRikka"],"picked":"animator:DolaRiku","floor":22},{"not_picked":["animator:Tyuule","animator:Assassin+1","animator:Rider+1","animator:Kagari"],"picked":"SKIP","floor":24},{"not_picked":["animator:Genos","animator:Lancer","animator:Kuribayashi"],"picked":"animator:Zero+1","floor":25},{"not_picked":["animator:Darkness","animator:Megumin"],"picked":"animator:Eris","floor":27},{"not_picked":["animator:MamiTomoe","animator:DolaRiku","animator:MamizouFutatsuiwa"],"picked":"animator:Hitei","floor":29}],"player_experience":934975,"relics_obtained":[{"floor":9.0,"key":"CloakClasp"},{"floor":22,"key":"Red Mask"},{"floor":24,"key":"Boot"},{"floor":26,"key":"Eternal Feather"},{"floor":29,"key":"Akabeko"},{"floor":30,"key":"Necronomicon"}],"event_choices":[{"damage_healed":0.0,"max_hp_gain":0.0,"max_hp_loss":0.0,"gold_gain":0.0,"event_name":"Match and Keep!","player_choice":"1 cards matched","floor":4.0,"gold_loss":0.0,"damage_taken":0.0,"cards_obtained":["animator:Wiz"]},{"cards_removed":["animator:Strike"],"damage_healed":0.0,"max_hp_gain":0.0,"max_hp_loss":0.0,"gold_gain":0.0,"event_name":"Living Wall","player_choice":"Forget","floor":7.0,"gold_loss":0.0,"damage_taken":0.0},{"damage_healed":0.0,"max_hp_gain":0.0,"max_hp_loss":0.0,"gold_gain":150.0,"event_name":"Liars Game","player_choice":"AGREE","floor":10.0,"gold_loss":0.0,"damage_taken":0.0,"cards_obtained":["Doubt"]},{"cards_removed":["Doubt"],"damage_healed":0,"gold_gain":0,"player_choice":"Purged","damage_taken":0,"max_hp_gain":0,"max_hp_loss":0,"event_name":"Purifier","floor":19,"gold_loss":0},{"damage_healed":0,"gold_gain":0,"player_choice":"Fought Bandits","damage_taken":0,"max_hp_gain":0,"max_hp_loss":0,"event_name":"Masked Bandits","floor":22,"gold_loss":0},{"damage_healed":0,"gold_gain":0,"player_choice":"Obtained Book","damage_taken":21,"max_hp_gain":0,"max_hp_loss":0,"event_name":"Cursed Tome","floor":30,"gold_loss":0}],"is_beta":false,"boss_relics":[{"not_picked":["Runic Dome","Fusion Hammer"],"picked":"REME_LowDesire"}],"items_purged_floors":[3,20],"is_endless":false,"potions_floor_spawned":[2,5,8,18,24,27,29],"killed_by":"Snake Plant","ascension_level":20}}