{"host":"s6t38s6k4widkzbu","time":1609516364,"event":{"mods":["ATMod(°¢èªMod)","Aspiration","BaseMod","Conspire","Downfall","Googly Eyes","Hermit","Highlight Path","Hunter ÁÔÈË","KinomotoSakuraMod(Ä¾Ö®±¾Ó£)","KomeijiMod","Marisa£¨ìFÓê¡¡Ä§ÀíÉ³£©","Minty Spire (QoL Compilation)","Permanent Neow","Prisma Mod","Quick Restart","READ ME - Guardian Mod","Reimu£¨²©ÀöÁéÃÎ£©","Remilia£¨ÀÙÃ×ÀòÑÇ£©","Replay The Spire","RumiaBox-Â¶Ã×æ«µÄÉñÃØºÐ×Ó","StSLib","The Animator","The Bladedancer","The Bug Knight","The Cursed","The Gatherer","The Jungle","The Mystic","The Runesmith","The Servant 0.9.4","Youmu£¨»êÆÇÑýÃÎ£©","Yuyuko","¡¾ÒÅÎï¿¨ÅÆ¡¿REMEMod","óô»ðÖ¸ÄÏ"],"gold_per_floor":[180,255,273,12,28,28,57,57,57,69,79,79,110,123,123,221,221,240,140,150,187,187,187,197,197,197,212,237,76,76,92,92,193,193,205,205,55,105,105,105,175,175,228,247,247,275,275,275,1,1],"floor_reached":51,"playtime":15754,"items_purged":["Strike_Remiria","Defend_Remirira","Strike_Remiria","Strike_Remiria","Pain"],"score":551,"play_id":"a57f4002-a280-4430-8df0-c882afb6e04c","local_time":"20210101235244","is_ascension_mode":false,"campfire_choices":[{"data":"Absorbed","floor":6.0,"key":"SMITH"},{"data":"CruelSlaughter","floor":8.0,"key":"SMITH"},{"data":"Gatherer:Overflowing","floor":12.0,"key":"SMITH"},{"data":"PartStrengthen","floor":15.0,"key":"SMITH"},{"data":"MiserableFate_Remiria","floor":23.0,"key":"SMITH"},{"data":"ScarletNetherworld","floor":25.0,"key":"SMITH"},{"data":"CurseofVladTepes","floor":30.0,"key":"SMITH"},{"floor":32.0,"key":"RECALL"},{"data":"BathedInBlood","floor":40,"key":"SMITH"},{"data":"ScarletDestiny","floor":45,"key":"SMITH"},{"data":"TricksterDevil","floor":47,"key":"SMITH"}],"circlet_count":0,"master_deck":["Defend_Remirira","Defend_Remirira","Absorbed+1","Scratch","Gatherer:Overflowing+1","YoungDemonLord","PartStrengthen+1","RocketKickup","BloodPact","CruelSlaughter+1","DoubleEdge","ThirstForBlood","BloodSurge","DamonLordCradle_Remiria+1","FastHealing","RocketKickup","MiserableFate_Remiria+1","Cripple+1","Exsanguinate","VampireClaw","ScarletNetherworld+1","PartStrengthen","BloodyMagicSquare+1","CurseofVladTepes+1","TricksterDevil+1","ScarletDestiny+1","BathedInBlood+1","Madness","Madness","BodyStrengthen+1","PartStrengthen+1","Warpath+1","VampirishNight","DoubleEdge"],"relics":["ThirstyCrossSpe","REME_ComplimentaryCards","AT_ATBox","SSSystem","ReplayTheSpireMod:Lightbulb","AT_BellDemon","AT_TrinityForce","GodSword1","AT_EbonyIvory","Meat on the Bone","Replay:Fungal Core","Replay:Multitool","MagicDraw2","Simple Rune","MoreBug","WarpedTongs"],"acts_visited":["Exordium","TheCity","TheBeyond"],"potions_floor_usage":[46,50,50],"damage_taken":[{"damage":0.0,"enemies":"2 Louse","floor":1.0,"turns":2.0},{"damage":0.0,"enemies":"Cultist","floor":3.0,"turns":2.0},{"damage":0.0,"enemies":"Small Slimes","floor":5.0,"turns":1.0},{"damage":15.0,"enemies":"3 Sentries","floor":7.0,"turns":3.0},{"damage":6.0,"enemies":"2 Fungi Beasts","floor":10.0,"turns":2.0},{"damage":10.0,"enemies":"3 Louse","floor":11.0,"turns":2.0},{"damage":13.0,"enemies":"Replay:BlueRogue","floor":13.0,"turns":4.0},{"damage":0.0,"enemies":"Looter","floor":14.0,"turns":1.0},{"damage":8.0,"enemies":"Slime Boss","floor":16.0,"turns":6.0},{"damage":2.0,"enemies":"Spheric Guardian","floor":18.0,"turns":2.0},{"damage":5.0,"enemies":"Shell Parasite","floor":20.0,"turns":2.0},{"damage":17.0,"enemies":"conspire:MimicChest","floor":21.0,"turns":6.0},{"damage":5.0,"enemies":"Shelled Parasite and Fungi","floor":24.0,"turns":3.0},{"damage":5.0,"enemies":"Snake Plant","floor":27.0,"turns":2.0},{"damage":18.0,"enemies":"Slavers","floor":28.0,"turns":3.0},{"damage":0.0,"enemies":"Centurion and Healer","floor":31.0,"turns":3.0},{"damage":10.0,"enemies":"conspire:MysteriousRune","floor":33.0,"turns":6.0},{"damage":10,"enemies":"3 Shapes","floor":35,"turns":3},{"damage":0,"enemies":"Mind Bloom Boss Battle","floor":38,"turns":2},{"damage":3,"enemies":"Orb Walker","floor":44,"turns":3},{"damage":0,"enemies":"Giant Head","floor":46,"turns":6},{"damage":21,"enemies":"Replay:Hell Engine","floor":50,"turns":4}],"seed_played":"-1481111096119082017","potions_obtained":[{"floor":3.0,"key":"Languid Potion"},{"floor":7.0,"key":"Strength Potion"},{"floor":10.0,"key":"Energy Potion"},{"floor":13.0,"key":"hexamod:EctoCoolerPotion"},{"floor":18.0,"key":"Dexterity Potion"},{"floor":20.0,"key":"Reflective Coating"},{"floor":33.0,"key":"Fire Potion"},{"floor":38,"key":"PowerPotion"}],"is_trial":false,"path_per_floor":["M","?","M","$","M","R","E","R","T","M","M","R","E","M","R","B",null,"M","$","M","?","?","R","M","R","T","M","E","$","R","M","R","B",null,"M","?","$","?","?","R","T","R","T","M","R","E","R","?","R","B",null],"character_chosen":"RemiriaScarlet","items_purchased":["SSSystem","CruelSlaughter","CurseofVladTepes","VampirishNight","DoubleEdge"],"campfire_rested":0,"item_purchase_floors":[4,4,29,49,49],"current_hp_per_floor":[90,81,81,81,81,81,78,78,78,72,62,62,50,50,50,42,90,88,88,83,66,66,66,61,61,61,56,39,39,39,51,51,53,90,80,69,69,69,69,69,69,90,90,87,87,87,87,87,87,66],"gold":1,"neow_bonus":"TRANSFORM_TWO_CARDS","is_daily":false,"chose_seed":false,"campfire_upgraded":10,"win_rate":0.0,"timestamp":1609516364,"path_taken":["M","?","?","$","M","R","E","R","T","M","M","R","E","M","R","BOSS","M","$","M","?","?","R","M","R","T","M","E","$","R","M","R","BOSS","M","?","$","?","?","R","?","R","T","?","R","E","R","?","R","BOSS"],"items_purchased_type":["Relic","Card","Card","Card","Card"],"build_version":"2020-12-22","purchased_purges":5,"victory":true,"max_hp_per_floor":[90,90,90,90,90,90,90,90,90,90,90,90,90,90,90,90,90,90,90,90,90,90,90,90,90,90,90,90,90,90,90,90,90,90,90,90,90,90,90,90,90,90,90,90,90,90,90,90,90,90],"card_choices":[{"not_picked":["Cripple","Feint"],"picked":"RocketKickup","floor":1.0},{"not_picked":["Feint","FateEnsemble"],"picked":"BloodPact","floor":3.0},{"not_picked":["DemonLordWalk","VampireClaw"],"picked":"DoubleEdge","floor":5.0},{"not_picked":["Cripple","ServantFlier"],"picked":"ThirstForBlood","floor":7.0},{"not_picked":["Feint","StigmaNizer"],"picked":"BloodSurge","floor":10.0},{"not_picked":["LifeBreak","DoubleEdge"],"picked":"DamonLordCradle_Remiria","floor":11.0},{"not_picked":["LifeBreak","BadLadyScramble"],"picked":"FastHealing","floor":13.0},{"not_picked":["FastHealing","DamonLordCradle_Remiria"],"picked":"RocketKickup","floor":14.0},{"not_picked":["AllTheWorldInNightmare","Septette"],"picked":"MiserableFate_Remiria","floor":16.0},{"not_picked":["FastHealing","ServantFlier"],"picked":"Cripple+1","floor":18.0},{"not_picked":["FateMeister+1","DemonsDinnerFork_Remiria"],"picked":"Exsanguinate","floor":20.0},{"not_picked":["Feint","FastHealing"],"picked":"VampireClaw","floor":21.0},{"not_picked":["ServantFlier+1","TricksterDevil"],"picked":"ScarletNetherworld","floor":24.0},{"not_picked":["BloodCleaner","StigmaNizer"],"picked":"PartStrengthen","floor":27.0},{"not_picked":["RocketKickup","Culling+1"],"picked":"BloodyMagicSquare+1","floor":28.0},{"not_picked":["FastHealing","BadLadyScramble"],"picked":"TricksterDevil","floor":31.0},{"not_picked":["QueenOfMidnight","Reaper_Remiria"],"picked":"ScarletDestiny","floor":33.0},{"not_picked":["BodyStrengthen","BloodCollect"],"picked":"BathedInBlood","floor":35},{"not_picked":["DamonLordCradle_Remiria+1","RocketKickup+1"],"picked":"BodyStrengthen+1","floor":38},{"not_picked":["BodyStrengthen+1","BloodCollect"],"picked":"PartStrengthen+1","floor":44},{"not_picked":["Paradox","BodyStrengthen"],"picked":"Warpath+1","floor":46}],"player_experience":334843,"relics_obtained":[{"floor":7.0,"key":"ReplayTheSpireMod:Lightbulb"},{"floor":13.0,"key":"AT_BellDemon"},{"floor":21.0,"key":"GodSword1"},{"floor":26.0,"key":"AT_EbonyIvory"},{"floor":28.0,"key":"Meat on the Bone"},{"floor":38,"key":"Replay:Multitool"},{"floor":41,"key":"MagicDraw2"},{"floor":43,"key":"Simple Rune"},{"floor":46,"key":"MoreBug"}],"event_choices":[{"damage_healed":0.0,"max_hp_gain":0.0,"max_hp_loss":0.0,"gold_gain":75.0,"event_name":"FaceTrader","player_choice":"Touch","floor":2.0,"gold_loss":0.0,"damage_taken":9.0},{"damage_healed":0,"gold_gain":0,"player_choice":"Embrace Madness","damage_taken":11,"max_hp_gain":0,"max_hp_loss":0,"event_name":"Winding Halls","floor":36,"gold_loss":0,"cards_obtained":["Madness","Madness"]},{"damage_healed":0,"gold_gain":0,"player_choice":"Fight","damage_taken":0,"max_hp_gain":0,"max_hp_loss":0,"event_name":"MindBloom","floor":38,"gold_loss":0},{"cards_removed":["AT_IchimonjiDouble"],"damage_healed":0,"gold_gain":0,"player_choice":"Removed Attack","damage_taken":0,"max_hp_gain":0,"max_hp_loss":0,"event_name":"Falling","floor":39,"gold_loss":0},{"damage_healed":0,"gold_gain":0,"player_choice":"Rummage","damage_taken":0,"relics_obtained":["WarpedTongs"],"max_hp_gain":0,"max_hp_loss":0,"event_name":"Accursed Blacksmith","floor":48,"gold_loss":0,"cards_obtained":["Pain"]}],"is_beta":false,"boss_relics":[{"not_picked":["SacredBark","conspire:SpecialSausage"],"picked":"AT_TrinityForce"},{"not_picked":["aspiration:PoetsPen_weak","Replay:Drink Me"],"picked":"Replay:Fungal Core"}],"items_purged_floors":[4,19,29,37,49],"is_endless":false,"potions_floor_spawned":[3,7,10,13,14,18,20,27,33,38],"ascension_level":0}}