{"host":"rmsq46plbpwfbxcc","time":1609494813,"event":{"mods":["AchievementEnabler","BaseMod","Colored Map","Colored Powertips","DeckTracker","KOR Keyword Fix","Minty Spire (QoL Compilation)","Permanent Neow","Quick Restart","SuperFastMode"],"gold_per_floor":[118,130,130,149,162,162,191,191,191,191,191],"floor_reached":10,"playtime":303,"items_purged":[],"score":136,"play_id":"4145e186-ca06-4b85-8de1-cdfe7396deb3","local_time":"20210101185333","is_ascension_mode":true,"campfire_choices":[{"data":"Neutralize","floor":6,"key":"SMITH"},{"data":"Footwork","floor":8,"key":"SMITH"}],"circlet_count":0,"master_deck":["AscendersBane","Strike_G","Strike_G","Strike_G","Strike_G","Strike_G","Defend_G","Defend_G","Defend_G","Defend_G","Defend_G","Survivor","Neutralize+1","CurseOfTheBell","Choke","Footwork+1"],"relics":["Calling Bell","Lantern","Meat on the Bone","Ice Cream","InkBottle","Peace Pipe"],"acts_visited":["Exordium"],"potions_floor_usage":[5,7],"damage_taken":[{"damage":6,"enemies":"Cultist","floor":1,"turns":5},{"damage":2,"enemies":"Small Slimes","floor":2,"turns":5},{"damage":0,"enemies":"2 Louse","floor":4,"turns":3},{"damage":0,"enemies":"Looter","floor":5,"turns":3},{"damage":33,"enemies":"Lagavulin","floor":7,"turns":10},{"damage":30,"enemies":"3 Sentries","floor":10,"turns":13}],"seed_played":"-6807761988974499544","potions_obtained":[{"floor":1,"key":"Block Potion"},{"floor":2,"key":"Explosive Potion"}],"is_trial":false,"path_per_floor":["M","M","$","M","M","R","E","R","T","E"],"character_chosen":"THE_SILENT","items_purchased":[],"campfire_rested":0,"item_purchase_floors":[],"current_hp_per_floor":[53,51,51,51,51,51,30,30,30,0,0],"gold":191,"neow_bonus":"BOSS_RELIC","is_daily":false,"chose_seed":false,"campfire_upgraded":2,"win_rate":0.0,"timestamp":1609494813,"path_taken":["M","M","$","?","M","R","E","R","T","E"],"items_purchased_type":[],"build_version":"2020-12-22","purchased_purges":0,"victory":false,"max_hp_per_floor":[66,66,66,66,66,66,66,66,66,66,66],"card_choices":[{"not_picked":["Sucker Punch","Bane"],"picked":"Choke","floor":1},{"not_picked":["Acrobatics","Outmaneuver","Infinite Blades"],"picked":"SKIP","floor":2},{"not_picked":["Dodge and Roll","Reflex","Flying Knee"],"picked":"SKIP","floor":4},{"not_picked":["Prepared","Setup","Underhanded Strike"],"picked":"SKIP","floor":5},{"not_picked":["Backstab","Flying Knee"],"picked":"Footwork","floor":7}],"player_experience":1429635,"relics_obtained":[{"floor":0,"key":"Lantern"},{"floor":0,"key":"Meat on the Bone"},{"floor":0,"key":"Ice Cream"},{"floor":7,"key":"InkBottle"},{"floor":9,"key":"Peace Pipe"}],"event_choices":[],"is_beta":false,"boss_relics":[],"items_purged_floors":[],"is_endless":false,"potions_floor_spawned":[1,2,4],"killed_by":"3 Sentries","ascension_level":20}}