{"host":"hwrdjx5eod2cxh09","time":1609529445,"event":{"mods":["AchievementEnabler","BaseMod","Bestiary","Minty Spire (QoL Compilation)","Relic Stats"],"gold_per_floor":[117,192,192,203,223,242,242,192,192,210,210,8,8,34,34,130,130,149,165,165,185,196,196,96,96,122,153,4,4,19,37,37,137,137,153,163,181,181,197,223,223,223,223,223,239,256,268,281,281,281,281,281,43,43,43],"floor_reached":54,"playtime":3918,"items_purged":["Strike_B","Strike_B","Zap"],"score":668,"play_id":"83489dc8-36f7-4c7d-881d-4f3f7580bd82","local_time":"20210102043045","is_ascension_mode":false,"campfire_choices":[{"data":"Coolheaded","floor":7,"key":"SMITH"},{"data":"Sunder","floor":11,"key":"SMITH"},{"data":"Defragment","floor":15,"key":"SMITH"},{"floor":23,"key":"REST"},{"data":"Coolheaded","floor":25,"key":"SMITH"},{"data":"Steam Power","floor":29,"key":"SMITH"},{"floor":32,"key":"REST"},{"data":"Beam Cell","floor":42,"key":"SMITH"},{"floor":44,"key":"REST"},{"floor":49,"key":"RECALL"},{"data":"Madness","floor":52,"key":"SMITH"}],"circlet_count":0,"master_deck":["Defend_B+1","Defend_B","Defend_B","Defend_B+1","Dualcast","Steam Power+1","Gash","Sunder+1","Coolheaded+1","Beam Cell+1","Defragment+1","Madness+1","All For One","Steam","Coolheaded+1","Conserve Battery+1","BootSequence","Gash","Machine Learning","Glacier","Blizzard+1","Turbo+1","Hologram+1","Scrape","Skim"],"relics":["FrozenCore","War Paint","Pear","Bird Faced Urn","Oddly Smooth Stone","Pantograph","Runic Capacitor","Question Card"],"acts_visited":["Exordium","TheCity","TheBeyond","TheEnding"],"potions_floor_usage":[14,27,27,33,54,54],"damage_taken":[{"damage":2,"enemies":"Small Slimes","floor":1,"turns":3},{"damage":7,"enemies":"2 Louse","floor":4,"turns":3},{"damage":1,"enemies":"Jaw Worm","floor":5,"turns":4},{"damage":0,"enemies":"2 Fungi Beasts","floor":6,"turns":2},{"damage":0,"enemies":"Red Slaver","floor":10,"turns":3},{"damage":10,"enemies":"Lagavulin","floor":14,"turns":8},{"damage":11,"enemies":"Slime Boss","floor":16,"turns":9},{"damage":12,"enemies":"Chosen","floor":18,"turns":6},{"damage":3,"enemies":"Shell Parasite","floor":19,"turns":6},{"damage":20,"enemies":"Shelled Parasite and Fungi","floor":21,"turns":5},{"damage":17,"enemies":"Centurion and Healer","floor":22,"turns":7},{"damage":28,"enemies":"Slavers","floor":27,"turns":11},{"damage":0,"enemies":"Snake Plant","floor":30,"turns":3},{"damage":23,"enemies":"3 Cultists","floor":31,"turns":8},{"damage":38,"enemies":"Collector","floor":33,"turns":15},{"damage":3,"enemies":"3 Darklings","floor":35,"turns":8},{"damage":13,"enemies":"3 Shapes","floor":36,"turns":10},{"damage":11,"enemies":"Sphere and 2 Shapes","floor":37,"turns":10},{"damage":6,"enemies":"3 Darklings","floor":39,"turns":8},{"damage":43,"enemies":"Giant Head","floor":40,"turns":14},{"damage":17,"enemies":"4 Shapes","floor":45,"turns":6},{"damage":0,"enemies":"Maw","floor":46,"turns":8},{"damage":27,"enemies":"Sphere and 2 Shapes","floor":47,"turns":7},{"damage":0,"enemies":"Transient","floor":48,"turns":5},{"damage":1,"enemies":"Awakened One","floor":50,"turns":16},{"damage":93,"enemies":"Shield and Spear","floor":54,"turns":6}],"seed_played":"-9213038316999548123","potions_obtained":[{"floor":1,"key":"Weak Potion"},{"floor":4,"key":"Weak Potion"},{"floor":14,"key":"Explosive Potion"},{"floor":18,"key":"ColorlessPotion"},{"floor":22,"key":"GamblersBrew"},{"floor":30,"key":"EssenceOfDarkness"},{"floor":31,"key":"DistilledChaos"},{"floor":33,"key":"EssenceOfSteel"},{"floor":37,"key":"EssenceOfSteel"}],"is_trial":false,"path_per_floor":["M","?","?","M","M","M","R","?","T","M","R","$","?","E","R","B",null,"M","M","?","M","M","R","$","R","T","E","$","R","M","M","R","B",null,"M","M","M","?","M","E","?","R","T","R","M","M","M","M","R","B",null,"R","$","E"],"character_chosen":"DEFECT","items_purchased":["Defragment","Madness","Runic Capacitor","Scrape","Skim"],"campfire_rested":3,"item_purchase_floors":[12,12,28,53,53],"current_hp_per_floor":[73,62,62,55,54,54,54,54,54,54,54,54,61,51,51,42,85,73,72,56,38,23,48,48,48,48,22,22,22,24,3,28,17,85,84,72,65,65,63,24,24,24,24,49,36,40,17,21,21,49,85,85,85,0,0],"gold":43,"neow_bonus":"TRANSFORM_CARD","is_daily":false,"chose_seed":false,"campfire_upgraded":7,"win_rate":0.0,"timestamp":1609529445,"path_taken":["M","?","?","M","M","M","R","?","T","M","R","$","?","E","R","BOSS","M","M","?","M","M","R","$","R","T","E","$","R","M","M","R","BOSS","M","M","M","?","M","E","?","R","T","R","M","M","M","M","R","BOSS","R","$","E"],"items_purchased_type":["Card","Card","Relic","Card","Card"],"build_version":"2020-12-22","purchased_purges":3,"victory":false,"max_hp_per_floor":[75,75,75,75,75,75,75,75,75,75,75,75,85,85,85,85,85,85,85,85,85,85,85,85,85,85,85,85,85,85,85,85,85,85,85,85,85,85,85,85,85,85,85,85,85,85,85,85,85,85,85,85,85,85,85],"relic_stats":{"counters":[26,191],"Bird Faced Urn":[55],"Pantograph":50,"War Paint":["Defend_B","Defend_B"],"Question Card":4,"obtain_stats":[{"Pear":13,"Bird Faced Urn":14,"Pantograph":27,"Oddly Smooth Stone":26,"Runic Capacitor":28,"War Paint":9,"Cracked Core":0,"Question Card":40,"FrozenCore":34},{"Pear":5,"Bird Faced Urn":6,"Pantograph":12,"Oddly Smooth Stone":11,"Runic Capacitor":12,"War Paint":4,"Cracked Core":0,"Question Card":20,"FrozenCore":15},{"Pear":15,"Bird Faced Urn":23,"Pantograph":67,"Oddly Smooth Stone":56,"Runic Capacitor":67,"War Paint":12,"Cracked Core":0,"Question Card":143,"FrozenCore":93}],"FrozenCore":[33]},"card_choices":[{"not_picked":["Steam Power","Stack","Chaos"],"picked":"SKIP","floor":1},{"not_picked":["Compile Driver","Lockon"],"picked":"Gash","floor":4},{"not_picked":["Reprogram","Coolheaded"],"picked":"Sunder","floor":5},{"not_picked":["Core Surge","Cold Snap"],"picked":"Coolheaded","floor":6},{"not_picked":["Sweeping Beam","Steam"],"picked":"Beam Cell","floor":10},{"not_picked":["Undo","Rebound","Streamline"],"picked":"SKIP","floor":14},{"not_picked":["Core Surge","Amplify"],"picked":"All For One","floor":16},{"not_picked":["Beam Cell+1","Sweeping Beam"],"picked":"Steam","floor":18},{"not_picked":["FTL","Cold Snap+1"],"picked":"Auto Shields","floor":19},{"not_picked":["Cold Snap+1","Redo"],"picked":"Coolheaded","floor":21},{"not_picked":["All For One","White Noise"],"picked":"Conserve Battery+1","floor":22},{"not_picked":["Auto Shields","Melter"],"picked":"BootSequence","floor":27},{"not_picked":["Barrage","Streamline"],"picked":"Gash","floor":30},{"not_picked":["Ball Lightning","Beam Cell","Undo"],"picked":"SKIP","floor":31},{"not_picked":["All For One","Creative AI"],"picked":"Machine Learning","floor":33},{"not_picked":["Ball Lightning","Compile Driver+1"],"picked":"Glacier","floor":35},{"not_picked":["Cold Snap+1","Barrage","Sweeping Beam+1"],"picked":"SKIP","floor":36},{"not_picked":["Stack+1","Glacier","Aggregate"],"picked":"SKIP","floor":37},{"not_picked":["Barrage","Darkness","Double Energy+1"],"picked":"SKIP","floor":39},{"not_picked":["Streamline+1","Steam"],"picked":"Blizzard+1","floor":40},{"not_picked":["Skim","Beam Cell+1","Hologram"],"picked":"Turbo+1","floor":45},{"not_picked":["Darkness","Redo+1","Rainbow","Static Discharge+1"],"picked":"SKIP","floor":46},{"not_picked":["Rebound+1","Conserve Battery","Ball Lightning+1"],"picked":"Hologram+1","floor":47},{"not_picked":["Stack+1","Leap","Beam Cell+1","Compile Driver"],"picked":"SKIP","floor":48}],"player_experience":151883,"relics_obtained":[{"floor":9,"key":"War Paint"},{"floor":14,"key":"Bird Faced Urn"},{"floor":26,"key":"Oddly Smooth Stone"},{"floor":27,"key":"Pantograph"},{"floor":40,"key":"Question Card"}],"event_choices":[{"damage_healed":0,"gold_gain":75,"player_choice":"Gather Gold","damage_taken":11,"max_hp_gain":0,"max_hp_loss":0,"event_name":"World of Goop","floor":2,"gold_loss":0},{"damage_healed":0,"gold_gain":0,"player_choice":"Ignored","damage_taken":0,"max_hp_gain":0,"max_hp_loss":0,"event_name":"Golden Idol","floor":3,"gold_loss":0},{"cards_removed":["Strike_B"],"damage_healed":0,"gold_gain":0,"player_choice":"Card Removal","damage_taken":0,"max_hp_gain":0,"max_hp_loss":0,"event_name":"The Cleric","floor":8,"gold_loss":50},{"damage_healed":0,"gold_gain":0,"player_choice":"Success","damage_taken":3,"relics_obtained":["Pear"],"max_hp_gain":0,"max_hp_loss":0,"event_name":"Scrap Ooze","floor":13,"gold_loss":0},{"damage_healed":0,"gold_gain":0,"player_choice":"Obtained Book","damage_taken":16,"max_hp_gain":0,"max_hp_loss":0,"event_name":"Cursed Tome","floor":20,"gold_loss":0},{"cards_removed":["Auto Shields"],"damage_healed":0,"gold_gain":0,"player_choice":"Removed Skill","damage_taken":0,"max_hp_gain":0,"max_hp_loss":0,"event_name":"Falling","floor":38,"gold_loss":0},{"damage_healed":0,"gold_gain":0,"player_choice":"Ignored","damage_taken":0,"max_hp_gain":0,"max_hp_loss":0,"event_name":"Tomb of Lord Red Mask","floor":41,"gold_loss":0}],"is_beta":false,"boss_relics":[{"not_picked":["Pandora\u0027s Box","Velvet Choker","Snecko Eye"]},{"not_picked":["Inserter","SlaversCollar"],"picked":"FrozenCore"}],"items_purged_floors":[12,24,53],"is_endless":false,"potions_floor_spawned":[1,4,14,18,22,30,31,33,37,40,47],"killed_by":"Shield and Spear","ascension_level":0}}