{"host":"0azimyi6n3ugndj4","time":1609542616,"event":{"mods":["2.2 Compatiblity","BaseMod","Bestiary","Conspire","Curses Come First","Defuse TimeMaze Blight","Hermit","Hyrulean Relics","Infinite Spire","Minty Spire (QoL Compilation)","Relic Stats","Replay The Spire","StSLib","SuperFastMode","The Cursed","Uncapped","¡¼?Úª?ø«¡½REMEMod"],"gold_per_floor":[135,135,135,135,135,135,135],"floor_reached":6,"playtime":69,"items_purged":[],"score":264,"play_id":"ceedb58c-8d40-4f0b-9090-28b09a9c84c8","local_time":"20210102081016","daily_mods":["SealedDeck","Hoarder","Insanity","Chimera","Specialized","Vintage","ControlledChaos","Allstar","Heirloom","Time Dilation","Flight","Elite Swarm","Lethality","Midas","Binary"],"is_ascension_mode":true,"campfire_choices":[],"circlet_count":0,"master_deck":["Demon Form","Wraith Form v2","Echo Form","DevaForm","AscendersBane","Bash","Survivor","Zap","Strike_R","Strike_G","Strike_B","Defend_R","Defend_G","Defend_P","Cold Snap","Scrape","Aggregate","Stack","REME_Compress","Undo","Barrage","ReplaySolidLightProjector","Streamline","Conserve Battery","Skim","BasicCrystalCard","Auto Shields","ReplayGash","REME_SelfUpgrade","Sweeping Beam","Streamline","Hologram","BasicCrystalCard","Ball Lightning","Gash","Loop","White Noise","Darkness","Force Field","Leap","Genetic Algorithm","Recycle","Leap","Redo","Capacitor","Redo","White Noise","Beam Cell","Reprogram","Barrage","Auto Shields","Ball Lightning","conspire:SharedLibrary","Panic Button","Gash","Static Discharge","Rebound","Redo","Beam Cell","REME_Compress","Panic Button","Cold Snap","Sweeping Beam","Sweeping Beam","Rebound","Rebound","Rebound","Rebound","Rebound","Rebound","Rebound","Rebound","Rebound","Rebound","Rebound","Rebound","Rebound","Rebound","Force Field","Force Field","Force Field","Conserve Battery","Conserve Battery","Conserve Battery","Conserve Battery","Conserve Battery","Conserve Battery","Go for the Eyes","Go for the Eyes","Go for the Eyes","Leap","Leap","Leap","Double Energy","Double Energy","Double Energy","Beam Cell","Beam Cell","Beam Cell","Turbo","Turbo","Turbo","Melter","Melter","Melter","Genetic Algorithm","Genetic Algorithm","Genetic Algorithm","ReplayTheSpireMod:System Scan","ReplayTheSpireMod:System Scan","ReplayTheSpireMod:System Scan"],"relics":["Cracked Core","Frozen Eye","Busted Crown","REME_ComplimentaryCards","Replay:Kaleidoscope","Gremlin Food"],"acts_visited":["Exordium"],"potions_floor_usage":[],"damage_taken":[{"damage":27,"enemies":"Small Slimes","floor":1,"turns":4},{"damage":33,"enemies":"Gremlin Nob","floor":6,"turns":3}],"seed_played":"763774774736801572","potions_obtained":[],"is_trial":true,"path_per_floor":["M","?","?","?","$","E"],"character_chosen":"DEFECT","items_purchased":[],"campfire_rested":0,"item_purchase_floors":[],"current_hp_per_floor":[37,30,30,30,30,0,0],"gold":135,"neow_bonus":"","is_daily":false,"chose_seed":false,"campfire_upgraded":0,"win_rate":0.0,"timestamp":1609542616,"path_taken":["M","?","?","?","?","E"],"items_purchased_type":[],"build_version":"2020-12-22","purchased_purges":0,"victory":false,"max_hp_per_floor":[71,71,71,71,71,71,71],"relic_stats":{"Busted Crown":0,"counters":[2,7],"obtain_stats":[{"Gremlin Food":1,"Frozen Eye":0,"Busted Crown":0,"Replay:Kaleidoscope":0,"Cracked Core":0,"REME_ComplimentaryCards":0},{"Gremlin Food":1,"Frozen Eye":0,"Busted Crown":0,"Replay:Kaleidoscope":0,"Cracked Core":0,"REME_ComplimentaryCards":0},{"Gremlin Food":4,"Frozen Eye":0,"Busted Crown":0,"Replay:Kaleidoscope":0,"Cracked Core":0,"REME_ComplimentaryCards":0}]},"card_choices":[],"player_experience":1490472,"relics_obtained":[{"floor":1,"key":"Gremlin Food"}],"event_choices":[{"cards_removed":["Eruption"],"damage_healed":0,"gold_gain":0,"player_choice":"Card Removal","damage_taken":7,"max_hp_gain":0,"max_hp_loss":0,"event_name":"Golden Wing","floor":2,"gold_loss":0},{"damage_healed":0,"gold_gain":0,"player_choice":"Ignored","damage_taken":0,"max_hp_gain":0,"max_hp_loss":0,"event_name":"Shining Light","floor":3,"gold_loss":0}],"is_beta":false,"boss_relics":[],"items_purged_floors":[],"is_endless":false,"potions_floor_spawned":[],"killed_by":"Gremlin Nob","ascension_level":20}}