{"host":"gopu3kmfaoww0llm","time":1609514051,"event":{"mods":["BaseMod","DeckTracker","Minty Spire (QoL Compilation)","Quick Restart","StSLib","SuperFastMode"],"gold_per_floor":[113,129,279,290,14,14,27,46,46,80,80,113,113,136,136,229,229,250,273,273,286,21,52,52,71,71,71,90,90,140,190,190,267,267,296,346,360,372,440,440,440],"floor_reached":40,"playtime":673,"items_purged":["Doubt"],"score":836,"play_id":"f7a8228d-f553-4b82-8163-c802026b9f3a","local_time":"20210102001411","is_ascension_mode":true,"campfire_choices":[{"data":"Apotheosis","floor":6.0,"key":"SMITH"},{"floor":15.0,"key":"REST"},{"data":"Master of Strategy","floor":27.0,"key":"SMITH"},{"floor":32.0,"key":"REST"}],"circlet_count":0,"master_deck":["AscendersBane","Strike_P","Strike_P","Defend_P","Defend_P","Defend_P","Defend_P","Eruption+1","Vigilance+1","SashWhip","FlurryOfBlows","Brilliance","Apotheosis+1","WheelKick+1","Vault","Master of Strategy+1","FlurryOfBlows","InnerPeace","Madness","Madness"],"relics":["PureWater","NeowsBlessing","Singing Bowl","Yang","Vajra","Bloody Idol","Empty Cage","Juzu Bracelet","CeramicFish","SsserpentHead","SacredBark"],"acts_visited":["Exordium","TheCity","TheBeyond"],"potions_floor_usage":[],"damage_taken":[{"damage":0.0,"enemies":"Cultist","floor":1.0,"turns":1.0},{"damage":0.0,"enemies":"2 Louse","floor":2.0,"turns":1.0},{"damage":0.0,"enemies":"Small Slimes","floor":4.0,"turns":1.0},{"damage":8.0,"enemies":"Exordium Wildlife","floor":7.0,"turns":4.0},{"damage":0.0,"enemies":"Exordium Thugs","floor":8.0,"turns":3.0},{"damage":15.0,"enemies":"3 Sentries","floor":10.0,"turns":4.0},{"damage":8.0,"enemies":"Gremlin Nob","floor":12.0,"turns":3.0},{"damage":3.0,"enemies":"Looter","floor":14.0,"turns":3.0},{"damage":8.0,"enemies":"Hexaghost","floor":16.0,"turns":7.0},{"damage":27.0,"enemies":"2 Thieves","floor":18.0,"turns":4.0},{"damage":0.0,"enemies":"Chosen","floor":19.0,"turns":3.0},{"damage":3.0,"enemies":"Centurion and Healer","floor":21.0,"turns":3.0},{"damage":5.0,"enemies":"Book of Stabbing","floor":23.0,"turns":4.0},{"damage":5.0,"enemies":"Snecko","floor":25.0,"turns":4.0},{"damage":11.0,"enemies":"Snake Plant","floor":28.0,"turns":3.0},{"damage":11.0,"enemies":"Automaton","floor":33.0,"turns":7.0},{"damage":8.0,"enemies":"3 Shapes","floor":35.0,"turns":4.0},{"damage":0.0,"enemies":"Orb Walker","floor":37.0,"turns":2.0},{"damage":56.0,"enemies":"Writhing Mass","floor":38.0,"turns":8.0},{"damage":92,"enemies":"Nemesis","floor":40,"turns":8}],"seed_played":"8695549391120089468","potions_obtained":[{"floor":1.0,"key":"FairyPotion"},{"floor":7.0,"key":"SneckoOil"},{"floor":8.0,"key":"LiquidBronze"},{"floor":16.0,"key":"Ambrosia"},{"floor":21.0,"key":"LiquidMemories"},{"floor":23.0,"key":"CultistPotion"},{"floor":35.0,"key":"ColorlessPotion"}],"is_trial":false,"path_per_floor":["M","M","?","M","$","R","M","M","T","E","?","E","?","M","R","B",null,"M","M","?","M","$","E","$","M","T","R","M","?","?","?","R","B",null,"M","?","M","M","?","E"],"character_chosen":"WATCHER","items_purchased":["Apotheosis","Master of Strategy","FlurryOfBlows"],"campfire_rested":2,"item_purchase_floors":[5,22,22],"current_hp_per_floor":[61,61,61,61,61,61,53,53,53,40,19,13,13,12,32,24,56,31,33,33,32,32,29,29,26,26,26,17,17,17,17,40,36,70,72,77,83,34,34,0,0],"gold":440,"neow_bonus":"THREE_ENEMY_KILL","is_daily":false,"chose_seed":false,"campfire_upgraded":2,"win_rate":0.0,"timestamp":1609514051,"path_taken":["M","?","?","M","$","R","M","M","T","E","?","E","?","M","R","BOSS","M","M","?","M","$","E","?","M","T","R","M","?","?","?","R","BOSS","M","?","M","M","?","E"],"items_purchased_type":["Card","Card","Card"],"build_version":"2020-12-22","purchased_purges":1,"victory":false,"max_hp_per_floor":[68,68,68,68,68,68,68,68,68,70,70,72,65,67,67,67,67,69,71,71,73,73,75,75,77,77,77,79,79,79,79,79,81,81,81,81,83,85,85,85,85],"card_choices":[{"not_picked":["Crescendo","CutThroughFate"],"picked":"SashWhip","floor":1.0},{"not_picked":["Study","FlyingSleeves"],"picked":"FlurryOfBlows","floor":2.0},{"not_picked":["Prostrate","SandsOfTime"],"picked":"Brilliance","floor":4.0},{"not_picked":["Consecrate","Vengeance","EmptyFist"],"picked":"SKIP","floor":7.0},{"not_picked":["Weave","CarveReality"],"picked":"WheelKick","floor":8.0},{"not_picked":["FlurryOfBlows","Evaluate","FollowUp"],"picked":"Singing Bowl","floor":10.0},{"not_picked":["WreathOfFlame","WaveOfTheHand","SashWhip"],"picked":"Singing Bowl","floor":12.0},{"not_picked":["ClearTheMind","JustLucky","Crescendo"],"picked":"Singing Bowl","floor":14.0},{"not_picked":["Alpha","Ragnarok"],"picked":"Vault","floor":16.0},{"not_picked":["BattleHymn","Evaluate","CutThroughFate+1"],"picked":"Singing Bowl","floor":18.0},{"not_picked":["Crescendo","CrushJoints","ClearTheMind+1"],"picked":"Singing Bowl","floor":19.0},{"not_picked":["Nirvana+1","ClearTheMind","Wireheading"],"picked":"Singing Bowl","floor":21.0},{"not_picked":["WindmillStrike","Worship","JustLucky"],"picked":"Singing Bowl","floor":23.0},{"not_picked":["ForeignInfluence","Perseverance","FlurryOfBlows+1"],"picked":"Singing Bowl","floor":25.0},{"not_picked":["CrushJoints","BowlingBash+1","SashWhip"],"picked":"Singing Bowl","floor":28.0},{"not_picked":["Brilliance","Judgement","Blasphemy"],"picked":"Singing Bowl","floor":33.0},{"not_picked":["Protect+1","FlurryOfBlows"],"picked":"InnerPeace","floor":35.0},{"not_picked":["Evaluate","BowlingBash+1","EmptyFist"],"picked":"Singing Bowl","floor":37.0},{"not_picked":["ThirdEye+1","Vengeance+1","EmptyBody"],"picked":"Singing Bowl","floor":38.0}],"player_experience":2899059,"relics_obtained":[{"floor":9.0,"key":"Singing Bowl"},{"floor":10.0,"key":"Yang"},{"floor":12.0,"key":"Vajra"},{"floor":23.0,"key":"Juzu Bracelet"},{"floor":26.0,"key":"CeramicFish"}],"event_choices":[{"damage_healed":0.0,"max_hp_gain":0.0,"max_hp_loss":0.0,"gold_gain":150.0,"event_name":"Liars Game","player_choice":"AGREE","floor":3.0,"gold_loss":0.0,"damage_taken":0.0,"cards_obtained":["Doubt"]},{"damage_healed":0.0,"max_hp_gain":0.0,"max_hp_loss":0.0,"gold_gain":0.0,"event_name":"Shining Light","player_choice":"Entered Light","floor":11.0,"gold_loss":0.0,"damage_taken":21.0,"cards_upgraded":["WheelKick","Vigilance"]},{"damage_healed":0.0,"max_hp_gain":0.0,"max_hp_loss":7.0,"gold_gain":0.0,"event_name":"Golden Idol","player_choice":"Lose Max HP","floor":13.0,"gold_loss":0.0,"damage_taken":0.0,"relics_obtained":["Golden Idol"]},{"damage_healed":0.0,"max_hp_gain":0.0,"max_hp_loss":0.0,"gold_gain":0.0,"event_name":"Upgrade Shrine","player_choice":"Upgraded","floor":20.0,"gold_loss":0.0,"damage_taken":0.0,"cards_upgraded":["Eruption"]},{"damage_healed":0.0,"max_hp_gain":0.0,"max_hp_loss":0.0,"gold_gain":0.0,"event_name":"FaceTrader","player_choice":"Trade","floor":29.0,"gold_loss":0.0,"damage_taken":0.0,"relics_obtained":["SsserpentHead"]},{"damage_healed":0.0,"max_hp_gain":0.0,"max_hp_loss":0.0,"gold_gain":0.0,"event_name":"Vampires","player_choice":"Ignored","floor":30.0,"gold_loss":0.0,"damage_taken":0.0},{"damage_healed":0.0,"max_hp_gain":0.0,"max_hp_loss":0.0,"gold_gain":0.0,"event_name":"Forgotten Altar","player_choice":"Gave Idol","floor":31.0,"relics_lost":["Golden Idol"],"gold_loss":0.0,"damage_taken":0.0,"relics_obtained":["Bloody Idol"]},{"damage_healed":0.0,"max_hp_gain":0.0,"max_hp_loss":0.0,"gold_gain":0.0,"event_name":"Tomb of Lord Red Mask","player_choice":"Ignored","floor":36.0,"gold_loss":0.0,"damage_taken":0.0},{"damage_healed":0.0,"max_hp_gain":0.0,"max_hp_loss":0.0,"gold_gain":0.0,"event_name":"Winding Halls","player_choice":"Embrace Madness","floor":39.0,"gold_loss":0.0,"damage_taken":15.0,"cards_obtained":["Madness","Madness"]}],"is_beta":false,"boss_relics":[{"not_picked":["Sozu","Runic Dome"],"picked":"Empty Cage"},{"not_picked":["Velvet Choker","Philosopher\u0027s Stone"],"picked":"SacredBark"}],"items_purged_floors":[5],"is_endless":false,"potions_floor_spawned":[1,7,8,12,16,18,21,23,25,35],"killed_by":"Nemesis","ascension_level":20}}