{"host":"hwrdjx5eod2cxh09","time":1609535543,"event":{"mods":["AchievementEnabler","BaseMod","Bestiary","Minty Spire (QoL Compilation)","Relic Stats"],"gold_per_floor":[114,125,125,136,136,136,39,55,55,55,90,108,108,122,122,219,219,159,159,159,159,159,159,159,159,159,159,159,159,159,159,159,159,159,159,159,159,159,159,159,35,35,35,35,35,35,35,35,35,35,35,35,10,10,10,10],"floor_reached":55,"playtime":3742,"items_purged":["Parasite"],"score":722,"play_id":"ec6ae53f-25d3-4c6e-8a5d-585cec4235a7","local_time":"20210102061223","is_ascension_mode":false,"campfire_choices":[{"data":"Go for the Eyes","floor":6.0,"key":"SMITH"},{"data":"Coolheaded","floor":10.0,"key":"SMITH"},{"data":"Defragment","floor":15.0,"key":"SMITH"},{"floor":28,"key":"REST"},{"floor":32,"key":"REST"},{"floor":40,"key":"RECALL"},{"data":"Blizzard","floor":42,"key":"SMITH"},{"floor":49,"key":"REST"},{"data":"Defragment","floor":52,"key":"SMITH"}],"circlet_count":0,"master_deck":["Defend_B","Defend_B","Defend_B","Zap","Dualcast","Go for the Eyes+1","Chill","Coolheaded+1","Auto Shields","Defragment+1","Turbo","Machine Learning","Capacitor","Barrage","BootSequence","Steam","Defragment+1","Blizzard+1","Skim","Core Surge","Coolheaded+1","Core Surge","Defragment+1","Glacier","Defragment","Skim","Streamline","Seek"],"relics":["Cracked Core","Pantograph","Sundial","Ectoplasm","Pear","Potion Belt","Darkstone Periapt","Empty Cage","PreservedInsect","Letter Opener","Kunai"],"acts_visited":["Exordium","TheCity","TheBeyond","TheEnding"],"potions_floor_usage":[19,25,31,46,47,47,55,55],"damage_taken":[{"damage":7.0,"enemies":"Small Slimes","floor":1.0,"turns":3.0},{"damage":0.0,"enemies":"2 Louse","floor":2.0,"turns":4.0},{"damage":0.0,"enemies":"Jaw Worm","floor":4.0,"turns":4.0},{"damage":10.0,"enemies":"Large Slime","floor":8.0,"turns":9.0},{"damage":14.0,"enemies":"Lagavulin","floor":11.0,"turns":10.0},{"damage":0.0,"enemies":"2 Fungi Beasts","floor":12.0,"turns":5.0},{"damage":0.0,"enemies":"3 Louse","floor":14.0,"turns":4.0},{"damage":1.0,"enemies":"Slime Boss","floor":16.0,"turns":10.0},{"damage":1,"enemies":"2 Thieves","floor":18,"turns":4},{"damage":0,"enemies":"3 Byrds","floor":19,"turns":3},{"damage":10,"enemies":"Snake Plant","floor":20,"turns":6},{"damage":0,"enemies":"3 Cultists","floor":21,"turns":6},{"damage":2,"enemies":"Centurion and Healer","floor":22,"turns":9},{"damage":29,"enemies":"Gremlin Leader","floor":23,"turns":9},{"damage":14,"enemies":"Shelled Parasite and Fungi","floor":24,"turns":7},{"damage":11,"enemies":"Slavers","floor":25,"turns":9},{"damage":16,"enemies":"Snake Plant","floor":27,"turns":7},{"damage":14,"enemies":"Cultist and Chosen","floor":31,"turns":7},{"damage":9,"enemies":"Collector","floor":33,"turns":14},{"damage":20,"enemies":"Orb Walker","floor":35,"turns":5},{"damage":8,"enemies":"3 Darklings","floor":36,"turns":6},{"damage":5,"enemies":"Transient","floor":37,"turns":5},{"damage":6,"enemies":"Writhing Mass","floor":39,"turns":12},{"damage":1,"enemies":"Sphere and 2 Shapes","floor":44,"turns":8},{"damage":10,"enemies":"4 Shapes","floor":46,"turns":5},{"damage":2,"enemies":"Nemesis","floor":47,"turns":9},{"damage":0,"enemies":"Maw","floor":48,"turns":11},{"damage":20,"enemies":"Donu and Deca","floor":50,"turns":14},{"damage":68,"enemies":"Shield and Spear","floor":54,"turns":8},{"damage":46,"enemies":"The Heart","floor":55,"turns":5}],"seed_played":"-7597811969784923913","potions_obtained":[{"floor":4.0,"key":"SteroidPotion"},{"floor":8.0,"key":"LiquidBronze"},{"floor":11.0,"key":"EssenceOfDarkness"},{"floor":16.0,"key":"SkillPotion"},{"floor":20,"key":"LiquidMemories"},{"floor":25,"key":"Ancient Potion"},{"floor":35,"key":"BlessingOfTheForge"},{"floor":37,"key":"PotionOfCapacity"},{"floor":46,"key":"Swift Potion"},{"floor":48,"key":"Energy Potion"}],"is_trial":false,"path_per_floor":["M","M","?","M","?","R","$","M","T","R","E","M","T","M","R","B",null,"M","M","M","M","M","E","M","E","T","M","R","?","?","M","R","B",null,"M","M","M","?","M","R","$","R","T","M","$","M","E","M","R","B",null,"R","$","E","B"],"character_chosen":"DEFECT","items_purchased":["Dexterity Potion","Coolheaded","Swift Potion","Streamline"],"campfire_rested":3,"item_purchase_floors":[7,7,41,53],"current_hp_per_floor":[47,47,40,40,40,40,40,30,30,30,16,16,16,16,16,40,75,74,74,64,64,62,43,29,18,18,2,27,27,27,13,38,54,85,65,57,52,52,52,52,52,52,52,51,51,41,39,39,65,68,88,88,88,20,0,0],"gold":10,"neow_bonus":"REMOVE_TWO","is_daily":false,"chose_seed":false,"campfire_upgraded":5,"win_rate":0.0,"timestamp":1609535543,"path_taken":["M","M","?","M","?","R","$","M","T","R","E","M","?","M","R","BOSS","M","M","M","M","M","E","M","E","T","M","R","?","?","M","R","BOSS","M","M","M","?","M","R","?","R","T","M","$","M","E","M","R","BOSS","R","$","E","BOSS"],"items_purchased_type":["Potion","Card","Potion","Card"],"build_version":"2020-12-22","purchased_purges":1,"victory":false,"max_hp_per_floor":[75,75,75,75,75,75,75,75,75,75,75,75,75,75,75,75,75,75,75,75,75,75,85,85,85,85,85,85,85,85,85,85,85,85,85,85,85,85,91,91,88,88,88,88,88,88,88,88,88,88,88,88,88,88,88,88],"relic_stats":{"Darkstone Periapt":6,"counters":[30,218],"Sundial":[52],"Pantograph":98,"Ectoplasm":464,"PreservedInsect":115,"Letter Opener":[113],"Kunai":[0],"obtain_stats":[{"Potion Belt":25,"Darkstone Periapt":26,"Pear":23,"Sundial":11,"Pantograph":9,"Ectoplasm":17,"PreservedInsect":43,"Letter Opener":47,"Kunai":54,"Cracked Core":0,"Empty Cage":34},{"Potion Belt":16,"Darkstone Periapt":16,"Pear":14,"Sundial":5,"Pantograph":4,"Ectoplasm":8,"PreservedInsect":23,"Letter Opener":26,"Kunai":29,"Cracked Core":0,"Empty Cage":19},{"Potion Belt":102,"Darkstone Periapt":102,"Pear":86,"Sundial":30,"Pantograph":20,"Ectoplasm":49,"PreservedInsect":158,"Letter Opener":180,"Kunai":213,"Cracked Core":0,"Empty Cage":130}]},"card_choices":[{"not_picked":["Hologram","Rebound"],"picked":"Go for the Eyes","floor":1.0},{"not_picked":["Compile Driver","Fusion"],"picked":"Chill","floor":2.0},{"not_picked":["Chaos","Stack","Melter"],"picked":"SKIP","floor":4.0},{"not_picked":["Sweeping Beam","Conserve Battery"],"picked":"Auto Shields","floor":8.0},{"not_picked":["Barrage","Rip and Tear"],"picked":"Defragment","floor":11.0},{"not_picked":["Reprogram","Ball Lightning","Sweeping Beam"],"picked":"SKIP","floor":12.0},{"not_picked":["Sweeping Beam","Steam"],"picked":"Turbo","floor":14.0},{"not_picked":["Buffer","Amplify"],"picked":"Machine Learning","floor":16.0},{"not_picked":["Gash","Barrage"],"picked":"Capacitor","floor":18},{"not_picked":["Turbo","Force Field","Cold Snap+1"],"picked":"SKIP","floor":19},{"not_picked":["Gash","Cold Snap+1"],"picked":"Barrage","floor":20},{"not_picked":["Stack","Sweeping Beam+1"],"picked":"BootSequence","floor":21},{"not_picked":["Heatsinks","Rainbow","Recycle"],"picked":"SKIP","floor":22},{"not_picked":["Coolheaded","Undo","Amplify"],"picked":"SKIP","floor":23},{"not_picked":["Gash","Turbo","Barrage"],"picked":"SKIP","floor":24},{"not_picked":["Sweeping Beam","Barrage"],"picked":"Steam","floor":25},{"not_picked":["Beam Cell","Streamline+1"],"picked":"Defragment","floor":27},{"not_picked":["Turbo+1","Rebound"],"picked":"Skim","floor":31},{"not_picked":["Buffer","Meteor Strike"],"picked":"Core Surge","floor":33},{"not_picked":["Conserve Battery+1","Turbo"],"picked":"Coolheaded+1","floor":35},{"not_picked":["Gash+1","Compile Driver+1","White Noise"],"picked":"SKIP","floor":36},{"not_picked":["Recycle","Compile Driver","Amplify"],"picked":"SKIP","floor":37},{"not_picked":["Leap","Undo+1"],"picked":"Defragment+1","floor":39},{"not_picked":["Sweeping Beam","Cold Snap+1"],"picked":"Glacier","floor":44},{"not_picked":["Self Repair","Streamline+1"],"picked":"Defragment","floor":46},{"not_picked":["Turbo+1","Chaos+1"],"picked":"Skim","floor":47},{"not_picked":["Go for the Eyes","Leap","Loop"],"picked":"SKIP","floor":48},{"not_picked":["Force Field+1","Hello World"],"picked":"Seek","floor":54}],"player_experience":156906,"relics_obtained":[{"floor":9.0,"key":"Pantograph"},{"floor":11.0,"key":"Sundial"},{"floor":23,"key":"Pear"},{"floor":25,"key":"Potion Belt"},{"floor":26,"key":"Darkstone Periapt"},{"floor":43,"key":"PreservedInsect"},{"floor":47,"key":"Letter Opener"},{"floor":54,"key":"Kunai"}],"event_choices":[{"cards_removed":["Strike_B"],"damage_healed":0.0,"max_hp_gain":0.0,"max_hp_loss":0.0,"gold_gain":0.0,"event_name":"Golden Wing","player_choice":"Card Removal","floor":3.0,"gold_loss":0.0,"damage_taken":7.0},{"damage_healed":0.0,"max_hp_gain":0.0,"max_hp_loss":0.0,"gold_gain":0.0,"event_name":"Liars Game","player_choice":"Ignored","floor":5.0,"gold_loss":0.0,"damage_taken":0.0},{"damage_healed":0,"gold_gain":0,"player_choice":"Ignored","damage_taken":0,"max_hp_gain":0,"max_hp_loss":0,"event_name":"The Mausoleum","floor":29,"gold_loss":0},{"damage_healed":0,"gold_gain":0,"player_choice":"Read","damage_taken":0,"max_hp_gain":0,"max_hp_loss":0,"event_name":"The Library","floor":30,"gold_loss":0,"cards_obtained":["Blizzard"]},{"damage_healed":0,"gold_gain":0,"player_choice":"1 cards matched","damage_taken":0,"max_hp_gain":0,"max_hp_loss":0,"event_name":"Match and Keep!","floor":38,"gold_loss":0,"cards_obtained":["Core Surge"]}],"is_beta":false,"boss_relics":[{"not_picked":["SlaversCollar","Philosopher\u0027s Stone"],"picked":"Ectoplasm"},{"not_picked":["Sozu","Runic Dome"],"picked":"Empty Cage"}],"items_purged_floors":[41],"is_endless":false,"potions_floor_spawned":[4,8,11,16,20,21,23,24,25,35,37,46,48],"killed_by":"The Heart","ascension_level":0}}