{"host":"l017gercouzhorma","time":1609498793,"event":{"mods":["AchievementEnabler","Aspiration","BaseMod","Challenge The Spire","Conspire","Downfall","Halation","Hermit","Hubris","Infinite Spire","Jorbs\u0027s Wanderer Trilogy","Mad Scientist","Marisa????????","Mimic Mod","Minty Spire (QoL Compilation)","Random Character Button","Rare Cards Sparkle","Relic Stats","Replay The Spire","Shade Mod","StSLib","The Cursed","The Disciple","The Hierophant","The Jungle","The Runesmith","The Servant 0.9.4"],"gold_per_floor":[110,110,36,49,67,102,112,112,183,183,198,198,224,174,174,273,273,284,230,243,243,243],"floor_reached":21,"playtime":1852,"items_purged":[],"score":227,"play_id":"0086d8fa-bc36-44ff-ac52-44e82b6a6e7c","local_time":"20210101035953","is_ascension_mode":true,"campfire_choices":[{"data":"Dual Wield","floor":10,"key":"SMITH"},{"floor":12,"key":"REST"},{"data":"Armaments","floor":15,"key":"SMITH"}],"circlet_count":0,"master_deck":["Strike_R","Strike_R","Strike_R","Strike_R","Defend_R","Defend_R","Defend_R","Defend_R","Bash","Metallicize","Dual Wield+1","Armaments+1","hubris:DuctTapeCard","Metallicize","Berserk","Limit Break","Feel No Pain","Life Link","Warcry+1"],"relics":["Burning Blood","NeowsBlessing","hubris:ToyBattleship","hubris:DuctTape","infinitespire:FocusingShard","halation:BottledLove","Coffee Dripper"],"acts_visited":["Exordium","TheCity"],"potions_floor_usage":[11,13],"damage_taken":[{"damage":0,"enemies":"Jaw Worm","floor":1,"turns":1},{"damage":0,"enemies":"Small Slimes","floor":4,"turns":1},{"damage":0,"enemies":"Cultist","floor":5,"turns":1},{"damage":50,"enemies":"Gremlin Nob","floor":6,"turns":6},{"damage":12,"enemies":"Red Slaver","floor":7,"turns":5},{"damage":23,"enemies":"Large Slime","floor":11,"turns":8},{"damage":19,"enemies":"3 Sentries","floor":13,"turns":7},{"damage":36,"enemies":"Fading Forest","floor":16,"turns":11},{"damage":37,"enemies":"Shell Parasite","floor":18,"turns":7},{"damage":41,"enemies":"Spheric Guardian","floor":20,"turns":6},{"damage":20,"enemies":"Snecko","floor":21,"turns":5}],"seed_played":"-7099199838667554913","potions_obtained":[{"floor":4,"key":"FairyPotion"},{"floor":5,"key":"Adrenaline Potion"},{"floor":7,"key":"Elixir"},{"floor":20,"key":"Venom Potion"}],"is_trial":false,"path_per_floor":["M","?","$","M","M","E","M","T","T","R","M","R","E","?","R","B",null,"M","$","M","M"],"character_chosen":"IRONCLAD","items_purchased":["Metallicize","Life Link"],"campfire_rested":1,"item_purchase_floors":[3,19],"current_hp_per_floor":[80,80,80,80,80,36,30,30,30,30,13,37,24,24,24,10,80,49,49,14,24,24],"gold":243,"neow_bonus":"THREE_ENEMY_KILL","is_daily":false,"chose_seed":false,"campfire_upgraded":2,"win_rate":0.0,"timestamp":1609498793,"path_taken":["M","?","?","M","?","E","M","?","T","R","M","R","E","?","R","BOSS","M","$","M","M"],"items_purchased_type":["Card","Card"],"build_version":"2020-12-22","purchased_purges":0,"victory":false,"max_hp_per_floor":[80,80,80,80,80,80,80,80,80,80,80,80,80,80,80,80,80,80,80,80,80,80],"relic_stats":{"counters":[11,58],"obtain_stats":[{"NeowsBlessing":0,"hubris:DuctTape":8,"halation:BottledLove":13,"infinitespire:FocusingShard":9,"hubris:ToyBattleship":6,"Coffee Dripper":17,"Burning Blood":0},{"NeowsBlessing":0,"hubris:DuctTape":5,"halation:BottledLove":7,"infinitespire:FocusingShard":5,"hubris:ToyBattleship":4,"Coffee Dripper":8,"Burning Blood":0},{"NeowsBlessing":0,"hubris:DuctTape":14,"halation:BottledLove":29,"infinitespire:FocusingShard":14,"hubris:ToyBattleship":9,"Coffee Dripper":40,"Burning Blood":0}],"Burning Blood":42},"card_choices":[{"not_picked":["Searing Blow","Thunderclap"],"picked":"Rampage","floor":1},{"not_picked":["ReplayTheSpireMod:LeadingStrike","True Grit"],"picked":"Iron Wave","floor":4},{"not_picked":["conspire:ExplosiveBarrier","Perfected Strike"],"picked":"Dual Wield","floor":5},{"not_picked":["Thunderclap","Rampage"],"picked":"Armaments","floor":6},{"not_picked":["Iron Wave","Heavy Blade","Replay:Undeath\u0027s Touch"],"picked":"SKIP","floor":7},{"not_picked":["Disarm","Rage"],"picked":"Metallicize","floor":11},{"not_picked":["ReplayTheSpireMod:Limb From Limb","ReplayTheSpireMod:Stacked","Berserk"],"picked":"SKIP","floor":13},{"not_picked":["ReplayTheSpireMod:Limb From Limb","ReplayTheSpireMod:Stacked"],"picked":"Berserk","floor":13},{"not_picked":["Exhume","hubris:StunningStrike"],"picked":"Limit Break","floor":16},{"not_picked":["ReplayTheSpireMod:LeadingStrike","Headbutt"],"picked":"Feel No Pain","floor":18},{"not_picked":["Defy Death","Thunderclap+1"],"picked":"Warcry+1","floor":20}],"player_experience":834422,"relics_obtained":[{"floor":6,"key":"hubris:ToyBattleship"},{"floor":8,"key":"hubris:DuctTape"},{"floor":9,"key":"infinitespire:FocusingShard"},{"floor":13,"key":"halation:BottledLove"}],"event_choices":[{"damage_healed":0,"gold_gain":0,"player_choice":"0 cards matched","damage_taken":0,"max_hp_gain":0,"max_hp_loss":0,"event_name":"Match and Keep!","floor":2,"gold_loss":0,"cards_obtained":[]},{"cards_removed":["Strike_R"],"damage_healed":0,"gold_gain":0,"player_choice":"Card Removal","damage_taken":0,"max_hp_gain":0,"max_hp_loss":0,"event_name":"The Cleric","floor":14,"gold_loss":50}],"is_beta":false,"boss_relics":[{"not_picked":["Velvet Choker","halation:CatFaceCupcake"],"picked":"Coffee Dripper"}],"items_purged_floors":[],"is_endless":false,"potions_floor_spawned":[4,5,7,20],"killed_by":"Snecko","ascension_level":4}}