{"host":"d8hh7rr4yzitjeuj","time":1609523073,"event":{"mods":["2.2 Compatiblity","AchievementEnabler","BaseMod","CapriCore","Colored Map","Colored Powertips","Highlight Path","Keyboard Shortcuts","Minty Spire (QoL Compilation)","Permanent Neow","Quick Restart","StSLib","SuperFastMode"],"gold_per_floor":[109,127,139,153,123,123,134,160,160,192,35,35,69,87,87,164,164,180,180,192,203,223,250,250,270,270,270,280,280,280,153,153,153,153],"floor_reached":33,"playtime":1108,"items_purged":[],"score":603,"play_id":"9af1a046-d0dd-4f59-8f20-e47a8aa42cb5","local_time":"20210102024433","is_ascension_mode":true,"campfire_choices":[{"data":"Zap","floor":6.0,"key":"SMITH"},{"floor":12.0,"key":"REST"},{"floor":15,"key":"REST"},{"floor":24,"key":"REST"},{"data":"Hologram","floor":29,"key":"SMITH"},{"floor":32,"key":"REST"}],"circlet_count":0,"master_deck":["AscendersBane","Strike_B","Strike_B","Defend_B","Defend_B","Defend_B","Defend_B","Zap+1","Dualcast","Undo","Conserve Battery","Sweeping Beam","Cold Snap","Rebound","Compile Driver","White Noise","Beam Cell","Beam Cell","Coolheaded","Barrage","All For One","CurseOfTheBell","Gash","Electrodynamics","FTL","Steam","Streamline+1","Stack","Gash","Self Repair","Skim+1","Go for the Eyes","Steam+1","Turbo","Hologram+1","Reinforced Body","FTL"],"relics":["Cracked Core","Lizard Tail","Shuriken","Prayer Wheel","OrangePellets","Bottled Flame","Calling Bell","Vajra","Letter Opener","Thread and Needle","Orichalcum","Blue Candle","Nilry\u0027s Codex"],"acts_visited":["TheCity"],"potions_floor_usage":[23,23,28],"damage_taken":[{"damage":2.0,"enemies":"Jaw Worm","floor":1.0,"turns":4.0},{"damage":0.0,"enemies":"Cultist","floor":2.0,"turns":4.0},{"damage":0.0,"enemies":"2 Louse","floor":3.0,"turns":2.0},{"damage":4.0,"enemies":"Red Slaver","floor":4.0,"turns":6.0},{"damage":0.0,"enemies":"2 Fungi Beasts","floor":7.0,"turns":2.0},{"damage":27.0,"enemies":"Lagavulin","floor":8.0,"turns":7.0},{"damage":36.0,"enemies":"Gremlin Nob","floor":10.0,"turns":4.0},{"damage":17.0,"enemies":"3 Sentries","floor":13.0,"turns":7.0},{"damage":10,"enemies":"Lots of Slimes","floor":14,"turns":2},{"damage":12,"enemies":"Hexaghost","floor":16,"turns":9},{"damage":0,"enemies":"Spheric Guardian","floor":18,"turns":4},{"damage":24,"enemies":"Shell Parasite","floor":20,"turns":6},{"damage":19,"enemies":"Snake Plant","floor":21,"turns":5},{"damage":15,"enemies":"Cultist and Chosen","floor":22,"turns":4},{"damage":17,"enemies":"Slavers","floor":23,"turns":5},{"damage":14,"enemies":"Centurion and Healer","floor":25,"turns":6},{"damage":13,"enemies":"Snake Plant","floor":28,"turns":4},{"damage":39,"enemies":"Collector","floor":33,"turns":6}],"seed_played":"4134803453582374269","potions_obtained":[{"floor":2.0,"key":"Regen Potion"},{"floor":4.0,"key":"AttackPotion"},{"floor":10.0,"key":"SteroidPotion"},{"floor":14,"key":"BlessingOfTheForge"},{"floor":21,"key":"Block Potion"},{"floor":27,"key":"SkillPotion"},{"floor":27,"key":"PotionOfCapacity"},{"floor":28,"key":"Energy Potion"}],"is_trial":false,"path_per_floor":["M","M","M","M","?","R","M","E","T","E","$","R","E","M","R","B",null,"M","?","M","M","M","E","R","M","T","?","M","R","?","$","R","B"],"character_chosen":"DEFECT","items_purchased":["OrangePellets","Reinforced Body","FTL"],"campfire_rested":4,"item_purchase_floors":[11,31,31],"current_hp_per_floor":[62,62,62,58,58,58,58,46,46,10,10,31,14,4,25,13,57,57,57,33,14,35,18,39,32,32,32,33,33,12,12,33,0,0],"gold":153,"neow_bonus":"TRANSFORM_CARD","is_daily":false,"chose_seed":false,"campfire_upgraded":2,"win_rate":0.0,"timestamp":1609523073,"path_taken":["M","M","M","M","?","R","?","E","T","E","?","R","E","M","R","BOSS","M","?","M","?","M","E","R","M","T","?","?","R","?","?","R","BOSS"],"items_purchased_type":["Relic","Card","Card"],"build_version":"2020-12-22","purchased_purges":0,"victory":false,"max_hp_per_floor":[71,71,71,71,71,71,71,71,71,71,71,71,71,71,71,71,71,71,71,71,71,71,71,71,71,71,71,71,71,71,71,71,71,71],"card_choices":[{"not_picked":["Redo","Steam"],"picked":"Conserve Battery","floor":1.0},{"not_picked":["Compile Driver","Skim"],"picked":"Sweeping Beam","floor":2.0},{"not_picked":["Genetic Algorithm","Fusion"],"picked":"Cold Snap","floor":3.0},{"not_picked":["Compile Driver","Steam"],"picked":"Rebound","floor":4.0},{"not_picked":["Genetic Algorithm","Leap"],"picked":"Compile Driver","floor":7.0},{"not_picked":["Scrape","Skim"],"picked":"White Noise","floor":8.0},{"not_picked":["Cold Snap","Rebound"],"picked":"Beam Cell","floor":10.0},{"not_picked":["Lockon","Buffer"],"picked":"Beam Cell","floor":13},{"not_picked":["Genetic Algorithm","Sweeping Beam"],"picked":"Coolheaded","floor":14},{"not_picked":["White Noise","Recycle"],"picked":"Barrage","floor":14},{"not_picked":["Hyperbeam","Buffer"],"picked":"All For One","floor":16},{"not_picked":["Turbo","Streamline"],"picked":"Gash","floor":18},{"not_picked":["Consume","Capacitor","Sunder"],"picked":"SKIP","floor":18},{"not_picked":["Turbo","Steam"],"picked":"FTL","floor":20},{"not_picked":["Conserve Battery","Darkness"],"picked":"Steam","floor":20},{"not_picked":["Rebound","Steam"],"picked":"Streamline+1","floor":21},{"not_picked":["Steam Power","Fusion"],"picked":"Stack","floor":21},{"not_picked":["Storm+1","Undo"],"picked":"Gash","floor":22},{"not_picked":["Leap","Amplify"],"picked":"Self Repair","floor":22},{"not_picked":["Redo","Genetic Algorithm"],"picked":"Skim+1","floor":23},{"not_picked":["Consume","Gash"],"picked":"Go for the Eyes","floor":25},{"not_picked":["Streamline","Cold Snap"],"picked":"Steam+1","floor":25},{"not_picked":["Genetic Algorithm","Leap"],"picked":"Turbo","floor":28},{"not_picked":["Auto Shields","Ball Lightning"],"picked":"Hologram","floor":28}],"player_experience":1391581,"relics_obtained":[{"floor":8.0,"key":"Lizard Tail"},{"floor":9.0,"key":"Shuriken"},{"floor":10.0,"key":"Prayer Wheel"},{"floor":13,"key":"Bottled Flame"},{"floor":17,"key":"Vajra"},{"floor":17,"key":"Letter Opener"},{"floor":17,"key":"Thread and Needle"},{"floor":23,"key":"Orichalcum"},{"floor":26,"key":"Blue Candle"},{"floor":30,"key":"Nilry\u0027s Codex"}],"event_choices":[{"damage_healed":0.0,"max_hp_gain":0.0,"max_hp_loss":0.0,"gold_gain":0.0,"event_name":"The Woman in Blue","player_choice":"Bought 2 Potions","floor":5.0,"gold_loss":0.0,"damage_taken":0.0},{"damage_healed":0,"gold_gain":0,"cards_transformed":["Strike_B"],"player_choice":"Transformed","damage_taken":0,"max_hp_gain":0,"max_hp_loss":0,"event_name":"Transmorgrifier","floor":19,"gold_loss":0,"cards_obtained":["Electrodynamics"]},{"damage_healed":0,"gold_gain":0,"player_choice":"Got Potions","damage_taken":0,"max_hp_gain":0,"max_hp_loss":0,"event_name":"Lab","floor":27,"gold_loss":0},{"damage_healed":0,"gold_gain":0,"player_choice":"Obtained Book","damage_taken":21,"max_hp_gain":0,"max_hp_loss":0,"event_name":"Cursed Tome","floor":30,"gold_loss":0}],"is_beta":false,"boss_relics":[{"not_picked":["Pandora\u0027s Box","Cursed Key"],"picked":"Calling Bell"}],"items_purged_floors":[],"is_endless":false,"potions_floor_spawned":[2,4,7,10,14,21,22,28],"killed_by":"Collector","ascension_level":20}}