{"host":"p7j7o00jacnw7qzt","time":1609493476,"event":{"mods":["BaseMod","Colored Map","Colored Powertips","DeckTracker","Highlight Path","Minty Spire (QoL Compilation)","Relic Stats"],"gold_per_floor":[110,110,110,122,197,197,96,96,96,126,26,52,67,80,80,154,154,171,46,46,96,96,130,150,150,150,150,180,136,161,180,180,256,256,273,273,123,148,148,148,182,196,196,196,196,229,229,262,262,262,262,262,262,62,89,89],"floor_reached":57,"playtime":2027,"items_purged":["Strike_G","Strike_G","Strike_G","Defend_G","Acrobatics+1"],"score":3246,"play_id":"c51530ae-3f3a-45ab-bd8f-7ace714866c5","local_time":"20210101043116","is_ascension_mode":true,"campfire_choices":[{"data":"Acrobatics","floor":6.0,"key":"SMITH"},{"data":"Blade Dance","floor":8.0,"key":"SMITH"},{"data":"Strike_G","floor":15.0,"key":"PURGE"},{"data":"Defend_G","floor":25.0,"key":"PURGE"},{"data":"Defend_G","floor":27.0,"key":"PURGE"},{"data":"Defend_G","floor":32.0,"key":"PURGE"},{"data":"Defend_G","floor":40.0,"key":"PURGE"},{"floor":44.0,"key":"RECALL"},{"data":"Concentrate+1","floor":49.0,"key":"PURGE"},{"data":"Survivor","floor":53.0,"key":"PURGE"}],"circlet_count":0,"master_deck":["AscendersBane","Neutralize","Accuracy","Blade Dance+1","Terror+1","Accuracy","Phantasmal Killer+1","Prepared+1","Night Terror+1","Tactician+1","PiercingWail+1","Malaise+1","Madness+1","Madness+1","Backflip+1","Backflip+1"],"relics":["Ring of the Snake","NeowsBlessing","Toxic Egg 2","Pear","Peace Pipe","Black Star","Shuriken","Paper Crane","Tiny Chest","Dream Catcher","Prayer Wheel","Art of War","Pantograph","Coffee Dripper","Torii","CaptainsWheel","Ninja Scroll","InkBottle","The Specimen","Kunai","Bronze Scales","Frozen Egg 2","Blood Vial","Bag of Preparation","Snake Skull"],"acts_visited":["Exordium","TheCity","TheBeyond","TheEnding"],"potions_floor_usage":[],"damage_taken":[{"damage":0.0,"enemies":"Small Slimes","floor":1.0,"turns":1.0},{"damage":0.0,"enemies":"Jaw Worm","floor":4.0,"turns":1.0},{"damage":0.0,"enemies":"Lagavulin","floor":10.0,"turns":1.0},{"damage":49.0,"enemies":"3 Sentries","floor":12.0,"turns":10.0},{"damage":2.0,"enemies":"2 Louse","floor":13.0,"turns":3.0},{"damage":1.0,"enemies":"Exordium Wildlife","floor":14.0,"turns":3.0},{"damage":0.0,"enemies":"Slime Boss","floor":16.0,"turns":3.0},{"damage":0.0,"enemies":"Spheric Guardian","floor":18.0,"turns":2.0},{"damage":0.0,"enemies":"Gremlin Leader","floor":23.0,"turns":2.0},{"damage":4.0,"enemies":"Shell Parasite","floor":24.0,"turns":2.0},{"damage":25.0,"enemies":"Slavers","floor":28.0,"turns":3.0},{"damage":5.0,"enemies":"Gremlin Leader","floor":30.0,"turns":3.0},{"damage":0.0,"enemies":"Cultist and Chosen","floor":31.0,"turns":2.0},{"damage":26.0,"enemies":"Collector","floor":33.0,"turns":6.0},{"damage":1.0,"enemies":"Orb Walker","floor":35.0,"turns":2.0},{"damage":0.0,"enemies":"Mind Bloom Boss Battle","floor":38.0,"turns":4.0},{"damage":18.0,"enemies":"Nemesis","floor":41.0,"turns":5.0},{"damage":0.0,"enemies":"3 Darklings","floor":42.0,"turns":2.0},{"damage":0.0,"enemies":"Giant Head","floor":46.0,"turns":2.0},{"damage":0.0,"enemies":"Reptomancer","floor":48.0,"turns":2.0},{"damage":12.0,"enemies":"Time Eater","floor":50.0,"turns":5.0},{"damage":0.0,"enemies":"Awakened One","floor":51.0,"turns":3.0},{"damage":15.0,"enemies":"Shield and Spear","floor":55.0,"turns":3.0},{"damage":38,"enemies":"The Heart","floor":56,"turns":5}],"seed_played":"6135855613567339384","potions_obtained":[{"floor":4.0,"key":"Ancient Potion"},{"floor":10.0,"key":"Weak Potion"},{"floor":13.0,"key":"SkillPotion"},{"floor":16.0,"key":"SkillPotion"},{"floor":31.0,"key":"PowerPotion"},{"floor":33.0,"key":"Explosive Potion"},{"floor":42.0,"key":"SkillPotion"}],"is_trial":false,"path_per_floor":["M","?","?","M","?","R","$","R","T","E","$","E","M","M","R","B",null,"M","$","?","?","T","E","M","R","T","R","E","$","E","M","R","B",null,"M","?","$","?","?","R","E","M","T","R","T","E","T","E","R","B","B",null,"R","$","E","B",null],"character_chosen":"THE_SILENT","items_purchased":["Blade Dance","Tactician+1","Backflip+1"],"campfire_rested":0,"item_purchase_floors":[7,29,54],"current_hp_per_floor":[59,59,59,59,48,48,48,48,48,58,58,9,7,6,6,6,59,59,59,59,59,59,59,55,55,55,55,30,30,25,25,25,24,63,62,48,48,73,73,73,55,55,55,55,55,55,55,55,55,64,76,76,76,76,61,38],"gold":89,"neow_bonus":"THREE_ENEMY_KILL","is_daily":false,"chose_seed":false,"campfire_upgraded":2,"win_rate":0.0,"timestamp":1609493476,"path_taken":["M","?","?","M","?","R","$","R","T","E","$","E","M","M","R","BOSS","M","$","?","?","?","E","M","R","T","R","E","$","E","M","R","BOSS","M","?","$","?","?","R","E","M","T","R","?","E","?","E","R","BOSS","BOSS","R","$","E","BOSS"],"items_purchased_type":["Card","Card","Card"],"build_version":"2020-12-22","purchased_purges":5,"victory":true,"max_hp_per_floor":[66,66,66,66,66,66,66,66,66,76,76,76,76,76,76,76,76,76,76,76,76,76,76,76,76,76,76,76,76,76,76,76,76,76,76,76,76,76,76,76,76,76,76,76,76,76,76,76,76,76,76,76,76,76,76,76],"relic_stats":{"Torii":5,"counters":[24,75],"Snake Skull":[0],"Bag of Preparation":[0],"Peace Pipe":7,"Blood Vial":6,"Dream Catcher":0,"Shuriken":[59],"Pantograph":92,"Bronze Scales":[103],"Tiny Chest":1,"Prayer Wheel":3,"Black Star":7,"Art of War":[4],"Kunai":[31],"obtain_stats":[{"Torii":38,"Snake Skull":55,"Bag of Preparation":48,"Blood Vial":48,"Dream Catcher":28,"Ninja Scroll":41,"Pantograph":30,"Tiny Chest":23,"Prayer Wheel":28,"Kunai":46,"Toxic Egg 2":9,"InkBottle":43,"Ring of the Snake":0,"Pear":10,"NeowsBlessing":0,"The Specimen":45,"Paper Crane":23,"Frozen Egg 2":47,"Peace Pipe":12,"CaptainsWheel":41,"Shuriken":22,"Bronze Scales":46,"Black Star":17,"Art of War":30,"Coffee Dripper":34},{"Torii":16,"Snake Skull":23,"Bag of Preparation":20,"Blood Vial":20,"Dream Catcher":11,"Ninja Scroll":17,"Pantograph":12,"Tiny Chest":9,"Prayer Wheel":11,"Kunai":19,"Toxic Egg 2":2,"InkBottle":18,"Ring of the Snake":0,"Pear":3,"NeowsBlessing":0,"The Specimen":18,"Paper Crane":9,"Frozen Egg 2":19,"Peace Pipe":4,"CaptainsWheel":17,"Shuriken":8,"Bronze Scales":19,"Black Star":7,"Art of War":12,"Coffee Dripper":14},{"Torii":48,"Snake Skull":70,"Bag of Preparation":59,"Blood Vial":59,"Dream Catcher":31,"Ninja Scroll":53,"Pantograph":34,"Tiny Chest":26,"Prayer Wheel":31,"Kunai":57,"Toxic Egg 2":2,"InkBottle":55,"Ring of the Snake":0,"Pear":3,"NeowsBlessing":0,"The Specimen":55,"Paper Crane":26,"Frozen Egg 2":57,"Peace Pipe":13,"CaptainsWheel":53,"Shuriken":24,"Bronze Scales":57,"Black Star":22,"Art of War":34,"Coffee Dripper":42}],"InkBottle":[24],"Ring of the Snake":[48]},"card_choices":[{"not_picked":["Deflect","Poisoned Stab"],"picked":"Acrobatics","floor":1.0},{"not_picked":["Backflip","Slice"],"picked":"Accuracy","floor":4.0},{"not_picked":["Bane","Setup+1","Dagger Spray"],"picked":"SKIP","floor":10.0},{"not_picked":["Bane","Setup+1","Dagger Spray"],"picked":"SKIP","floor":10.0},{"not_picked":["Bane","Setup+1","Dagger Spray"],"picked":"SKIP","floor":10.0},{"not_picked":["Riddle With Holes","Quick Slash"],"picked":"Terror+1","floor":12.0},{"not_picked":["Deadly Poison+1","Slice"],"picked":"Accuracy","floor":13.0},{"not_picked":["Caltrops","Eviscerate","Predator"],"picked":"SKIP","floor":14.0},{"not_picked":["Envenom","Storm of Steel+1"],"picked":"Phantasmal Killer+1","floor":16.0},{"not_picked":["Quick Slash+1","Underhanded Strike"],"picked":"Prepared+1","floor":18.0},{"not_picked":["Backflip+1","Deflect+1"],"picked":"Night Terror+1","floor":23.0},{"not_picked":["Distraction+1","Finisher","Accuracy"],"picked":"SKIP","floor":24.0},{"not_picked":["Flechettes","Underhanded Strike","Infinite Blades+1"],"picked":"SKIP","floor":28.0},{"not_picked":["Quick Slash","Dodge and Roll+1","All Out Attack"],"picked":"SKIP","floor":30.0},{"not_picked":["Deadly Poison+1","Terror+1"],"picked":"PiercingWail+1","floor":31.0},{"not_picked":["Cloak And Dagger+1","Well Laid Plans","Prepared+1"],"picked":"SKIP","floor":31.0},{"not_picked":["Venomology+1","Corpse Explosion+1"],"picked":"Malaise+1","floor":33.0},{"not_picked":["Prepared+1","Predator"],"picked":"Concentrate+1","floor":35.0},{"not_picked":["Blade Dance+1","Noxious Fumes","Poisoned Stab+1"],"picked":"SKIP","floor":35.0},{"not_picked":["Skewer","Predator","Quick Slash+1"],"picked":"SKIP","floor":41.0},{"not_picked":["Skewer","Predator","Quick Slash+1"],"picked":"SKIP","floor":41.0},{"not_picked":["Cloak And Dagger+1","Deflect+1"],"picked":"Backflip+1","floor":42.0},{"not_picked":["Concentrate+1","Endless Agony","Flying Knee+1"],"picked":"SKIP","floor":42.0},{"not_picked":["Dagger Throw","Blade Dance+1","Outmaneuver+1"],"picked":"SKIP","floor":46.0},{"not_picked":["Glass Knife","Deflect+1","Dodge and Roll+1"],"picked":"SKIP","floor":48.0},{"not_picked":["Outmaneuver+1","Skewer","Predator+1"],"picked":"SKIP","floor":55.0}],"player_experience":907522,"relics_obtained":[{"floor":9.0,"key":"Toxic Egg 2"},{"floor":10.0,"key":"Pear"},{"floor":12.0,"key":"Peace Pipe"},{"floor":22.0,"key":"Shuriken"},{"floor":23.0,"key":"Paper Crane"},{"floor":23.0,"key":"Tiny Chest"},{"floor":28.0,"key":"Dream Catcher"},{"floor":28.0,"key":"Prayer Wheel"},{"floor":30.0,"key":"Art of War"},{"floor":30.0,"key":"Pantograph"},{"floor":38.0,"key":"Torii"},{"floor":41.0,"key":"CaptainsWheel"},{"floor":41.0,"key":"Ninja Scroll"},{"floor":43.0,"key":"InkBottle"},{"floor":45.0,"key":"The Specimen"},{"floor":46.0,"key":"Kunai"},{"floor":46.0,"key":"Bronze Scales"},{"floor":47.0,"key":"Frozen Egg 2"},{"floor":48.0,"key":"Blood Vial"},{"floor":48.0,"key":"Bag of Preparation"},{"floor":55.0,"key":"Snake Skull"}],"event_choices":[{"damage_healed":0.0,"max_hp_gain":0.0,"max_hp_loss":0.0,"gold_gain":0.0,"event_name":"Liars Game","player_choice":"Ignored","floor":2.0,"gold_loss":0.0,"damage_taken":0.0},{"damage_healed":0.0,"max_hp_gain":0.0,"max_hp_loss":0.0,"gold_gain":0.0,"event_name":"Shining Light","player_choice":"Ignored","floor":3.0,"gold_loss":0.0,"damage_taken":0.0},{"damage_healed":0.0,"max_hp_gain":0.0,"max_hp_loss":0.0,"gold_gain":75.0,"event_name":"World of Goop","player_choice":"Gather Gold","floor":5.0,"gold_loss":0.0,"damage_taken":11.0},{"cards_removed":["Strike_G"],"damage_healed":0.0,"max_hp_gain":0.0,"max_hp_loss":0.0,"gold_gain":0.0,"event_name":"Back to Basics","player_choice":"Elegance","floor":20.0,"gold_loss":0.0,"damage_taken":0.0},{"damage_healed":0.0,"max_hp_gain":0.0,"max_hp_loss":0.0,"gold_gain":50.0,"event_name":"Nest","player_choice":"Stole From Cult","floor":21.0,"gold_loss":0.0,"damage_taken":0.0},{"damage_healed":0.0,"max_hp_gain":0.0,"max_hp_loss":0.0,"gold_gain":0.0,"event_name":"Winding Halls","player_choice":"Embrace Madness","floor":36.0,"gold_loss":0.0,"damage_taken":14.0,"cards_obtained":["Madness","Madness"]},{"damage_healed":0.0,"max_hp_gain":0.0,"max_hp_loss":0.0,"gold_gain":0.0,"event_name":"MindBloom","player_choice":"Fight","floor":38.0,"gold_loss":0.0,"damage_taken":0.0},{"damage_healed":0.0,"max_hp_gain":0.0,"max_hp_loss":0.0,"gold_gain":0.0,"event_name":"Tomb of Lord Red Mask","player_choice":"Ignored","floor":39.0,"gold_loss":0.0,"damage_taken":0.0}],"is_beta":false,"boss_relics":[{"not_picked":["SacredBark","Snecko Eye"],"picked":"Black Star"},{"not_picked":["Runic Dome","Velvet Choker"],"picked":"Coffee Dripper"}],"items_purged_floors":[7,11,19,37,54],"is_endless":false,"potions_floor_spawned":[4,10,13,16,18,31,33,38,42],"ascension_level":20}}