{"host":"kev6uqotw4tlyx8l","time":1609507543,"event":{"mods":["Act Like it!","Aspiration","BaseMod","Colored Powertips","Dota2Spire","Downfall","Hallownest","Infinite Spire","Marisa????????","Minty Spire (QoL Compilation)","Quick Restart","Remilia??????","Replay The Spire","StSLib","The Cursed","The Marked","The Mystic","The Servant 0.9.4"],"gold_per_floor":[117,136,156,156,4,4,4,4,54,54,69,138,18,32,32,130,230,246,246,246,257,257,257,257,269,269,17,32,44,56,74,74,176,176,205,221,221,21,21,21,37,37,37],"floor_reached":42,"playtime":938,"items_purged":["Spreading Infection","Injury"],"score":615,"play_id":"49520ecd-3eb5-4929-8fa0-a1ddc7004062","local_time":"20210101202543","is_ascension_mode":false,"campfire_choices":[{"data":"Eruption","floor":6,"key":"SMITH"},{"data":"Tantrum","floor":10,"key":"SMITH"},{"floor":15,"key":"DIG"},{"data":"expansioncontent:DonusPower","floor":23,"key":"SMITH"},{"floor":32,"key":"REST"},{"floor":40,"key":"REST"}],"circlet_count":0,"master_deck":["Defend_P","Defend_P","Defend_P","Defend_P","Eruption+1","Vigilance+1","SignatureMove+1","SandsOfTime+1","Tantrum+1","CrushJoints+1","Replay:Hum+1","FollowUp+1","expansioncontent:DonusPower+1","FollowUp+1","Ragnarok+1","Replay:BluntJabs+1","Slimebound:Tackle+1","Slimebound:Tackle+1","Slimebound:Tackle+1","EmptyFist+1","Pride","LessonLearned+1","Halt+1","Weave+1","Replay:ManipulateFuture+1","Replay:ManipulateFuture","Judgement","Replay:ManipulateFuture+1","Perseverance+1","JustLucky+1","Consecrate+1","SandsOfTime+1","BowlingBash+1"],"relics":["PureWater","NeowsBlessing","TheAbacus","Molten Egg 2","Dota2Spire:PowerTreads","infinitespire:Broken Mirror","ReplayTheSpireMod:CursedCoin","Dota2Spire:Vanguard","Replay:Wanted Poster","Enchiridion","Torii","GreatHeart","aspiration:FrozenJewel","infinitespire:CheckeredPen","infinitespire:EvilPickle","Busted Crown","ReplayTheSpireMod:EnergyBall"],"acts_visited":["Exordium","TheCity","TheBeyond"],"potions_floor_usage":[1,28,28,33,33,38,41],"damage_taken":[{"damage":0,"enemies":"Cultist","floor":1,"turns":1},{"damage":0,"enemies":"Small Slimes","floor":2,"turns":1},{"damage":0,"enemies":"Jaw Worm","floor":3,"turns":1},{"damage":7,"enemies":"Blue Slaver","floor":11,"turns":2},{"damage":0,"enemies":"Looter","floor":14,"turns":1},{"damage":0,"enemies":"Slime Boss","floor":16,"turns":5},{"damage":2,"enemies":"Shell Parasite","floor":18,"turns":3},{"damage":3,"enemies":"Spheric Guardian","floor":21,"turns":1},{"damage":12,"enemies":"Snake Plant","floor":25,"turns":2},{"damage":6,"enemies":"Shelled Parasite and Fungi","floor":28,"turns":2},{"damage":0,"enemies":"Snecko","floor":29,"turns":2},{"damage":5,"enemies":"3 Cultists","floor":30,"turns":3},{"damage":2,"enemies":"Centurion and Healer","floor":31,"turns":3},{"damage":27,"enemies":"Pondfish","floor":33,"turns":5},{"damage":15,"enemies":"3 Darklings","floor":35,"turns":4},{"damage":24,"enemies":"3 Shapes","floor":36,"turns":2},{"damage":45,"enemies":"Sphere and 2 Shapes","floor":41,"turns":3},{"damage":35,"enemies":"4 Shapes","floor":42,"turns":1}],"seed_played":"3056388604451047255","potions_obtained":[{"floor":1,"key":"Fruit Juice"},{"floor":2,"key":"LiquidBronze"},{"floor":14,"key":"sneckomod:MuddlingPotion"},{"floor":16,"key":"Block Potion"},{"floor":18,"key":"Dota2Spire:HealingSalve"},{"floor":31,"key":"sneckomod:MuddlingPotion"},{"floor":33,"key":"Fire Potion"},{"floor":36,"key":"Cursed Concoction"}],"is_trial":false,"path_per_floor":["M","M","M","?","$","R","?","$","T","R","M","T","$","M","R","B",null,"M","?","?","M","AVR","R","?","M","T","$","M","M","M","M","R","B",null,"M","M","AVR","$","?","R","M","M"],"character_chosen":"WATCHER","items_purchased":["TheAbacus","ReplayTheSpireMod:CursedCoin","Replay:Hum+1","FollowUp+1","expansioncontent:DonusPower","infinitespire:CheckeredPen","JustLucky+1","Consecrate+1","Fruit Juice"],"campfire_rested":2,"item_purchase_floors":[5,13,13,13,13,27,38,38,38],"current_hp_per_floor":[77,77,77,77,77,77,77,77,77,77,70,70,70,70,70,70,77,75,75,59,56,56,56,56,44,44,44,41,41,36,34,57,30,77,62,38,38,43,43,67,22,0,0],"gold":37,"neow_bonus":"THREE_ENEMY_KILL","is_daily":false,"chose_seed":false,"campfire_upgraded":3,"win_rate":0.0,"timestamp":1609507543,"path_taken":["M","M","?","?","$","R","?","$","T","R","M","?","$","M","R","BOSS","M","?","?","M","AVR","R","?","M","T","?","M","?","M","M","R","BOSS","M","M","AVR","?","?","R","M","M"],"items_purchased_type":["Relic","Relic","Card","Card","Card","Relic","Card","Card","Potion"],"build_version":"2020-12-22","purchased_purges":2,"victory":false,"max_hp_per_floor":[77,77,77,77,77,77,77,77,77,77,77,77,77,77,77,77,77,77,77,77,77,77,77,77,77,77,77,77,77,77,77,77,77,77,77,77,77,82,82,82,82,82,82],"card_choices":[{"not_picked":["Replay:DivineShield","Replay:BluntJabs"],"picked":"SignatureMove","floor":1},{"not_picked":["CutThroughFate","Nirvana"],"picked":"SandsOfTime","floor":2},{"not_picked":["Vengeance","DeceiveReality"],"picked":"Tantrum","floor":3},{"not_picked":["BattleHymn","BowlingBash+1"],"picked":"CrushJoints+1","floor":11},{"not_picked":["EmptyFist+1","Replay:ManipulateFuture"],"picked":"FollowUp+1","floor":14},{"not_picked":["Establishment","Vault"],"picked":"Ragnarok+1","floor":16},{"not_picked":["Halt+1","Collect"],"picked":"Replay:BluntJabs+1","floor":18},{"not_picked":["FollowUp+1","CrushJoints+1"],"picked":"EmptyFist+1","floor":21},{"not_picked":["Wallop+1","ThirdEye"],"picked":"LessonLearned+1","floor":25},{"not_picked":["Replay:BluntJabs+1","PathToVictory"],"picked":"Halt+1","floor":28},{"not_picked":["BowlingBash+1","Protect"],"picked":"Weave+1","floor":29},{"not_picked":["CutThroughFate+1","Replay:AtTheReady"],"picked":"Replay:ManipulateFuture+1","floor":30},{"not_picked":["BattleHymn","Study+1"],"picked":"Replay:ManipulateFuture","floor":31},{"not_picked":["DevaForm","Establishment"],"picked":"Judgement","floor":33},{"not_picked":[],"picked":"Replay:ManipulateFuture+1","floor":35},{"not_picked":[],"picked":"Perseverance+1","floor":36},{"not_picked":[],"picked":"BowlingBash+1","floor":41}],"player_experience":59239,"relics_obtained":[{"floor":9,"key":"Dota2Spire:PowerTreads"},{"floor":12,"key":"infinitespire:Broken Mirror"},{"floor":15,"key":"Dota2Spire:Vanguard"},{"floor":20,"key":"Enchiridion"},{"floor":26,"key":"aspiration:FrozenJewel"}],"event_choices":[{"damage_healed":0,"gold_gain":0,"player_choice":"Grow","damage_taken":0,"max_hp_gain":0,"max_hp_loss":0,"event_name":"Living Wall","floor":4,"gold_loss":0,"cards_upgraded":["SandsOfTime"]},{"damage_healed":0,"gold_gain":0,"player_choice":"Obtained Book","damage_taken":16,"max_hp_gain":0,"max_hp_loss":0,"event_name":"Cursed Tome","floor":20,"gold_loss":0},{"damage_healed":0,"gold_gain":0,"player_choice":"Copied","damage_taken":0,"max_hp_gain":0,"max_hp_loss":0,"event_name":"Duplicator","floor":39,"gold_loss":0,"cards_obtained":["SandsOfTime"]}],"is_beta":false,"boss_relics":[{"not_picked":["aspiration:RunicSpoon","Dota2Spire:Bloodstone"],"picked":"Replay:Wanted Poster"},{"not_picked":["Coffee Dripper","Replay:Grab Bag"],"picked":"Busted Crown"}],"items_purged_floors":[13,22],"is_endless":false,"potions_floor_spawned":[1,2,14,16,18,25,31,33,36],"killed_by":"4 Shapes","ascension_level":0}}