{"host":"az4cayk8dou8lmeu","time":1609529937,"event":{"mods":["AchievementEnabler","BaseMod","Minty Spire (QoL Compilation)","Quick Restart","Slay-I"],"gold_per_floor":[115,115,134,134,147,147,166,166,166,192,192,66,100,118,118,219,219,233,249,249,249,17,46,46,57,108,308,327,327,327,340,340,340,340],"floor_reached":33,"playtime":1607,"items_purged":[],"score":275,"play_id":"1d6a1ed3-1614-4f70-abee-bf00992fd648","local_time":"20210101143857","is_ascension_mode":false,"campfire_choices":[{"data":"Neutralize","floor":6.0,"key":"SMITH"},{"data":"Survivor","floor":8.0,"key":"SMITH"},{"data":"Sucker Punch","floor":11.0,"key":"SMITH"},{"floor":15.0,"key":"REST"},{"floor":24.0,"key":"REST"},{"floor":29.0,"key":"REST"},{"floor":32.0,"key":"REST"}],"circlet_count":0,"master_deck":["Strike_G","Strike_G","Strike_G","Strike_G","Strike_G","Defend_G","Defend_G+1","Defend_G","Defend_G+1","Defend_G","Survivor+1","Neutralize+1","Quick Slash","Dagger Spray","Blade Dance","Poisoned Stab","Sucker Punch+1","Backflip","Dagger Spray","Corpse Explosion","Dagger Spray+1","Slice","Masterful Stab","A Thousand Cuts","Quick Slash","Bane+1"],"relics":["Ring of the Snake","NeowsBlessing","Ninja Scroll","The Courier","War Paint","Toy Ornithopter","Runic Pyramid","Blood Vial","Orichalcum","Letter Opener","Nunchaku","Enchiridion"],"acts_visited":["Exordium","TheCity"],"potions_floor_usage":[],"damage_taken":[{"damage":0.0,"enemies":"2 Louse","floor":1.0,"turns":1.0},{"damage":0.0,"enemies":"Cultist","floor":3.0,"turns":1.0},{"damage":0.0,"enemies":"Jaw Worm","floor":5.0,"turns":1.0},{"damage":0.0,"enemies":"Blue Slaver","floor":7.0,"turns":4.0},{"damage":11.0,"enemies":"3 Sentries","floor":10.0,"turns":8.0},{"damage":6.0,"enemies":"Lagavulin","floor":13.0,"turns":7.0},{"damage":0.0,"enemies":"Gremlin Gang","floor":14.0,"turns":3.0},{"damage":48.0,"enemies":"The Guardian","floor":16.0,"turns":17.0},{"damage":20.0,"enemies":"Shell Parasite","floor":18.0,"turns":8.0},{"damage":5.0,"enemies":"Chosen","floor":19.0,"turns":5.0},{"damage":35.0,"enemies":"Gremlin Leader","floor":23.0,"turns":7.0},{"damage":1.0,"enemies":"3 Cultists","floor":25.0,"turns":3.0},{"damage":43.0,"enemies":"Centurion and Healer","floor":28.0,"turns":7.0},{"damage":20.0,"enemies":"Snake Plant","floor":31.0,"turns":3.0},{"damage":0,"enemies":"Automaton","floor":33,"turns":1}],"seed_played":"-453380720311969153","potions_obtained":[{"floor":5.0,"key":"Dexterity Potion"},{"floor":7.0,"key":"FairyPotion"},{"floor":14.0,"key":"GhostInAJar"}],"is_trial":false,"path_per_floor":["M","?","M","?","M","R","M","R","T","E","R","$","E","M","R","B",null,"M","M","?","?","$","E","R","M","T","?","M","R","?","M","R","B"],"character_chosen":"THE_SILENT","items_purchased":["War Paint","Blood Vial","Orichalcum"],"campfire_rested":4,"item_purchase_floors":[12,22,22],"current_hp_per_floor":[70,75,75,75,75,75,75,75,75,64,64,64,58,58,75,27,75,55,50,50,75,75,40,62,63,63,63,22,44,28,10,32,34,34],"gold":340,"neow_bonus":"THREE_ENEMY_KILL","is_daily":false,"chose_seed":false,"campfire_upgraded":3,"win_rate":0.0,"timestamp":1609529937,"path_taken":["M","?","M","?","?","R","M","R","T","E","R","?","E","M","R","BOSS","M","M","?","?","$","E","R","?","T","?","?","R","?","M","R","BOSS"],"items_purchased_type":["Relic","Relic","Relic"],"build_version":"2020-12-22","purchased_purges":0,"victory":false,"max_hp_per_floor":[70,75,75,75,75,75,75,75,75,75,75,75,75,75,75,75,75,75,75,75,75,75,75,75,75,75,75,75,75,75,75,75,75,75],"card_choices":[{"not_picked":["Endless Agony","Dodge and Roll"],"picked":"Quick Slash","floor":1.0},{"not_picked":["Deflect","Dagger Throw"],"picked":"Dagger Spray","floor":3.0},{"not_picked":["Dagger Spray","Bouncing Flask"],"picked":"Blade Dance","floor":5.0},{"not_picked":["Flechettes","Tactician"],"picked":"Poisoned Stab","floor":7.0},{"not_picked":["Wraith Form v2","Skewer"],"picked":"Sucker Punch","floor":10.0},{"not_picked":["Blade Dance","Riddle With Holes"],"picked":"Backflip","floor":13.0},{"not_picked":["Deflect","PiercingWail"],"picked":"Dagger Spray","floor":14.0},{"not_picked":["Night Terror","Doppelganger"],"picked":"Corpse Explosion","floor":16.0},{"not_picked":["Cloak And Dagger","Flying Knee"],"picked":"Dagger Spray+1","floor":18.0},{"not_picked":["Tactician","Poisoned Stab"],"picked":"Slice","floor":19.0},{"not_picked":["Backflip","Poisoned Stab"],"picked":"Masterful Stab","floor":23.0},{"not_picked":["Acrobatics","Well Laid Plans"],"picked":"A Thousand Cuts","floor":25.0},{"not_picked":["Endless Agony+1","Outmaneuver"],"picked":"Quick Slash","floor":28.0},{"not_picked":["Leg Sweep","Infinite Blades"],"picked":"Bane+1","floor":31.0}],"player_experience":120633,"relics_obtained":[{"floor":9.0,"key":"Ninja Scroll"},{"floor":10.0,"key":"The Courier"},{"floor":13.0,"key":"Toy Ornithopter"},{"floor":23.0,"key":"Letter Opener"},{"floor":26.0,"key":"Nunchaku"},{"floor":30.0,"key":"Enchiridion"}],"event_choices":[{"damage_healed":0.0,"max_hp_gain":5.0,"max_hp_loss":0.0,"gold_gain":0.0,"event_name":"Big Fish","player_choice":"Donut","floor":2.0,"gold_loss":0.0,"damage_taken":0.0},{"damage_healed":0.0,"max_hp_gain":0.0,"max_hp_loss":0.0,"gold_gain":0.0,"event_name":"The Woman in Blue","player_choice":"Bought 0 Potions","floor":4.0,"gold_loss":0.0,"damage_taken":0.0},{"damage_healed":0.0,"max_hp_gain":0.0,"max_hp_loss":0.0,"gold_gain":0.0,"event_name":"Vampires","player_choice":"Ignored","floor":20.0,"gold_loss":0.0,"damage_taken":0.0},{"damage_healed":25.0,"max_hp_gain":0.0,"max_hp_loss":0.0,"gold_gain":0.0,"event_name":"The Library","player_choice":"Heal","floor":21.0,"gold_loss":0.0,"damage_taken":0.0},{"damage_healed":0.0,"max_hp_gain":0.0,"max_hp_loss":0.0,"gold_gain":250.0,"event_name":"The Joust","player_choice":"Bet on Owner","floor":27.0,"gold_loss":50.0,"damage_taken":0.0},{"damage_healed":0.0,"max_hp_gain":0.0,"max_hp_loss":0.0,"gold_gain":0.0,"event_name":"Cursed Tome","player_choice":"Obtained Book","floor":30.0,"gold_loss":0.0,"damage_taken":16.0}],"is_beta":false,"boss_relics":[{"not_picked":["Velvet Choker","Sozu"],"picked":"Runic Pyramid"}],"items_purged_floors":[],"is_endless":false,"potions_floor_spawned":[5,7,14,16,25,28,31],"killed_by":"Automaton","ascension_level":0}}