{"host":"j1eo1fqrqta44853","time":1609543117,"event":{"mods":["Act Like it!","Bartender","BaseMod","CatGirl Mod","Custom Start","Downfall","Elementarium","Gensokyo","GungeonMod","HololiveMod","Hubris","Infinite Spire","KinomotoSakuraMod(????)","Koishi","Lobotomy","LobotomyExtend","Marisa????????","Minty Spire (QoL Compilation)","Pale of the Ancients","Rare Cards Sparkle","Reimu??????","Replay The Spire","SIMod","Shedinja","StSLib","The Alterego","The Jungle","The Marked","The Mystic","The Runesmith","The Senshi","The Vixen","TheBandit","Waifu the Spire","WarShipGirlsR/????R mod","Yakumo Yukari mod"],"gold_per_floor":[212,212,222,240,110,110,141,154,203,203,203,215,234,264,264,360,360,376,376,130,140,157,157,157,157,157,5,34,47,64,64,64,165,165,179,194,50,65,65,65,79,97,178,168,183,183,183,183],"floor_reached":47,"playtime":4951,"items_purged":["Pain","rmod:strick"],"score":509,"play_id":"3d00fb6f-70d7-42d8-a614-f0289c9ca1a5","local_time":"20210101171837","is_ascension_mode":false,"campfire_choices":[{"data":"rmod:wife","floor":6,"key":"SMITH"},{"data":"rmod:fuelsupply","floor":11,"key":"SMITH"},{"floor":15,"key":"REST"},{"floor":23,"key":"REST"},{"floor":25,"key":"REST"},{"floor":32,"key":"REST"},{"floor":40,"key":"REST"}],"circlet_count":0,"master_deck":["rmod:strick+1","rmod:strick","rmod:strick","rmod:defend","rmod:defend","rmod:defend","rmod:defend","rmod:basicallowance+1","rmod:maingunfire","rmod:fuelsupply+1","rmod:generalist","rmod:wife+1","rmod:diaomin+1","rmod:fletcherpendant","rmod:victimresponsibility","rmod:tearstotiara","rmod:chargemoney+1","rmod:acesubmarine","rmod:firesupport","rmod:expeditionaryescort","rmod:luckystar+1","rmod:smokecover","rmod:intelligenceanalysis+1","rmod:fletcherpendant","rmod:tearstotiara+1","rmod:bulid+1","rmod:desperatesituation","rmod:seals","rmod:ammunitionsupply+1","rmod:goodsister","rmod:maintain","rmod:steelsupply+1","rmod:smokecover+1"],"relics":["rmod:firstchargereward","WarpedTongs","Dream Catcher","Gremlin Food","hubris:OldNail","hubris:Backtick","Bronze Scales","MutagenicStrength","Replay:Ringing Soul","alterego_mod:FleetingLove","Pear","Toolbox","infinitespire:Bottled Soul","ClockworkSouvenir","infinitespire:WardingShard","DemoMod:GlassGuonStoneRelic"],"acts_visited":["Exordium","TheCity","Gensokyo:Gensokyoest"],"potions_floor_usage":[4,18,28,28,38,41,41,47],"damage_taken":[{"damage":0,"enemies":"Small Slimes","floor":1,"turns":3},{"damage":3,"enemies":"Cultist","floor":3,"turns":3},{"damage":0,"enemies":"Jaw Worm","floor":4,"turns":1},{"damage":0,"enemies":"3 Sentries","floor":7,"turns":9},{"damage":9,"enemies":"Exordium Thugs","floor":8,"turns":4},{"damage":0,"enemies":"Exordium Wildlife","floor":12,"turns":2},{"damage":0,"enemies":"3 Louse","floor":13,"turns":2},{"damage":16,"enemies":"Gremlin Nob","floor":14,"turns":4},{"damage":27,"enemies":"Slime Boss","floor":16,"turns":8},{"damage":12,"enemies":"Spheric Guardian","floor":18,"turns":4},{"damage":16,"enemies":"Shell Parasite","floor":21,"turns":6},{"damage":15,"enemies":"Centurion and Healer","floor":22,"turns":5},{"damage":15,"enemies":"Gremlin Leader","floor":28,"turns":4},{"damage":17,"enemies":"Snecko","floor":29,"turns":4},{"damage":14,"enemies":"Shelled Parasite and Fungi","floor":30,"turns":5},{"damage":39,"enemies":"hubris:MusketHawk","floor":33,"turns":7},{"damage":38,"enemies":"Gensokyo:AncientGuardian","floor":35,"turns":6},{"damage":32,"enemies":"Gensokyo:3_Boulders","floor":36,"turns":5},{"damage":13,"enemies":"Gensokyo:AtlasGolem","floor":38,"turns":5},{"damage":21,"enemies":"Gensokyo:Sharpion","floor":41,"turns":9},{"damage":10,"enemies":"Gensokyo:4_Bats","floor":42,"turns":3},{"damage":10,"enemies":"Gensokyo:AtlasGolem","floor":45,"turns":5},{"damage":6,"enemies":"Gensokyo:Sharpion","floor":47,"turns":1}],"seed_played":"7484250225897289700","potions_obtained":[{"floor":1,"key":"hexamod:EctoCoolerPotion"},{"floor":3,"key":"ZuzhouPotion:ReiMu"},{"floor":14,"key":"DemoMod:LeadSkinPotion"},{"floor":21,"key":"Toxic Potion"},{"floor":22,"key":"EssenceOfSteel"},{"floor":33,"key":"SpeedPotion"},{"floor":36,"key":"PowerPotion"},{"floor":45,"key":"Explosive Potion"}],"is_trial":false,"path_per_floor":["M","?","M","M","$","R","E","M","T","?","R","M","M","E","R","B",null,"M","?","$","M","M","R","?","R","T","$","E","M","M","$","R","B",null,"M","M","COS","M","AVR","R","M","M","T","?","M","?","M"],"character_chosen":"PRAEFECT","items_purchased":["rmod:diaomin+1","DemoMod:WeirdEgg","Toolbox"],"campfire_rested":5,"item_purchase_floors":[5,20,27],"current_hp_per_floor":[75,75,72,72,72,72,72,63,63,63,63,63,63,47,69,42,75,63,63,63,47,32,54,54,75,85,85,70,53,39,39,64,25,85,50,21,21,11,11,39,18,11,11,11,4,4,0,0],"gold":183,"neow_bonus":"HUNDRED_GOLD","is_daily":false,"chose_seed":false,"campfire_upgraded":2,"win_rate":0.0,"timestamp":1609543117,"path_taken":["M","?","M","?","$","R","E","?","T","?","R","M","M","E","R","BOSS","M","?","$","M","M","R","?","R","T","$","E","M","M","?","R","BOSS","M","M","COS","M","AVR","R","?","M","T","?","M","?","?"],"items_purchased_type":["Card","Relic","Relic"],"build_version":"2020-12-22","purchased_purges":2,"victory":false,"max_hp_per_floor":[75,75,75,75,75,75,75,75,75,75,75,75,75,75,75,75,75,75,75,75,75,75,75,75,75,85,85,85,85,85,85,85,85,85,88,91,91,94,94,94,94,97,97,97,100,100,100,100],"card_choices":[{"not_picked":["rmod:fletcherpendant","rmod:tearstotiara"],"picked":"rmod:fuelsupply","floor":1},{"not_picked":["rmod:ammunitionsupply","rmod:mineteam"],"picked":"rmod:generalist","floor":3},{"not_picked":["rmod:diamondstrike","rmod:unsinkable"],"picked":"rmod:wife","floor":4},{"not_picked":["rmod:combined","rmod:stealaluminum"],"picked":"rmod:fletcherpendant","floor":7},{"not_picked":["rmod:wife","rmod:rockthrower"],"picked":"rmod:victimresponsibility","floor":8},{"not_picked":["rmod:ammunitionsupply","rmod:gendarmerie"],"picked":"rmod:tearstotiara","floor":12},{"not_picked":["rmod:punchline","rmod:fuelsupply"],"picked":"rmod:chargemoney","floor":13},{"not_picked":["rmod:capitalist","rmod:intelligenceanalysis"],"picked":"rmod:acesubmarine","floor":14},{"not_picked":["rmod:fuelsupply","rmod:slowdown"],"picked":"rmod:firesupport","floor":15},{"not_picked":["rmod:windflower","rmod:auspiciousomen"],"picked":"rmod:expeditionaryescort","floor":16},{"not_picked":["rmod:advancebysurprise","rmod:supportescort"],"picked":"rmod:luckystar","floor":18},{"not_picked":["rmod:ring","rmod:unsinkable"],"picked":"rmod:smokecover","floor":21},{"not_picked":["rmod:capitalist","rmod:ammunitionsupply"],"picked":"rmod:intelligenceanalysis+1","floor":22},{"not_picked":["rmod:aviationdawn","rmod:fuelsupply"],"picked":"rmod:fletcherpendant","floor":23},{"not_picked":["rmod:salvage","rmod:fuelsupply"],"picked":"rmod:tearstotiara+1","floor":25},{"not_picked":["rmod:robin","rmod:slowdown","rmod:luckystar+1"],"picked":"SKIP","floor":28},{"not_picked":["rmod:supportescort","rmod:firesupport"],"picked":"rmod:bulid","floor":29},{"not_picked":["rmod:intelligenceanalysis","rmod:ring"],"picked":"rmod:desperatesituation","floor":30},{"not_picked":["rmod:windflower","rmod:secretscript"],"picked":"rmod:seals","floor":33},{"not_picked":["rmod:tearstotiara","rmod:aviationdawn+1"],"picked":"rmod:ammunitionsupply+1","floor":35},{"not_picked":["rmod:punchline","rmod:aggressivemary+1"],"picked":"rmod:goodsister","floor":36},{"not_picked":["rmod:rockthrower","rmod:salvage+1"],"picked":"rmod:maintain","floor":38},{"not_picked":["rmod:smokecover","rmod:supportescort+1","rmod:diamondstrike+1"],"picked":"SKIP","floor":41},{"not_picked":["rmod:supportaircraftcarrier+1","rmod:firesupport"],"picked":"rmod:steelsupply+1","floor":42},{"not_picked":["rmod:bulid+1","rmod:luckystar+1"],"picked":"rmod:smokecover+1","floor":45}],"player_experience":1065905,"relics_obtained":[{"floor":7,"key":"Dream Catcher"},{"floor":9,"key":"Gremlin Food"},{"floor":14,"key":"hubris:OldNail"},{"floor":26,"key":"Pear"},{"floor":28,"key":"infinitespire:Bottled Soul"},{"floor":43,"key":"infinitespire:WardingShard"}],"event_choices":[{"damage_healed":0,"gold_gain":0,"player_choice":"Rummage","damage_taken":0,"relics_obtained":["WarpedTongs"],"max_hp_gain":0,"max_hp_loss":0,"event_name":"Accursed Blacksmith","floor":2,"gold_loss":0,"cards_obtained":["Pain"]},{"damage_healed":0,"gold_gain":0,"player_choice":"Ignored","damage_taken":0,"max_hp_gain":0,"max_hp_loss":0,"event_name":"Liars Game","floor":10,"gold_loss":0},{"damage_healed":0,"gold_gain":0,"player_choice":"Inject Mutagens","damage_taken":0,"relics_obtained":["MutagenicStrength"],"max_hp_gain":0,"max_hp_loss":0,"event_name":"Drug Dealer","floor":19,"gold_loss":0},{"damage_healed":0,"gold_gain":0,"player_choice":"Choice 1","damage_taken":0,"relics_obtained":["alterego_mod:FleetingLove"],"max_hp_gain":0,"max_hp_loss":0,"event_name":"Secret Garden","floor":24,"gold_loss":0}],"is_beta":false,"boss_relics":[{"not_picked":["SacredBark","Ectoplasm"],"picked":"hubris:Backtick"},{"not_picked":["hubris:GrandSneckoEye","Astrolabe","ReplayTheSpireMod:DimensionalGlitch"]}],"items_purged_floors":[5,20],"is_endless":false,"potions_floor_spawned":[1,3,14,21,22,33,36,45],"killed_by":"Gensokyo:Sharpion","ascension_level":0}}