{"host":"slngz8sobihb8iwl","time":1609478885,"event":{"mods":["2.2 Compatiblity","Act Like it!","BaseMod","Colored Powertips","Elementarium","Gensokyo","GifTheSpireLib","Hallownest","Hermit","Marisa????????","Menagerie","Minty Spire (QoL Compilation)","Permanent Neow","Random Character Button","Rare Cards Sparkle","Relic Filter","Robot Space Explorer","StSLib","SuperFastMode","Td1madao Mod","The Bug Knight","The Disciple","The Gatherer","The Hierophant","The Judge","The Marked","The Runesmith","The Servant 0.9.4","TheVelvet","Unceasing Turn Reminder"],"gold_per_floor":[116,116,116,116,128,154,171,171,171,16,33,33,33,62,62,162,162,174,174,188,174,134,134,147,147,196,196,196,196],"floor_reached":27,"playtime":2414,"items_purged":[],"score":322,"play_id":"76307862-2c69-4ca4-bb2b-335a329c63de","local_time":"20210101002805","is_ascension_mode":true,"metric_token":1937,"campfire_choices":[{"floor":8,"key":"REST"},{"data":"Gatherer:Liquidism","floor":12,"key":"SMITH"},{"floor":15,"key":"REST"},{"data":"Gatherer:EnergyBasket","floor":23,"key":"SMITH"},{"floor":25,"key":"REST"}],"circlet_count":0,"master_deck":["Gatherer:Strike_Gatherer","Gatherer:Strike_Gatherer","Gatherer:Strike_Gatherer","Gatherer:Strike_Gatherer","Gatherer:Defend_Gatherer","Gatherer:Defend_Gatherer","Gatherer:Defend_Gatherer","Gatherer:Defend_Gatherer","Gatherer:Defend_Gatherer","Gatherer:Centralize","Gatherer:ColorfulGarden","Gatherer:Liquidism+1","Gatherer:QuickSynthesis","Gatherer:FlowerShield","Gatherer:BambuSword","Gatherer:FlamingBottle","Gatherer:Liquidism","Gatherer:Snatch","Gatherer:BomberForm+1","Gatherer:WoolGloves","Gatherer:EnergyBasket+1","Gatherer:QuickSynthesis"],"relics":["Gatherer:AlchemyBag","Gensokyo:Mercy","Pear","Gatherer:MistGenerator","Bottled Lightning","Frozen Egg 2","Gatherer:ExplorersPath","Nunchaku","Ancient Tea Set"],"acts_visited":["Exordium","Gensokyo:Gensokyo"],"potions_floor_usage":[16,27],"damage_taken":[{"damage":4,"enemies":"Gensokyo:Python","floor":1,"turns":3},{"damage":7,"enemies":"Gensokyo:3_Fairies","floor":5,"turns":9},{"damage":40,"enemies":"Gensokyo:Cirno","floor":6,"turns":9},{"damage":1,"enemies":"Gensokyo:2_Kodama","floor":7,"turns":6},{"damage":6,"enemies":"Gensokyo:CorruptedTreant","floor":11,"turns":4},{"damage":0,"enemies":"Gensokyo:Mamizou","floor":14,"turns":8},{"damage":17,"enemies":"Gensokyo:Kokoro","floor":16,"turns":8},{"damage":14,"enemies":"Gensokyo:Chomper","floor":18,"turns":4},{"damage":16,"enemies":"Gensokyo:CosmicMonolith","floor":20,"turns":5},{"damage":19,"enemies":"Gensokyo:Wraith","floor":24,"turns":5},{"damage":64,"enemies":"Gensokyo:Reisen","floor":27,"turns":10}],"seed_played":"-5499134807295086085","potions_obtained":[{"floor":5,"key":"PowerPotion"},{"floor":14,"key":"ColorlessPotion"},{"floor":20,"key":"SteroidPotion"}],"is_trial":false,"path_per_floor":["M","?","?","?","M","E","M","R","T","$","M","R","?","E","R","B",null,"M","?","M","?","COS","R","M","R","T","E"],"character_chosen":"THE_GATHERER","items_purchased":["Gatherer:FlamingBottle"],"campfire_rested":3,"item_purchase_floors":[10],"current_hp_per_floor":[61,61,56,56,49,9,8,32,32,32,26,26,26,26,50,33,70,56,56,40,56,56,56,37,61,61,0,0,0],"gold":196,"neow_bonus":"ONE_RANDOM_RARE_CARD","is_daily":false,"chose_seed":false,"campfire_upgraded":2,"win_rate":0.0,"timestamp":1609478885,"path_taken":["M","?","?","?","?","E","M","R","T","$","M","R","?","E","R","BOSS","M","?","?","?","COS","R","M","R","T","E"],"items_purchased_type":["Card"],"build_version":"2020-12-22","purchased_purges":0,"victory":false,"max_hp_per_floor":[72,72,82,82,82,82,82,82,82,82,82,82,82,82,82,82,82,82,82,82,82,82,82,82,82,82,82,82,82],"card_choices":[{"not_picked":["Gatherer:TreeGrowth","Gatherer:CollectorsShot"],"picked":"Gatherer:Liquidism","floor":1},{"not_picked":["Gatherer:Frenzy","Gatherer:FlowerShield"],"picked":"Gatherer:QuickSynthesis","floor":5},{"not_picked":["Gatherer:ScherryThrow","Gatherer:Frenzy"],"picked":"Gatherer:FlowerShield","floor":6},{"not_picked":["Gatherer:AcidicSpray","Gatherer:DrugPower"],"picked":"Gatherer:BambuSword","floor":7},{"not_picked":["Gatherer:GatherMaterial","Gatherer:DrugPower"],"picked":"Gatherer:Liquidism","floor":11},{"not_picked":["Gatherer:VenomBarrier","Gatherer:FlowerShield"],"picked":"Gatherer:Snatch","floor":14},{"not_picked":["Gatherer:FinishingStrike","Gatherer:Bulldoze"],"picked":"Gatherer:BomberForm+1","floor":16},{"not_picked":["Gatherer:FragileHammer","Gatherer:SaveValuables"],"picked":"Gatherer:WoolGloves","floor":18},{"not_picked":["Gatherer:Uplift+1","Gatherer:Pollute"],"picked":"Gatherer:AlchemyTrial+1","floor":20},{"not_picked":["Gatherer:FeelingFine+1","Gatherer:Enchant"],"picked":"Gatherer:QuickSynthesis","floor":24}],"player_experience":399334,"relics_obtained":[{"floor":6,"key":"Gatherer:MistGenerator"},{"floor":9,"key":"Bottled Lightning"},{"floor":14,"key":"Frozen Egg 2"},{"floor":26,"key":"Nunchaku"}],"event_choices":[],"is_beta":false,"boss_relics":[{"not_picked":["Black Star","Busted Crown"],"picked":"Gatherer:ExplorersPath"}],"items_purged_floors":[],"is_endless":false,"potions_floor_spawned":[5,14,20],"killed_by":"Gensokyo:Reisen","ascension_level":7}}