{"host":"q6uiiyan8fxg9uyi","time":1609526315,"event":{"mods":["AchievementEnabler","BaseMod","BetterRewards","Hubris","Minty Spire (QoL Compilation)","Replay The Spire","StSLib","SuperFastMode"],"gold_per_floor":[111,125,140,240,240,240,274,274,322,352,352,383,383,403,403,505,505,524,524,524],"floor_reached":19,"playtime":983,"items_purged":[],"score":299,"play_id":"9744e937-9f13-40df-8d3e-d48a0bd70f9e","local_time":"20210101193835","is_ascension_mode":true,"campfire_choices":[{"data":"Infinite Blades","floor":6,"key":"SMITH"},{"floor":8,"key":"REST"},{"floor":11,"key":"REST"},{"floor":13,"key":"REST"},{"data":"Noxious Fumes","floor":15,"key":"SMITH"}],"circlet_count":0,"master_deck":["Strike_G","Strike_G","Strike_G","Strike_G","Defend_G","Defend_G","Defend_G","Defend_G","Survivor","Neutralize","Infinite Blades+1","Deadly Poison","Infinite Blades","Noxious Fumes+1","Corpse Explosion","Flying Knee","Replay:Bag of Tricks","Night Terror","Prepared+1","ReplayTheSpireMod:From All Sides+1","ReplayTheSpireMod:The Works+1","Underhanded Strike+1"],"relics":["Ring of the Snake","ReplayTheSpireMod:Shallot","Potion Belt","HornCleat","hubris:Reverence","Astrolabe"],"acts_visited":["Exordium","TheCity"],"potions_floor_usage":[10,14,16],"damage_taken":[{"damage":0,"enemies":"Small Slimes","floor":1,"turns":3},{"damage":0,"enemies":"Cultist","floor":2,"turns":4},{"damage":2,"enemies":"Jaw Worm","floor":3,"turns":4},{"damage":23,"enemies":"Gremlin Nob","floor":7,"turns":5},{"damage":20,"enemies":"Replay:BlueRogue","floor":10,"turns":6},{"damage":16,"enemies":"Lagavulin","floor":12,"turns":6},{"damage":0,"enemies":"Gremlin Gang","floor":14,"turns":2},{"damage":23,"enemies":"Fading Forest","floor":16,"turns":11},{"damage":29,"enemies":"3 Byrds","floor":18,"turns":5},{"damage":0,"enemies":"2 Thieves","floor":19,"turns":1}],"seed_played":"2776747688890480325","potions_obtained":[{"floor":3,"key":"Fire Potion"},{"floor":7,"key":"SkillPotion"},{"floor":12,"key":"GamblersBrew"},{"floor":14,"key":"GamblersBrew"},{"floor":18,"key":"PowerPotion"}],"is_trial":false,"path_per_floor":["M","M","M","?","$","R","E","R","T","E","R","E","R","M","R","B",null,"M","M"],"character_chosen":"THE_SILENT","items_purchased":[],"campfire_rested":3,"item_purchase_floors":[],"current_hp_per_floor":[70,70,68,68,68,68,45,66,66,46,67,51,70,70,70,61,70,41,41,41],"gold":524,"neow_bonus":"","is_daily":false,"chose_seed":false,"campfire_upgraded":2,"win_rate":0.0,"timestamp":1609526315,"path_taken":["M","M","M","?","?","R","E","R","T","E","R","E","R","M","R","BOSS","M","M"],"items_purchased_type":[],"build_version":"2020-12-22","purchased_purges":0,"victory":false,"max_hp_per_floor":[70,70,70,70,70,70,70,70,70,70,70,70,70,70,70,70,70,70,70,70],"card_choices":[{"not_picked":["hubris:SlightOfHand","Blur"],"picked":"Deadly Poison","floor":1},{"not_picked":["Masterful Stab","Slice"],"picked":"Infinite Blades","floor":2},{"not_picked":["Dagger Spray","Quick Slash"],"picked":"Noxious Fumes","floor":3},{"not_picked":["Choke","Endless Agony"],"picked":"Corpse Explosion","floor":7},{"not_picked":["Prepared","hubris:SlightOfHand"],"picked":"Flying Knee","floor":10},{"not_picked":["Dagger Spray","Dodge and Roll"],"picked":"Draining Mist","floor":12},{"not_picked":["Blade Dance","Backstab"],"picked":"Replay:Bag of Tricks","floor":14},{"not_picked":["ReplayTheSpireMod:From All Sides","Replay:Bag of Tricks"],"picked":"Night Terror","floor":16},{"not_picked":["Catalyst","Flying Knee"],"picked":"Underhanded Strike+1","floor":18}],"player_experience":10939,"relics_obtained":[{"floor":7,"key":"ReplayTheSpireMod:Shallot"},{"floor":9,"key":"Potion Belt"},{"floor":10,"key":"HornCleat"},{"floor":12,"key":"hubris:Reverence"}],"event_choices":[{"damage_healed":0,"gold_gain":100,"player_choice":"Pray","damage_taken":0,"max_hp_gain":0,"max_hp_loss":0,"event_name":"Golden Shrine","floor":4,"gold_loss":0}],"is_beta":false,"boss_relics":[{"not_picked":["SacredBark","Philosopher\u0027s Stone"],"picked":"Astrolabe"}],"items_purged_floors":[],"is_endless":false,"potions_floor_spawned":[3,7,12,14,18],"killed_by":"2 Thieves","ascension_level":1}}