{"host":"czzthkrvfe6r7fjf","time":1609482149,"event":{"mods":["ATMod(∞¢Ë™Mod)","Act Like it!","BaseMod","Downfall","GungeonMod","Marisa£®ÏF”Í°°ƒß¿Ì…≥£©","Minty Spire (QoL Compilation)","Quick Restart","StSLib","The Servant 0.9.4","Waifu the Spire","°æπ¶ƒ‹Mod°øªÏ„Á÷Æª∑–ﬁ∏¥≤π∂°"],"gold_per_floor":[114,114,39,39,49,49,81,96,96,96,146,174,192,223,223,297,297,317,592,608,223,242,242,142,177,177,127,2,2,18,31,31,103,103,114,132,147,147,161,187,187,187,213,213,242,291,321,321,321,321],"floor_reached":51,"playtime":3126,"items_purged":["Regret","Strike_G","Strike_G"],"score":1548,"play_id":"9358a8ce-fc58-4cb9-8db9-c1021c0ab3e0","local_time":"20210101142229","is_ascension_mode":true,"campfire_choices":[{"data":"Noxious Fumes","floor":6.0,"key":"SMITH"},{"data":"AT_ShadowStep","floor":10.0,"key":"SMITH"},{"floor":15.0,"key":"REST"},{"floor":23.0,"key":"REST"},{"floor":32.0,"key":"REST"},{"data":"Catalyst","floor":41.0,"key":"SMITH"},{"floor":44.0,"key":"REST"},{"data":"Calculated Gamble","floor":49.0,"key":"SMITH"}],"circlet_count":0,"master_deck":["AscendersBane","Strike_G+1","Strike_G","Defend_G","Defend_G","Defend_G+1","Defend_G","Defend_G","Survivor","Neutralize","AT_FamilyPortrait+1","Reflex+1","Noxious Fumes+1","Deadly Poison","AT_ShadowStep+1","Corpse Explosion","Prepared","Catalyst","Catalyst+1","After Image","AT_ArcaneSupremacy+1","AT_ThistleTea+1","Deadly Poison+1","Calculated Gamble+1"],"relics":["Ring of the Snake","AT_ATBox","NeowsBlessing","Happy Flower","Juzu Bracelet","Paper Crane","Anchor","AT_TrinityForce","Pantograph","DemoMod:WhiteGuonStone","Lantern","SacredBark","AT_BellowingDragoncrestRing","Oddly Smooth Stone","DemoMod:VorpalBullet","AT_Kusabimaru","AT_ArchangelStaff","DemoMod:DecoyRelic"],"acts_visited":["Exordium","TheCity","TheBeyond"],"potions_floor_usage":[],"damage_taken":[{"damage":0.0,"enemies":"Jaw Worm","floor":1.0,"turns":1.0},{"damage":0.0,"enemies":"Small Slimes","floor":5.0,"turns":1.0},{"damage":0.0,"enemies":"Lagavulin","floor":7.0,"turns":1.0},{"damage":0.0,"enemies":"Cultist","floor":8.0,"turns":4.0},{"damage":12.0,"enemies":"3 Sentries","floor":12.0,"turns":7.0},{"damage":0.0,"enemies":"Lots of Slimes","floor":13.0,"turns":1.0},{"damage":3.0,"enemies":"Lagavulin","floor":14.0,"turns":7.0},{"damage":15.0,"enemies":"Slime Boss","floor":16.0,"turns":7.0},{"damage":0.0,"enemies":"Shell Parasite","floor":18.0,"turns":2.0},{"damage":12.0,"enemies":"Chosen","floor":20.0,"turns":4.0},{"damage":23.0,"enemies":"Centurion and Healer","floor":22.0,"turns":5.0},{"damage":15.0,"enemies":"Book of Stabbing","floor":25.0,"turns":5.0},{"damage":0.0,"enemies":"Chosen and Byrds","floor":30.0,"turns":3.0},{"damage":12.0,"enemies":"Snake Plant","floor":31.0,"turns":4.0},{"damage":1.0,"enemies":"Collector","floor":33.0,"turns":6.0},{"damage":1.0,"enemies":"3 Shapes","floor":35.0,"turns":5.0},{"damage":17.0,"enemies":"3 Darklings","floor":36.0,"turns":4.0},{"damage":19.0,"enemies":"Transient","floor":37.0,"turns":5.0},{"damage":0.0,"enemies":"4 Shapes","floor":39.0,"turns":1.0},{"damage":0.0,"enemies":"Nemesis","floor":40.0,"turns":5.0},{"damage":0.0,"enemies":"Giant Head","floor":45.0,"turns":1.0},{"damage":4.0,"enemies":"2 Orb Walkers","floor":46.0,"turns":3.0},{"damage":0.0,"enemies":"Reptomancer","floor":47.0,"turns":6.0},{"damage":8,"enemies":"Time Eater","floor":50,"turns":3}],"seed_played":"6681431085984933773","potions_obtained":[{"floor":7.0,"key":"SteroidPotion"},{"floor":14.0,"key":"Strength Potion"},{"floor":16.0,"key":"SneckoOil"},{"floor":22.0,"key":"Swift Potion"},{"floor":25.0,"key":"PowerPotion"},{"floor":35.0,"key":"DuplicationPotion"},{"floor":47.0,"key":"Guardian:BlockOnCardUsePotion"}],"is_trial":false,"path_per_floor":["M","?","$","?","M","R","E","M","T","R","?","E","M","E","R","B",null,"M","?","M","$","M","R","$","E","T","?","$","?","M","M","R","B",null,"M","M","M","?","M","E","R","?","T","R","E","?","E","T","R","B",null],"character_chosen":"THE_SILENT","items_purchased":["Noxious Fumes","Catalyst","Pantograph"],"campfire_rested":4,"item_purchase_floors":[3,21,21],"current_hp_per_floor":[59,59,59,39,39,39,39,39,39,39,33,21,21,18,37,22,55,55,55,43,43,20,39,39,24,24,24,24,24,24,12,31,55,63,62,45,30,30,30,34,34,34,34,53,53,49,49,49,49,58],"gold":321,"neow_bonus":"THREE_ENEMY_KILL","is_daily":false,"chose_seed":false,"campfire_upgraded":4,"win_rate":0.0,"timestamp":1609482149,"path_taken":["M","?","?","?","M","R","E","M","T","R","?","E","M","E","R","BOSS","M","?","M","$","M","R","?","E","T","?","$","?","M","M","R","BOSS","M","M","M","?","M","E","R","?","T","R","E","?","E","?","R","BOSS"],"items_purchased_type":["Card","Card","Relic"],"build_version":"2020-12-22","purchased_purges":3,"victory":true,"max_hp_per_floor":[66,66,66,66,66,66,66,66,66,66,66,66,66,66,66,66,66,66,66,66,66,66,66,66,66,66,66,66,66,66,66,66,66,66,66,66,66,66,66,66,66,66,66,66,66,66,66,66,66,66],"card_choices":[{"not_picked":["Quick Slash","Footwork"],"picked":"Reflex","floor":1.0},{"not_picked":["Eviscerate","AT_ArcaneSupremacy"],"picked":"Deadly Poison","floor":5.0},{"not_picked":["Cloak And Dagger","Sucker Punch","Setup"],"picked":"SKIP","floor":7.0},{"not_picked":["Dagger Spray","AT_EssenceShift"],"picked":"AT_ShadowStep","floor":8.0},{"not_picked":["AT_WindRun","Accuracy","Unload"],"picked":"SKIP","floor":12.0},{"not_picked":["Riddle With Holes","Blade Dance","Sucker Punch"],"picked":"SKIP","floor":13.0},{"not_picked":["Blade Dance","AT_WomanClash","PiercingWail"],"picked":"SKIP","floor":14.0},{"not_picked":["Doppelganger","Glass Knife"],"picked":"Corpse Explosion","floor":16.0},{"not_picked":["Eviscerate","PiercingWail"],"picked":"Prepared","floor":18.0},{"not_picked":["Deflect","Choke+1","PiercingWail"],"picked":"SKIP","floor":20.0},{"not_picked":["Reflex","Dodge and Roll","AT_WindFlip"],"picked":"SKIP","floor":22.0},{"not_picked":["AT_Desolate","Outmaneuver","Prepared"],"picked":"SKIP","floor":25.0},{"not_picked":["Heel Hook","AT_WindRun+1"],"picked":"Catalyst","floor":30.0},{"not_picked":["Bane","Dagger Throw+1","Dodge and Roll"],"picked":"SKIP","floor":31.0},{"not_picked":["AT_MyraUnstableElement","Burst"],"picked":"After Image","floor":33.0},{"not_picked":["Concentrate","Blade Dance+1"],"picked":"AT_ArcaneSupremacy+1","floor":35.0},{"not_picked":["Endless Agony","Expertise"],"picked":"AT_ThistleTea+1","floor":36.0},{"not_picked":["Backflip","Flying Knee"],"picked":"Deadly Poison+1","floor":37.0},{"not_picked":["Poisoned Stab","Backflip+1","Slice"],"picked":"SKIP","floor":39.0},{"not_picked":["AT_WindFlip","Predator+1","Noxious Fumes"],"picked":"SKIP","floor":40.0},{"not_picked":["Deadly Poison","AT_TwilightShroud+1"],"picked":"Calculated Gamble","floor":45.0},{"not_picked":["Noxious Fumes","Dagger Spray+1","Underhanded Strike"],"picked":"SKIP","floor":47.0}],"player_experience":495173,"relics_obtained":[{"floor":7.0,"key":"Happy Flower"},{"floor":9.0,"key":"Juzu Bracelet"},{"floor":12.0,"key":"Paper Crane"},{"floor":14.0,"key":"Anchor"},{"floor":25.0,"key":"DemoMod:WhiteGuonStone"},{"floor":26.0,"key":"Lantern"},{"floor":40.0,"key":"AT_BellowingDragoncrestRing"},{"floor":43.0,"key":"Oddly Smooth Stone"},{"floor":45.0,"key":"DemoMod:VorpalBullet"},{"floor":46.0,"key":"AT_Kusabimaru"},{"floor":47.0,"key":"AT_ArchangelStaff"},{"floor":48.0,"key":"DemoMod:DecoyRelic"}],"event_choices":[{"damage_healed":0.0,"max_hp_gain":0.0,"max_hp_loss":0.0,"gold_gain":0.0,"event_name":"Living Wall","player_choice":"Grow","floor":2.0,"gold_loss":0.0,"damage_taken":0.0,"cards_upgraded":["AT_FamilyPortrait"]},{"damage_healed":0.0,"max_hp_gain":0.0,"max_hp_loss":0.0,"gold_gain":0.0,"event_name":"Shining Light","player_choice":"Entered Light","floor":4.0,"gold_loss":0.0,"damage_taken":20.0,"cards_upgraded":["Defend_G","Strike_G"]},{"damage_healed":0.0,"max_hp_gain":0.0,"max_hp_loss":0.0,"gold_gain":50.0,"event_name":"FaceTrader","player_choice":"Touch","floor":11.0,"gold_loss":0.0,"damage_taken":6.0},{"damage_healed":0.0,"max_hp_gain":0.0,"max_hp_loss":0.0,"gold_gain":275.0,"event_name":"Golden Shrine","player_choice":"Desecrate","floor":19.0,"gold_loss":0.0,"damage_taken":0.0,"cards_obtained":["Regret"]},{"damage_healed":0.0,"max_hp_gain":0.0,"max_hp_loss":0.0,"gold_gain":0.0,"event_name":"Designer","player_choice":"Upgraded Two","floor":27.0,"gold_loss":50.0,"damage_taken":0.0,"cards_upgraded":["Strike_G","Reflex"]},{"damage_healed":0.0,"max_hp_gain":0.0,"max_hp_loss":0.0,"gold_gain":0.0,"event_name":"Vampires","player_choice":"Ignored","floor":29.0,"gold_loss":0.0,"damage_taken":0.0},{"cards_removed":["Strike_G"],"damage_healed":0.0,"max_hp_gain":0.0,"max_hp_loss":0.0,"gold_gain":0.0,"event_name":"Falling","player_choice":"Removed Attack","floor":38.0,"gold_loss":0.0,"damage_taken":0.0},{"damage_healed":0.0,"max_hp_gain":0.0,"max_hp_loss":0.0,"gold_gain":0.0,"event_name":"Match and Keep!","player_choice":"0 cards matched","floor":42.0,"gold_loss":0.0,"damage_taken":0.0,"cards_obtained":[]},{"damage_healed":0.0,"max_hp_gain":0.0,"max_hp_loss":0.0,"gold_gain":0.0,"event_name":"Mysterious Sphere","player_choice":"Fight","floor":46.0,"gold_loss":0.0,"damage_taken":0.0}],"is_beta":false,"boss_relics":[{"not_picked":["Busted Crown","Ring of the Serpent"],"picked":"AT_TrinityForce"},{"not_picked":["Runic Dome","Philosopher\u0027s Stone"],"picked":"SacredBark"}],"items_purged_floors":[21,24,28],"is_endless":false,"potions_floor_spawned":[7,14,16,22,25,35,36,40,47],"ascension_level":16}}