{"host":"480qzmvu0s2e3e6w","time":1609485599,"event":{"mods":["BaseMod","Colored Map","DeckTracker","Minty Spire (QoL Compilation)","StSLib","SuperFastMode"],"gold_per_floor":[119,136,154,171,187,187,2,35,104,104,104,104,135,153,153,256,256,237,137,137,137,153,153,153,153],"floor_reached":24,"playtime":1072,"items_purged":["Strike_B","Strike_B"],"score":268,"play_id":"29956fc1-c1fa-445f-b037-23584dfb179b","local_time":"20210101161959","is_ascension_mode":true,"campfire_choices":[{"data":"Dualcast","floor":6,"key":"SMITH"},{"data":"Defragment","floor":10,"key":"SMITH"},{"floor":12,"key":"REST"},{"floor":15,"key":"DIG"},{"data":"Darkness","floor":23,"key":"SMITH"}],"circlet_count":0,"master_deck":["Defend_B","Defend_B","Defend_B","Defend_B","Zap","Dualcast+1","Rainbow","Melter+1","Redo","Sweeping Beam","Steam","Coolheaded","Defragment+1","Doom and Gloom+1","Creative AI+1","Turbo","Core Surge","Darkness+1","Beam Cell","Biased Cognition","Genetic Algorithm"],"relics":["FrozenCore","Shovel","Torii","Whetstone"],"acts_visited":["Exordium","TheCity"],"potions_floor_usage":[8,14],"damage_taken":[{"damage":4,"enemies":"Cultist","floor":1,"turns":3},{"damage":0,"enemies":"2 Louse","floor":2,"turns":1},{"damage":0,"enemies":"Small Slimes","floor":3,"turns":3},{"damage":9,"enemies":"Looter","floor":4,"turns":3},{"damage":9,"enemies":"Blue Slaver","floor":5,"turns":4},{"damage":10,"enemies":"3 Sentries","floor":8,"turns":6},{"damage":16,"enemies":"Lagavulin","floor":13,"turns":5},{"damage":1,"enemies":"Exordium Wildlife","floor":14,"turns":4},{"damage":8,"enemies":"The Guardian","floor":16,"turns":9},{"damage":20,"enemies":"2 Thieves","floor":18,"turns":4},{"damage":0,"enemies":"Spheric Guardian","floor":22,"turns":2},{"damage":45,"enemies":"Slavers","floor":24,"turns":3}],"seed_played":"-7222145017526553817","potions_obtained":[{"floor":1,"key":"Strength Potion"},{"floor":13,"key":"SpeedPotion"},{"floor":16,"key":"LiquidBronze"}],"is_trial":false,"path_per_floor":["M","M","M","M","M","R","$","E","T","R","?","R","E","M","R","B",null,"M","$","?","?","M","R","E"],"character_chosen":"DEFECT","items_purchased":["Defragment","Doom and Gloom"],"campfire_rested":1,"item_purchase_floors":[7,7],"current_hp_per_floor":[64,64,64,55,46,46,46,36,36,36,36,58,42,41,41,33,65,45,45,45,45,45,45,0,0],"gold":153,"neow_bonus":"ONE_RANDOM_RARE_CARD","is_daily":false,"chose_seed":false,"campfire_upgraded":3,"win_rate":0.0,"timestamp":1609485599,"path_taken":["M","?","M","M","M","R","$","E","T","R","?","R","E","M","R","BOSS","M","$","?","?","M","R","E"],"items_purchased_type":["Card","Card"],"build_version":"2020-12-22","purchased_purges":2,"victory":false,"max_hp_per_floor":[75,75,75,75,75,75,75,75,75,75,75,75,75,75,75,75,75,75,75,75,75,75,75,75,75],"card_choices":[{"not_picked":["Cold Snap","Steam"],"picked":"Melter","floor":1},{"not_picked":["Barrage","Stack"],"picked":"Redo","floor":2},{"not_picked":["Stack","Melter"],"picked":"Sweeping Beam","floor":3},{"not_picked":["Heatsinks","Melter"],"picked":"Steam","floor":4},{"not_picked":["Compile Driver","Hologram"],"picked":"Coolheaded","floor":5},{"not_picked":["Buffer","Steam Power"],"picked":"Creative AI","floor":8},{"not_picked":["Reprogram","Force Field","Barrage"],"picked":"SKIP","floor":13},{"not_picked":["Glacier","Gash"],"picked":"Turbo","floor":14},{"not_picked":["Electrodynamics","Machine Learning"],"picked":"Core Surge","floor":16},{"not_picked":["FTL","Barrage"],"picked":"Darkness","floor":18},{"not_picked":["Tempest","Melter+1","Go for the Eyes+1"],"picked":"SKIP","floor":22}],"player_experience":634292,"relics_obtained":[{"floor":8,"key":"Shovel"},{"floor":13,"key":"Torii"},{"floor":15,"key":"Whetstone"}],"event_choices":[{"damage_healed":0,"gold_gain":0,"player_choice":"Upgraded","damage_taken":0,"max_hp_gain":0,"max_hp_loss":0,"event_name":"Upgrade Shrine","floor":11,"gold_loss":0,"cards_upgraded":["Creative AI"]},{"damage_healed":0,"gold_gain":0,"cards_transformed":["Strike_B","Strike_B"],"player_choice":"Became Test Subject","damage_taken":0,"max_hp_gain":0,"max_hp_loss":0,"event_name":"Drug Dealer","floor":20,"gold_loss":0,"cards_obtained":["Beam Cell","Biased Cognition"]},{"damage_healed":0,"gold_gain":0,"player_choice":"Read","damage_taken":0,"max_hp_gain":0,"max_hp_loss":0,"event_name":"The Library","floor":21,"gold_loss":0,"cards_obtained":["Genetic Algorithm"]}],"is_beta":false,"boss_relics":[{"not_picked":["SacredBark","Coffee Dripper"],"picked":"FrozenCore"}],"items_purged_floors":[7,19],"is_endless":false,"potions_floor_spawned":[1,13,16],"killed_by":"Slavers","ascension_level":6}}