{"host":"wha9hktbkslqvblg","time":1609479005,"event":{"mods":["BaseMod","Colored Map","Minty Spire (QoL Compilation)","Relic Stats","SuperFastMode","everything is the same but u backflip on backflip"],"gold_per_floor":[109,109,128,128,39,39,66,66,66,66,85,118,118,128,128,204,204,219,238,258,308,308,308,333,333,383,383,399,399,225,240,240,314,314,324,340,340,340],"floor_reached":37,"playtime":681,"items_purged":[],"score":844,"play_id":"f56166ef-0842-4755-8154-f7f2ef6af0a1","local_time":"20210101143005","is_ascension_mode":true,"campfire_choices":[{"data":"Blood for Blood","floor":6,"key":"SMITH"},{"data":"Blood for Blood","floor":10,"key":"SMITH"},{"data":"Evolve","floor":13,"key":"SMITH"},{"data":"Hemokinesis","floor":15,"key":"SMITH"},{"data":"Rage","floor":23,"key":"SMITH"},{"data":"Reckless Charge","floor":29,"key":"SMITH"},{"floor":32,"key":"REST"}],"circlet_count":0,"master_deck":["AscendersBane","Bash+1","Blood for Blood+1","Evolve+1","Blood for Blood+1","Hemokinesis+1","Feel No Pain","Rage+1","Reckless Charge+1","Shrug It Off","Dark Embrace","Barricade"],"relics":["Burning Blood","NeowsBlessing","Orichalcum","Darkstone Periapt","Anchor","Regal Pillow","Nloth\u0027s Gift","SlaversCollar"],"acts_visited":["Exordium","TheCity","TheBeyond"],"potions_floor_usage":[16,16,24,24,33,35,35],"damage_taken":[{"damage":0,"enemies":"Cultist","floor":1,"turns":1},{"damage":0,"enemies":"Jaw Worm","floor":3,"turns":1},{"damage":0,"enemies":"3 Sentries","floor":7,"turns":2},{"damage":4,"enemies":"Small Slimes","floor":11,"turns":3},{"damage":18,"enemies":"Lagavulin","floor":12,"turns":5},{"damage":4,"enemies":"2 Fungi Beasts","floor":14,"turns":3},{"damage":21,"enemies":"Hexaghost","floor":16,"turns":7},{"damage":5,"enemies":"Spheric Guardian","floor":18,"turns":2},{"damage":16,"enemies":"3 Byrds","floor":19,"turns":4},{"damage":12,"enemies":"Cultist and Chosen","floor":20,"turns":3},{"damage":29,"enemies":"Slavers","floor":24,"turns":4},{"damage":6,"enemies":"Sentry and Sphere","floor":28,"turns":4},{"damage":17,"enemies":"Snake Plant","floor":31,"turns":3},{"damage":21,"enemies":"Champ","floor":33,"turns":7},{"damage":34,"enemies":"3 Darklings","floor":35,"turns":4},{"damage":30,"enemies":"3 Shapes","floor":36,"turns":4},{"damage":2,"enemies":"Maw","floor":37,"turns":2}],"seed_played":"2594903801140582678","potions_obtained":[{"floor":1,"key":"SkillPotion"},{"floor":7,"key":"DuplicationPotion"},{"floor":16,"key":"FearPotion"},{"floor":19,"key":"SkillPotion"},{"floor":24,"key":"Dexterity Potion"},{"floor":33,"key":"Weak Potion"},{"floor":35,"key":"Weak Potion"},{"floor":36,"key":"BlessingOfTheForge"}],"is_trial":false,"path_per_floor":["M","?","M","?","$","R","E","$","T","R","M","E","R","M","R","B",null,"M","M","M","?","?","R","E","?","T","?","M","R","$","M","R","B",null,"M","M","M"],"character_chosen":"IRONCLAD","items_purchased":["Evolve","Shrug It Off","Dark Embrace","DistilledChaos"],"campfire_rested":1,"item_purchase_floors":[5,30,30,30],"current_hp_per_floor":[74,74,75,68,68,68,74,74,74,74,75,63,63,65,65,50,69,70,60,54,54,54,54,31,31,31,31,31,31,31,20,57,42,67,39,15,13,13],"gold":340,"neow_bonus":"THREE_ENEMY_KILL","is_daily":false,"chose_seed":false,"campfire_upgraded":6,"win_rate":0.0,"timestamp":1609479005,"path_taken":["M","?","?","?","$","R","E","$","T","R","M","E","R","M","R","BOSS","M","M","M","?","?","R","E","?","T","?","?","R","$","M","R","BOSS","M","M","M"],"items_purchased_type":["Card","Card","Card","Potion"],"build_version":"2020-12-22","purchased_purges":0,"victory":false,"max_hp_per_floor":[75,75,75,75,75,75,75,75,75,75,75,75,75,75,75,75,75,75,75,75,75,75,75,75,75,75,75,75,75,75,75,75,75,75,75,75,75,75],"relic_stats":{"Darkstone Periapt":0,"Regal Pillow":15,"counters":[17,59],"Nloth\u0027s Gift":0,"Orichalcum":[108],"obtain_stats":[{"Darkstone Periapt":12,"SlaversCollar":34,"Anchor":24,"Regal Pillow":26,"NeowsBlessing":0,"Pandora\u0027s Box":17,"Nloth\u0027s Gift":27,"Orichalcum":7,"Burning Blood":0},{"Darkstone Periapt":5,"SlaversCollar":14,"Anchor":11,"Regal Pillow":11,"NeowsBlessing":0,"Pandora\u0027s Box":7,"Nloth\u0027s Gift":11,"Orichalcum":3,"Burning Blood":0},{"Darkstone Periapt":12,"SlaversCollar":49,"Anchor":35,"Regal Pillow":35,"NeowsBlessing":0,"Pandora\u0027s Box":22,"Nloth\u0027s Gift":35,"Orichalcum":4,"Burning Blood":0}],"Burning Blood":90},"card_choices":[{"not_picked":["Whirlwind","Clothesline","Clash"],"picked":"SKIP","floor":1},{"not_picked":["Twin Strike","Dark Embrace"],"picked":"Blood for Blood","floor":3},{"not_picked":["Intimidate","Pommel Strike"],"picked":"Blood for Blood","floor":7},{"not_picked":["Twin Strike","Evolve"],"picked":"Hemokinesis","floor":11},{"not_picked":["Armaments","Perfected Strike","Blood for Blood"],"picked":"SKIP","floor":12},{"not_picked":["Thunderclap","Headbutt","Clothesline"],"picked":"SKIP","floor":14},{"not_picked":["Bludgeon","Fiend Fire"],"picked":"Brutality","floor":16},{"not_picked":["Pommel Strike","Armaments"],"picked":"Feel No Pain","floor":18},{"not_picked":["Clothesline","Brutality","Intimidate"],"picked":"SKIP","floor":19},{"not_picked":["Flex","Sword Boomerang","Cleave"],"picked":"SKIP","floor":20},{"not_picked":["Flex","Headbutt","Seeing Red"],"picked":"SKIP","floor":24},{"not_picked":["Shockwave","Clash"],"picked":"Reckless Charge","floor":28},{"not_picked":["True Grit","Flex","Sword Boomerang"],"picked":"SKIP","floor":31},{"not_picked":["Berserk","Double Tap"],"picked":"Barricade","floor":33},{"not_picked":["Heavy Blade","Armaments","Metallicize"],"picked":"SKIP","floor":35},{"not_picked":["Shrug It Off","Infernal Blade+1","Hemokinesis+1"],"picked":"SKIP","floor":36}],"player_experience":915147,"relics_obtained":[{"floor":7,"key":"Orichalcum"},{"floor":12,"key":"Darkstone Periapt"},{"floor":24,"key":"Anchor"},{"floor":26,"key":"Regal Pillow"}],"event_choices":[{"damage_healed":0,"gold_gain":0,"player_choice":"Upgraded","damage_taken":0,"max_hp_gain":0,"max_hp_loss":0,"event_name":"Upgrade Shrine","floor":2,"gold_loss":0,"cards_upgraded":["Bash"]},{"cards_removed":["Strike_R"],"damage_healed":0,"gold_gain":0,"player_choice":"Card Removal","damage_taken":7,"max_hp_gain":0,"max_hp_loss":0,"event_name":"Golden Wing","floor":4,"gold_loss":0},{"damage_healed":0,"gold_gain":50,"player_choice":"Stole From Cult","damage_taken":0,"max_hp_gain":0,"max_hp_loss":0,"event_name":"Nest","floor":21,"gold_loss":0},{"damage_healed":0,"gold_gain":0,"player_choice":"Read","damage_taken":0,"max_hp_gain":0,"max_hp_loss":0,"event_name":"The Library","floor":22,"gold_loss":0,"cards_obtained":["Rage"]},{"cards_removed":["Brutality"],"damage_healed":0,"gold_gain":0,"player_choice":"Elegance","damage_taken":0,"max_hp_gain":0,"max_hp_loss":0,"event_name":"Back to Basics","floor":25,"gold_loss":0},{"damage_healed":0,"gold_gain":0,"player_choice":"Traded Relic","damage_taken":0,"relics_obtained":["Nloth\u0027s Gift"],"max_hp_gain":0,"max_hp_loss":0,"event_name":"N\u0027loth","floor":27,"relics_lost":["Pandora\u0027s Box"],"gold_loss":0}],"is_beta":false,"boss_relics":[{"not_picked":["Runic Cube","Snecko Eye"],"picked":"Pandora\u0027s Box"},{"not_picked":["SacredBark","Black Star"],"picked":"SlaversCollar"}],"items_purged_floors":[],"is_endless":false,"potions_floor_spawned":[1,7,11,16,19,24,33,35,36],"killed_by":"Maw","ascension_level":20}}