{"host":"1kq2ingo3j45gyyp","time":1609490610,"event":{"mods":["BaseMod","Better Note","Better Third Choice","Downfall","Minty Spire (QoL Compilation)","StSLib"],"gold_per_floor":[99,117,117,117,38,222,272,42,42,42,80,104,29,49,78,78,78],"floor_reached":16,"playtime":564,"items_purged":[],"score":123,"play_id":"4e7b8243-a217-4d12-af9e-831b279f0452","local_time":"20210101034330","is_ascension_mode":false,"campfire_choices":[{"data":"sneckomod:UnknownRareAttack","floor":1,"key":"SMITH"},{"floor":13,"key":"REST"}],"circlet_count":0,"master_deck":["sneckomod:Strike","sneckomod:Strike","sneckomod:Strike","sneckomod:Defend","sneckomod:Defend","sneckomod:Defend","sneckomod:TailWhip","sneckomod:SnekBite","sneckomod:Unknown","sneckomod:Unknown","sneckomod:UnknownRareAttack+1","sneckomod:ImprovisedGuard","sneckomod:DiceBlock","expansioncontent:Flail","sneckomod:UnknownVulnerable","sneckomod:CheapStock","sneckomod:UnknownRareAttack","sneckomod:UnknownWeak","sneckomod:UnknownX","sneckomod:Nope"],"relics":["sneckomod:SneckoSoul","CeramicFish","downfall:BrokenWingStatue","Juzu Bracelet","Regal Pillow","downfall:HeartBlessingBlue"],"acts_visited":["Exordium"],"potions_floor_usage":[],"damage_taken":[{"damage":7,"enemies":"2 Louse","floor":2,"turns":3},{"damage":0,"enemies":"downfall:FleeingMerchant","floor":5,"turns":4},{"damage":14,"enemies":"downfall:FleeingMerchant","floor":8,"turns":4},{"damage":8,"enemies":"Gremlin Nob","floor":11,"turns":3},{"damage":22,"enemies":"Small Slimes","floor":12,"turns":5},{"damage":8,"enemies":"Jaw Worm","floor":14,"turns":3},{"damage":1,"enemies":"2 Fungi Beasts","floor":15,"turns":2},{"damage":84,"enemies":"downfall:Defect","floor":16,"turns":10}],"seed_played":"8223792588076246974","potions_obtained":[{"floor":2,"key":"GamblersBrew"},{"floor":8,"key":"Strength Potion"},{"floor":11,"key":"sneckomod:OffclassReductionPotion"}],"is_trial":false,"path_per_floor":["R","M","?","?","$","?","T","$","?","?","E","M","R","M","M","B"],"character_chosen":"THE_SNECKO","items_purchased":["expansioncontent:Flail","sneckomod:CheapStock","Juzu Bracelet"],"campfire_rested":1,"item_purchase_floors":[5,8,8],"current_hp_per_floor":[64,64,64,64,64,64,64,55,60,60,55,34,91,84,83,0,0],"gold":78,"neow_bonus":"THREE_RARE_CARDS","is_daily":false,"chose_seed":false,"campfire_upgraded":1,"win_rate":0.0,"timestamp":1609490610,"path_taken":["R","M","?","?","$","?","T","?","?","?","E","M","R","M","M","BOSS"],"items_purchased_type":["Card","Card","Relic"],"build_version":"2020-12-22","purchased_purges":0,"victory":false,"max_hp_per_floor":[91,91,91,91,91,91,91,92,97,97,98,99,109,110,110,110,110],"card_choices":[{"not_picked":["sneckomod:Mudshield","sneckomod:SerpentMind"],"picked":"sneckomod:UnknownRareAttack","floor":0},{"not_picked":["sneckomod:DiceCrush","sneckomod:QuickBite"],"picked":"sneckomod:ImprovisedGuard","floor":2},{"not_picked":["sneckomod:QuickMove","sneckomod:ImprovisedAttack"],"picked":"sneckomod:DiceBlock","floor":5},{"not_picked":["sneckomod:IronFang","sneckomod:QuickMove"],"picked":"sneckomod:UnknownVulnerable","floor":8},{"not_picked":["sneckomod:ImprovisedGuard","sneckomod:SoulDraw"],"picked":"sneckomod:UnknownRareAttack","floor":11},{"not_picked":["sneckomod:UnknownUncommonSkill","sneckomod:SnekBeam"],"picked":"sneckomod:UnknownWeak","floor":12},{"not_picked":["sneckomod:SerpentIdol","sneckomod:DiceCrush"],"picked":"sneckomod:UnknownX","floor":14},{"not_picked":["sneckomod:WideSting","sneckomod:Unknown2Cost"],"picked":"sneckomod:Nope","floor":15}],"player_experience":824146,"relics_obtained":[{"floor":11,"key":"Regal Pillow"}],"event_choices":[{"damage_healed":0,"gold_gain":0,"player_choice":"Donut","damage_taken":0,"max_hp_gain":5,"max_hp_loss":0,"event_name":"Big Fish","floor":9,"gold_loss":0},{"cards_removed":["Doubt"],"damage_healed":0,"gold_gain":0,"player_choice":"Purged","damage_taken":0,"max_hp_gain":0,"max_hp_loss":0,"event_name":"Purifier","floor":10,"gold_loss":0}],"is_beta":false,"boss_relics":[],"items_purged_floors":[],"is_endless":false,"potions_floor_spawned":[2,11,14],"killed_by":"downfall:Defect","ascension_level":0}}