{"host":"97k5lqmr6aaz1p9r","time":1609484931,"event":{"mods":["BaseMod","Colored Map","Downfall","Jorbs\u0027s Wanderer Trilogy","Minty Spire (QoL Compilation)","StSLib"],"gold_per_floor":[99,111,129,149,249,260,260,292,339,368,305,328,366,378,407,419,419,419],"floor_reached":16,"playtime":1984,"items_purged":[],"score":122,"play_id":"b11c6d9d-4ad7-4b48-ad54-50ed0709e4e3","local_time":"20210101070851","is_ascension_mode":true,"campfire_choices":[{"data":"Slimebound:RollThrough","floor":1,"key":"SMITH"},{"data":"Slimebound:CheckThePlaybook","floor":11,"key":"SMITH"}],"circlet_count":0,"master_deck":["Slimebound:Strike_Slimebound","Slimebound:Strike_Slimebound","Slimebound:Strike_Slimebound","Slimebound:Defend_Slimebound","Slimebound:Defend_Slimebound","Slimebound:Defend_Slimebound","Slimebound:Defend_Slimebound","Slimebound:Split","Slimebound:CorrosiveSpit","Slimebound:RollThrough+1","Slimebound:ComboTackle","Slimebound:Grow","Slimebound:GrowthPunch","Slimebound:CheckThePlaybook+1","Slimebound:FormOfPuddle","Slimebound:GoopTackle","Slimebound:LivingWall","Slimebound:SlimeSpikes","Slimebound:Equalize+1","Slimebound:RejuvenatingLick","Slimebound:RollThrough+1"],"relics":["Slimebound:AbsorbEndCombat","Potion Belt","MawBank","Molten Egg 2","downfall:HeartBlessingGreen","Lantern","downfall:BrokenWingStatue"],"acts_visited":["Exordium"],"potions_floor_usage":[5,5,8,9,16,16,16,16],"damage_taken":[{"damage":14,"enemies":"Jaw Worm","floor":2,"turns":4},{"damage":5,"enemies":"Cultist","floor":3,"turns":3},{"damage":0,"enemies":"2 Louse","floor":4,"turns":2},{"damage":25,"enemies":"downfall:LadyInBlue","floor":5,"turns":11},{"damage":10,"enemies":"Large Slime","floor":6,"turns":5},{"damage":20,"enemies":"Gremlin Gang","floor":8,"turns":5},{"damage":26,"enemies":"Lagavulin","floor":9,"turns":4},{"damage":9,"enemies":"Blue Slaver","floor":10,"turns":4},{"damage":6,"enemies":"3 Louse","floor":12,"turns":2},{"damage":21,"enemies":"3 Sentries","floor":13,"turns":9},{"damage":9,"enemies":"Red Slaver","floor":15,"turns":2},{"damage":31,"enemies":"downfall:Defect","floor":16,"turns":6}],"seed_played":"-3859322290366756545","potions_obtained":[{"floor":3,"key":"Regen Potion"},{"floor":4,"key":"Slimebound:SlimedPotion"},{"floor":5,"key":"SkillPotion"},{"floor":5,"key":"CultistPotion"},{"floor":5,"key":"ColorlessPotion"},{"floor":6,"key":"EntropicBrew"},{"floor":15,"key":"hexamod:EctoCoolerPotion"}],"is_trial":false,"path_per_floor":["R","M","M","M","?","M","T","M","E","M","R","M","E","?","M","B"],"character_chosen":"SLIMEBOUND","items_purchased":[],"campfire_rested":0,"item_purchase_floors":[],"current_hp_per_floor":[60,53,58,60,60,58,58,50,32,31,31,31,26,26,21,0,0,0],"gold":419,"neow_bonus":"TRANSFORM_CARD","is_daily":false,"chose_seed":false,"campfire_upgraded":2,"win_rate":0.0,"timestamp":1609484931,"path_taken":["R","M","M","M","?","?","T","M","E","M","R","M","E","?","M","BOSS"],"items_purchased_type":[],"build_version":"2020-12-22","purchased_purges":0,"victory":false,"max_hp_per_floor":[60,60,60,60,60,60,60,60,60,60,60,60,60,60,60,60,60,60],"card_choices":[{"not_picked":["Slimebound:LeechEnergy","Slimebound:Dissolve"],"picked":"Slimebound:ComboTackle","floor":2},{"not_picked":["Slimebound:ViciousTackle","Slimebound:SplitLeeching"],"picked":"Slimebound:Grow","floor":3},{"not_picked":["Slimebound:SplitAcid","Slimebound:Schlurp"],"picked":"Slimebound:GrowthPunch","floor":4},{"not_picked":["Slimebound:MegaLick","Slimebound:ForwardTackle"],"picked":"Slimebound:CheckThePlaybook","floor":5},{"not_picked":["Slimebound:DivideAndConquer","Slimebound:AcidTongue"],"picked":"Slimebound:FormOfPuddle","floor":6},{"not_picked":["Slimebound:ComboTackle","Slimebound:Schlurp"],"picked":"Slimebound:GoopTackle","floor":8},{"not_picked":["Slimebound:Schlurp","Slimebound:SplitMire"],"picked":"Slimebound:LivingWall","floor":9},{"not_picked":["Slimebound:SplitBruiser","Slimebound:MegaLick"],"picked":"Slimebound:SlimeSpikes","floor":10},{"not_picked":["Slimebound:LeechingTouch+1","Slimebound:SplitAcid"],"picked":"Slimebound:Equalize+1","floor":12},{"not_picked":["Slimebound:RainOfGoop","Slimebound:ComboTackle+1"],"picked":"Slimebound:RejuvenatingLick","floor":13},{"not_picked":["Slimebound:SplitBruiser","Slimebound:ViciousTackle+1"],"picked":"Slimebound:RollThrough+1","floor":15}],"player_experience":569065,"relics_obtained":[{"floor":5,"key":"Potion Belt"},{"floor":7,"key":"MawBank"},{"floor":9,"key":"Molten Egg 2"},{"floor":13,"key":"Lantern"}],"event_choices":[],"is_beta":false,"boss_relics":[],"items_purged_floors":[],"is_endless":false,"potions_floor_spawned":[3,4,6,15],"killed_by":"downfall:Defect","ascension_level":1}}