{"host":"os7ajuuouznx3pj7","time":1609523093,"event":{"mods":["AchievementEnabler","BaseMod","Bestiary","Block Reminder","Colored Map","Colored Powertips","Keyboard Shortcuts","Minty Spire (QoL Compilation)","Quick Restart","Relic Stats","SuperFastMode"],"gold_per_floor":[113,124,124,89,89,89,122,122,145,180,199,199,272,298,298,375,375,389,389,409,409,426,426,444,444,444,74,89,120,138,53,53,53,53],"floor_reached":33,"playtime":5320,"items_purged":[],"score":616,"play_id":"2f10e9c1-5b6f-4faf-8df8-f239c6fa4fff","local_time":"20210101154453","is_ascension_mode":true,"campfire_choices":[{"data":"Perfected Strike","floor":6.0,"key":"SMITH"},{"data":"Iron Wave","floor":8.0,"key":"SMITH"},{"data":"Perfected Strike","floor":12.0,"key":"SMITH"},{"data":"Dual Wield","floor":15.0,"key":"SMITH"},{"floor":23.0,"key":"REST"},{"floor":25.0,"key":"REST"},{"data":"Perfected Strike","floor":32,"key":"SMITH"}],"circlet_count":0,"master_deck":["AscendersBane","Strike_R+1","Strike_R","Strike_R","Strike_R+1","Strike_R","Defend_R","Defend_R","Defend_R","Bash","Perfected Strike+1","Iron Wave+1","Dual Wield+1","Perfected Strike+1","Warcry","Havoc","Battle Trance","Pommel Strike","Blind","Warcry","Perfected Strike+1","Battle Trance+1","Twin Strike+1"],"relics":["Burning Blood","Toy Ornithopter","Bag of Marbles","Vajra","Nunchaku","InkBottle","Magic Flower","Runic Cube","Matryoshka","PreservedInsect","Tiny Chest","CeramicFish"],"acts_visited":["Exordium","TheCity"],"potions_floor_usage":[30],"damage_taken":[{"damage":2.0,"enemies":"Cultist","floor":1.0,"turns":4.0},{"damage":4.0,"enemies":"2 Louse","floor":2.0,"turns":3.0},{"damage":0.0,"enemies":"Gremlin Nob","floor":7.0,"turns":2.0},{"damage":20.0,"enemies":"Lagavulin","floor":10.0,"turns":3.0},{"damage":0.0,"enemies":"Jaw Worm","floor":11.0,"turns":1.0},{"damage":13.0,"enemies":"3 Sentries","floor":14.0,"turns":4.0},{"damage":52.0,"enemies":"The Guardian","floor":16.0,"turns":7.0},{"damage":14.0,"enemies":"Shell Parasite","floor":18.0,"turns":2.0},{"damage":20.0,"enemies":"3 Byrds","floor":20.0,"turns":5.0},{"damage":34.0,"enemies":"Shelled Parasite and Fungi","floor":22.0,"turns":3.0},{"damage":24.0,"enemies":"Snake Plant","floor":24.0,"turns":2.0},{"damage":14.0,"enemies":"Centurion and Healer","floor":28.0,"turns":2.0},{"damage":7.0,"enemies":"Gremlin Leader","floor":29.0,"turns":4.0},{"damage":27,"enemies":"Cultist and Chosen","floor":30,"turns":4},{"damage":46,"enemies":"Collector","floor":33,"turns":6}],"seed_played":"-3964173315496998617","potions_obtained":[{"floor":0.0,"key":"Strength Potion"},{"floor":0.0,"key":"EssenceOfSteel"},{"floor":1.0,"key":"Energy Potion"},{"floor":7.0,"key":"ColorlessPotion"},{"floor":11.0,"key":"Strength Potion"},{"floor":18.0,"key":"PowerPotion"},{"floor":24.0,"key":"AttackPotion"}],"is_trial":false,"path_per_floor":["M","M","?","?","?","R","E","R","T","E","M","R","T","E","R","B",null,"M","?","M","?","M","R","M","R","T","$","M","E","M","?","R","B"],"character_chosen":"IRONCLAD","items_purchased":["PreservedInsect","Blind","Warcry","GamblersBrew"],"campfire_rested":2,"item_purchase_floors":[27,27,27,27],"current_hp_per_floor":[72,74,51,69,51,51,62,62,62,53,59,59,59,57,57,14,60,55,55,52,31,14,38,23,47,47,47,50,52,42,42,42,0,0],"gold":53,"neow_bonus":"THREE_SMALL_POTIONS","is_daily":false,"chose_seed":false,"campfire_upgraded":5,"win_rate":0.0,"timestamp":1609523093,"path_taken":["M","M","?","?","?","R","E","R","T","E","M","R","?","E","R","BOSS","M","?","?","?","M","R","M","R","T","$","M","E","M","?","R","BOSS"],"items_purchased_type":["Relic","Card","Card","Potion"],"build_version":"2020-12-22","purchased_purges":0,"victory":false,"max_hp_per_floor":[75,75,75,75,75,75,75,75,75,75,75,75,75,75,75,75,75,75,75,75,80,80,80,80,80,80,80,80,80,80,80,80,80,80],"relic_stats":{"Nunchaku":[8],"counters":[15,52],"CeramicFish":0,"Magic Flower":[36],"Tiny Chest":0,"PreservedInsect":47,"obtain_stats":[{"Nunchaku":10,"Matryoshka":26,"CeramicFish":31,"Vajra":9,"Magic Flower":14,"Tiny Chest":29,"PreservedInsect":27,"Bag of Marbles":7,"Burning Blood":0,"Toy Ornithopter":5,"InkBottle":13,"Runic Cube":17},{"Nunchaku":4,"Matryoshka":11,"CeramicFish":14,"Vajra":3,"Magic Flower":6,"Tiny Chest":13,"PreservedInsect":11,"Bag of Marbles":3,"Burning Blood":0,"Toy Ornithopter":2,"InkBottle":5,"Runic Cube":7},{"Nunchaku":12,"Matryoshka":36,"CeramicFish":46,"Vajra":9,"Magic Flower":17,"Tiny Chest":42,"PreservedInsect":36,"Bag of Marbles":9,"Burning Blood":0,"Toy Ornithopter":7,"InkBottle":13,"Runic Cube":24}],"Burning Blood":108,"Toy Ornithopter":47,"InkBottle":[8],"Runic Cube":[17]},"card_choices":[{"not_picked":["Dark Embrace","Spot Weakness"],"picked":"Perfected Strike","floor":1.0},{"not_picked":["Evolve","Havoc"],"picked":"Iron Wave","floor":2.0},{"not_picked":["Entrench","Cleave"],"picked":"Dual Wield","floor":7.0},{"not_picked":["Searing Blow","Iron Wave","Body Slam"],"picked":"SKIP","floor":10.0},{"not_picked":["Armaments","Impervious"],"picked":"Perfected Strike","floor":11.0},{"not_picked":["Inflame","Flex"],"picked":"Warcry","floor":14.0},{"not_picked":["Cleave","Searing Blow"],"picked":"Havoc","floor":18.0},{"not_picked":["Twin Strike","Anger","Whirlwind"],"picked":"SKIP","floor":20.0},{"not_picked":["Perfected Strike","Sword Boomerang"],"picked":"Battle Trance","floor":22.0},{"not_picked":["Feel No Pain","Rupture"],"picked":"Pommel Strike","floor":24.0},{"not_picked":["Dark Embrace+1","Sword Boomerang"],"picked":"Perfected Strike","floor":28.0},{"not_picked":["Perfected Strike","Fire Breathing"],"picked":"Battle Trance+1","floor":29.0},{"not_picked":["Clothesline","Battle Trance"],"picked":"Twin Strike+1","floor":30}],"player_experience":734236,"relics_obtained":[{"floor":7.0,"key":"Bag of Marbles"},{"floor":9.0,"key":"Vajra"},{"floor":10.0,"key":"Nunchaku"},{"floor":13.0,"key":"InkBottle"},{"floor":14.0,"key":"Magic Flower"},{"floor":26.0,"key":"Matryoshka"},{"floor":29.0,"key":"Tiny Chest"}],"event_choices":[{"damage_healed":0.0,"max_hp_gain":0.0,"max_hp_loss":0.0,"gold_gain":0.0,"event_name":"Shining Light","player_choice":"Entered Light","floor":3.0,"gold_loss":0.0,"damage_taken":23.0,"cards_upgraded":["Strike_R","Strike_R"]},{"damage_healed":18.0,"max_hp_gain":0.0,"max_hp_loss":0.0,"gold_gain":0.0,"event_name":"The Cleric","player_choice":"Healed","floor":4.0,"gold_loss":35.0,"damage_taken":0.0},{"damage_healed":0.0,"max_hp_gain":0.0,"max_hp_loss":0.0,"gold_gain":0.0,"event_name":"Scrap Ooze","player_choice":"Success","floor":5.0,"gold_loss":0.0,"damage_taken":18.0,"relics_obtained":["Toy Ornithopter"]},{"cards_removed":["Defend_R"],"damage_healed":0.0,"max_hp_gain":0.0,"max_hp_loss":0.0,"gold_gain":0.0,"event_name":"Wheel of Change","player_choice":"Card Removal","floor":19.0,"gold_loss":0.0,"damage_taken":0.0},{"damage_healed":0.0,"max_hp_gain":5.0,"max_hp_loss":0.0,"gold_gain":0.0,"event_name":"Forgotten Altar","player_choice":"Shed Blood","floor":21.0,"gold_loss":0.0,"damage_taken":26.0},{"damage_healed":0,"gold_gain":0,"player_choice":"Obtained Relic","damage_taken":0,"relics_obtained":["CeramicFish"],"max_hp_gain":0,"max_hp_loss":0,"event_name":"Addict","floor":31,"gold_loss":85}],"is_beta":false,"boss_relics":[{"not_picked":["Pandora\u0027s Box","Empty Cage"],"picked":"Runic Cube"}],"items_purged_floors":[],"is_endless":false,"potions_floor_spawned":[1,7,11,18,24],"killed_by":"Collector","ascension_level":20}}