{"host":"a1u4jo6xlg3w0wsm","time":1609505607,"event":{"mods":["BaseMod","Better Third Choice","DeckTracker","Downfall","Hermit","Hubris","Minty Spire (QoL Compilation)","Rare Cards Sparkle","Replay The Spire","StSLib"],"gold_per_floor":[110,127,324,324,341,368,387,418,418,430,440,440,451,503,503,604,604,619,894,904,904,904],"floor_reached":21,"playtime":3758,"items_purged":[],"score":222,"play_id":"4294bdff-d362-46a1-b1c5-7c6b055c503d","local_time":"20210102015327","is_ascension_mode":true,"campfire_choices":[{"floor":12,"key":"REST"},{"data":"hermit:EyeOfTheStorm","floor":15,"key":"SMITH"}],"circlet_count":0,"master_deck":["hermit:Defend_Hermit","hermit:Defend_Hermit","hermit:Defend_Hermit","hermit:Snapshot","hermit:Covet+1","hermit:Enervate+1","hermit:Misfire","hermit:Dissolve","hermit:TrackingShot","hermit:Snipe","hermit:TakeAim","hermit:Cheat","hermit:Grudge","hermit:EyeOfTheStorm+1","hermit:FlashPowder","Regret","hubris:Despair","hermit:Grudge","Regret","hermit:Enervate"],"relics":["hermit:Momento","Akabeko","Pear","Meat on the Bone","Kintsugi"],"acts_visited":["Exordium","TheCity"],"potions_floor_usage":[6,8,8,11,16,21],"damage_taken":[{"damage":2,"enemies":"2 Louse","floor":1,"turns":2},{"damage":4,"enemies":"Jaw Worm","floor":2,"turns":4},{"damage":0,"enemies":"Cultist","floor":5,"turns":3},{"damage":28,"enemies":"3 Sentries","floor":6,"turns":7},{"damage":4,"enemies":"Exordium Wildlife","floor":7,"turns":2},{"damage":27,"enemies":"Lagavulin","floor":8,"turns":6},{"damage":7,"enemies":"Looter","floor":10,"turns":3},{"damage":2,"enemies":"Red Slaver","floor":11,"turns":3},{"damage":0,"enemies":"3 Louse","floor":13,"turns":1},{"damage":33,"enemies":"Slime Boss","floor":16,"turns":9},{"damage":59,"enemies":"Chosen","floor":18,"turns":7},{"damage":6,"enemies":"Spheric Guardian","floor":20,"turns":3},{"damage":35,"enemies":"Snecko","floor":21,"turns":5}],"seed_played":"-8037458987625564289","potions_obtained":[{"floor":1,"key":"SpeedPotion"},{"floor":5,"key":"Doom Potion"},{"floor":6,"key":"Toxic Potion"},{"floor":10,"key":"Languid Potion"},{"floor":11,"key":"PowerPotion"},{"floor":20,"key":"Reflective Coating"}],"is_trial":false,"path_per_floor":["M","M","?","?","M","E","M","E","T","M","M","R","M","?","R","B",null,"M","?","M","M"],"character_chosen":"HERMIT","items_purchased":[],"campfire_rested":1,"item_purchase_floors":[],"current_hp_per_floor":[73,69,69,69,69,41,37,20,20,25,35,60,60,60,60,39,85,38,38,44,9,9],"gold":904,"neow_bonus":"RANDOM_EVENT","is_daily":false,"chose_seed":false,"campfire_upgraded":1,"win_rate":0.0,"timestamp":1609505607,"path_taken":["M","M","?","?","M","E","M","E","T","M","?","R","M","?","R","BOSS","M","?","M","?"],"items_purchased_type":[],"build_version":"2020-12-13","purchased_purges":0,"victory":false,"max_hp_per_floor":[75,75,75,75,75,75,75,85,85,85,85,85,85,85,85,85,85,85,85,85,85,85],"card_choices":[{"not_picked":["hermit:Scavenge","hermit:TrackingShot"],"picked":"hermit:Enervate","floor":1},{"not_picked":["hermit:Manifest","hermit:HoleUp"],"picked":"hermit:Misfire","floor":2},{"not_picked":["hermit:Shortfuse","hermit:Ricochet"],"picked":"hermit:Dissolve","floor":3},{"not_picked":["hermit:Coalescence","hermit:ItchyTrigger"],"picked":"hermit:TrackingShot","floor":5},{"not_picked":["hermit:Showdown","hermit:HighCaliber"],"picked":"hermit:Snipe","floor":6},{"not_picked":["hermit:ItchyTrigger","hermit:Vantage"],"picked":"hermit:TakeAim","floor":7},{"not_picked":["hermit:Coalescence","hermit:WideOpen"],"picked":"hermit:Cheat","floor":8},{"not_picked":["hermit:Adapt","hermit:WideOpen"],"picked":"hermit:Grudge","floor":10},{"not_picked":["hermit:HoleUp","hermit:Maintenance"],"picked":"hermit:EyeOfTheStorm","floor":11},{"not_picked":["hermit:Vantage","hermit:Malice"],"picked":"hermit:FlashPowder","floor":13},{"not_picked":["hermit:Roulette","hermit:Vantage+1"],"picked":"hermit:Grudge","floor":18},{"not_picked":["hermit:ItchyTrigger+1","hermit:Scavenge"],"picked":"hermit:Enervate","floor":20}],"player_experience":271573,"relics_obtained":[{"floor":6,"key":"Akabeko"},{"floor":8,"key":"Pear"},{"floor":9,"key":"Meat on the Bone"}],"event_choices":[{"damage_healed":0,"gold_gain":0,"player_choice":"Upgraded","damage_taken":0,"max_hp_gain":0,"max_hp_loss":0,"event_name":"Upgrade Shrine","floor":4,"gold_loss":0,"cards_upgraded":["hermit:Enervate"]},{"damage_healed":0,"gold_gain":52,"player_choice":"Gained Gold","damage_taken":0,"max_hp_gain":0,"max_hp_loss":0,"event_name":"Golden Wing","floor":14,"gold_loss":0},{"damage_healed":0,"gold_gain":275,"player_choice":"Desecrate","damage_taken":0,"max_hp_gain":0,"max_hp_loss":0,"event_name":"Golden Shrine","floor":19,"gold_loss":0,"cards_obtained":["Regret"]}],"is_beta":false,"boss_relics":[{"not_picked":["hermit:ClaspedLocket","Ring of Chaos"],"picked":"Kintsugi"}],"items_purged_floors":[],"is_endless":false,"potions_floor_spawned":[1,5,6,10,11,20],"killed_by":"Snecko","ascension_level":3}}