{"host":"ye7mfqqt9ljtnqit","time":1609494638,"event":{"mods":["BaseMod","Colored Map","Downfall","Marisa£®ÏF”Í°°ƒß¿Ì…≥£©","Minty Spire (QoL Compilation)","StSLib","SuperFastMode","The Servant 0.9.4"],"gold_per_floor":[99,99,99,99,99,114,140,159,175,175,210,222,58,84,94,194,194,44,62,76,76,76,61,61,73,73,173,27,52,122,140,158,261,261,186,203,222,48,65,13,94,144,179,229,556,32,32,132,146,146,146,176,25,25,25],"floor_reached":56,"playtime":4099,"items_purged":["Slimebound:Strike_Slimebound","Slimebound:Strike_Slimebound"],"score":1335,"play_id":"9eec9d48-1825-4922-a70d-244678abc72c","local_time":"20210101175038","is_ascension_mode":false,"campfire_choices":[{"floor":1.0,"key":"RECALL"},{"data":"Slimebound:Recycling","floor":18.0,"key":"SMITH"},{"data":"Apotheosis","floor":35.0,"key":"SMITH"},{"data":"Slimebound:DuplicatedForm","floor":47.0,"key":"SMITH"},{"data":"Slimebound:WasteNot","floor":54.0,"key":"SMITH"}],"circlet_count":0,"master_deck":["Slimebound:Strike_Slimebound","Slimebound:Tackle","Slimebound:Defend_Slimebound","Slimebound:Defend_Slimebound","Slimebound:Defend_Slimebound","Slimebound:Defend_Slimebound","Slimebound:Split+1","Slimebound:CorrosiveSpit","Slimebound:SlimeTap","Slimebound:SplitMire","Slimebound:SplitBruiser","Slimebound:Replication","Slimebound:ServeAndProtect","Slimebound:MassRepurpose","Slimebound:Recycling+1","Slimebound:LeadByExample","Slimebound:ProtectTheBoss","Slimebound:WasteNot+1","Slimebound:SplitAcid","Slimebound:Overexert","Slimebound:SplitMire+1","Slimebound:AcidTongue","Slimebound:SlimeBarrage","Slimebound:LeechingTouch+1","Slimebound:Repurpose","Slimebound:SlimeTap","Apotheosis+1","Slimebound:MegaLick","Slimebound:SlimeBarrage","Slimebound:DuplicatedForm+1","Slimebound:SplitBruiser","Slimebound:Overexert","Slimebound:LeechEnergy+1","Slimebound:GoopSpray+1","Slimebound:FirmFortitude","Slimebound:SplitBruiser","Slimebound:ServeAndProtect+1","Slimebound:SplitMire","Slimebound:Darklings","Slimebound:SplitBruiser","expansioncontent:DefensiveStance","Slimebound:ProtectTheBoss","Slimebound:LevelUp","Slimebound:PressTheAttack+1","Slimebound:SlimeSpikes+1","Slimebound:LevelUp","Slimebound:FormOfPuddle+1","Slimebound:RallyTheTroops","Slimebound:ProtectTheBoss","Slimebound:ServeAndProtect+1","Slimebound:PressTheAttack"],"relics":["Slimebound:AbsorbEndCombat","downfall:HeartsMalice","Slimebound:ScrapOozeRelic","MealTicket","Toolbox","Letter Opener","Philosopher\u0027s Stone","downfall:HeartBlessingGreen","downfall:HeartBlessingRed","downfall:CloakOfManyFaces","CultistMask","FaceOfCleric","NlothsMask","GremlinMask","SsserpentHead","Omamori","Chemical X","Toy Ornithopter","Cursed Key","downfall:HeartBlessingBlue","Pantograph","Old Coin","OrangePellets","Toxic Egg 2","Torii","Ginger","Orrery"],"acts_visited":["Exordium","TheCity","TheBeyond","TheEnding"],"potions_floor_usage":[55,55],"damage_taken":[{"damage":0.0,"enemies":"2 Louse","floor":2.0,"turns":1.0},{"damage":0.0,"enemies":"Cultist","floor":4.0,"turns":1.0},{"damage":0.0,"enemies":"Small Slimes","floor":5.0,"turns":1.0},{"damage":22.0,"enemies":"Large Slime","floor":6.0,"turns":5.0},{"damage":29.0,"enemies":"Exordium Thugs","floor":8.0,"turns":3.0},{"damage":23.0,"enemies":"3 Louse","floor":9.0,"turns":4.0},{"damage":36.0,"enemies":"3 Sentries","floor":11.0,"turns":6.0},{"damage":14.0,"enemies":"Blue Slaver","floor":12.0,"turns":3.0},{"damage":28.0,"enemies":"downfall:FleeingMerchant","floor":13.0,"turns":4.0},{"damage":31.0,"enemies":"Gremlin Nob","floor":14.0,"turns":4.0},{"damage":27.0,"enemies":"Exordium Wildlife","floor":15.0,"turns":3.0},{"damage":37.0,"enemies":"downfall:Defect","floor":16.0,"turns":5.0},{"damage":23.0,"enemies":"3 Byrds","floor":19.0,"turns":3.0},{"damage":50.0,"enemies":"Centurion and Healer","floor":20.0,"turns":3.0},{"damage":18.0,"enemies":"downfall:FleeingMerchant","floor":23.0,"turns":4.0},{"damage":16.0,"enemies":"Snake Plant","floor":25.0,"turns":3.0},{"damage":16.0,"enemies":"downfall:FaceTrader","floor":27.0,"turns":3.0},{"damage":43.0,"enemies":"downfall:FleeingMerchant","floor":28.0,"turns":4.0},{"damage":34.0,"enemies":"Slavers","floor":29.0,"turns":3.0},{"damage":27.0,"enemies":"Shelled Parasite and Fungi","floor":30.0,"turns":4.0},{"damage":18.0,"enemies":"Cultist and Chosen","floor":31.0,"turns":4.0},{"damage":47.0,"enemies":"Chosen and Byrds","floor":32.0,"turns":5.0},{"damage":49.0,"enemies":"downfall:Silent","floor":33.0,"turns":4.0},{"damage":47.0,"enemies":"3 Shapes","floor":36.0,"turns":4.0},{"damage":10.0,"enemies":"3 Darklings","floor":37.0,"turns":2.0},{"damage":50.0,"enemies":"4 Shapes","floor":39.0,"turns":3.0},{"damage":69.0,"enemies":"Reptomancer","floor":43.0,"turns":5.0},{"damage":54.0,"enemies":"Nemesis","floor":45.0,"turns":5.0},{"damage":47.0,"enemies":"Mind Bloom Boss Battle","floor":48.0,"turns":5.0},{"damage":28.0,"enemies":"Maw","floor":49.0,"turns":3.0},{"damage":62.0,"enemies":"downfall:Ironclad","floor":50.0,"turns":4.0},{"damage":59.0,"enemies":"downfall:CharBossMerchant","floor":52.0,"turns":6.0},{"damage":179,"enemies":"downfall:NeowBoss","floor":55,"turns":15}],"seed_played":"-7745299755684805007","potions_obtained":[{"floor":6.0,"key":"Swift Potion"},{"floor":9.0,"key":"ColorlessPotion"},{"floor":12.0,"key":"LiquidBronze"},{"floor":14.0,"key":"Fire Potion"},{"floor":16.0,"key":"hexamod:EctoCoolerPotion"},{"floor":30.0,"key":"Strength Potion"},{"floor":33.0,"key":"Explosive Potion"},{"floor":48.0,"key":"AttackPotion"}],"is_trial":false,"path_per_floor":["R","M","?","M","M","M","T","M","M","?","E","M","$","E","M","B",null,"R","M","M","?","?","$","T","M","?","?","$","E","M","M","M","B",null,"R","M","M","$","M","$","T","?","E","?","E","$","R","?","M","B",null,"E","$","R","B",null],"character_chosen":"SLIMEBOUND","items_purchased":["Toolbox","Omamori","Apotheosis","Chemical X","Slimebound:FirmFortitude","Slimebound:SplitBruiser","Slimebound:SplitMire","OrangePellets","Toxic Egg 2","Slimebound:LevelUp","Orrery"],"campfire_rested":0,"item_purchase_floors":[13,28,28,28,38,38,40,46,46,46,53],"current_hp_per_floor":[60,60,60,60,60,60,60,53,48,48,38,38,59,43,48,52,60,60,51,42,42,42,55,55,60,60,60,52,35,35,34,48,42,66,76,65,66,78,63,78,78,78,80,80,74,81,81,81,81,69,84,77,85,85,84],"gold":25,"neow_bonus":"THREE_ENEMY_KILL","is_daily":false,"chose_seed":false,"campfire_upgraded":4,"win_rate":0.0,"timestamp":1609494638,"path_taken":["R","M","?","M","?","M","T","M","M","?","E","M","$","E","M","BOSS","R","M","M","?","?","$","T","M","?","?","$","E","?","M","M","BOSS","R","M","M","$","M","$","T","?","E","?","E","?","R","?","M","BOSS","E","$","R","BOSS"],"items_purchased_type":["Relic","Relic","Card","Relic","Card","Card","Card","Relic","Relic","Card","Relic"],"build_version":"2020-12-22","purchased_purges":2,"victory":true,"max_hp_per_floor":[60,60,60,60,60,60,60,60,60,60,60,60,60,60,60,60,60,60,60,60,60,60,60,60,60,60,60,61,62,63,64,65,66,66,76,77,78,78,79,79,79,79,80,80,81,81,81,82,83,84,84,85,85,85,86],"card_choices":[{"not_picked":["Slimebound:Prepare","Slimebound:ForwardTackle"],"picked":"Slimebound:SlimeTap","floor":2.0},{"not_picked":["Slimebound:Schlurp","Slimebound:DivideAndConquer"],"picked":"Slimebound:SplitMire","floor":4.0},{"not_picked":["Slimebound:BestDefense","Slimebound:SlimeBrawl"],"picked":"Slimebound:SplitBruiser","floor":5.0},{"not_picked":["Slimebound:ViciousTackle","Slimebound:SplitLeeching"],"picked":"Slimebound:Replication","floor":6.0},{"not_picked":["Slimebound:TongueLash","Slimebound:LeechEnergy"],"picked":"Slimebound:ServeAndProtect","floor":8.0},{"not_picked":["Slimebound:MegaLick","Slimebound:Gluttony"],"picked":"Slimebound:MassRepurpose","floor":9.0},{"not_picked":["Slimebound:SplitMire","Slimebound:PressTheAttack"],"picked":"Slimebound:Recycling","floor":11.0},{"not_picked":["Slimebound:ViciousTackle","Slimebound:ComboTackle"],"picked":"Slimebound:LeadByExample","floor":12.0},{"not_picked":["Slimebound:SplitBruiser","Slimebound:AcidTongue"],"picked":"Slimebound:ProtectTheBoss","floor":13.0},{"not_picked":["Slimebound:LeechEnergy","Slimebound:GrowthPunch"],"picked":"Slimebound:WasteNot","floor":14.0},{"not_picked":["Slimebound:Equalize","Slimebound:ComboTackle"],"picked":"Slimebound:SplitAcid","floor":15.0},{"not_picked":["Slimebound:MinionMaster","Slimebound:OneTwoCombo"],"picked":"Slimebound:Overexert","floor":16.0},{"not_picked":["Slimebound:FinishingTackle","Slimebound:LivingWall"],"picked":"Slimebound:SplitMire+1","floor":19.0},{"not_picked":["Slimebound:ItLooksTasty","Slimebound:Grow+1"],"picked":"Slimebound:AcidTongue","floor":20.0},{"not_picked":["Slimebound:ServeAndProtect","Slimebound:ComboTackle"],"picked":"Slimebound:LeechingTouch+1","floor":23.0},{"not_picked":["Slimebound:LeechingTouch","Slimebound:BestDefense+1","Slimebound:RollThrough"],"picked":"SKIP","floor":25.0},{"not_picked":["Slimebound:Chomp+1","Slimebound:LeechEnergy"],"picked":"Slimebound:Repurpose","floor":27.0},{"not_picked":["Slimebound:ComboTackle+1","Slimebound:MegaLick"],"picked":"Slimebound:SlimeTap","floor":28.0},{"not_picked":["Slimebound:RollThrough","Slimebound:HungryTackle"],"picked":"Slimebound:MegaLick","floor":29.0},{"not_picked":["Slimebound:Equalize+1","Slimebound:FirmFortitude+1"],"picked":"Slimebound:SlimeBarrage","floor":30.0},{"not_picked":["Slimebound:FinishingTackle+1","Slimebound:ProtectTheBoss"],"picked":"Slimebound:DuplicatedForm","floor":31.0},{"not_picked":["Slimebound:RainOfGoop","Slimebound:AcidTongue"],"picked":"Slimebound:SplitBruiser","floor":32.0},{"not_picked":["Slimebound:LeechLife","Slimebound:CheckThePlaybook"],"picked":"Slimebound:Overexert","floor":33.0},{"not_picked":["Slimebound:SamplingLick","Slimebound:FlameTackle"],"picked":"Slimebound:LeechEnergy+1","floor":36.0},{"not_picked":["Slimebound:ComboTackle+1","Slimebound:RollThrough+1"],"picked":"Slimebound:GoopSpray+1","floor":37.0},{"not_picked":["Slimebound:HungryTackle+1","Slimebound:Schlurp+1"],"picked":"Slimebound:ServeAndProtect+1","floor":39.0},{"not_picked":["Slimebound:Schlurp+1","Slimebound:DisruptingSlam+1"],"picked":"Slimebound:SplitBruiser","floor":43.0},{"not_picked":["expansioncontent:DefensiveMode","expansioncontent:PolyBeam"],"picked":"expansioncontent:DefensiveStance","floor":44.0},{"not_picked":["Slimebound:FlameTackle+1","Slimebound:ComboTackle+1"],"picked":"Slimebound:ProtectTheBoss","floor":45.0},{"not_picked":["Slimebound:RollThrough+1","Slimebound:HungryTackle+1"],"picked":"Slimebound:PressTheAttack+1","floor":48.0},{"not_picked":["Slimebound:SamplingLick+1","Slimebound:RollThrough+1"],"picked":"Slimebound:SlimeSpikes+1","floor":49.0},{"not_picked":["Slimebound:SplitLeeching+1","Slimebound:SplitBruiser+1"],"picked":"Slimebound:LevelUp","floor":52.0},{"not_picked":["Slimebound:Nibble+1","Slimebound:Replication+1"],"picked":"Slimebound:FormOfPuddle+1","floor":53.0},{"not_picked":["Slimebound:SplitAcid+1","Slimebound:LivingWall+1"],"picked":"Slimebound:RallyTheTroops","floor":53.0},{"not_picked":["Slimebound:BestDefense","Slimebound:RejuvenatingLick+1"],"picked":"Slimebound:ProtectTheBoss","floor":53.0},{"not_picked":["Slimebound:Dissolve+1","Slimebound:RollThrough"],"picked":"Slimebound:ServeAndProtect+1","floor":53.0},{"not_picked":["Slimebound:TongueLash+1","Slimebound:LeechEnergy"],"picked":"Slimebound:PressTheAttack","floor":53.0}],"player_experience":102975,"relics_obtained":[{"floor":7.0,"key":"Smiling Mask"},{"floor":11.0,"key":"MealTicket"},{"floor":14.0,"key":"Letter Opener"},{"floor":27.0,"key":"downfall:CloakOfManyFaces"},{"floor":29.0,"key":"Toy Ornithopter"},{"floor":43.0,"key":"Pantograph"},{"floor":45.0,"key":"Old Coin"},{"floor":48.0,"key":"Torii"},{"floor":52.0,"key":"Ginger"}],"event_choices":[{"damage_healed":0.0,"max_hp_gain":0.0,"max_hp_loss":0.0,"gold_gain":0.0,"event_name":"Upgrade Shrine","player_choice":"Upgraded","floor":3.0,"gold_loss":0.0,"damage_taken":0.0,"cards_upgraded":["Slimebound:Split"]},{"damage_healed":0.0,"max_hp_gain":0.0,"max_hp_loss":0.0,"gold_gain":0.0,"event_name":"The Library","player_choice":"Read","floor":21.0,"gold_loss":0.0,"damage_taken":0.0,"cards_obtained":["Slimebound:SlimeBarrage"]},{"damage_healed":0.0,"max_hp_gain":0.0,"max_hp_loss":0.0,"gold_gain":0.0,"event_name":"Vampires","player_choice":"Ignored","floor":22.0,"gold_loss":0.0,"damage_taken":0.0}],"is_beta":false,"boss_relics":[{"not_picked":["Sozu","Busted Crown"],"picked":"Philosopher\u0027s Stone"},{"not_picked":["Black Star","Coffee Dripper"],"picked":"Cursed Key"}],"items_purged_floors":[38,46],"is_endless":false,"potions_floor_spawned":[6,9,12,14,16,19,25,30,33,48],"ascension_level":0}}