{"host":"ejgx9yw0pit9n4wv","time":1609519476,"event":{"mods":["2.2 Compatiblity","Act Like it!","Alarm Clock","BaseMod","Bestiary","Better Match","Better Sensory Stone","Better Skull","Better Third Choice","Downfall","GifTheSpireLib","Highlight Path","Infinite Spire","Minty Spire (QoL Compilation)","Puzzle Mod","Quick Restart","Relic Stats","Replay The Spire","SOS???????","Spicy Shops","StSLib","Trackpad","Uncapped","???Mod??????Boss"],"gold_per_floor":[141,141,141,204,261,261,310,359,359,375,375,387,387,405,405,545,545,565,191,191],"floor_reached":19,"playtime":1650,"items_purged":[],"score":171,"play_id":"70c053cc-c5f1-4fb5-b304-896a3981c80a","local_time":"20210101204436","is_ascension_mode":false,"campfire_choices":[{"floor":6,"key":"REST"},{"floor":11,"key":"REST"},{"floor":15,"key":"DIG"}],"circlet_count":0,"master_deck":["Attack_a","Attack_a","Attack_b","Shoot","Shoot","Provocation","Defend_Dante","Defend_Dante","Defend_Dante","Defend_Dante","Redorb","Pandora+1","hexamod:GhostflameBarrier","Impatience","ReplayReversal","sneckomod:SnakeSap","Whiteorb","Outmaneuver","BeastUppercut","hexamod:CrushingStance","Weaponupgrade","Rebellion","Rebellion","Doubleshoot","Fullhouse"],"relics":["m_BurningSludge","Replay:Wax Seal","Counterbalance","Yang","MealTicket","infinitespire:CursedDice","trackpad:Trackpad","infinitespire:Chaos","Chemical X"],"acts_visited":["Exordium","TheCity"],"potions_floor_usage":[7,16,16,19],"damage_taken":[{"damage":10,"enemies":"2 Louse","floor":1,"turns":2},{"damage":9,"enemies":"Small Slimes","floor":4,"turns":3},{"damage":0,"enemies":"Cultist","floor":5,"turns":3},{"damage":14,"enemies":"Lagavulin","floor":7,"turns":5},{"damage":5,"enemies":"2 Fungi Beasts","floor":8,"turns":3},{"damage":0,"enemies":"Looter","floor":10,"turns":4},{"damage":3,"enemies":"Blue Slaver","floor":12,"turns":5},{"damage":9,"enemies":"Exordium Wildlife","floor":14,"turns":3},{"damage":40,"enemies":"Hexaghost","floor":16,"turns":7},{"damage":27,"enemies":"Spheric Guardian","floor":18,"turns":6}],"seed_played":"2020179757936342663","potions_obtained":[{"floor":5,"key":"Block Potion"},{"floor":8,"key":"champ:CounterPotion"},{"floor":12,"key":"BlessingOfTheForge"},{"floor":16,"key":"Fruit Juice"}],"is_trial":false,"path_per_floor":["M","?","?","M","M","R","E","M","T","M","R","M","?","M","R","B",null,"M","$"],"character_chosen":"DANTE","items_purchased":["Rebellion","infinitespire:Chaos","Doubleshoot","Fullhouse","Chemical X"],"campfire_rested":2,"item_purchase_floors":[19,19,19,19,19],"current_hp_per_floor":[78,78,78,69,69,88,74,69,69,69,88,85,85,76,76,48,88,61,66,66],"gold":191,"neow_bonus":"TEN_PERCENT_HP_BONUS","is_daily":false,"chose_seed":false,"campfire_upgraded":0,"win_rate":0.0,"timestamp":1609519476,"path_taken":["M","?","?","M","M","R","E","M","T","M","R","M","?","?","R","BOSS","M","$"],"items_purchased_type":["Card","Relic","Card","Card","Relic"],"build_version":"2020-12-22","purchased_purges":0,"victory":false,"max_hp_per_floor":[88,88,88,88,88,88,88,88,88,88,88,88,88,88,88,88,88,88,93,93],"relic_stats":{"counters":[10,41],"Yang":[0],"MealTicket":0,"Chemical X":[1],"obtain_stats":[{"Happy Flower":9,"infinitespire:CursedDice":19,"trackpad:Trackpad":19,"Counterbalance":19,"infinitespire:EmptyRelic":19,"Yang":19,"PrismaticShard":3,"Ancient Tea Set":7,"Combocheck":0,"SSS":0,"Pantograph":15,"Replay:Bronze Core":17,"MealTicket":19,"Chemical X":19,"Replay:Wax Seal":19,"infinitespire:Chaos":19,"m_BurningSludge":19},{"Happy Flower":5,"infinitespire:CursedDice":10,"trackpad:Trackpad":10,"Counterbalance":10,"infinitespire:EmptyRelic":10,"Yang":10,"PrismaticShard":1,"Ancient Tea Set":4,"Combocheck":0,"SSS":0,"Pantograph":8,"Replay:Bronze Core":9,"MealTicket":10,"Chemical X":10,"Replay:Wax Seal":10,"infinitespire:Chaos":10,"m_BurningSludge":10},{"Happy Flower":16,"infinitespire:CursedDice":41,"trackpad:Trackpad":41,"Counterbalance":41,"infinitespire:EmptyRelic":41,"Yang":41,"PrismaticShard":2,"Ancient Tea Set":13,"Combocheck":0,"SSS":0,"Pantograph":28,"Replay:Bronze Core":35,"MealTicket":41,"Chemical X":41,"Replay:Wax Seal":41,"infinitespire:Chaos":41,"m_BurningSludge":41}]},"card_choices":[{"not_picked":["Airhike","Greenorb"],"picked":"Pandora","floor":1},{"not_picked":["FIFO Queue","Slimebound:GoopTackle"],"picked":"hexamod:GhostflameBarrier","floor":4},{"not_picked":["Slimebound:BestDefense","Greenorb"],"picked":"Impatience","floor":5},{"not_picked":["JustLucky","Slimebound:ItLooksTasty"],"picked":"ReplayReversal","floor":7},{"not_picked":["Masterful Stab","Swivel"],"picked":"sneckomod:SnakeSap","floor":8},{"not_picked":["Rebound","Guardian:TemporalShield"],"picked":"Whiteorb","floor":10},{"not_picked":["SandsOfTime","Massacre"],"picked":"Outmaneuver","floor":12},{"not_picked":["Madness","sneckomod:SoulRoll"],"picked":"BeastUppercut","floor":14},{"not_picked":["Multi-Cast","Slimebound:DuplicatedForm"],"picked":"hexamod:CrushingStance","floor":16},{"not_picked":["Bane","Guardian:Gem_Lightblue"],"picked":"Weaponupgrade","floor":18}],"player_experience":31495,"relics_obtained":[{"floor":7,"key":"Ancient Tea Set"},{"floor":9,"key":"Happy Flower"},{"floor":15,"key":"Pantograph"}],"event_choices":[{"damage_healed":0,"gold_gain":0,"player_choice":"Ignored","damage_taken":0,"max_hp_gain":0,"max_hp_loss":0,"event_name":"Golden Wing","floor":2,"gold_loss":0},{"damage_healed":0,"gold_gain":0,"player_choice":"Upgraded","damage_taken":0,"max_hp_gain":0,"max_hp_loss":0,"event_name":"Upgrade Shrine","floor":13,"gold_loss":0,"cards_upgraded":["Pandora"]}],"is_beta":false,"boss_relics":[{"not_picked":["ChewingGum","Runic Dome"],"picked":"Replay:Bronze Core"}],"items_purged_floors":[],"is_endless":false,"potions_floor_spawned":[5,8,12,16],"ascension_level":0}}