{"host":"bg8va46pgqgvtzim","time":1609490573,"event":{"mods":["BaseMod","Minty Spire (QoL Compilation)","Quick Restart","StSLib","SuperFastMode"],"gold_per_floor":[111,130,130,142,158,188,207,207,233,267,267,281,300,335,335,435,435,453,453,453,468,481,481,176,204,251,251,62,73,88,99,99,201,201,221,221,74,0,17,50,50,76,102,102,113,141,191,201,201,201,201,201,25,52,52],"floor_reached":56,"playtime":1837,"items_purged":["Strike_P","Strike_P"],"score":1433,"play_id":"93ad9ff0-3892-4f32-b5a1-077ff767c286","local_time":"20210101164253","is_ascension_mode":true,"campfire_choices":[{"data":"Eruption","floor":8.0,"key":"SMITH"},{"data":"Establishment","floor":11.0,"key":"SMITH"},{"data":"EmptyMind","floor":15.0,"key":"SMITH"},{"data":"TalkToTheHand","floor":23.0,"key":"SMITH"},{"data":"Prostrate","floor":27.0,"key":"SMITH"},{"data":"Apotheosis","floor":32.0,"key":"SMITH"},{"floor":41.0,"key":"RECALL"},{"data":"Heatsinks","floor":44.0,"key":"SMITH"},{"data":"Adaptation","floor":49.0,"key":"SMITH"},{"data":"FlurryOfBlows","floor":52.0,"key":"SMITH"}],"circlet_count":0,"master_deck":["Defend_P","Defend_P","Defend_P","Defend_P","Eruption+1","Vigilance","Establishment+1","BattleHymn","Protect","FlurryOfBlows+1","Perseverance","EmptyMind+1","FearNoEvil","Crescendo","SandsOfTime","MasterReality","Prostrate","Evaluate+1","TalkToTheHand+1","Adaptation+1","Prostrate+1","Apotheosis+1","ClearTheMind","Fasting2","Double Energy","Heatsinks+1","Indignation+1","True Grit+1","Wallop","Deep Breath"],"relics":["PureWater","Meat on the Bone","Lantern","PreservedInsect","Oddly Smooth Stone","ClockworkSouvenir","Unceasing Top","Coffee Dripper","PrismaticShard","Red Mask","Bottled Lightning","Potion Belt","Centennial Puzzle","Shuriken","Thread and Needle","Happy Flower"],"acts_visited":["Exordium","TheCity","TheBeyond","TheEnding"],"potions_floor_usage":[55,55,55],"damage_taken":[{"damage":0.0,"enemies":"Small Slimes","floor":1.0,"turns":2.0},{"damage":0.0,"enemies":"Cultist","floor":2.0,"turns":4.0},{"damage":0.0,"enemies":"2 Louse","floor":4.0,"turns":4.0},{"damage":2.0,"enemies":"Looter","floor":5.0,"turns":4.0},{"damage":28.0,"enemies":"Gremlin Nob","floor":6.0,"turns":5.0},{"damage":0.0,"enemies":"3 Louse","floor":7.0,"turns":5.0},{"damage":0.0,"enemies":"Lagavulin","floor":10.0,"turns":4.0},{"damage":2.0,"enemies":"Blue Slaver","floor":12.0,"turns":5.0},{"damage":0.0,"enemies":"Large Slime","floor":13.0,"turns":4.0},{"damage":6.0,"enemies":"3 Sentries","floor":14.0,"turns":5.0},{"damage":11.0,"enemies":"Hexaghost","floor":16.0,"turns":7.0},{"damage":0.0,"enemies":"Shell Parasite","floor":18.0,"turns":7.0},{"damage":5.0,"enemies":"Chosen","floor":21.0,"turns":5.0},{"damage":9.0,"enemies":"Snake Plant","floor":22.0,"turns":4.0},{"damage":18.0,"enemies":"Slavers","floor":25.0,"turns":4.0},{"damage":0.0,"enemies":"Cultist and Chosen","floor":29.0,"turns":5.0},{"damage":0.0,"enemies":"3 Cultists","floor":30.0,"turns":5.0},{"damage":0.0,"enemies":"Snake Plant","floor":31.0,"turns":5.0},{"damage":22.0,"enemies":"Automaton","floor":33.0,"turns":7.0},{"damage":18.0,"enemies":"3 Darklings","floor":35.0,"turns":6.0},{"damage":0.0,"enemies":"Orb Walker","floor":39.0,"turns":5.0},{"damage":15.0,"enemies":"Nemesis","floor":40.0,"turns":5.0},{"damage":0.0,"enemies":"Giant Head","floor":42.0,"turns":7.0},{"damage":12.0,"enemies":"Spire Growth","floor":45.0,"turns":4.0},{"damage":0.0,"enemies":"Reptomancer","floor":46.0,"turns":2.0},{"damage":0.0,"enemies":"Mind Bloom Boss Battle","floor":47.0,"turns":4.0},{"damage":4.0,"enemies":"Transient","floor":48.0,"turns":5.0},{"damage":25.0,"enemies":"Time Eater","floor":50.0,"turns":8.0},{"damage":47.0,"enemies":"Shield and Spear","floor":54.0,"turns":4.0},{"damage":16,"enemies":"The Heart","floor":55,"turns":7}],"seed_played":"-151849164565120958","potions_obtained":[{"floor":2.0,"key":"SteroidPotion"},{"floor":5.0,"key":"Energy Potion"},{"floor":7.0,"key":"Strength Potion"},{"floor":13.0,"key":"Swift Potion"},{"floor":16.0,"key":"EntropicBrew"},{"floor":21.0,"key":"StancePotion"},{"floor":30.0,"key":"DistilledChaos"},{"floor":33.0,"key":"Regen Potion"},{"floor":35.0,"key":"Swift Potion"},{"floor":42.0,"key":"CultistPotion"},{"floor":47.0,"key":"SteroidPotion"},{"floor":48.0,"key":"Fire Potion"}],"is_trial":false,"path_per_floor":["M","M","?","M","M","E","M","R","T","E","R","M","M","E","R","B",null,"M","?","?","M","M","R","$","E","T","R","$","M","M","M","R","B",null,"M","?","$","?","M","E","R","E","T","R","M","E","?","M","R","B",null,"R","$","E","B",null],"character_chosen":"WATCHER","items_purchased":["Adaptation","ClockworkSouvenir","Apotheosis","PrismaticShard","Wallop"],"campfire_rested":0,"item_purchase_floors":[24,24,28,37,53],"current_hp_per_floor":[72,72,72,72,70,42,42,42,42,42,42,40,40,46,46,47,72,72,72,72,67,58,58,58,40,40,40,40,40,40,40,40,30,72,54,54,54,54,54,53,53,53,53,53,41,41,41,37,37,24,72,72,72,37,33],"gold":52,"neow_bonus":"ONE_RANDOM_RARE_CARD","is_daily":false,"chose_seed":false,"campfire_upgraded":9,"win_rate":0.0,"timestamp":1609490573,"path_taken":["M","M","?","M","M","E","?","R","T","E","R","M","M","E","R","BOSS","M","?","?","M","M","R","$","E","T","R","$","M","M","M","R","BOSS","M","?","$","?","M","E","R","E","T","R","M","E","?","M","R","BOSS","R","$","E","BOSS"],"items_purchased_type":["Card","Relic","Card","Relic","Card"],"build_version":"2020-12-22","purchased_purges":2,"victory":true,"max_hp_per_floor":[72,72,72,72,72,72,72,72,72,72,72,72,72,72,72,72,72,72,72,72,72,72,72,72,72,72,72,72,72,72,72,72,72,72,72,72,72,72,72,72,72,72,72,72,72,72,72,72,72,72,72,72,72,72,72],"card_choices":[{"not_picked":["Evaluate","FlurryOfBlows"],"picked":"BattleHymn","floor":1.0},{"not_picked":["PathToVictory","Prostrate"],"picked":"Protect","floor":2.0},{"not_picked":["Collect","Alpha"],"picked":"FlurryOfBlows","floor":4.0},{"not_picked":["Consecrate","Weave"],"picked":"Perseverance","floor":5.0},{"not_picked":["FlyingSleeves","Weave","CutThroughFate"],"picked":"SKIP","floor":6.0},{"not_picked":["Evaluate","FollowUp","Fasting2"],"picked":"SKIP","floor":7.0},{"not_picked":["Blasphemy","LikeWater"],"picked":"EmptyMind","floor":10.0},{"not_picked":["EmptyFist","WindmillStrike"],"picked":"FearNoEvil","floor":12.0},{"not_picked":["Halt","FollowUp"],"picked":"Crescendo","floor":13.0},{"not_picked":["SashWhip","ThirdEye"],"picked":"SandsOfTime","floor":14.0},{"not_picked":["Establishment","Vault"],"picked":"MasterReality","floor":16.0},{"not_picked":["Crescendo","Sanctity"],"picked":"Prostrate","floor":18.0},{"not_picked":["FlurryOfBlows","Consecrate","Evaluate+1"],"picked":"SKIP","floor":21.0},{"not_picked":["FlurryOfBlows","Consecrate"],"picked":"Evaluate+1","floor":21.0},{"not_picked":["CrushJoints+1","PathToVictory+1"],"picked":"TalkToTheHand","floor":22.0},{"not_picked":["Protect","Ragnarok"],"picked":"Prostrate","floor":25.0},{"not_picked":["Prostrate","SashWhip"],"picked":"ClearTheMind","floor":29.0},{"not_picked":["ThirdEye+1","Conclude","FollowUp"],"picked":"SKIP","floor":30.0},{"not_picked":["CarveReality","BowlingBash+1","Meditate+1"],"picked":"SKIP","floor":31.0},{"not_picked":["EmptyMind","PathToVictory+1"],"picked":"Fasting2","floor":35.0},{"not_picked":["Flying Knee","Dramatic Entrance+1"],"picked":"Double Energy","floor":39.0},{"not_picked":["Distraction+1","Stack+1","PathToVictory+1"],"picked":"SKIP","floor":40.0},{"not_picked":["Deadly Poison+1","Pummel"],"picked":"Heatsinks","floor":42.0},{"not_picked":["EmptyBody+1","Nirvana"],"picked":"Indignation+1","floor":45.0},{"not_picked":["Underhanded Strike+1","EmptyFist+1","Rampage"],"picked":"SKIP","floor":46.0},{"not_picked":["Streamline","Blur"],"picked":"True Grit+1","floor":48.0},{"not_picked":["FlyingSleeves+1","Clothesline+1"],"picked":"Deep Breath","floor":54.0}],"player_experience":2208077,"relics_obtained":[{"floor":6.0,"key":"Meat on the Bone"},{"floor":9.0,"key":"Lantern"},{"floor":10.0,"key":"PreservedInsect"},{"floor":14.0,"key":"Oddly Smooth Stone"},{"floor":25.0,"key":"Unceasing Top"},{"floor":40.0,"key":"Bottled Lightning"},{"floor":42.0,"key":"Potion Belt"},{"floor":43.0,"key":"Centennial Puzzle"},{"floor":46.0,"key":"Shuriken"},{"floor":47.0,"key":"Thread and Needle"},{"floor":54.0,"key":"Happy Flower"}],"event_choices":[{"damage_healed":0.0,"max_hp_gain":0.0,"max_hp_loss":0.0,"gold_gain":0.0,"event_name":"NoteForYourself","player_choice":"Ignored","floor":3.0,"gold_loss":0.0,"damage_taken":0.0},{"cards_removed":["Strike_P"],"damage_healed":0.0,"max_hp_gain":0.0,"max_hp_loss":0.0,"gold_gain":0.0,"event_name":"Back to Basics","player_choice":"Elegance","floor":19.0,"gold_loss":0.0,"damage_taken":0.0},{"damage_healed":0.0,"max_hp_gain":0.0,"max_hp_loss":0.0,"gold_gain":0.0,"event_name":"The Mausoleum","player_choice":"Ignored","floor":20.0,"gold_loss":0.0,"damage_taken":0.0},{"cards_removed":["Strike_P"],"damage_healed":0.0,"max_hp_gain":0.0,"max_hp_loss":0.0,"gold_gain":0.0,"event_name":"Falling","player_choice":"Removed Attack","floor":36.0,"gold_loss":0.0,"damage_taken":0.0},{"damage_healed":0.0,"max_hp_gain":0.0,"max_hp_loss":0.0,"gold_gain":0.0,"event_name":"Tomb of Lord Red Mask","player_choice":"Paid","floor":38.0,"gold_loss":74.0,"damage_taken":0.0,"relics_obtained":["Red Mask"]},{"damage_healed":0.0,"max_hp_gain":0.0,"max_hp_loss":0.0,"gold_gain":0.0,"event_name":"MindBloom","player_choice":"Fight","floor":47.0,"gold_loss":0.0,"damage_taken":0.0}],"is_beta":false,"boss_relics":[{"not_picked":["Busted Crown","Snecko Eye","Fusion Hammer"]},{"not_picked":["HolyWater","SlaversCollar"],"picked":"Coffee Dripper"}],"items_purged_floors":[24,53],"is_endless":false,"potions_floor_spawned":[2,5,7,13,16,21,22,30,33,35,39,42,47,48],"ascension_level":1}}