{"host":"w11d5xug8ost5klq","time":1609472133,"event":{"mods":["2.2 Compatiblity","Arknights The Spire","BaseMod","Better Third Choice","ChefMod","Emptier Cage","Highlight Path","Minty Spire (QoL Compilation)","Quick Restart","Railgun Mod","SIMod","Shade Mod","Spicy Shops","StSLib","The Alterego","The Animator","The Disciple","The Exalted","The Hayseed","The Marked","The Poker Player","The Servant 0.9.4","The Spell Scribe","TheArtist","TheBandit","TheFirefly"],"gold_per_floor":[119,119,119,46,46,74,74,90,90,265,284,314,314,325,325,423,423,363,363,0,0,0,0,0,0,0,0,0,0,0,0,0,0,0,0,0,0,0,0,0,0,0,0,0,0,0,0,0,0,0],"floor_reached":51,"playtime":3651,"items_purged":["Doubt"],"score":830,"play_id":"abb9a8c5-1d59-48c9-ba0b-f93e6ff33379","local_time":"20201231213533","is_ascension_mode":false,"campfire_choices":[{"data":"ats:Overload","floor":7.0,"key":"SMITH"},{"data":"ats:Shell Defense","floor":15.0,"key":"SMITH"},{"data":"ats:Armor Crushing Shot","floor":25.0,"key":"SMITH"},{"data":"ats:Calcification","floor":30.0,"key":"SMITH"},{"data":"ats:Shadow Assault","floor":32.0,"key":"SMITH"},{"floor":46,"key":"REST"},{"data":"ats:Soul Rend","floor":49,"key":"SMITH"}],"circlet_count":0,"master_deck":["ats:Strike C","ats:Strike G","ats:Armor Crushing Shot+1","ats:Defend","ats:Defend","ats:Defend","ats:Defend","ats:Emotion Absorption+1","ats:Apocalypse","ats:Dogmatic Field+1","ats:Overload+1","ats:Sunburst","ats:Shell Defense+1","ats:Shadow Assault+1","ats:Blood Oath","ats:Calcification+1","ats:Soul Rend+1","ats:Red Shift+1","ats:Counter Healing Mode+1","ats:Encircling Forest","ats:Assault Order+1"],"relics":["ats:Sanity","NeowsBlessing","ats:Originium","Bronze Scales","Bromod:ArcaneAegis","Bottled Tornado","Ectoplasm","ats:Spiritual Recovery","Lee\u0027s Waffle","HornCleat","Bromod:ArcaneVictory","White Beast Statue","SacredBark","Incense Burner","Shovel","Bromod:ArcanePistoleer"],"acts_visited":["Exordium","TheCity","TheBeyond"],"potions_floor_usage":[40,40,42,42],"damage_taken":[{"damage":0.0,"enemies":"Small Slimes","floor":1.0,"turns":1.0},{"damage":0.0,"enemies":"3 Sentries","floor":6.0,"turns":1.0},{"damage":0.0,"enemies":"Jaw Worm","floor":8.0,"turns":1.0},{"damage":6.0,"enemies":"Cultist","floor":11.0,"turns":4.0},{"damage":16.0,"enemies":"Gremlin Nob","floor":12.0,"turns":3.0},{"damage":37.0,"enemies":"Blue Slaver","floor":14.0,"turns":5.0},{"damage":182.0,"enemies":"The Guardian","floor":16.0,"turns":17.0},{"damage":26.0,"enemies":"2 Thieves","floor":18.0,"turns":4.0},{"damage":82.0,"enemies":"Shell Parasite","floor":19.0,"turns":9.0},{"damage":55.0,"enemies":"Chosen and Byrds","floor":21.0,"turns":7.0},{"damage":36.0,"enemies":"Gremlin Leader","floor":23.0,"turns":8.0},{"damage":19.0,"enemies":"Snecko","floor":27.0,"turns":5.0},{"damage":152.0,"enemies":"Slavers","floor":28.0,"turns":7.0},{"damage":52.0,"enemies":"Cultist and Chosen","floor":29.0,"turns":7.0},{"damage":225.0,"enemies":"Collector","floor":33.0,"turns":15.0},{"damage":35,"enemies":"3 Shapes","floor":35,"turns":4},{"damage":31,"enemies":"Orb Walker","floor":36,"turns":4},{"damage":30,"enemies":"Sphere and 2 Shapes","floor":38,"turns":4},{"damage":259,"enemies":"Nemesis","floor":40,"turns":13},{"damage":141,"enemies":"4 Shapes","floor":41,"turns":8},{"damage":126,"enemies":"Giant Head","floor":42,"turns":8},{"damage":97,"enemies":"Transient","floor":44,"turns":5},{"damage":65,"enemies":"Writhing Mass","floor":45,"turns":6},{"damage":310,"enemies":"Awakened One","floor":50,"turns":19}],"seed_played":"-2122904585794760123","potions_obtained":[{"floor":8.0,"key":"Fire Potion"},{"floor":12.0,"key":"DistilledChaos"},{"floor":14.0,"key":"SkillPotion"},{"floor":16.0,"key":"PowerPotion"},{"floor":19.0,"key":"Energy Potion"},{"floor":27.0,"key":"SpeedPotion"},{"floor":35,"key":"Regen Potion"},{"floor":40,"key":"DistilledChaos"},{"floor":41,"key":"SpeedPotion"},{"floor":42,"key":"Block Potion"},{"floor":44,"key":"Strength Potion"}],"is_trial":false,"path_per_floor":["M","?","?","$","?","E","R","M","T","?","M","E","?","M","R","B",null,"M","M","$","M","?","E","?","R","T","M","E","M","R","$","R","B",null,"M","M","?","M","?","E","M","E","T","M","M","R","?","?","R","B",null],"character_chosen":"DOCTOR_CLASS","items_purchased":["ats:Dogmatic Field","ats:Spiritual Recovery","Lee\u0027s Waffle"],"campfire_rested":1,"item_purchase_floors":[4,20,20],"current_hp_per_floor":[72,72,65,65,65,65,65,69,69,69,72,60,60,72,72,60,72,72,72,79,64,49,84,84,84,84,83,43,75,75,75,75,63,84,75,81,81,77,84,61,50,43,43,31,57,82,82,82,82,69],"gold":0,"neow_bonus":"THREE_ENEMY_KILL","is_daily":false,"chose_seed":false,"campfire_upgraded":6,"win_rate":0.0,"timestamp":1609472133,"path_taken":["M","?","?","$","?","E","R","?","T","?","M","E","?","M","R","BOSS","M","M","$","M","?","E","?","R","T","M","E","M","R","?","R","BOSS","M","M","?","M","?","E","?","E","T","M","M","R","?","?","R","BOSS"],"items_purchased_type":["Card","Relic","Relic"],"build_version":"2020-12-22","purchased_purges":1,"victory":true,"max_hp_per_floor":[72,72,72,72,72,72,72,72,72,72,72,72,72,72,72,72,72,72,72,79,79,84,84,84,84,84,84,84,84,84,84,84,84,84,84,84,84,84,84,84,84,84,84,84,84,84,84,84,84,84],"card_choices":[{"not_picked":["ats:Shell Defense","ats:Consecutive Shot Auto"],"picked":"ats:Apocalypse","floor":1.0},{"not_picked":["ats:Hammer On","ats:Childhood Dance"],"picked":"ats:Overload","floor":6.0},{"not_picked":["ats:Healing Drone","ats:Cat Scratch","ats:Ignite"],"picked":"SKIP","floor":8.0},{"not_picked":["ats:Consecutive Shot Auto","ats:Assault Order"],"picked":"ats:Sunburst","floor":11.0},{"not_picked":["ats:Leaping Hammer","ats:Dogmatic Field","ats:Poison Spread"],"picked":"SKIP","floor":12.0},{"not_picked":["ats:Explosion Area Strengthen","ats:Consecutive Shot Auto"],"picked":"ats:Shell Defense","floor":14.0},{"not_picked":["ats:Fractured Body","ats:Nebulous Foxfire"],"picked":"ats:Shadow Assault","floor":16.0},{"not_picked":["ats:Poison Spread","ats:Neurotoxin","ats:Assault Order"],"picked":"SKIP","floor":18.0},{"not_picked":["ats:Leaping Hammer","ats:Spore Proliferation","ats:Ignite+1"],"picked":"SKIP","floor":19.0},{"not_picked":["ats:Shadow Raid+1","ats:Shell Defense"],"picked":"ats:Blood Oath","floor":21.0},{"not_picked":["ats:True Silver Slash","ats:Curse Doll","ats:Durian"],"picked":"SKIP","floor":23.0},{"not_picked":["ats:Guardian Obelisk","ats:Explosion Area Strengthen","ats:Curse Doll"],"picked":"SKIP","floor":27.0},{"not_picked":["ats:Hammer On","ats:Flexible Camouflage"],"picked":"ats:Calcification","floor":28.0},{"not_picked":["ats:Ignite","ats:Revitalization","ats:Dogmatic Field"],"picked":"SKIP","floor":29.0},{"not_picked":["ats:Nebulous Foxfire","ats:Disruption Kick"],"picked":"ats:Soul Rend","floor":33.0},{"not_picked":["ats:Shell Defense","ats:Ignite","ats:Curse Doll+1"],"picked":"SKIP","floor":35},{"not_picked":["ats:Shadow Raid+1","ats:Revitalization"],"picked":"ats:Red Shift+1","floor":36},{"not_picked":["ats:Support Order+1","ats:Beaten Up+1","ats:Hammer On"],"picked":"SKIP","floor":38},{"not_picked":["ats:Assault Order","ats:Support Order+1"],"picked":"ats:Counter Healing Mode+1","floor":40},{"not_picked":["ats:Leaping Hammer","ats:Roar Of Ursus","ats:Cat Scratch"],"picked":"SKIP","floor":41},{"not_picked":["ats:Shell Defense","ats:Cat Scratch"],"picked":"ats:Encircling Forest","floor":42},{"not_picked":["ats:Revitalization","ats:Explosion Area Strengthen"],"picked":"ats:Assault Order+1","floor":44},{"not_picked":["ats:Directed Diagnosis+1","ats:Apocalypse","ats:Revitalization"],"picked":"SKIP","floor":45}],"player_experience":341860,"relics_obtained":[{"floor":6.0,"key":"ats:Originium"},{"floor":6.0,"key":"Bronze Scales"},{"floor":9.0,"key":"Bromod:ArcaneAegis"},{"floor":12.0,"key":"ats:Originium"},{"floor":12.0,"key":"Bottled Tornado"},{"floor":23.0,"key":"ats:Originium"},{"floor":23.0,"key":"HornCleat"},{"floor":26.0,"key":"Bromod:ArcaneVictory"},{"floor":28.0,"key":"White Beast Statue"},{"floor":40,"key":"Incense Burner"},{"floor":42,"key":"Shovel"},{"floor":43,"key":"Bromod:ArcanePistoleer"}],"event_choices":[{"damage_healed":0.0,"max_hp_gain":0.0,"max_hp_loss":0.0,"gold_gain":0.0,"event_name":"Living Wall","player_choice":"Grow","floor":2.0,"gold_loss":0.0,"damage_taken":0.0,"cards_upgraded":["ats:Emotion Absorption"]},{"cards_removed":["ats:Strike V"],"damage_healed":0.0,"max_hp_gain":0.0,"max_hp_loss":0.0,"gold_gain":0.0,"event_name":"Golden Wing","player_choice":"Card Removal","floor":3.0,"gold_loss":0.0,"damage_taken":7.0},{"damage_healed":0.0,"max_hp_gain":0.0,"max_hp_loss":0.0,"gold_gain":0.0,"event_name":"Accursed Blacksmith","player_choice":"Forge","floor":5.0,"gold_loss":0.0,"damage_taken":0.0,"cards_upgraded":["ats:Dogmatic Field"]},{"damage_healed":0.0,"max_hp_gain":0.0,"max_hp_loss":0.0,"gold_gain":175.0,"event_name":"betterThird:BetterSerpent","player_choice":"AGREE","floor":10.0,"gold_loss":0.0,"damage_taken":90.0},{"damage_healed":0.0,"max_hp_gain":5.0,"max_hp_loss":0.0,"gold_gain":0.0,"event_name":"Forgotten Altar","player_choice":"Shed Blood","floor":22.0,"gold_loss":0.0,"damage_taken":20.0},{"damage_healed":0.0,"max_hp_gain":0.0,"max_hp_loss":0.0,"gold_gain":99.0,"event_name":"betterThird:BetterNest","player_choice":"Steal","floor":24.0,"gold_loss":0.0,"damage_taken":0.0},{"damage_healed":0,"gold_gain":0,"player_choice":"Memory 1","damage_taken":0,"max_hp_gain":0,"max_hp_loss":0,"event_name":"SensoryStone","floor":37,"gold_loss":0},{"damage_healed":7,"gold_gain":0,"player_choice":"Full Heal","damage_taken":0,"max_hp_gain":0,"max_hp_loss":0,"event_name":"Wheel of Change","floor":39,"gold_loss":0},{"cards_removed":["ats:Strike S"],"damage_healed":0,"gold_gain":0,"player_choice":"Removed Attack","damage_taken":0,"max_hp_gain":0,"max_hp_loss":0,"event_name":"Falling","floor":47,"gold_loss":0},{"damage_healed":0,"gold_gain":0,"player_choice":"Got Potions","damage_taken":0,"max_hp_gain":0,"max_hp_loss":0,"event_name":"Lab","floor":48,"gold_loss":0}],"is_beta":false,"boss_relics":[{"not_picked":["Tiny House","Runic Dome"],"picked":"Ectoplasm"},{"not_picked":["Sozu","Philosopher\u0027s Stone"],"picked":"SacredBark"}],"items_purged_floors":[20],"is_endless":false,"potions_floor_spawned":[8,12,14,16,19,27,29,33,35,36,38,40,41,42,44,45],"ascension_level":0}}