{"host":"i19jjmeqmvseha12","time":1609470829,"event":{"mods":["BaseMod","Colored Powertips","Dota2Spire","Minty Spire (QoL Compilation)","Replay The Spire","StSLib","The Cursed"],"gold_per_floor":[111,111,128,143,143,174,174,192,192,192,209,224,224,224,224,224,224],"floor_reached":16,"playtime":543,"items_purged":[],"score":102,"play_id":"a3394fb7-ef0d-4a27-b94c-5a29332dfb78","local_time":"20201231191349","is_ascension_mode":false,"campfire_choices":[{"floor":7,"key":"REST"},{"data":"ReplayTheSpireMod:Omega Cannon","floor":10,"key":"SMITH"},{"data":"Creative AI","floor":13,"key":"SMITH"},{"floor":15,"key":"REST"}],"circlet_count":0,"master_deck":["Strike_B","Strike_B","Strike_B","Strike_B","Defend_B","Defend_B","Defend_B","Defend_B","Zap","Dualcast","Multi-Cast","ReplayTheSpireMod:Calculation Training+1","ReplayTheSpireMod:Omega Cannon+1","Creative AI+1"],"relics":["Cracked Core","Dota2Spire:Vanguard","Bag of Marbles","Letter Opener"],"acts_visited":["Exordium"],"potions_floor_usage":[16,16],"damage_taken":[{"damage":1,"enemies":"Jaw Worm","floor":1,"turns":3},{"damage":1,"enemies":"Cultist","floor":3,"turns":3},{"damage":0,"enemies":"Small Slimes","floor":4,"turns":3},{"damage":52,"enemies":"3 Sentries","floor":6,"turns":10},{"damage":3,"enemies":"2 Fungi Beasts","floor":8,"turns":3},{"damage":0,"enemies":"Blue Slaver","floor":11,"turns":1},{"damage":0,"enemies":"Looter","floor":12,"turns":2},{"damage":69,"enemies":"Fading Forest","floor":16,"turns":11}],"seed_played":"-4307601387741305888","potions_obtained":[{"floor":3,"key":"Cursed Concoction"},{"floor":4,"key":"Languid Potion"},{"floor":8,"key":"Flashbang"},{"floor":12,"key":"Block Potion"}],"is_trial":false,"path_per_floor":["M","$","M","M","?","E","R","M","T","R","M","M","R","?","R","B"],"character_chosen":"DEFECT","items_purchased":[],"campfire_rested":2,"item_purchase_floors":[],"current_hp_per_floor":[74,74,73,73,73,21,43,40,40,40,40,40,40,37,59,0,0],"gold":224,"neow_bonus":"ONE_RANDOM_RARE_CARD","is_daily":false,"chose_seed":false,"campfire_upgraded":2,"win_rate":0.0,"timestamp":1609470829,"path_taken":["M","$","M","M","?","E","R","M","T","R","?","M","R","?","R","BOSS"],"items_purchased_type":[],"build_version":"2020-12-22","purchased_purges":0,"victory":false,"max_hp_per_floor":[75,75,75,75,75,75,75,75,75,75,75,75,75,75,75,75,75],"card_choices":[{"not_picked":["Panic Button","Barrage","Streamline"],"picked":"SKIP","floor":1},{"not_picked":["Reprogram","Cold Snap"],"picked":"ReplayTheSpireMod:Calculation Training","floor":3},{"not_picked":["Gash","Leap","Barrage"],"picked":"SKIP","floor":4},{"not_picked":["Panic Button","Compile Driver"],"picked":"ReplayTheSpireMod:Omega Cannon","floor":6},{"not_picked":["Coolheaded","Skim","Recycle"],"picked":"SKIP","floor":8},{"not_picked":["Cold Snap","Redo","Stack"],"picked":"SKIP","floor":11},{"not_picked":["Barrage","Go for the Eyes"],"picked":"Creative AI","floor":12}],"player_experience":123834,"relics_obtained":[{"floor":6,"key":"Dota2Spire:Vanguard"},{"floor":9,"key":"Bag of Marbles"}],"event_choices":[{"damage_healed":0,"gold_gain":0,"player_choice":"Upgraded","damage_taken":0,"max_hp_gain":0,"max_hp_loss":0,"event_name":"Upgrade Shrine","floor":5,"gold_loss":0,"cards_upgraded":["ReplayTheSpireMod:Calculation Training"]},{"damage_healed":0,"gold_gain":0,"player_choice":"Success","damage_taken":3,"relics_obtained":["Letter Opener"],"max_hp_gain":0,"max_hp_loss":0,"event_name":"Scrap Ooze","floor":14,"gold_loss":0}],"is_beta":false,"boss_relics":[],"items_purged_floors":[],"is_endless":false,"potions_floor_spawned":[3,4,8,12],"killed_by":"Fading Forest","ascension_level":0}}