{"host":"cu7v2bzxqo9zajt2","time":1609518498,"event":{"mods":["BaseMod","CapriCore","Hermit","HololiveMod","Koishi","Marisa£¨Ùöéë¡¡Øª×âÞÞ£©","Minty Spire (QoL Compilation)","Prisma Mod","Railgun Mod","StSLib","SuperFastMode","The Bug Knight","The Cursed","The Dragon Tamer","The Gatherer","The Immortal","The Runesmith","WarShipGirlsR/??á´Ò³R mod"],"gold_per_floor":[112,387,268,279,279,279,304,328,355,373,373,391,421,452,452,581,581,600,600,3,3,3,15,27,39,104,116,167,179,316,342,354,491,503,534,1545,1537,1549,953,984,1008,1008,1008,1008,556,556,130,153,153,193],"floor_reached":51,"playtime":2816,"items_purged":["Normality","Normality","Shame"],"score":887,"play_id":"99b3868f-f1f8-4779-b33f-6f0175f26627","local_time":"20210102012818","is_ascension_mode":false,"campfire_choices":[{"data":"PrismaMod:IllyaRubysPotion","floor":6,"key":"SMITH"},{"data":"PrismaMod:IllyaFriendMaker","floor":11,"key":"SMITH"},{"data":"PrismaMod:IllyaFriendMaker","floor":15,"key":"SMITH"},{"data":"PrismaMod:IllyaUncommonAOEAttack","floor":23,"key":"SMITH"},{"data":"PrismaMod:IllyaCarnivalAttack","floor":25,"key":"SMITH"},{"floor":29,"key":"DIG"},{"floor":32,"key":"DIG"},{"floor":42,"key":"DIG"},{"floor":44,"key":"DIG"},{"floor":49,"key":"DIG"}],"circlet_count":0,"master_deck":["PrismaMod:IllyaCommonDefend","PrismaMod:IllyaCommonDefend","PrismaMod:IllyaCommonDefend","PrismaMod:IllyaCommonDefend","PrismaMod:IllyaCommonDefend","PrismaMod:IllyaUncommonAttack","PrismaMod:IllyaUncommonDefend","PrismaMod:IllyaAOECommonAttack","PrismaMod:IllyaInstallMoonCancer","PrismaMod:IllyaFriendMaker+1","PrismaMod:IllyaRubysPotion+1","PrismaMod:IllyaCheapDefend","PrismaMod:IllyaFriendMaker+1","PrismaMod:IllyaPoisonBomb","PrismaMod:IllyaGrail","PrismaMod:IllyaAOECommonAttack","PrismaMod:IllyaCarnivalAttack+1","PrismaMod:IllyaCheapDefend+1","PrismaMod:IllyaUncommonAOEAttack+1","PrismaMod:IllyaCarnivalAttack","Bite","Bite","Bite","Bite","Bite","PrismaMod:IllyaCarnivalAttack","PrismaMod:IllyaCarnivalPrismaAstolfo","PrismaMod:IllyaBride+1","Wraith","Sadistic Nature","Dramatic Entrance","PrismaMod:IllyaPoisonBomb","PrismaMod:IllyaUpgradeOrbs+1","Bandage Up","Madness","Madness","PrismaMod:IllyaCheapChannelPoison+1"],"relics":["PrismaMod:PrismaZwei","Omamori","Golden Idol","Bag of Preparation","Orichalcum","Black Star","Juzu Bracelet","Runesmith:Nanobots","Toolbox","MawBank","Oddly Smooth Stone","Nilry\u0027s Codex","Shovel","Pear","StoneCalendar","Pocketwatch","HornCleat","Darkstone Periapt","Membership Card","Happy Flower","Pen Nib","Dream Catcher","Vajra","Boot","Unceasing Top","Smiling Mask","Nunchaku","Torii","OrangePellets","Du-Vu Doll","TungstenRod","Cauldron","Gambling Chip"],"acts_visited":["Exordium","TheCity","TheBeyond"],"potions_floor_usage":[30,33,35,40,41,50,50,50],"damage_taken":[{"damage":0,"enemies":"Cultist","floor":1,"turns":3},{"damage":4,"enemies":"Small Slimes","floor":4,"turns":3},{"damage":11,"enemies":"Jaw Worm","floor":7,"turns":4},{"damage":15,"enemies":"Exordium Wildlife","floor":8,"turns":4},{"damage":0,"enemies":"Blue Slaver","floor":10,"turns":5},{"damage":7,"enemies":"2 Fungi Beasts","floor":12,"turns":3},{"damage":5,"enemies":"3 Sentries","floor":14,"turns":9},{"damage":4,"enemies":"Slime Boss","floor":16,"turns":8},{"damage":13,"enemies":"Chosen","floor":18,"turns":5},{"damage":0,"enemies":"Book of Stabbing","floor":28,"turns":6},{"damage":28,"enemies":"Colosseum Slavers","floor":30,"turns":4},{"damage":7,"enemies":"Colosseum Nobs","floor":30,"turns":4},{"damage":0,"enemies":"Shell Parasite","floor":31,"turns":4},{"damage":47,"enemies":"Collector","floor":33,"turns":8},{"damage":0,"enemies":"3 Shapes","floor":35,"turns":2},{"damage":36,"enemies":"Nemesis","floor":40,"turns":7},{"damage":9,"enemies":"3 Darklings","floor":41,"turns":6},{"damage":0,"enemies":"Writhing Mass","floor":48,"turns":5},{"damage":90,"enemies":"Awakened One","floor":50,"turns":15}],"seed_played":"3794172228473853652","potions_obtained":[{"floor":1,"key":"LiquidMemories"},{"floor":10,"key":"EssenceOfSteel"},{"floor":12,"key":"Energy Potion"},{"floor":14,"key":"Regen Potion"},{"floor":21,"key":"Block Potion"},{"floor":30,"key":"AttackPotion"},{"floor":33,"key":"SkillPotion"},{"floor":35,"key":"Fruit Juice"},{"floor":41,"key":"Fruit Juice"},{"floor":47,"key":"Regen Potion"}],"is_trial":false,"path_per_floor":["M","?","$","M","?","R","M","M","T","M","R","M","?","E","R","B",null,"M","?","$","?","?","R","?","R","T","?","E","R","?","M","R","B",null,"M","?","?","?","$","E","M","R","T","R","$","?","$","M","R","B",null],"character_chosen":"ILLYA","items_purchased":["PrismaMod:IllyaInstallMoonCancer","PrismaMod:IllyaFriendMaker","Runesmith:Nanobots","PrismaMod:IllyaUncommonAOEAttack","Toolbox","PrismaMod:IllyaCarnivalAttack","Sadistic Nature","Membership Card","Happy Flower","Dramatic Entrance","Pen Nib","Bandage Up","Nunchaku","Torii","OrangePellets","SkillPotion","Swift Potion","Du-Vu Doll","TungstenRod","Cauldron"],"campfire_rested":0,"item_purchase_floors":[3,3,20,20,20,20,39,39,39,39,39,45,45,45,45,45,45,47,47,47],"current_hp_per_floor":[75,75,75,71,71,71,65,55,55,60,60,58,58,58,58,59,75,67,67,67,67,67,67,52,52,52,36,60,60,45,56,56,46,62,67,79,79,85,85,58,73,73,73,73,73,62,62,79,79,77],"gold":193,"neow_bonus":"RANDOM_COMMON_RELIC","is_daily":false,"chose_seed":false,"campfire_upgraded":5,"win_rate":0.0,"timestamp":1609518498,"path_taken":["M","?","?","M","?","R","M","M","T","M","R","?","?","E","R","BOSS","M","?","$","?","?","R","?","R","T","?","E","R","?","M","R","BOSS","M","?","?","?","$","E","M","R","T","R","$","?","$","M","R","BOSS"],"items_purchased_type":["Card","Card","Relic","Card","Relic","Card","Card","Relic","Relic","Card","Relic","Card","Relic","Relic","Relic","Potion","Potion","Relic","Relic","Relic"],"build_version":"2020-12-22","purchased_purges":3,"victory":true,"max_hp_per_floor":[75,75,75,75,75,75,75,75,75,75,75,75,75,75,75,75,75,75,75,75,75,75,75,52,52,52,52,62,62,62,62,62,62,62,67,79,79,85,85,85,90,90,90,90,90,90,90,90,90,90],"card_choices":[{"not_picked":["PrismaMod:IllyaGun","PrismaMod:IllyaRapidFire"],"picked":"PrismaMod:IllyaAOECommonAttack","floor":1},{"not_picked":["PrismaMod:IllyaPartialInstallAssassin","PrismaMod:IllyaRussianRoulette"],"picked":"PrismaMod:IllyaRubysPotion","floor":4},{"not_picked":["PrismaMod:IllyaGrailKun","PrismaMod:IllyaDevil"],"picked":"PrismaMod:IllyaCheapDefend","floor":7},{"not_picked":["PrismaMod:IllyaCheapDefend","PrismaMod:IllyaDualEvoke"],"picked":"PrismaMod:IllyaFriendMaker","floor":8},{"not_picked":["PrismaMod:IllyaDevil","PrismaMod:IllyaCommonEvoke"],"picked":"PrismaMod:IllyaPoisonBomb","floor":10},{"not_picked":["PrismaMod:IllyaPoisonBlock","PrismaMod:IllyaEvokeAll"],"picked":"PrismaMod:IllyaGrail","floor":12},{"not_picked":["PrismaMod:IllyaPartialInstallAssassin","PrismaMod:IllyaTestament"],"picked":"PrismaMod:IllyaAOECommonAttack","floor":14},{"not_picked":["PrismaMod:IllyaUberAttackChannel","PrismaMod:IllyaInstallMoonCancer"],"picked":"PrismaMod:IllyaCarnivalAttack","floor":16},{"not_picked":["PrismaMod:IllyaAssassinRevenge","PrismaMod:IllyaMaid"],"picked":"PrismaMod:IllyaCheapDefend+1","floor":18},{"not_picked":["PrismaMod:IllyaCheapAttack","PrismaMod:IllyaMinorZwei"],"picked":"PrismaMod:IllyaCarnivalAttack","floor":28},{"not_picked":["PrismaMod:IllyaDetonatingBlow","PrismaMod:IllyaAOECommonAttack","PrismaMod:IllyaCheapChannelAttack"],"picked":"SKIP","floor":31},{"not_picked":["PrismaMod:IllyaInstallBerserker","PrismaMod:IllyaUberAttackChannel"],"picked":"PrismaMod:IllyaCarnivalPrismaAstolfo","floor":33},{"not_picked":["PrismaMod:IllyaUncommonEvoke+1","PrismaMod:IllyaStunPoison"],"picked":"PrismaMod:IllyaBride+1","floor":35},{"not_picked":["PrismaMod:IllyaTestament","PrismaMod:IllyaAOECommonAttack"],"picked":"PrismaMod:IllyaPoisonBomb","floor":40},{"not_picked":["PrismaMod:IllyaGun","PrismaMod:IllyaPoisonTippedWeapons+1"],"picked":"PrismaMod:IllyaUpgradeOrbs+1","floor":41},{"not_picked":["PrismaMod:IllyaRussianRoulette","PrismaMod:IllyaUberChannel"],"picked":"PrismaMod:IllyaCheapChannelPoison+1","floor":48}],"player_experience":70936,"relics_obtained":[{"floor":9,"key":"Bag of Preparation"},{"floor":14,"key":"Orichalcum"},{"floor":26,"key":"Oddly Smooth Stone"},{"floor":27,"key":"Nilry\u0027s Codex"},{"floor":28,"key":"Shovel"},{"floor":28,"key":"Pear"},{"floor":29,"key":"StoneCalendar"},{"floor":30,"key":"Pocketwatch"},{"floor":30,"key":"HornCleat"},{"floor":32,"key":"Darkstone Periapt"},{"floor":40,"key":"Dream Catcher"},{"floor":40,"key":"Vajra"},{"floor":42,"key":"Boot"},{"floor":43,"key":"Unceasing Top"},{"floor":44,"key":"Smiling Mask"},{"floor":49,"key":"Gambling Chip"}],"event_choices":[{"damage_healed":0,"gold_gain":275,"player_choice":"Desecrate","damage_taken":0,"max_hp_gain":0,"max_hp_loss":0,"event_name":"Golden Shrine","floor":2,"gold_loss":0,"cards_obtained":["Regret"]},{"damage_healed":0,"gold_gain":0,"player_choice":"Take Wound","damage_taken":0,"relics_obtained":["Golden Idol"],"max_hp_gain":0,"max_hp_loss":0,"event_name":"Golden Idol","floor":5,"gold_loss":0,"cards_obtained":["Injury"]},{"damage_healed":0,"gold_gain":30,"player_choice":"Searched \u00272\u0027 times","damage_taken":0,"max_hp_gain":0,"max_hp_loss":0,"event_name":"Dead Adventurer","floor":13,"gold_loss":0},{"damage_healed":0,"gold_gain":0,"player_choice":"Opened","damage_taken":0,"relics_obtained":["Juzu Bracelet"],"max_hp_gain":0,"max_hp_loss":0,"event_name":"The Mausoleum","floor":19,"gold_loss":0},{"damage_healed":0,"gold_gain":0,"player_choice":"Got Potions","damage_taken":0,"max_hp_gain":0,"max_hp_loss":0,"event_name":"Lab","floor":21,"gold_loss":0},{"damage_healed":0,"gold_gain":0,"player_choice":"Stole Relic","damage_taken":0,"relics_obtained":["MawBank"],"max_hp_gain":0,"max_hp_loss":0,"event_name":"Addict","floor":22,"gold_loss":0,"cards_obtained":["Shame"]},{"damage_healed":0,"gold_gain":0,"player_choice":"Became a vampire","damage_taken":0,"max_hp_gain":0,"max_hp_loss":23,"event_name":"Vampires","floor":24,"gold_loss":0,"cards_obtained":["Bite","Bite","Bite","Bite","Bite"]},{"damage_healed":0,"gold_gain":0,"player_choice":"Obtained Book","damage_taken":16,"max_hp_gain":0,"max_hp_loss":0,"event_name":"Cursed Tome","floor":27,"gold_loss":0},{"damage_healed":0,"gold_gain":0,"player_choice":"Fight","damage_taken":0,"max_hp_gain":0,"max_hp_loss":0,"event_name":"Colosseum","floor":30,"gold_loss":0},{"damage_healed":0,"gold_gain":0,"player_choice":"Fought Nobs","damage_taken":0,"max_hp_gain":0,"max_hp_loss":0,"event_name":"Colosseum","floor":30,"gold_loss":0},{"damage_healed":0,"gold_gain":999,"player_choice":"Gold","damage_taken":0,"max_hp_gain":0,"max_hp_loss":0,"event_name":"MindBloom","floor":36,"gold_loss":0,"cards_obtained":["Normality","Normality"]},{"damage_healed":0,"gold_gain":0,"player_choice":"Ignored","damage_taken":0,"max_hp_gain":0,"max_hp_loss":0,"event_name":"OrinTheCat","floor":38,"gold_loss":0},{"damage_healed":0,"gold_gain":0,"player_choice":"Embrace Madness","damage_taken":11,"max_hp_gain":0,"max_hp_loss":0,"event_name":"Winding Halls","floor":46,"gold_loss":0,"cards_obtained":["Madness","Madness"]}],"is_beta":false,"boss_relics":[{"not_picked":["Runic Pyramid","Sozu"],"picked":"Black Star"},{"not_picked":["Hololive_Finger","SlaversCollar"],"picked":"PrismaMod:PrismaZwei"}],"items_purged_floors":[39,45,47],"is_endless":false,"potions_floor_spawned":[1,10,12,14,16,30,33,35,41],"ascension_level":0}}