{"host":"vcrofm1hbk0ziuql","time":1609504293,"event":{"mods":["2.2 Compatiblity","BaseMod","Colored Map","DeckTracker","Googly Eyes","Highlight Path","Minty Spire (QoL Compilation)","StSLib"],"gold_per_floor":[112,112,123,134,147,147,161,336,389,414,426,388,400,452,464,476,476],"floor_reached":16,"playtime":575,"items_purged":[],"score":102,"play_id":"86b6c9de-5a41-4b6f-8355-6fb83f0baf3e","local_time":"20210101123133","is_ascension_mode":false,"campfire_choices":[{"data":"Darkness","floor":6,"key":"SMITH"},{"data":"Auto Shields","floor":11,"key":"SMITH"},{"data":"Leap","floor":15,"key":"SMITH"}],"circlet_count":0,"master_deck":["Strike_B","Strike_B","Strike_B","Strike_B","Defend_B","Defend_B","Defend_B","Defend_B","Zap+1","Dualcast","Darkness+1","Leap+1","Auto Shields+1","Self Repair"],"relics":["Cracked Core","Thread and Needle","MawBank","Golden Idol","White Beast Statue"],"acts_visited":["Exordium"],"potions_floor_usage":[14],"damage_taken":[{"damage":2,"enemies":"Jaw Worm","floor":1,"turns":3},{"damage":0,"enemies":"2 Louse","floor":3,"turns":2},{"damage":0,"enemies":"Small Slimes","floor":4,"turns":3},{"damage":0,"enemies":"3 Louse","floor":5,"turns":3},{"damage":4,"enemies":"2 Fungi Beasts","floor":7,"turns":4},{"damage":0,"enemies":"Exordium Wildlife","floor":10,"turns":5},{"damage":10,"enemies":"3 Sentries","floor":14,"turns":8},{"damage":36,"enemies":"Hexaghost","floor":16,"turns":11}],"seed_played":"6553161032784735868","potions_obtained":[{"floor":7,"key":"ColorlessPotion"},{"floor":14,"key":"Energy Potion"}],"is_trial":false,"path_per_floor":["M","?","M","M","M","R","M","?","T","M","R","?","?","E","R","B"],"character_chosen":"DEFECT","items_purchased":[],"campfire_rested":0,"item_purchase_floors":[],"current_hp_per_floor":[66,66,66,66,66,66,62,62,62,62,62,62,45,35,35,0,0],"gold":476,"neow_bonus":"ONE_RARE_RELIC","is_daily":false,"chose_seed":false,"campfire_upgraded":3,"win_rate":0.0,"timestamp":1609504293,"path_taken":["M","?","M","M","M","R","M","?","T","?","R","?","?","E","R","BOSS"],"items_purchased_type":[],"build_version":"2020-12-22","purchased_purges":0,"victory":false,"max_hp_per_floor":[68,68,68,68,68,68,68,68,68,68,68,68,68,68,68,68,68],"card_choices":[{"not_picked":["Streamline","Beam Cell","Lockon"],"picked":"SKIP","floor":1},{"not_picked":["Aggregate","Conserve Battery","Redo"],"picked":"SKIP","floor":3},{"not_picked":["Gash","Turbo"],"picked":"Darkness","floor":4},{"not_picked":["Stack","Hologram"],"picked":"Leap","floor":5},{"not_picked":["Turbo","Blizzard"],"picked":"Auto Shields","floor":7},{"not_picked":["Redo","Rebound","Creative AI"],"picked":"SKIP","floor":10},{"not_picked":["Ball Lightning","Force Field"],"picked":"Self Repair","floor":14}],"player_experience":556785,"relics_obtained":[{"floor":9,"key":"MawBank"},{"floor":14,"key":"White Beast Statue"}],"event_choices":[{"damage_healed":0,"gold_gain":0,"player_choice":"Grow","damage_taken":0,"max_hp_gain":0,"max_hp_loss":0,"event_name":"Living Wall","floor":2,"gold_loss":0,"cards_upgraded":["Zap"]},{"damage_healed":0,"gold_gain":175,"player_choice":"AGREE","damage_taken":0,"max_hp_gain":0,"max_hp_loss":0,"event_name":"Liars Game","floor":8,"gold_loss":0,"cards_obtained":["Doubt"]},{"cards_removed":["Doubt"],"damage_healed":0,"gold_gain":0,"player_choice":"Card Removal","damage_taken":0,"max_hp_gain":0,"max_hp_loss":0,"event_name":"The Cleric","floor":12,"gold_loss":50},{"damage_healed":0,"gold_gain":0,"player_choice":"Take Damage","damage_taken":17,"relics_obtained":["Golden Idol"],"max_hp_gain":0,"max_hp_loss":0,"event_name":"Golden Idol","floor":13,"gold_loss":0}],"is_beta":false,"boss_relics":[],"items_purged_floors":[],"is_endless":false,"potions_floor_spawned":[7,14],"killed_by":"Hexaghost","ascension_level":0}}