{"host":"vsdszi3rnxsdp24p","time":1609538382,"event":{"mods":["AchievementEnabler","BaseMod","Colored Map","Colored Powertips","Highlight Path","Minty Spire (QoL Compilation)","Quick Restart","StSLib","SuperFastMode","Synergy Search","The Cursed"],"gold_per_floor":[18,18,293,312,36,36,36,55,79,79,98,98,98],"floor_reached":12,"playtime":501,"items_purged":[],"score":68,"play_id":"099950ba-f4b6-4783-8574-58555a40d3c8","local_time":"20210101225942","is_ascension_mode":false,"campfire_choices":[{"data":"Chrysalis","floor":6,"key":"SMITH"},{"floor":10,"key":"REST"}],"circlet_count":0,"master_deck":["Strike_B","Strike_B","Strike_B","Defend_B","Defend_B","Defend_B","Defend_B","Zap","Dualcast","Thunder Strike","Chaos","Regret","Fusion","Chrysalis+1","Tempest","Coolheaded","Cold Snap","Barrage"],"relics":["Cracked Core","Omamori"],"acts_visited":["Exordium"],"potions_floor_usage":[12],"damage_taken":[{"damage":6,"enemies":"Jaw Worm","floor":1,"turns":3},{"damage":9,"enemies":"Cultist","floor":4,"turns":4},{"damage":13,"enemies":"2 Louse","floor":8,"turns":3},{"damage":31,"enemies":"Exordium Wildlife","floor":11,"turns":4},{"damage":32,"enemies":"3 Sentries","floor":12,"turns":6}],"seed_played":"5355349428066162978","potions_obtained":[{"floor":1,"key":"Swift Potion"}],"is_trial":false,"path_per_floor":["M","$","?","M","$","R","?","M","T","R","M","E"],"character_chosen":"DEFECT","items_purchased":["Chrysalis","Tempest","Coolheaded"],"campfire_rested":1,"item_purchase_floors":[5,5,5],"current_hp_per_floor":[69,69,69,60,60,60,53,40,40,62,31,0,0],"gold":98,"neow_bonus":"THREE_RARE_CARDS","is_daily":false,"chose_seed":false,"campfire_upgraded":1,"win_rate":0.0,"timestamp":1609538382,"path_taken":["M","$","?","?","$","R","?","M","T","R","M","E"],"items_purchased_type":["Card","Card","Card"],"build_version":"2020-12-22","purchased_purges":0,"victory":false,"max_hp_per_floor":[75,75,75,75,75,75,75,75,75,75,75,75,75],"card_choices":[{"not_picked":["Core Surge","Buffer"],"picked":"Thunder Strike","floor":0},{"not_picked":["Darkness","Ball Lightning"],"picked":"Chaos","floor":1},{"not_picked":["Blizzard","Conserve Battery"],"picked":"Fusion","floor":4},{"not_picked":["FTL","Tempest"],"picked":"Cold Snap","floor":8},{"not_picked":["Coolheaded","Reprogram"],"picked":"Barrage","floor":11}],"player_experience":101112,"relics_obtained":[{"floor":9,"key":"Omamori"}],"event_choices":[{"damage_healed":0,"gold_gain":275,"player_choice":"Desecrate","damage_taken":0,"max_hp_gain":0,"max_hp_loss":0,"event_name":"Golden Shrine","floor":3,"gold_loss":0,"cards_obtained":["Regret"]},{"cards_removed":["Strike_B"],"damage_healed":0,"gold_gain":0,"player_choice":"Card Removal","damage_taken":7,"max_hp_gain":0,"max_hp_loss":0,"event_name":"Golden Wing","floor":7,"gold_loss":0}],"is_beta":false,"boss_relics":[],"items_purged_floors":[],"is_endless":false,"potions_floor_spawned":[1],"killed_by":"3 Sentries","ascension_level":0}}