{"host":"icrrc9b69c1a6188","time":1609490112,"event":{"mods":["Act Like it!","BaseMod","Bestiary","Better Altar","Better Match","Better Note","Better Sensory Stone","Better Skull","Better Third Choice","Block Reminder","Colored Map","Colored Powertips","Curses Come First","Displayed Cursed Tome","Faster Ascension Climbing","HexUI Lib","Jorbs\u0027s Wanderer Trilogy","Minty Spire (QoL Compilation)","Quick Restart","RNG Fix","Random Character Mod","Rare Cards Sparkle","Spicy Shops","StSLib","Unceasing Turn Reminder"],"gold_per_floor":[117,129,146,163,181,215,215,250,250,283,299,318,318,337,337,412,412,332,332,332,332,332],"floor_reached":21,"playtime":879,"items_purged":[],"score":510,"play_id":"8a50c02a-0853-4ee7-b37d-18cbcf8e84f2","local_time":"20210101023512","is_ascension_mode":true,"campfire_choices":[{"floor":13,"key":"REST"},{"floor":15,"key":"REST"}],"circlet_count":0,"master_deck":["AscendersBane","Strike_R","Strike_R","Strike_R","Strike_R","Strike_R","Defend_R","Defend_R","Defend_R","Defend_R","Bash","Spot Weakness","Rampage","Inflame","Heavy Blade","Power Through","Burning Pact","Shockwave","Rage","Fire Breathing","Double Tap","Heavy Blade+1","Inflame+1","Armaments"],"relics":["Cursed Key","Art of War","Bottled Flame","Red Skull","Ectoplasm"],"acts_visited":["Exordium","TheCity"],"potions_floor_usage":[5,8,12,16,20,21],"damage_taken":[{"damage":14,"enemies":"Small Slimes","floor":1,"turns":5},{"damage":2,"enemies":"2 Louse","floor":2,"turns":2},{"damage":2,"enemies":"Jaw Worm","floor":3,"turns":3},{"damage":1,"enemies":"2 Fungi Beasts","floor":4,"turns":3},{"damage":9,"enemies":"Red Slaver","floor":5,"turns":2},{"damage":10,"enemies":"3 Sentries","floor":6,"turns":5},{"damage":15,"enemies":"Lagavulin","floor":8,"turns":5},{"damage":27,"enemies":"Gremlin Nob","floor":10,"turns":4},{"damage":2,"enemies":"Blue Slaver","floor":11,"turns":2},{"damage":8,"enemies":"Large Slime","floor":12,"turns":5},{"damage":16,"enemies":"Exordium Thugs","floor":14,"turns":3},{"damage":0,"enemies":"Slime Boss","floor":16,"turns":5},{"damage":16,"enemies":"2 Thieves","floor":18,"turns":4},{"damage":0,"enemies":"Spheric Guardian","floor":20,"turns":2},{"damage":57,"enemies":"Shelled Parasite and Fungi","floor":21,"turns":4}],"seed_played":"3084764532237384156","potions_obtained":[{"floor":2,"key":"Fruit Juice"},{"floor":3,"key":"SkillPotion"},{"floor":6,"key":"CultistPotion"},{"floor":11,"key":"Fire Potion"},{"floor":12,"key":"FearPotion"},{"floor":16,"key":"Explosive Potion"}],"is_trial":false,"path_per_floor":["M","M","M","M","M","E","?","E","T","E","M","M","R","M","R","B",null,"M","?","M","M"],"character_chosen":"IRONCLAD","items_purchased":[],"campfire_rested":2,"item_purchase_floors":[],"current_hp_per_floor":[54,52,50,49,40,30,55,40,40,13,11,8,32,16,40,40,70,54,54,54,0,0],"gold":332,"neow_bonus":"BOSS_RELIC","is_daily":false,"chose_seed":false,"campfire_upgraded":0,"win_rate":0.0,"timestamp":1609490112,"path_taken":["M","M","M","M","M","E","?","E","T","E","?","M","R","M","R","BOSS","M","?","M","?"],"items_purchased_type":[],"build_version":"2020-12-22","purchased_purges":0,"victory":false,"max_hp_per_floor":[75,75,75,75,75,75,75,75,75,75,75,80,80,80,80,80,80,80,80,80,80,80],"card_choices":[{"not_picked":["Pummel","Twin Strike"],"picked":"Spot Weakness","floor":1},{"not_picked":["Sword Boomerang","Thunderclap"],"picked":"Rampage","floor":2},{"not_picked":["True Grit","Warcry"],"picked":"Inflame","floor":3},{"not_picked":["Anger","Twin Strike"],"picked":"Heavy Blade","floor":4},{"not_picked":["Iron Wave","Pommel Strike"],"picked":"Power Through","floor":5},{"not_picked":["Heavy Blade","Wild Strike"],"picked":"Burning Pact","floor":6},{"not_picked":["Corruption","True Grit"],"picked":"Shockwave","floor":8},{"not_picked":["Searing Blow","Dual Wield"],"picked":"Rage","floor":10},{"not_picked":["Sword Boomerang","Pommel Strike","Anger"],"picked":"SKIP","floor":11},{"not_picked":["Headbutt","Pummel"],"picked":"Fire Breathing","floor":12},{"not_picked":["Reckless Charge","Thunderclap","Perfected Strike"],"picked":"SKIP","floor":14},{"not_picked":["Bludgeon","Corruption"],"picked":"Double Tap","floor":16},{"not_picked":["Perfected Strike","Wild Strike"],"picked":"Heavy Blade+1","floor":18},{"not_picked":["Thunderclap","Body Slam"],"picked":"Armaments","floor":20}],"player_experience":716575,"relics_obtained":[{"floor":6,"key":"Art of War"},{"floor":8,"key":"Bottled Flame"},{"floor":10,"key":"Red Skull"}],"event_choices":[{"damage_healed":25,"gold_gain":0,"player_choice":"Banana","damage_taken":0,"max_hp_gain":0,"max_hp_loss":0,"event_name":"Big Fish","floor":7,"gold_loss":0},{"cards_removed":["Inflame"],"damage_healed":0,"gold_gain":0,"player_choice":"Take \u0026 Give","damage_taken":0,"max_hp_gain":0,"max_hp_loss":0,"event_name":"betterNote:BetterNote","floor":19,"gold_loss":0,"cards_obtained":["Inflame"]}],"is_beta":false,"boss_relics":[{"not_picked":["Fusion Hammer","Philosopher\u0027s Stone"],"picked":"Ectoplasm"}],"items_purged_floors":[],"is_endless":false,"potions_floor_spawned":[2,3,6,11,12,16],"killed_by":"Shelled Parasite and Fungi","ascension_level":20}}