{"host":"nqsrckqog5ia9mbo","time":1609522994,"event":{"mods":["AchievementEnabler","BaseMod","Colored Map","Highlight Path","Minty Spire (QoL Compilation)"],"gold_per_floor":[118,68,84,84,101,101,136,147,224,224,253,253,265,300,300,397,397,416,85,105,124,214,248,260,260,287,303,313,331,361,122,122,227,227,240,95,109,0,16,44,44,94,94,127,158,170,211,223,235,247],"floor_reached":51,"playtime":5343,"items_purged":["Strike_R","Strike_R"],"score":982,"play_id":"b9f76517-a7bb-482e-99bc-1ec387e4b31d","local_time":"20210101184314","is_ascension_mode":true,"campfire_choices":[{"data":"Body Slam","floor":6,"key":"SMITH"},{"data":"Armaments","floor":10,"key":"SMITH"},{"data":"Armaments","floor":12,"key":"SMITH"},{"data":"Shrug It Off","floor":15,"key":"SMITH"},{"data":"Juggernaut","floor":25,"key":"SMITH"},{"data":"Flame Barrier","floor":32,"key":"SMITH"},{"data":"True Grit","floor":41,"key":"SMITH"},{"data":"Entrench","floor":46,"key":"SMITH"},{"floor":49,"key":"REST"}],"circlet_count":0,"master_deck":["Strike_R","Defend_R","Defend_R","Defend_R","Defend_R","Juggernaut+1","Armaments+1","Body Slam+1","Armaments+1","Shrug It Off+1","CurseOfTheBell","True Grit+1","Iron Wave","Body Slam","Flame Barrier+1","Battle Trance","Ghostly Armor+1","Entrench","Entrench+1"],"relics":["Burning Blood","Pocketwatch","White Beast Statue","Happy Flower","TungstenRod","Calling Bell","Pen Nib","Pantograph","Mango","Question Card","Darkstone Periapt","Juzu Bracelet","Bag of Preparation","Black Star","TheAbacus","Red Mask","Centennial Puzzle","PreservedInsect","StoneCalendar","Strawberry","MawBank","Gremlin Horn","Orichalcum","Lizard Tail"],"acts_visited":["Exordium","TheCity","TheBeyond"],"potions_floor_usage":[13,14,14,18,21,21,23,28,28,40,40,42,42,45,45,50,50],"damage_taken":[{"damage":7,"enemies":"Jaw Worm","floor":1,"turns":5},{"damage":5,"enemies":"Small Slimes","floor":3,"turns":4},{"damage":0,"enemies":"Cultist","floor":5,"turns":4},{"damage":34,"enemies":"3 Sentries","floor":7,"turns":9},{"damage":3,"enemies":"Looter","floor":8,"turns":3},{"damage":0,"enemies":"Lagavulin","floor":11,"turns":7},{"damage":15,"enemies":"Exordium Thugs","floor":13,"turns":4},{"damage":0,"enemies":"Gremlin Nob","floor":14,"turns":3},{"damage":27,"enemies":"Slime Boss","floor":16,"turns":9},{"damage":7,"enemies":"Shell Parasite","floor":18,"turns":5},{"damage":17,"enemies":"3 Byrds","floor":20,"turns":6},{"damage":8,"enemies":"Centurion and Healer","floor":21,"turns":12},{"damage":41,"enemies":"Slavers","floor":23,"turns":7},{"damage":8,"enemies":"Shelled Parasite and Fungi","floor":24,"turns":5},{"damage":20,"enemies":"Snake Plant","floor":27,"turns":4},{"damage":0,"enemies":"Cultist and Chosen","floor":28,"turns":7},{"damage":0,"enemies":"Shelled Parasite and Fungi","floor":29,"turns":5},{"damage":17,"enemies":"Gremlin Leader","floor":30,"turns":8},{"damage":46,"enemies":"Automaton","floor":33,"turns":12},{"damage":7,"enemies":"3 Shapes","floor":35,"turns":6},{"damage":5,"enemies":"3 Darklings","floor":37,"turns":6},{"damage":15,"enemies":"4 Shapes","floor":39,"turns":4},{"damage":29,"enemies":"Reptomancer","floor":40,"turns":7},{"damage":12,"enemies":"Mind Bloom Boss Battle","floor":42,"turns":7},{"damage":0,"enemies":"Nemesis","floor":44,"turns":5},{"damage":65,"enemies":"Transient","floor":45,"turns":5},{"damage":5,"enemies":"Reptomancer","floor":47,"turns":6},{"damage":27,"enemies":"Awakened One","floor":50,"turns":12}],"seed_played":"3042719907707750814","potions_obtained":[{"floor":3,"key":"Fire Potion"},{"floor":7,"key":"Swift Potion"},{"floor":11,"key":"SkillPotion"},{"floor":13,"key":"AttackPotion"},{"floor":14,"key":"Energy Potion"},{"floor":16,"key":"Fruit Juice"},{"floor":18,"key":"Strength Potion"},{"floor":20,"key":"Strength Potion"},{"floor":21,"key":"Dexterity Potion"},{"floor":23,"key":"LiquidBronze"},{"floor":24,"key":"Block Potion"},{"floor":27,"key":"SkillPotion"},{"floor":28,"key":"BloodPotion"},{"floor":29,"key":"AttackPotion"},{"floor":30,"key":"DuplicationPotion"},{"floor":33,"key":"EssenceOfSteel"},{"floor":40,"key":"Weak Potion"},{"floor":42,"key":"Explosive Potion"},{"floor":44,"key":"Energy Potion"},{"floor":45,"key":"Swift Potion"},{"floor":47,"key":"Strength Potion"}],"is_trial":false,"path_per_floor":["M","?","M","?","M","R","E","M","T","R","E","R","M","E","R","B",null,"M","$","M","M","?","E","M","R","T","M","M","M","E","$","R","B",null,"M","$","M","?","M","E","R","?","T","E","M","R","E","?","R","B",null],"character_chosen":"IRONCLAD","items_purchased":["Question Card","Battle Trance","HeartOfIron","TheAbacus"],"campfire_rested":1,"item_purchase_floors":[19,31,31,36],"current_hp_per_floor":[79,79,80,80,80,80,52,55,55,55,61,61,52,58,58,37,94,98,98,87,85,75,40,38,38,38,24,49,55,44,44,44,29,99,98,98,99,99,90,67,67,86,93,99,40,40,41,41,72,76],"gold":259,"neow_bonus":"ONE_RANDOM_RARE_CARD","is_daily":false,"chose_seed":false,"campfire_upgraded":8,"win_rate":0.0,"timestamp":1609522994,"path_taken":["M","?","M","?","M","R","E","?","T","R","E","R","M","E","R","BOSS","M","$","M","M","?","E","M","R","T","M","M","M","E","?","R","BOSS","M","$","M","?","M","E","R","?","T","E","M","R","E","?","R","BOSS"],"items_purchased_type":["Relic","Card","Potion","Relic"],"build_version":"2020-12-22","purchased_purges":2,"victory":true,"max_hp_per_floor":[80,80,80,80,80,80,80,80,80,80,80,80,80,80,80,80,94,99,99,99,99,99,99,99,99,99,99,99,99,99,99,99,99,99,99,99,99,99,99,99,99,99,106,106,106,106,106,106,106,106],"card_choices":[{"not_picked":["Reckless Charge","Ghostly Armor"],"picked":"Armaments","floor":1},{"not_picked":["Whirlwind","Iron Wave"],"picked":"Body Slam","floor":3},{"not_picked":["Reckless Charge","Wild Strike","Inflame"],"picked":"SKIP","floor":5},{"not_picked":["Searing Blow","Seeing Red"],"picked":"Armaments","floor":7},{"not_picked":["Dark Embrace","Reckless Charge"],"picked":"Shrug It Off","floor":8},{"not_picked":["Flex","Anger","Corruption"],"picked":"SKIP","floor":11},{"not_picked":["Blood for Blood","Wild Strike","Pommel Strike"],"picked":"SKIP","floor":13},{"not_picked":["Immolate","Armaments","Sword Boomerang"],"picked":"SKIP","floor":14},{"not_picked":["Sever Soul+1","Heavy Blade","Flex"],"picked":"SKIP","floor":18},{"not_picked":["Seeing Red+1","Armaments","Clothesline"],"picked":"True Grit","floor":20},{"not_picked":["Pommel Strike+1","Sever Soul","Heavy Blade"],"picked":"Iron Wave","floor":21},{"not_picked":["Wild Strike","Pommel Strike","Sword Boomerang","Rage"],"picked":"SKIP","floor":23},{"not_picked":["Clash","Infernal Blade+1","Iron Wave","Armaments"],"picked":"SKIP","floor":24},{"not_picked":["Iron Wave","Perfected Strike","Clothesline","Carnage"],"picked":"SKIP","floor":27},{"not_picked":["Inflame","Fiend Fire","Cleave","Anger"],"picked":"SKIP","floor":28},{"not_picked":["Sword Boomerang","Clash","Warcry"],"picked":"Body Slam","floor":29},{"not_picked":["Corruption","Pommel Strike+1","Battle Trance"],"picked":"Flame Barrier","floor":30},{"not_picked":["Rupture","Body Slam","Havoc+1","Pommel Strike+1"],"picked":"SKIP","floor":35},{"not_picked":["Burning Pact+1","Twin Strike","Havoc","Limit Break"],"picked":"SKIP","floor":37},{"not_picked":["Heavy Blade","Armaments+1","Dual Wield+1"],"picked":"Ghostly Armor+1","floor":39},{"not_picked":["Shrug It Off","True Grit","Iron Wave+1","Second Wind"],"picked":"SKIP","floor":40},{"not_picked":["Havoc+1","Iron Wave","Sentinel"],"picked":"Entrench","floor":44},{"not_picked":["Sever Soul+1","Carnage","Fire Breathing"],"picked":"Entrench","floor":45},{"not_picked":["Double Tap","Offering","Hemokinesis","Perfected Strike+1"],"picked":"SKIP","floor":47}],"player_experience":45558,"relics_obtained":[{"floor":7,"key":"Pocketwatch"},{"floor":9,"key":"White Beast Statue"},{"floor":11,"key":"Happy Flower"},{"floor":14,"key":"TungstenRod"},{"floor":17,"key":"Pen Nib"},{"floor":17,"key":"Pantograph"},{"floor":17,"key":"Mango"},{"floor":23,"key":"Darkstone Periapt"},{"floor":26,"key":"Juzu Bracelet"},{"floor":30,"key":"Bag of Preparation"},{"floor":40,"key":"Centennial Puzzle"},{"floor":40,"key":"PreservedInsect"},{"floor":42,"key":"StoneCalendar"},{"floor":43,"key":"Strawberry"},{"floor":44,"key":"MawBank"},{"floor":44,"key":"Gremlin Horn"},{"floor":47,"key":"Orichalcum"},{"floor":47,"key":"Lizard Tail"}],"event_choices":[{"cards_removed":["Bash"],"damage_healed":0,"gold_gain":0,"player_choice":"Card Removal","damage_taken":0,"max_hp_gain":0,"max_hp_loss":0,"event_name":"The Cleric","floor":2,"gold_loss":50},{"cards_removed":["Strike_R"],"damage_healed":0,"gold_gain":0,"player_choice":"Card Removal","damage_taken":0,"max_hp_gain":0,"max_hp_loss":0,"event_name":"Wheel of Change","floor":4,"gold_loss":0},{"damage_healed":0,"gold_gain":90,"player_choice":"GOLD ","damage_taken":12,"max_hp_gain":0,"max_hp_loss":0,"event_name":"Knowing Skull","floor":22,"potions_obtained":[],"gold_loss":0,"cards_obtained":[]},{"damage_healed":0,"gold_gain":0,"player_choice":"Paid","damage_taken":0,"relics_obtained":["Red Mask"],"max_hp_gain":0,"max_hp_loss":0,"event_name":"Tomb of Lord Red Mask","floor":38,"gold_loss":109},{"damage_healed":0,"gold_gain":0,"player_choice":"Fight","damage_taken":0,"max_hp_gain":0,"max_hp_loss":0,"event_name":"MindBloom","floor":42,"gold_loss":0},{"cards_removed":["Strike_R"],"damage_healed":0,"gold_gain":0,"player_choice":"Purged","damage_taken":0,"max_hp_gain":0,"max_hp_loss":0,"event_name":"Purifier","floor":48,"gold_loss":0}],"is_beta":false,"boss_relics":[{"not_picked":["Empty Cage","Fusion Hammer"],"picked":"Calling Bell"},{"not_picked":["Runic Cube","SlaversCollar"],"picked":"Black Star"}],"items_purged_floors":[19,31],"is_endless":false,"potions_floor_spawned":[3,7,11,13,14,16,18,20,21,23,24,27,28,29,30,33,35,37,39,40,42,44,45,47],"ascension_level":2}}