{"host":"yludllxm6rzdxpbb","time":1609533999,"event":{"mods":["AchievementEnabler","BaseMod","Better Third Choice","BetterRewards","Colored Map","Colored Powertips","Hermit","Hubris","Infinite Spire","Minty Spire (QoL Compilation)","Quick Restart","Replay The Spire","StSLib","The Hierophant","The Necromancer"],"gold_per_floor":[113,113,126,143,159,194,194,224,270,287,319,334,379,403,403,518,518,539,564,599,544,588,641,103,103,103,103,145,165,187,127,127,235,235,262,262,262,286,306,306,329,329,329,329,329,329,366,366,366,374,374,374,2,46,52,52],"floor_reached":55,"playtime":2533,"items_purged":["Spreading Infection","hubris:Sloth"],"score":1064,"play_id":"5de778b9-1b4b-4a0c-94ba-eda265c93c13","local_time":"20210101234639","is_ascension_mode":true,"campfire_choices":[{"floor":7,"key":"REST"},{"floor":15,"key":"RECALL"},{"data":"1","floor":25,"key":"LIFT"},{"data":"2","floor":32,"key":"LIFT"},{"floor":40,"key":"REST"},{"floor":42,"key":"REST"},{"floor":44,"key":"REST"},{"data":"3","floor":46,"key":"LIFT"},{"floor":49,"key":"REST"},{"data":"Replay:Sssssssssshield","floor":52,"key":"SMITH"}],"circlet_count":0,"master_deck":["Strike_R","Strike_R","Strike_R","Strike_R","Strike_R","Defend_R","Defend_R","Defend_R","Defend_R","Bash","Heavy Blade+1","Whirlwind","Power Through","Replay:Sssssssssshield+1","Shrug It Off","Combust+1","Flame Barrier","ReplayTheSpireMod:Stacked","Armaments","Juggernaut","Run Through","hubris:DuctTapeCard","Thunderclap","Berserk","Shrug It Off+1","Bloodletting","Massacre","Massacre","Iron Wave+1","Infernal Blade+1","Rage","ReplayTheSpireMod:Limb From Limb","Perfected Strike","Barricade+1","Shrug It Off+1","infinitespire:FinalStrike","Hemokinesis+1","hubris:Compulsion","hubris:DuctTapeCard","Perfected Strike","Pommel Strike+1"],"relics":["Burning Blood","ReplayTheSpireMod:CursedCoin","Iron Hammer","Girya","Replay:Bottled Eggs","Oddly Smooth Stone","Bottled Tornado","Replay:Bandana","hubris:DuctTape","Cursed Key","hubris:64BitClover","Counterbalance","Pen Nib","ReplayFunnel","hubris:TinFlute","hubris:Backtick","Replay:WaspNest","ReplayTheSpireMod:Lightbulb","StrikeDummy","Replay:Bronze Core","Gremlin Horn","DollysMirror","hubris:IronBody"],"acts_visited":["Exordium","TheCity","TheBeyond","TheEnding"],"potions_floor_usage":[6,33,33,33,55,55,55],"damage_taken":[{"damage":0,"enemies":"Small Slimes","floor":1,"turns":3},{"damage":0,"enemies":"Cultist","floor":3,"turns":2},{"damage":0,"enemies":"2 Louse","floor":4,"turns":1},{"damage":0,"enemies":"Red Slaver","floor":5,"turns":4},{"damage":33,"enemies":"Gremlin Nob","floor":6,"turns":6},{"damage":5,"enemies":"Lagavulin","floor":8,"turns":9},{"damage":7,"enemies":"3 Louse","floor":10,"turns":3},{"damage":7,"enemies":"3 Sentries","floor":11,"turns":5},{"damage":3,"enemies":"Exordium Thugs","floor":12,"turns":4},{"damage":9,"enemies":"Gremlin Nob","floor":13,"turns":3},{"damage":2,"enemies":"Blue Slaver","floor":14,"turns":3},{"damage":42,"enemies":"Fading Forest","floor":16,"turns":11},{"damage":3,"enemies":"3 Byrds","floor":18,"turns":4},{"damage":10,"enemies":"Shell Parasite","floor":19,"turns":6},{"damage":6,"enemies":"Centurion and Healer","floor":20,"turns":7},{"damage":2,"enemies":"3 Cultists","floor":22,"turns":3},{"damage":20,"enemies":"Slavers","floor":23,"turns":4},{"damage":5,"enemies":"Replay:Snechameleon","floor":28,"turns":5},{"damage":0,"enemies":"Chosen and Byrds","floor":29,"turns":1},{"damage":8,"enemies":"Snake Plant","floor":30,"turns":4},{"damage":13,"enemies":"Champ","floor":33,"turns":9},{"damage":2,"enemies":"3 Shapes","floor":35,"turns":2},{"damage":3,"enemies":"Orb Walker","floor":38,"turns":4},{"damage":43,"enemies":"Transient","floor":39,"turns":5},{"damage":47,"enemies":"Sphere and 2 Shapes","floor":41,"turns":4},{"damage":15,"enemies":"Maw","floor":47,"turns":6},{"damage":56,"enemies":"Donu and Deca","floor":50,"turns":8},{"damage":36,"enemies":"Shield and Spear","floor":54,"turns":4},{"damage":53,"enemies":"The Heart","floor":55,"turns":3}],"seed_played":"3893571064458160301","potions_obtained":[{"floor":3,"key":"Block Potion"},{"floor":5,"key":"SteroidPotion"},{"floor":11,"key":"FearPotion"},{"floor":20,"key":"Dexterity Potion"},{"floor":35,"key":"HeartOfIron"},{"floor":39,"key":"Doom Potion"}],"is_trial":false,"path_per_floor":["M","?","M","M","M","E","R","E","T","M","E","M","E","M","R","B",null,"M","M","M","$","M","E","$","R","T","?","E","M","M","?","R","B",null,"M","?","?","M","M","R","M","R","T","R","AVR","R","M","T","R_BF","B",null,"R","$","E","B"],"character_chosen":"IRONCLAD","items_purchased":["ReplayTheSpireMod:CursedCoin","Iron Hammer","Heavy Blade","Replay:Bottled Eggs","Whirlwind","Power Through","EssenceOfSteel","Massacre","Counterbalance","Pen Nib","Rage","DollysMirror","Perfected Strike","LifebloodPotion"],"campfire_rested":5,"item_purchase_floors":[0,0,0,0,0,0,0,21,24,24,24,53,53,53],"current_hp_per_floor":[47,47,53,59,65,38,62,63,63,62,61,64,61,65,65,39,80,80,76,76,76,80,66,66,66,66,66,67,73,71,71,71,64,80,80,80,80,80,43,67,26,50,50,74,74,74,65,65,80,30,80,80,80,50,0,0],"gold":52,"neow_bonus":"","is_daily":false,"chose_seed":false,"campfire_upgraded":1,"win_rate":0.0,"timestamp":1609533999,"path_taken":["M","?","?","M","M","E","R","E","T","M","E","?","E","M","R","BOSS","M","M","M","$","M","E","$","R","T","?","E","?","M","?","R","BOSS","M","?","?","M","?","R","M","R","T","R","AVR","R","M","?","R_BF","BOSS","R","$","E","BOSS"],"items_purchased_type":["Relic","Relic","Card","Relic","Card","Card","Potion","Card","Relic","Relic","Card","Relic","Card","Potion"],"build_version":"2020-12-22","purchased_purges":2,"victory":false,"max_hp_per_floor":[80,80,80,80,80,80,80,80,80,80,80,80,80,80,80,80,80,80,80,80,80,80,80,80,80,80,80,80,80,80,80,80,80,80,80,80,80,80,80,80,80,80,80,80,80,80,80,80,80,80,80,80,80,80,80,80],"card_choices":[{"not_picked":["Flex","True Grit"],"picked":"Shrug It Off","floor":1},{"not_picked":["ReplayTheSpireMod:LeadingStrike","Metallicize"],"picked":"Combust","floor":3},{"not_picked":["hubris:ReadiedAction","Demonic Infusion"],"picked":"Flex","floor":4},{"not_picked":["Headbutt","Body Slam"],"picked":"Flame Barrier","floor":5},{"not_picked":["Clash","Heavy Blade"],"picked":"infinitespire:OneForAll","floor":6},{"not_picked":["Replay:Undeath\u0027s Touch","Reckless Charge"],"picked":"ReplayTheSpireMod:Stacked","floor":8},{"not_picked":["Whirlwind","True Grit"],"picked":"Armaments","floor":10},{"not_picked":["Fire Breathing","Pommel Strike"],"picked":"Juggernaut","floor":11},{"not_picked":["Abandon","Carnage"],"picked":"Run Through","floor":12},{"not_picked":["Uppercut","Abandon"],"picked":"Thunderclap","floor":13},{"not_picked":["Body Slam","Headbutt","Warcry"],"picked":"SKIP","floor":14},{"not_picked":["Bludgeon","Corruption"],"picked":"Berserk","floor":16},{"not_picked":["Warcry+1","hubris:CleavingFinish"],"picked":"Shrug It Off+1","floor":18},{"not_picked":["Warcry","Havoc","Clash"],"picked":"SKIP","floor":19},{"not_picked":["Thunderclap","Searing Blow"],"picked":"Bloodletting","floor":20},{"not_picked":["ReplayTheSpireMod:Strike From Hell","Twin Strike"],"picked":"Iron Wave+1","floor":22},{"not_picked":["Seeing Red","Whirlwind"],"picked":"Infernal Blade+1","floor":23},{"not_picked":["Entrench","Flame Barrier"],"picked":"ReplayTheSpireMod:Limb From Limb","floor":28},{"not_picked":["Sword Boomerang+1","Clothesline"],"picked":"Perfected Strike","floor":29},{"not_picked":["Infernal Blade","Uppercut","Wild Strike"],"picked":"SKIP","floor":30},{"not_picked":["Corruption","Fiend Fire"],"picked":"Barricade","floor":33},{"not_picked":["Heavy Blade","Replay:Undeath\u0027s Touch+1","Intimidate"],"picked":"SKIP","floor":35},{"not_picked":["Reckless Charge","hubris:ReadiedAction","Iron Wave"],"picked":"SKIP","floor":38},{"not_picked":["Carnage+1","Shrug It Off","Cleave"],"picked":"SKIP","floor":39},{"not_picked":["ReplayTheSpireMod:Strike From Hell+1","ReplayReversal"],"picked":"Shrug It Off+1","floor":41},{"not_picked":["Anger","Feel No Pain"],"picked":"Hemokinesis+1","floor":47},{"not_picked":["Carnage","Fire Breathing"],"picked":"Pommel Strike+1","floor":54}],"player_experience":324843,"relics_obtained":[{"floor":6,"key":"Oddly Smooth Stone"},{"floor":8,"key":"Bottled Tornado"},{"floor":11,"key":"Replay:Bandana"},{"floor":13,"key":"hubris:DuctTape"},{"floor":23,"key":"hubris:64BitClover"},{"floor":26,"key":"ReplayFunnel"},{"floor":28,"key":"hubris:TinFlute"},{"floor":41,"key":"ReplayTheSpireMod:Lightbulb"},{"floor":43,"key":"StrikeDummy"},{"floor":48,"key":"Gremlin Horn"},{"floor":54,"key":"hubris:IronBody"}],"event_choices":[{"cards_removed":["ReplayTheSpireMod:Uncanny Aura"],"damage_healed":0,"gold_gain":0,"player_choice":"Purged","damage_taken":0,"max_hp_gain":0,"max_hp_loss":0,"event_name":"Purifier","floor":2,"gold_loss":0},{"cards_removed":["ReplayTheSpireMod:Restless Dread"],"damage_healed":0,"gold_gain":0,"player_choice":"Removed Curses","damage_taken":0,"max_hp_gain":0,"max_hp_loss":0,"event_name":"Fountain of Cleansing","floor":27,"gold_loss":0},{"damage_healed":0,"gold_gain":0,"player_choice":"Forge","damage_taken":0,"max_hp_gain":0,"max_hp_loss":0,"event_name":"Accursed Blacksmith","floor":37,"gold_loss":0,"cards_upgraded":["Combust"]}],"is_beta":false,"boss_relics":[{"not_picked":["Pandora\u0027s Box","Replay:Grab Bag"],"picked":"Cursed Key"},{"not_picked":["Velvet Choker","Abe\u0027s Treasure"],"picked":"hubris:Backtick"}],"items_purged_floors":[0,53],"is_endless":false,"potions_floor_spawned":[3,5,11,12,13,14,16,20,22,23,29,30,35,39],"killed_by":"The Heart","ascension_level":1}}