{"host":"eocn4tduyrehyy81","time":1609538737,"event":{"mods":["AchievementEnabler","BaseMod","BetterRewards","Custom Start","Minty Spire (QoL Compilation)","Replay The Spire","StSLib"],"gold_per_floor":[115,42,117,139,139,139,87,125,137,149,183,269,37,157,157,264,264,289,339,364,102,132,132,154,301,346,346,369,407,490,509,509,634,634,660,696,548,954,974,993,993,1143,1143,1219,545,595,645,678,678,690],"floor_reached":51,"playtime":3932,"items_purged":["Seek"],"score":1274,"play_id":"69572311-a5b1-4d5d-9dc8-94312e1ceb7e","local_time":"20210101160537","daily_mods":["Time Dilation"],"is_ascension_mode":false,"campfire_choices":[{"floor":6,"key":"REST"},{"floor":15,"key":"REST"},{"floor":23,"key":"REST"},{"floor":27,"key":"REST"},{"data":"FIFO Queue","floor":32,"key":"SMITH"},{"floor":41,"key":"REST"},{"floor":49,"key":"REST"}],"circlet_count":0,"master_deck":["Dramatic Entrance","Ghostly","Ghostly","Ghostly","Enlightenment","Enlightenment","Omega","Omega","Omega","Leap","Leap+1","Leap+1","FIFO Queue+1","Electrodynamics","Electrodynamics","Electrodynamics","Loop","Capacitor","Seek","Seek+1","Genetic Algorithm","Tempest+1","Tempest+1","Leap","Leap","Conserve Battery","Conserve Battery","Zap+1","Zap","Zap","Ball Lightning","Pot Of Greed","Pot Of Greed","Pot Of Greed","Ball Lightning+1","Stack+1","Sweeping Beam+1","Pot Of Greed+1","Hello World+1","ReplayTheSpireMod:Calculation Training","White Noise","Steam","Skim","Sunder","Redo","Creative AI+1","Multi-Cast+1","Rip and Tear","ReplayGash","Storm","Pot Of Greed","Aggregate","Force Field","Lockon","Ball Lightning+1","Gash","Scrape","Doom and Gloom+1","Conserve Battery","Aggregate","Barrage+1","FIFO Queue","Ball Lightning+1","Pot Of Greed","Sweeping Beam","Streamline+1","Sunder","Capacitor","Loop","Echo Form+1","Gash","Rebound+1","Lockon+1","Storm+1","Echo Form+1","Consume+1","Pot Of Greed+1","Thunder Strike+1","Gash+1","Electrodynamics+1","Doom and Gloom+1","Stack","Fusion","Gash","Stack+1","ReplayTheSpireMod:Calculation Training","Darkness+1","Defragment+1","Redo+1","Pot Of Greed+1","Undo","Redo+1","BasicCrystalCard","FTL"],"relics":["Cracked Core","Anchor","Ancient Tea Set","Bag of Marbles","Replay:Bandana","Bird Faced Urn","Black Star","Bottled Lightning","Bottled Flame","Bottled Tornado","ClockworkSouvenir","Counterbalance","Chemical X","Divine Protection","Dream Catcher","Calipers","ReplayFunnel","FossilizedHelix","Geode","Ginger","Golden Egg","Gremlin Food","Gremlin Horn","Grinning Jar","MawBank","Replay:Kaleidoscope","Sundial","SsserpentHead","Toolbox","War Paint","Eternal Feather","Prayer Wheel","Honey Jar","Enchiridion","Replay:Bottled Steam","Replay:Rubber Ducky","Shuriken","ReplayTheSpireMod:Ninjato","SacredBark","Orrery","Old Coin","Lizard Tail","Pear","Omamori","Sling","Iron Hammer","Replay:Bottled Flurry"],"acts_visited":["Exordium","TheCity","TheBeyond"],"potions_floor_usage":[8,16,33,33,35,36,39,40,47,50],"damage_taken":[{"damage":0,"enemies":"Cultist","floor":1,"turns":2},{"damage":0,"enemies":"Jaw Worm","floor":4,"turns":2},{"damage":0,"enemies":"3 Sentries","floor":8,"turns":2},{"damage":0,"enemies":"Small Slimes","floor":11,"turns":1},{"damage":0,"enemies":"Red Slaver","floor":12,"turns":2},{"damage":0,"enemies":"3 Sentries","floor":14,"turns":2},{"damage":0,"enemies":"Fading Forest","floor":16,"turns":11},{"damage":0,"enemies":"Chosen","floor":18,"turns":4},{"damage":0,"enemies":"Spheric Guardian","floor":20,"turns":2},{"damage":18,"enemies":"Snake Plant","floor":22,"turns":3},{"damage":0,"enemies":"Cultist and Chosen","floor":24,"turns":3},{"damage":0,"enemies":"3 Cultists","floor":28,"turns":2},{"damage":0,"enemies":"Gremlin Leader","floor":29,"turns":3},{"damage":7,"enemies":"Snake Plant","floor":30,"turns":3},{"damage":0,"enemies":"Snecko","floor":31,"turns":3},{"damage":0,"enemies":"Pondfish","floor":33,"turns":3},{"damage":0,"enemies":"3 Shapes","floor":35,"turns":2},{"damage":0,"enemies":"3 Darklings","floor":36,"turns":3},{"damage":0,"enemies":"Mind Bloom Boss Battle","floor":38,"turns":5},{"damage":8,"enemies":"Maw","floor":39,"turns":5},{"damage":0,"enemies":"Sphere and 2 Shapes","floor":40,"turns":4},{"damage":0,"enemies":"4 Shapes","floor":44,"turns":2},{"damage":0,"enemies":"Reptomancer","floor":47,"turns":3},{"damage":0,"enemies":"Writhing Mass","floor":48,"turns":4},{"damage":0,"enemies":"Donu and Deca","floor":50,"turns":4}],"seed_played":"6341051653722738817","potions_obtained":[{"floor":11,"key":"Elixir"},{"floor":12,"key":"CultistPotion"},{"floor":16,"key":"LiquidBronze"},{"floor":18,"key":"FearPotion"},{"floor":20,"key":"Swift Potion"},{"floor":28,"key":"SkillPotion"},{"floor":33,"key":"FocusPotion"},{"floor":35,"key":"Adrenaline Potion"},{"floor":39,"key":"Fruit Juice"},{"floor":40,"key":"Languid Potion"}],"is_trial":true,"path_per_floor":["M","$","?","M","?","R","$","E","T","?","M","M","$","?","R","B",null,"M","?","M","$","M","R","M","?","T","R","M","E","M","M","R","B",null,"M","M","$","?","M","M","R","?","T","M","$","?","E","M","R","B",null],"character_chosen":"DEFECT","items_purchased":["Stack","Sweeping Beam","Fire Potion","Toolbox","War Paint","Replay:Bottled Steam","Orrery","Pear","Omamori","Sling","Redo","AttackPotion"],"campfire_rested":6,"item_purchase_floors":[2,2,7,13,13,21,37,45,45,45,45,45],"current_hp_per_floor":[75,75,64,68,53,75,75,75,75,75,75,75,75,75,75,75,75,75,59,67,67,57,75,75,45,45,75,75,75,68,75,75,75,75,75,75,75,75,67,85,85,85,85,85,95,95,95,95,95,95],"gold":690,"neow_bonus":"","is_daily":false,"chose_seed":false,"campfire_upgraded":1,"win_rate":0.0,"timestamp":1609538737,"path_taken":["M","?","?","M","?","R","$","E","T","?","M","?","?","?","R","BOSS","M","?","M","$","M","R","M","?","T","R","M","E","?","M","R","BOSS","M","M","$","?","M","M","R","?","T","?","?","?","E","M","R","BOSS"],"items_purchased_type":["Card","Card","Potion","Relic","Relic","Relic","Relic","Relic","Relic","Relic","Card","Potion"],"build_version":"2020-12-22","purchased_purges":1,"victory":true,"max_hp_per_floor":[75,75,75,75,75,75,75,75,75,75,75,75,75,75,75,75,75,75,75,75,75,75,75,75,75,75,75,75,75,75,75,75,75,75,75,75,75,75,75,85,85,85,85,85,95,95,95,95,95,95],"card_choices":[{"not_picked":["Leap","Hologram"],"picked":"Ball Lightning","floor":1},{"not_picked":["Go for the Eyes","Beam Cell"],"picked":"Hello World","floor":4},{"not_picked":["Go for the Eyes","Cold Snap"],"picked":"ReplayTheSpireMod:Calculation Training","floor":6},{"not_picked":["Steam","Aggregate"],"picked":"White Noise","floor":8},{"not_picked":["ReplayTheSpireMod:System Scan","Reinforced Body"],"picked":"Steam","floor":11},{"not_picked":["Leap","Hologram"],"picked":"Skim","floor":12},{"not_picked":["Stack","Multi-Cast"],"picked":"Sunder","floor":14},{"not_picked":["Panic Button","Skim"],"picked":"Redo","floor":15},{"not_picked":["All For One","Meteor Strike"],"picked":"Multi-Cast","floor":16},{"not_picked":["Panic Button","Conserve Battery","Stack+1"],"picked":"Rip and Tear","floor":18},{"not_picked":["Steam","Beam Cell","Auto Shields"],"picked":"ReplayGash","floor":18},{"not_picked":["Streamline","Sunder+1","Beam Cell"],"picked":"Storm","floor":20},{"not_picked":["BootSequence","Hologram","Darkness"],"picked":"Aggregate","floor":20},{"not_picked":["Aggregate","Go for the Eyes+1","Leap"],"picked":"Force Field","floor":22},{"not_picked":["Multi-Cast","Cold Snap+1","Coolheaded+1"],"picked":"Lockon","floor":22},{"not_picked":["Darkness+1","Hologram","Multi-Cast"],"picked":"Ball Lightning+1","floor":23},{"not_picked":["Panic Button","Leap+1","Conserve Battery"],"picked":"Gash","floor":24},{"not_picked":["Redo","Go for the Eyes","ReplaySolidLightProjector"],"picked":"Scrape","floor":24},{"not_picked":["Conserve Battery","Sweeping Beam","Turbo"],"picked":"Doom and Gloom+1","floor":25},{"not_picked":["Compile Driver+1","Ball Lightning","Turbo"],"picked":"Conserve Battery","floor":25},{"not_picked":["Beam Cell+1","Hello World","Go for the Eyes"],"picked":"Aggregate","floor":25},{"not_picked":["Steam Power","BasicCrystalCard","Blizzard"],"picked":"Barrage","floor":27},{"not_picked":["Buffer","Redo+1","Gash"],"picked":"FIFO Queue","floor":28},{"not_picked":["Coolheaded","Streamline","Barrage"],"picked":"Ball Lightning+1","floor":28},{"not_picked":["Cold Snap+1","Redo+1","Go for the Eyes"],"picked":"Sweeping Beam","floor":29},{"not_picked":["Hologram","Panic Button","Cold Snap"],"picked":"Streamline+1","floor":30},{"not_picked":["Turbo+1","Go for the Eyes","Panic Button"],"picked":"Sunder","floor":30},{"not_picked":["Static Discharge","Hologram","Darkness"],"picked":"Capacitor","floor":31},{"not_picked":["Melter","Coolheaded","Hyperbeam"],"picked":"Loop","floor":31},{"not_picked":["All For One","Fission","ReplayRNGCard"],"picked":"Echo Form","floor":33},{"not_picked":["Ball Lightning+1","Self Repair","Undo+1"],"picked":"Gash","floor":35},{"not_picked":["BasicCrystalCard","Sweeping Beam+1","Crystallizer"],"picked":"Rebound+1","floor":35},{"not_picked":["Undo+1","Skim+1","Defragment"],"picked":"Lockon+1","floor":36},{"not_picked":["Conserve Battery+1","Go for the Eyes+1","Sunder+1"],"picked":"Storm+1","floor":36},{"not_picked":["Beam Cell+1","Time Bomb+1","ReplayTheSpireMod:GoodbyeWorld+1"],"picked":"Echo Form","floor":37},{"not_picked":["Darkness","Panic Button","Streamline+1"],"picked":"Consume","floor":37},{"not_picked":["Leap+1","Go for the Eyes+1","FIFO Queue+1"],"picked":"Thunder Strike","floor":37},{"not_picked":["Beam Cell+1","Loop","Streamline+1"],"picked":"Gash","floor":37},{"not_picked":["Rebound","Ball Lightning","ReplayTheSpireMod:Fabricate Wheel"],"picked":"Electrodynamics","floor":37},{"not_picked":["Conserve Battery+1","Fusion+1","Hologram+1"],"picked":"Doom and Gloom+1","floor":38},{"not_picked":["Auto Shields","Turbo+1","Rebound"],"picked":"Stack","floor":39},{"not_picked":["Ball Lightning","Redo","Coolheaded"],"picked":"Fusion","floor":39},{"not_picked":["Seek","ReplayGash","Cold Snap+1"],"picked":"Gash","floor":40},{"not_picked":["Redo+1","Leap","Hologram+1"],"picked":"Stack+1","floor":40},{"not_picked":["Steam+1","Hologram+1","Turbo"],"picked":"ReplayTheSpireMod:Calculation Training","floor":41},{"not_picked":["Beam Cell+1","Static Discharge+1","Fusion+1"],"picked":"Darkness+1","floor":44},{"not_picked":["Rebound+1","Steam Power+1","Reprogram"],"picked":"Defragment+1","floor":44},{"not_picked":["Reboot","ReplaySort+1","Steam"],"picked":"Undo","floor":47},{"not_picked":["ReplaySort","Chaos+1","Blizzard"],"picked":"Redo+1","floor":48},{"not_picked":["Chill+1","Rebound","Turbo+1"],"picked":"BasicCrystalCard","floor":48},{"not_picked":["Hologram","Scrape","Fusion"],"picked":"FTL","floor":49}],"player_experience":65708,"relics_obtained":[{"floor":8,"key":"MawBank"},{"floor":8,"key":"Replay:Kaleidoscope"},{"floor":9,"key":"Sundial"},{"floor":19,"key":"Enchiridion"},{"floor":26,"key":"Replay:Rubber Ducky"},{"floor":29,"key":"Shuriken"},{"floor":29,"key":"ReplayTheSpireMod:Ninjato"},{"floor":38,"key":"Old Coin"},{"floor":43,"key":"Lizard Tail"},{"floor":47,"key":"Iron Hammer"},{"floor":47,"key":"Replay:Bottled Flurry"}],"event_choices":[{"damage_healed":0,"gold_gain":75,"player_choice":"Gather Gold","damage_taken":11,"max_hp_gain":0,"max_hp_loss":0,"event_name":"World of Goop","floor":3,"gold_loss":0},{"damage_healed":0,"gold_gain":0,"player_choice":"Entered Light","damage_taken":15,"max_hp_gain":0,"max_hp_loss":0,"event_name":"Shining Light","floor":5,"gold_loss":0,"cards_upgraded":["Tempest","Leap"]},{"damage_healed":0,"gold_gain":0,"player_choice":"Trade","damage_taken":0,"relics_obtained":["SsserpentHead"],"max_hp_gain":0,"max_hp_loss":0,"event_name":"FaceTrader","floor":10,"gold_loss":0},{"damage_healed":0,"gold_gain":0,"player_choice":"Searched \u00272\u0027 times","damage_taken":0,"relics_obtained":["Eternal Feather"],"max_hp_gain":0,"max_hp_loss":0,"event_name":"Dead Adventurer","floor":14,"gold_loss":0},{"damage_healed":0,"gold_gain":0,"player_choice":"Obtained Book","damage_taken":16,"max_hp_gain":0,"max_hp_loss":0,"event_name":"Cursed Tome","floor":19,"gold_loss":0},{"damage_healed":0,"gold_gain":0,"player_choice":"Fight","damage_taken":0,"max_hp_gain":0,"max_hp_loss":0,"event_name":"MindBloom","floor":38,"gold_loss":0},{"damage_healed":0,"gold_gain":100,"player_choice":"Pray","damage_taken":0,"max_hp_gain":0,"max_hp_loss":0,"event_name":"Golden Shrine","floor":42,"gold_loss":0}],"is_beta":false,"boss_relics":[{"not_picked":["Snecko Eye","FrozenCore"],"picked":"Honey Jar"},{"not_picked":["Sozu","Pandora\u0027s Box"],"picked":"SacredBark"}],"items_purged_floors":[45],"is_endless":false,"potions_floor_spawned":[11,12,16,18,20,28,33,35,39,40],"ascension_level":0}}