{"host":"nqsrckqog5ia9mbo","time":1609542983,"event":{"mods":["AchievementEnabler","BaseMod","Colored Map","Highlight Path","Minty Spire (QoL Compilation)"],"gold_per_floor":[113,113,124,142,14,14,28,28,28,28,55,74,104,138,138,138,138],"floor_reached":16,"playtime":1235,"items_purged":["Strike_B"],"score":110,"play_id":"f688d931-26c2-4349-a7d4-2ff8b2c59856","local_time":"20210102001623","is_ascension_mode":false,"campfire_choices":[{"data":"Hologram","floor":6,"key":"SMITH"},{"floor":15,"key":"REST"}],"circlet_count":0,"master_deck":["Strike_B","Strike_B","Strike_B","Defend_B","Defend_B","Defend_B","Zap","Dualcast","Go for the Eyes","Cold Snap","Hologram+1","Biased Cognition","Glacier","Undo"],"relics":["Cracked Core","Anchor","Bird Faced Urn","Toy Ornithopter","WingedGreaves","Nunchaku"],"acts_visited":[],"potions_floor_usage":[11,14],"damage_taken":[{"damage":0,"enemies":"Cultist","floor":1,"turns":4},{"damage":5,"enemies":"Jaw Worm","floor":3,"turns":4},{"damage":0,"enemies":"2 Louse","floor":4,"turns":3},{"damage":1,"enemies":"Large Slime","floor":7,"turns":5},{"damage":20,"enemies":"3 Sentries","floor":11,"turns":6},{"damage":12,"enemies":"Exordium Thugs","floor":12,"turns":5},{"damage":10,"enemies":"Lagavulin","floor":14,"turns":6},{"damage":15,"enemies":"Hexaghost","floor":16,"turns":11}],"seed_played":"-1228108732258135079","potions_obtained":[{"floor":1,"key":"Weak Potion"},{"floor":3,"key":"DuplicationPotion"},{"floor":4,"key":"Fire Potion"},{"floor":11,"key":"SneckoOil"},{"floor":12,"key":"DistilledChaos"}],"is_trial":false,"path_per_floor":["M","?","M","M","$","R","M","$","T","T","E","M","?","E","R","B"],"character_chosen":"DEFECT","items_purchased":["Hologram"],"campfire_rested":1,"item_purchase_floors":[5],"current_hp_per_floor":[75,75,70,70,70,70,69,69,69,69,54,44,44,43,65,52,52],"gold":138,"neow_bonus":"RANDOM_COMMON_RELIC","is_daily":false,"chose_seed":false,"campfire_upgraded":1,"win_rate":0.0,"timestamp":1609542983,"path_taken":["M","?","M","M","$","R","M","$","T","?","E","M","?","E","R","BOSS"],"items_purchased_type":["Card"],"build_version":"2020-12-22","purchased_purges":1,"victory":false,"max_hp_per_floor":[75,75,75,75,75,75,75,75,75,75,75,75,75,75,75,75,75],"card_choices":[{"not_picked":["Conserve Battery","Steam"],"picked":"Go for the Eyes","floor":1},{"not_picked":["Rip and Tear","Sweeping Beam"],"picked":"Cold Snap","floor":3},{"not_picked":["Ball Lightning","Reprogram","Steam"],"picked":"SKIP","floor":4},{"not_picked":["Gash","Coolheaded","BootSequence"],"picked":"SKIP","floor":7},{"not_picked":["Gash","Barrage"],"picked":"Biased Cognition","floor":11},{"not_picked":["Ball Lightning","Barrage"],"picked":"Glacier","floor":12},{"not_picked":["Rebound","Fission"],"picked":"Undo","floor":14}],"player_experience":62448,"relics_obtained":[{"floor":9,"key":"Bird Faced Urn"},{"floor":10,"key":"Toy Ornithopter"},{"floor":11,"key":"WingedGreaves"},{"floor":14,"key":"Nunchaku"}],"event_choices":[{"cards_removed":["Defend_B"],"damage_healed":0,"gold_gain":0,"player_choice":"Forget","damage_taken":0,"max_hp_gain":0,"max_hp_loss":0,"event_name":"Living Wall","floor":2,"gold_loss":0},{"damage_healed":0,"gold_gain":30,"player_choice":"Searched \u00271\u0027 times","damage_taken":0,"max_hp_gain":0,"max_hp_loss":0,"event_name":"Dead Adventurer","floor":13,"gold_loss":0}],"is_beta":false,"boss_relics":[],"items_purged_floors":[5],"is_endless":false,"potions_floor_spawned":[1,3,4,11,12],"killed_by":"Hexaghost","ascension_level":0}}