{"host":"00tqcjwpycel7e54","time":1609469449,"event":{"mods":["ATMod(阿瑾Mod)","Act Like it!","BaseMod","Colored Powertips","Decade(王小明)","Hermit","Highlight Path","Hubris","Luminous","Marisa（F雨　魔理沙）","Minty Spire (QoL Compilation)","Reimu（博丽灵梦）","Remilia（蕾米莉亚）","Robot Space Explorer","SOS（斯巴达之子）","Shop Mod","Spicy Shops","StSLib","The Administrix","The Animator","The Bug Knight","The Construct","The Cursed","The Gatherer","The Hierophant","The Mystic","The Runesmith","The Servant 0.9.4","WarShipGirlsR/战舰少女R mod","Youmu（魂魄妖梦）","Yuyuko","vexMod","【遗物卡牌】REMEMod"],"gold_per_floor":[109,109,131,131,158,234,255,255,255,31,49,49,81,81,81,225,225],"floor_reached":16,"playtime":827,"items_purged":[],"score":175,"play_id":"9028e08b-ddc4-4674-8491-72915fd5150f","local_time":"20210101105048","is_ascension_mode":false,"campfire_choices":[{"data":"EbonyIvory","floor":8.0,"key":"SMITH"},{"data":"Pandora","floor":12.0,"key":"SMITH"},{"data":"Shoot","floor":15,"key":"SMITH"}],"circlet_count":0,"master_deck":["Attack_a+1","Attack_a","Shoot","Shoot+1","Provocation","Defend_Dante","Defend_Dante","Defend_Dante","Redorb","Shock+1","CoyoteA","Enemystep","EbonyIvory+1","Pandora+1","EbonyIvory"],"relics":["SSS","Combocheck","AT_ATBox","REME_ComplimentaryCards","NeowsBlessing","hubris:Icosahedron","Whetstone","AT_BellDemon","Toxic Egg 2","Chemical X","hubris:SlimyHat"],"acts_visited":["Exordium"],"potions_floor_usage":[16],"damage_taken":[{"damage":0.0,"enemies":"Jaw Worm","floor":1.0,"turns":1.0},{"damage":0.0,"enemies":"Small Slimes","floor":3.0,"turns":1.0},{"damage":0.0,"enemies":"HollowMod:MossKnight","floor":6.0,"turns":1.0},{"damage":0.0,"enemies":"Cultist","floor":7.0,"turns":3.0},{"damage":0.0,"enemies":"Large Slime","floor":11.0,"turns":3.0},{"damage":11.0,"enemies":"Looter","floor":13.0,"turns":4.0},{"damage":42,"enemies":"The Guardian","floor":16,"turns":6}],"seed_played":"818824953728816158","potions_obtained":[{"floor":1.0,"key":"LiquidBronze"},{"floor":3.0,"key":"Block Potion"},{"floor":7.0,"key":"ZuzhouPotion:ReiMu"}],"is_trial":false,"path_per_floor":["M","?","M","?","T","E","M","R","T","$","M","R","M","?","R","B"],"character_chosen":"DANTE","items_purchased":["Chemical X","hubris:SlimyHat"],"campfire_rested":0,"item_purchase_floors":[10,10],"current_hp_per_floor":[80,73,73,73,73,73,73,73,73,73,73,73,62,62,62,20,20],"gold":225,"neow_bonus":"THREE_ENEMY_KILL","is_daily":false,"chose_seed":false,"campfire_upgraded":3,"win_rate":0.0,"timestamp":1609469448,"path_taken":["M","?","M","?","?","E","M","R","T","?","?","R","M","?","R","BOSS"],"items_purchased_type":["Relic","Relic"],"build_version":"2020-12-22","purchased_purges":0,"victory":false,"max_hp_per_floor":[80,80,80,80,80,80,80,80,80,80,80,80,80,80,80,80,80],"card_choices":[{"not_picked":["Stinger","BeastUppercut"],"picked":"Shock","floor":1.0},{"not_picked":["VitalstarM","DevilstarS"],"picked":"CoyoteA","floor":3.0},{"not_picked":["Fullhouse","Millionkick"],"picked":"Enemystep","floor":6.0},{"not_picked":["LucifercomboC","Honeycombofire"],"picked":"EbonyIvory","floor":7.0},{"not_picked":["Splesh","Dash2+1"],"picked":"Pandora","floor":11.0},{"not_picked":["VitalstarM+1","Weaponupgrade+1"],"picked":"EbonyIvory","floor":13.0}],"player_experience":694677,"relics_obtained":[{"floor":5.0,"key":"Whetstone"},{"floor":6.0,"key":"AT_BellDemon"},{"floor":9.0,"key":"Toxic Egg 2"}],"event_choices":[{"cards_removed":["Defend_Dante"],"damage_healed":0.0,"max_hp_gain":0.0,"max_hp_loss":0.0,"gold_gain":0.0,"event_name":"Golden Wing","player_choice":"Card Removal","floor":2.0,"gold_loss":0.0,"damage_taken":7.0}],"is_beta":false,"boss_relics":[],"items_purged_floors":[],"is_endless":false,"potions_floor_spawned":[1,3,7,13],"killed_by":"The Guardian","ascension_level":0}}