{"host":"gu5asyuva7frvhbf","time":1609497108,"event":{"mods":["Aspiration","BaseMod","Card Forge","Colored Map","Colored Powertips","Downfall","Infinite Spire","Mimic Mod","Minty Spire (QoL Compilation)","Replay The Spire","Shop Mod","StSLib","The Construct"],"gold_per_floor":[113,113,288,288,136,136,169,184,208,208,219,234,234,245,245,349,349,363,55,55,67,81,81,81,100,134,174,174,197,215,215,215],"floor_reached":31,"playtime":1182,"items_purged":["Doubt"],"score":255,"play_id":"b445cf98-e399-4d6c-8c94-6e4fbfc2b00d","local_time":"20210101023148","daily_mods":["Heirloom","DeadlyEvents"],"is_ascension_mode":false,"campfire_choices":[{"data":"Storm","floor":6,"key":"SMITH"},{"floor":10,"key":"REST"},{"floor":13,"key":"REST"},{"floor":15,"key":"REST"},{"floor":23,"key":"REST"}],"circlet_count":0,"master_deck":["Strike_B","Strike_B","Strike_B","Strike_B","Defend_B","Defend_B+1","Defend_B","Zap","Dualcast","Heatsinks","Storm+1","Static Discharge","Turbo","Time Bomb","Tempest","Electrodynamics","Static Discharge+1","Leap","Slimebound:SplitLeeching","Shockwave+1","Hidden Blade","hexamod:FourthSeal","ReplayRNGCard","sneckomod:UnknownCommonSkill","Slimebound:CheckThePlaybook","Slimebound:Icky"],"relics":["Cracked Core","Hammer of Thor","Seething Fire","Anvil of the Gods","aspiration:HatOfInfinitePower","Ancient Tea Set","sneckomod:BlankCard","Honey Jar","Art of War","Chemical X","PrismaticShard","Mirror","CeramicFish","Strawberry"],"acts_visited":["Exordium","TheCity"],"potions_floor_usage":[16,16,16,29,29,29,31],"damage_taken":[{"damage":7,"enemies":"2 Louse","floor":1,"turns":3},{"damage":34,"enemies":"Lagavulin","floor":7,"turns":6},{"damage":11,"enemies":"Jaw Worm","floor":8,"turns":2},{"damage":4,"enemies":"Cultist","floor":11,"turns":4},{"damage":6,"enemies":"Blue Slaver","floor":12,"turns":3},{"damage":7,"enemies":"3 Louse","floor":14,"turns":3},{"damage":34,"enemies":"Hexaghost","floor":16,"turns":5},{"damage":10,"enemies":"Spheric Guardian","floor":18,"turns":2},{"damage":32,"enemies":"2 Thieves","floor":21,"turns":3},{"damage":14,"enemies":"Chosen and Byrds","floor":22,"turns":2},{"damage":14,"enemies":"Snake Plant","floor":25,"turns":1},{"damage":0,"enemies":"Centurion and Healer","floor":26,"turns":3},{"damage":22,"enemies":"Book of Stabbing","floor":27,"turns":2},{"damage":11,"enemies":"Centurion and Healer","floor":29,"turns":2},{"damage":12,"enemies":"Cultist and Chosen","floor":31,"turns":1}],"seed_played":"7672880735454945897","potions_obtained":[{"floor":11,"key":"LifebloodPotion"},{"floor":12,"key":"FocusPotion"},{"floor":14,"key":"FearPotion"},{"floor":21,"key":"CultistPotion"},{"floor":22,"key":"Explosive Potion"},{"floor":27,"key":"Regen Potion"},{"floor":29,"key":"Death Potion"}],"is_trial":true,"path_per_floor":["M","?","?","?","$","R","E","M","T","R","M","M","R","M","R","B",null,"M","$","?","M","M","R","$","M","MIM","E","AVR","M","?","M"],"character_chosen":"DEFECT","items_purchased":["Static Discharge","Art of War","Chemical X"],"campfire_rested":4,"item_purchase_floors":[5,19,19],"current_hp_per_floor":[68,68,68,68,68,68,34,23,23,45,41,35,57,50,72,38,75,65,65,57,25,15,37,37,23,23,1,8,2,2,0,0],"gold":215,"neow_bonus":"","is_daily":false,"chose_seed":false,"campfire_upgraded":1,"win_rate":0.0,"timestamp":1609497108,"path_taken":["M","?","?","?","?","R","?","M","T","R","?","?","R","M","R","BOSS","M","$","?","M","M","R","?","M","MIM","?","AVR","?","?","M"],"items_purchased_type":["Card","Relic","Relic"],"build_version":"2020-12-22","purchased_purges":1,"victory":false,"max_hp_per_floor":[75,75,75,75,75,75,75,75,75,75,75,75,75,75,75,75,75,75,75,75,75,75,75,75,75,75,75,82,82,82,82,82],"card_choices":[{"not_picked":["Blizzard","Ball Lightning"],"picked":"Heatsinks","floor":1},{"not_picked":["Skim","Go for the Eyes"],"picked":"Turbo","floor":7},{"not_picked":["Compile Driver","Steam","Beam Cell"],"picked":"SKIP","floor":8},{"not_picked":["Go for the Eyes","Meteor Strike"],"picked":"Time Bomb","floor":11},{"not_picked":["ReplayTheSpireMod:System Scan","Rebound","Rip and Tear"],"picked":"SKIP","floor":12},{"not_picked":["Turbo","Ball Lightning"],"picked":"Tempest","floor":14},{"not_picked":["Hyperbeam","Thunder Strike"],"picked":"Electrodynamics","floor":16},{"not_picked":["Double Energy","Beam Cell","Leap"],"picked":"Static Discharge+1","floor":18},{"not_picked":["Sunder","ReplayTheSpireMod:System Scan+1","Scrape"],"picked":"Leap","floor":20},{"not_picked":["Blade Dance","Slimebound:DivideAndConquer","Cloak And Dagger"],"picked":"Slimebound:SplitLeeching","floor":21},{"not_picked":["Cold Snap","Guardian:PrimingBeam","expansioncontent:ChargeUp"],"picked":"Shockwave+1","floor":22},{"not_picked":["Cloak And Dagger","construct:Accumulate+1","Guardian:ChargeCore"],"picked":"Hidden Blade","floor":25},{"not_picked":["Perseverance","Slimebound:SlimeBrawl","expansioncontent:Flail"],"picked":"hexamod:FourthSeal","floor":26},{"not_picked":["champ:BerserkersShout","Sweeping Beam+1","hexamod:StepThrough"],"picked":"ReplayRNGCard","floor":27},{"not_picked":["Slimebound:SplitMire","Sweeping Beam","champ:Circumvent"],"picked":"sneckomod:UnknownCommonSkill","floor":29}],"player_experience":279869,"relics_obtained":[{"floor":7,"key":"Ancient Tea Set"},{"floor":9,"key":"sneckomod:BlankCard"},{"floor":20,"key":"PrismaticShard"},{"floor":26,"key":"Mirror"},{"floor":27,"key":"CeramicFish"}],"event_choices":[{"damage_healed":0,"gold_gain":0,"cards_transformed":["Defend_B"],"player_choice":"Change","damage_taken":0,"max_hp_gain":0,"max_hp_loss":0,"event_name":"Living Wall","floor":2,"gold_loss":0,"cards_obtained":["Storm"]},{"damage_healed":0,"gold_gain":175,"player_choice":"AGREE","damage_taken":0,"max_hp_gain":0,"max_hp_loss":0,"event_name":"Liars Game","floor":3,"gold_loss":0,"cards_obtained":["Doubt"]}],"is_beta":false,"boss_relics":[{"not_picked":["aspiration:WatcherSkillbook","aspiration:PoetsPen_weak"],"picked":"Honey Jar"}],"items_purged_floors":[5],"is_endless":false,"potions_floor_spawned":[11,12,14,21,22],"killed_by":"Cultist and Chosen","ascension_level":0}}