{"host":"klzxa3457b6fcx00","time":1609478920,"event":{"mods":["AchievementEnabler","BaseMod","Downfall","Minty Spire (QoL Compilation)","Replay The Spire","StSLib"],"gold_per_floor":[115,115,162,175,191,191,223,223,223,235,166,180,195,195,195,293,293,310,322,340,71,71,106,106,106,106],"floor_reached":25,"playtime":952,"items_purged":[],"score":223,"play_id":"d75e280b-f93b-40ec-b758-efa80c539eb5","local_time":"20210101122840","is_ascension_mode":false,"campfire_choices":[{"data":"Streamline","floor":6,"key":"SMITH"},{"floor":8,"key":"REST"},{"floor":15,"key":"REST"},{"floor":24,"key":"REST"}],"circlet_count":0,"master_deck":["Strike_B","Strike_B","Strike_B","Strike_B","Defend_B","Defend_B","Defend_B","Defend_B","Zap","Dualcast+1","Streamline+1","Turbo","Electrodynamics","Leap","Conserve Battery+1","Panic Button","Sunder","Dramatic Entrance","FIFO Queue+1"],"relics":["Cracked Core","Replay:WaspNest","Meat on the Bone","Omamori","Philosopher\u0027s Stone","Membership Card","Geode"],"acts_visited":["Exordium","TheCity"],"potions_floor_usage":[7,16,16,20,20,23],"damage_taken":[{"damage":6,"enemies":"Jaw Worm","floor":1,"turns":3},{"damage":0,"enemies":"Small Slimes","floor":4,"turns":2},{"damage":0,"enemies":"2 Louse","floor":5,"turns":2},{"damage":31,"enemies":"Gremlin Nob","floor":7,"turns":4},{"damage":11,"enemies":"Red Slaver","floor":10,"turns":3},{"damage":11,"enemies":"Lots of Slimes","floor":12,"turns":2},{"damage":7,"enemies":"Blue Slaver","floor":13,"turns":2},{"damage":32,"enemies":"The Guardian","floor":16,"turns":9},{"damage":7,"enemies":"Shell Parasite","floor":18,"turns":4},{"damage":14,"enemies":"2 Thieves","floor":19,"turns":3},{"damage":39,"enemies":"Cultist and Chosen","floor":20,"turns":6},{"damage":25,"enemies":"Gremlin Leader","floor":23,"turns":6},{"damage":41,"enemies":"Book of Stabbing","floor":25,"turns":4}],"seed_played":"-3157574896677419762","potions_obtained":[{"floor":0,"key":"Cursed Concoction"},{"floor":0,"key":"DuplicationPotion"},{"floor":0,"key":"Reflective Coating"},{"floor":7,"key":"SpeedPotion"},{"floor":13,"key":"PowerPotion"},{"floor":19,"key":"DuplicationPotion"},{"floor":20,"key":"BlessingOfTheForge"}],"is_trial":false,"path_per_floor":["M","?","?","M","M","R","E","R","T","M","$","M","M","$","R","B",null,"M","M","M","$","?","E","R","E"],"character_chosen":"DEFECT","items_purchased":["Electrodynamics","Membership Card","Sunder","Dramatic Entrance","FIFO Queue+1"],"campfire_rested":3,"item_purchase_floors":[11,21,21,21,21],"current_hp_per_floor":[69,69,51,51,51,51,20,42,42,43,43,44,49,49,71,39,75,68,54,27,27,27,14,36,0,0],"gold":106,"neow_bonus":"THREE_SMALL_POTIONS","is_daily":false,"chose_seed":false,"campfire_upgraded":1,"win_rate":0.0,"timestamp":1609478920,"path_taken":["M","?","?","M","?","R","E","R","T","M","?","M","M","$","R","BOSS","M","M","M","$","?","E","R","E"],"items_purchased_type":["Card","Relic","Card","Card","Card"],"build_version":"2020-12-22","purchased_purges":0,"victory":false,"max_hp_per_floor":[75,75,75,75,75,75,75,75,75,75,75,75,75,75,75,75,75,75,75,75,75,75,75,75,75,75],"card_choices":[{"not_picked":["Redo","ReplayTheSpireMod:GoodbyeWorld"],"picked":"Streamline","floor":1},{"not_picked":["Gash","Skim","Aggregate"],"picked":"SKIP","floor":4},{"not_picked":["Redo","Rebound"],"picked":"Turbo","floor":5},{"not_picked":["FTL","Go for the Eyes","Gash"],"picked":"SKIP","floor":7},{"not_picked":["Hologram","Go for the Eyes","ReplaySolidLightProjector"],"picked":"SKIP","floor":10},{"not_picked":["Gash","Redo","Turbo"],"picked":"SKIP","floor":12},{"not_picked":["ReplayTheSpireMod:Calculation Training","Redo"],"picked":"Leap","floor":13},{"not_picked":["Coolheaded+1","Rebound"],"picked":"Conserve Battery+1","floor":18},{"not_picked":["Barrage","Go for the Eyes"],"picked":"Panic Button","floor":19},{"not_picked":["Storm","Hologram","ReplayTheSpireMod:Repulse"],"picked":"SKIP","floor":20},{"not_picked":["Force Field","Lockon","Redo"],"picked":"SKIP","floor":23}],"player_experience":228001,"relics_obtained":[{"floor":3,"key":"Replay:WaspNest"},{"floor":7,"key":"Meat on the Bone"},{"floor":9,"key":"Omamori"},{"floor":23,"key":"Geode"}],"event_choices":[{"damage_healed":0,"gold_gain":0,"player_choice":"Ignored","damage_taken":0,"max_hp_gain":0,"max_hp_loss":0,"event_name":"Purifier","floor":22,"gold_loss":0}],"is_beta":false,"boss_relics":[{"not_picked":["Abe\u0027s Treasure","Replay:Wanted Poster"],"picked":"Philosopher\u0027s Stone"}],"items_purged_floors":[],"is_endless":false,"potions_floor_spawned":[7,10,13,19,20],"killed_by":"Book of Stabbing","ascension_level":0}}