{"host":"a4s27ghlnr83kbqz","time":1609481804,"event":{"mods":["AchievementEnabler","BaseMod","Colored Map","Minty Spire (QoL Compilation)","Permanent Neow","SuperFastMode"],"gold_per_floor":[115,132,146,164,177,177,177,177,177,190,223,243,276,291,291,367,417,435,360,376,36,54,54,64,95,149,149,178,78,78,92,92,171,171,191,191,203,222,222,247,247,267,345,373,373,390,404,455,455,455,455,455,455,5,40,40],"floor_reached":57,"playtime":2276,"items_purged":["Strike_R","Strike_R","Bash"],"score":2861,"play_id":"bd58f76c-2ebb-47f9-bb9b-72fc82894770","local_time":"20210101141644","is_ascension_mode":true,"campfire_choices":[{"data":"Infernal Blade","floor":6.0,"key":"SMITH"},{"data":"Corruption","floor":8.0,"key":"SMITH"},{"floor":15.0,"key":"DIG"},{"data":"Evolve","floor":23.0,"key":"SMITH"},{"floor":30.0,"key":"DIG"},{"floor":32.0,"key":"DIG"},{"floor":41.0,"key":"DIG"},{"floor":45,"key":"RECALL"},{"floor":49,"key":"DIG"},{"floor":53,"key":"DIG"}],"circlet_count":0,"master_deck":["AscendersBane","Defend_R","Defend_R","Defend_R","Defend_R","Wild Strike","Battle Trance","Infernal Blade+1","Power Through","Feel No Pain+1","Corruption+1","Seeing Red","Disarm","Feel No Pain","Juggernaut+1","Seeing Red","Body Slam+1","Evolve+1","Fire Breathing","Offering","Thunderclap+1","Fire Breathing+1","Double Tap+1","Shockwave+1","Shrug It Off"],"relics":["Burning Blood","Dead Branch","Eternal Feather","Akabeko","Shovel","Regal Pillow","Tiny House","Mummified Hand","Thread and Needle","Bag of Preparation","Pantograph","Mango","Tiny Chest","Ancient Tea Set","Astrolabe","Blue Candle","Toy Ornithopter","The Courier","Boot","Strawberry","StrikeDummy","OrangePellets","Nunchaku"],"acts_visited":["Exordium","TheCity","TheBeyond","TheEnding"],"potions_floor_usage":[47,56,56],"damage_taken":[{"damage":9.0,"enemies":"2 Louse","floor":1.0,"turns":4.0},{"damage":6.0,"enemies":"Cultist","floor":2.0,"turns":3.0},{"damage":9.0,"enemies":"Jaw Worm","floor":3.0,"turns":3.0},{"damage":10.0,"enemies":"Red Slaver","floor":4.0,"turns":3.0},{"damage":3.0,"enemies":"Exordium Wildlife","floor":5.0,"turns":2.0},{"damage":13.0,"enemies":"Exordium Thugs","floor":10.0,"turns":3.0},{"damage":7.0,"enemies":"3 Sentries","floor":11.0,"turns":3.0},{"damage":0.0,"enemies":"Red Slaver","floor":12.0,"turns":2.0},{"damage":26.0,"enemies":"Gremlin Nob","floor":13.0,"turns":4.0},{"damage":0.0,"enemies":"Blue Slaver","floor":14.0,"turns":3.0},{"damage":20.0,"enemies":"Hexaghost","floor":16.0,"turns":10.0},{"damage":12.0,"enemies":"3 Byrds","floor":18.0,"turns":4.0},{"damage":0.0,"enemies":"Spheric Guardian","floor":20.0,"turns":4.0},{"damage":5.0,"enemies":"Snecko","floor":22.0,"turns":4.0},{"damage":6.0,"enemies":"Centurion and Healer","floor":24.0,"turns":4.0},{"damage":6.0,"enemies":"Book of Stabbing","floor":25.0,"turns":4.0},{"damage":0.0,"enemies":"Gremlin Leader","floor":28.0,"turns":4.0},{"damage":0.0,"enemies":"Shelled Parasite and Fungi","floor":31.0,"turns":1.0},{"damage":15.0,"enemies":"Champ","floor":33.0,"turns":6.0},{"damage":12.0,"enemies":"Orb Walker","floor":35.0,"turns":3.0},{"damage":6.0,"enemies":"3 Shapes","floor":37.0,"turns":1.0},{"damage":10.0,"enemies":"Sphere and 2 Shapes","floor":38.0,"turns":4.0},{"damage":6.0,"enemies":"Nemesis","floor":40.0,"turns":4.0},{"damage":24.0,"enemies":"4 Shapes","floor":42.0,"turns":3.0},{"damage":8,"enemies":"Reptomancer","floor":44,"turns":3},{"damage":7,"enemies":"3 Darklings","floor":46,"turns":3},{"damage":0,"enemies":"Jaw Worm Horde","floor":47,"turns":1},{"damage":24,"enemies":"Donu and Deca","floor":50,"turns":6},{"damage":21,"enemies":"Time Eater","floor":51,"turns":6},{"damage":8,"enemies":"Shield and Spear","floor":55,"turns":3},{"damage":62,"enemies":"The Heart","floor":56,"turns":7}],"seed_played":"-9166132886518923900","potions_obtained":[{"floor":2.0,"key":"Strength Potion"},{"floor":3.0,"key":"Block Potion"},{"floor":22.0,"key":"ElixirPotion"},{"floor":40.0,"key":"Fruit Juice"},{"floor":47,"key":"PowerPotion"},{"floor":55,"key":"ElixirPotion"}],"is_trial":false,"path_per_floor":["M","M","M","M","M","R","?","R","T","M","E","M","E","M","R","B",null,"M","$","M","$","M","R","M","E","T","T","E","$","R","M","R","B",null,"M","?","M","M","?","E","R","M","T","E","R","M","M","T","R","B","B",null,"R","$","E","B",null],"character_chosen":"IRONCLAD","items_purchased":["Mummified Hand","Evolve","OrangePellets","Nunchaku","Shrug It Off","Weak Potion"],"campfire_rested":0,"item_purchase_floors":[21,21,54,54,54,54],"current_hp_per_floor":[65,65,62,58,61,61,61,61,61,54,53,59,39,45,57,43,67,61,61,67,67,68,73,73,73,73,73,87,87,87,87,87,78,85,79,79,79,75,75,75,87,69,69,67,82,81,92,92,99,81,84,95,99,99,97,48],"gold":40,"neow_bonus":"ONE_RARE_RELIC","is_daily":false,"chose_seed":false,"campfire_upgraded":3,"win_rate":0.0,"timestamp":1609481804,"path_taken":["M","M","M","M","M","R","?","R","T","M","E","M","E","M","R","BOSS","M","$","M","?","?","R","M","E","T","?","E","$","R","M","R","BOSS","M","?","M","?","?","E","R","M","T","E","R","M","M","?","R","BOSS","BOSS","R","$","E","BOSS"],"items_purchased_type":["Relic","Card","Relic","Relic","Card","Potion"],"build_version":"2020-12-22","purchased_purges":3,"victory":true,"max_hp_per_floor":[68,68,68,68,68,68,68,68,68,68,68,68,68,68,68,68,73,73,73,73,73,73,73,73,73,73,73,87,87,87,87,87,87,87,87,87,87,87,87,87,87,87,87,87,87,87,92,92,99,99,99,99,99,99,99,99],"card_choices":[{"not_picked":["Clash","Ghostly Armor"],"picked":"Wild Strike","floor":1.0},{"not_picked":["Shrug It Off","Inflame"],"picked":"Battle Trance","floor":2.0},{"not_picked":["Heavy Blade","Combust"],"picked":"Infernal Blade","floor":3.0},{"not_picked":["Iron Wave","Clothesline"],"picked":"Power Through","floor":4.0},{"not_picked":["Metallicize","Wild Strike"],"picked":"Feel No Pain","floor":5.0},{"not_picked":["Armaments","Bludgeon","True Grit"],"picked":"SKIP","floor":10.0},{"not_picked":["Blood for Blood","Searing Blow"],"picked":"Seeing Red","floor":11.0},{"not_picked":["Clothesline","Wild Strike","Headbutt"],"picked":"SKIP","floor":12.0},{"not_picked":["Demon Form","Twin Strike"],"picked":"Disarm","floor":13.0},{"not_picked":["Infernal Blade","Anger"],"picked":"Feel No Pain","floor":14.0},{"not_picked":["Exhume","Limit Break"],"picked":"Juggernaut","floor":16.0},{"not_picked":["Clash","Anger"],"picked":"Seeing Red","floor":17.0},{"not_picked":["Clothesline","Heavy Blade+1"],"picked":"Body Slam+1","floor":18.0},{"not_picked":["Demon Form","Armaments","True Grit"],"picked":"SKIP","floor":20.0},{"not_picked":["Sword Boomerang+1","Havoc","Inflame"],"picked":"SKIP","floor":22.0},{"not_picked":["True Grit","Warcry","Iron Wave"],"picked":"SKIP","floor":24.0},{"not_picked":["Clash","Combust"],"picked":"Fire Breathing","floor":25.0},{"not_picked":["Iron Wave","Corruption","Havoc"],"picked":"SKIP","floor":28.0},{"not_picked":["True Grit","Wild Strike","Pommel Strike"],"picked":"SKIP","floor":31.0},{"not_picked":["Limit Break","Berserk"],"picked":"Offering","floor":33.0},{"not_picked":["Hemokinesis","Anger","True Grit+1"],"picked":"SKIP","floor":35.0},{"not_picked":["Evolve+1","Armaments"],"picked":"Shockwave+1","floor":37.0},{"not_picked":["Ghostly Armor","Armaments","Headbutt"],"picked":"SKIP","floor":38.0},{"not_picked":["Sever Soul","Iron Wave","Warcry"],"picked":"SKIP","floor":40.0},{"not_picked":["Thunderclap","Whirlwind","Body Slam"],"picked":"SKIP","floor":42.0},{"not_picked":["Iron Wave+1","Clothesline+1","Combust"],"picked":"SKIP","floor":44},{"not_picked":["Pommel Strike","Juggernaut","Twin Strike"],"picked":"SKIP","floor":46},{"not_picked":["Body Slam","Warcry","Iron Wave"],"picked":"SKIP","floor":47},{"not_picked":["Inflame","Anger+1","Headbutt"],"picked":"SKIP","floor":55}],"player_experience":1068832,"relics_obtained":[{"floor":9.0,"key":"Eternal Feather"},{"floor":11.0,"key":"Akabeko"},{"floor":13.0,"key":"Shovel"},{"floor":15.0,"key":"Regal Pillow"},{"floor":25.0,"key":"Thread and Needle"},{"floor":26.0,"key":"Bag of Preparation"},{"floor":27.0,"key":"Pantograph"},{"floor":28.0,"key":"Mango"},{"floor":30.0,"key":"Tiny Chest"},{"floor":32.0,"key":"Ancient Tea Set"},{"floor":40.0,"key":"Blue Candle"},{"floor":41.0,"key":"Toy Ornithopter"},{"floor":44,"key":"The Courier"},{"floor":48,"key":"Boot"},{"floor":49,"key":"Strawberry"},{"floor":53,"key":"StrikeDummy"}],"event_choices":[{"damage_healed":0.0,"max_hp_gain":0.0,"max_hp_loss":0.0,"gold_gain":0.0,"event_name":"Match and Keep!","player_choice":"1 cards matched","floor":7.0,"gold_loss":0.0,"damage_taken":0.0,"cards_obtained":["Corruption"]},{"damage_healed":0.0,"max_hp_gain":0.0,"max_hp_loss":0.0,"gold_gain":0.0,"event_name":"Upgrade Shrine","player_choice":"Upgraded","floor":36.0,"gold_loss":0.0,"damage_taken":0.0,"cards_upgraded":["Juggernaut"]},{"damage_healed":0.0,"max_hp_gain":0.0,"max_hp_loss":0.0,"gold_gain":0.0,"event_name":"Match and Keep!","player_choice":"0 cards matched","floor":39.0,"gold_loss":0.0,"damage_taken":0.0,"cards_obtained":[]}],"is_beta":false,"boss_relics":[{"not_picked":["Fusion Hammer","Runic Cube"],"picked":"Tiny House"},{"not_picked":["Black Blood","Cursed Key"],"picked":"Astrolabe"}],"items_purged_floors":[19,29,54],"is_endless":false,"potions_floor_spawned":[2,3,11,13,16,22,28,40,47,55],"ascension_level":20}}