{"host":"5f3w3xqo483bhjcu","time":1609515351,"event":{"mods":["Act Like it!","BaseMod","Koishi","Marisa£®ÏF”Í°°ƒß¿Ì…≥£©","Minty Spire (QoL Compilation)","Reimu£®≤©¿ˆ¡È√Œ£©","Remilia£®¿Ÿ√◊¿Ú—«£©","StSLib","Waifu the Spire","WarShipGirlsR/’ΩΩ¢…Ÿ≈ÆR mod","Yakumo Yukari mod","Youmu£®ªÍ∆«—˝√Œ£©","Yuyuko","°æ“≈ŒÔø®≈∆°øREMEMod"],"gold_per_floor":[111,146,146,166,152,159,159,190,215,215,243,203,387,387,387,496,496,471,491,491,491,491,491,187,212,239,8,8,49,49,73,73,266,266,295,315,327,327],"floor_reached":37,"playtime":2012,"items_purged":["Stagnation:ReiMu","Defend_Lin:ReiMu"],"score":546,"play_id":"9d740e95-d88f-4bd0-a177-1c1cb912e491","local_time":"20210101233551","is_ascension_mode":true,"campfire_choices":[{"floor":7,"key":"REST"},{"data":"MikOfLucky:ReiMu","floor":10,"key":"SMITH"},{"data":"LovePray:ReiMu","floor":15,"key":"SMITH"},{"data":"KyokaiOfKami:ReiMu","floor":23,"key":"SMITH"},{"floor":28,"key":"REST"},{"data":"CardOfSanctity:ReiMu","floor":30,"key":"SMITH"},{"floor":32,"key":"REST"}],"circlet_count":0,"master_deck":["Strike_Lin:ReiMu","Strike_Lin:ReiMu","Strike_Lin:ReiMu","Defend_Lin:ReiMu","Defend_Lin:ReiMu","Defend_Lin:ReiMu","NB:ReiMu","FantasyMoon:ReiMu","LovePray:ReiMu+1","SafetyPray:ReiMu+1","LearningPray:ReiMu","Reboot","MikOfLucky:ReiMu+1","KyokaiOfKami:ReiMu+1","OrbThrow:ReiMu","KamiSacrifice:ReiMu","ManaGlint:ReiMu","Revelation:ReiMu+1","CardOfSanctity:ReiMu+1","Authority:ReiMu"],"relics":["FlyPower:ReiMu","REME_ComplimentaryCards","REME_PuzzleBoxRelic","Pen Nib","Tiny Chest","CeramicFish","Toy Ornithopter","PaintedHorse:ReiMu","Lizard Tail","Empty Cage","Mercury Hourglass","ScarletDevilRocket","REME_HandOfSuture","Question Card","Smiling Mask","War Paint","REME_ArchaeologicalTools","Boot","Busted Crown"],"acts_visited":["Exordium","TheCity","TheBeyond"],"potions_floor_usage":[8,11,16,25],"damage_taken":[{"damage":3,"enemies":"Jaw Worm","floor":1,"turns":3},{"damage":10,"enemies":"Small Slimes","floor":2,"turns":4},{"damage":4,"enemies":"2 Louse","floor":4,"turns":2},{"damage":2,"enemies":"Large Slime","floor":5,"turns":6},{"damage":19,"enemies":"Gremlin Nob","floor":6,"turns":5},{"damage":5,"enemies":"3 Sentries","floor":8,"turns":5},{"damage":8,"enemies":"Gremlin Nob","floor":11,"turns":3},{"damage":18,"enemies":"The Guardian","floor":16,"turns":10},{"damage":33,"enemies":"2 Thieves","floor":18,"turns":5},{"damage":3,"enemies":"Spheric Guardian","floor":19,"turns":4},{"damage":22,"enemies":"REME_1_Revenger","floor":25,"turns":4},{"damage":58,"enemies":"Slavers","floor":29,"turns":6},{"damage":6,"enemies":"Champ","floor":33,"turns":5},{"damage":41,"enemies":"3 Darklings","floor":35,"turns":2},{"damage":10,"enemies":"Orb Walker","floor":36,"turns":3},{"damage":20,"enemies":"2 Orb Walkers","floor":37,"turns":2}],"seed_played":"-1182166654514272644","potions_obtained":[{"floor":1,"key":"SpeedPotion"},{"floor":2,"key":"Explosive Potion"},{"floor":8,"key":"Strength Potion"},{"floor":19,"key":"PinkPotion:ReiMu"}],"is_trial":false,"path_per_floor":["M","M","?","M","M","E","R","E","T","R","E","?","?","?","R","B",null,"M","M","T","?","?","R","$","E","T","$","R","E","R","T","R","B",null,"M","M","?"],"character_chosen":"REIMU","items_purchased":["REME_HandOfSuture","ManaGlint:ReiMu","Revelation:ReiMu","War Paint"],"campfire_rested":3,"item_purchase_floors":[24,24,27,27],"current_hp_per_floor":[64,54,54,50,48,29,49,46,46,46,38,38,38,20,20,7,67,34,31,31,31,31,31,31,14,14,14,34,18,18,18,38,32,67,29,19,0,0],"gold":327,"neow_bonus":"RANDOM_COMMON_RELIC","is_daily":false,"chose_seed":false,"campfire_upgraded":4,"win_rate":0.0,"timestamp":1609515351,"path_taken":["M","M","?","M","M","E","R","E","T","R","E","?","?","?","R","BOSS","M","M","?","?","?","R","$","E","T","?","R","E","R","?","R","BOSS","M","M","?"],"items_purchased_type":["Relic","Card","Card","Relic"],"build_version":"2020-12-22","purchased_purges":2,"victory":false,"max_hp_per_floor":[67,67,67,67,67,67,67,67,67,67,67,67,67,67,67,67,67,67,67,67,67,67,67,67,67,67,67,67,67,67,67,67,67,67,67,67,67,67],"card_choices":[{"not_picked":["SpreadBorder2:ReiMu","KamiSacrifice:ReiMu"],"picked":"FantasyMoon:ReiMu","floor":1},{"not_picked":["YinYangSign:ReiMu","MountainWay:ReiMu"],"picked":"LovePray:ReiMu","floor":2},{"not_picked":["Meditation:ReiMu","SubAcupoint:ReiMu"],"picked":"SafetyPray:ReiMu","floor":4},{"not_picked":["SpreadBorder2:ReiMu","EmergencyTakeOff:ReiMu","RainPray2:ReiMu"],"picked":"SKIP","floor":5},{"not_picked":["Enchanting:ReiMu","PhosphorusFlame:ReiMu"],"picked":"LearningPray:ReiMu","floor":6},{"not_picked":["SubcavityInstant:ReiMu","CleanRite:ReiMu"],"picked":"MikOfLucky:ReiMu","floor":8},{"not_picked":["Intuition:ReiMu","WonderfulDomain:ReiMu","SpringWay:ReiMu"],"picked":"SKIP","floor":11},{"not_picked":["BlastKick2:ReiMu","Determination:ReiMu"],"picked":"KyokaiOfKami:ReiMu","floor":16},{"not_picked":["CareerPray:ReiMu","Meditation:ReiMu"],"picked":"OrbThrow:ReiMu","floor":18},{"not_picked":["MountainWay:ReiMu","Meditation:ReiMu"],"picked":"KamiSacrifice:ReiMu","floor":19},{"not_picked":["DoubleButterfly:ReiMu","Amulet:ReiMu","Enchanting:ReiMu+1"],"picked":"SKIP","floor":25},{"not_picked":["AirStrike:ReiMu","AlertArray:ReiMu","Conquer:ReiMu"],"picked":"CardOfSanctity:ReiMu","floor":29},{"not_picked":["KyokaiOfKami:ReiMu","CardOfSanctity:ReiMu","SubcavityFantasy:ReiMu"],"picked":"Authority:ReiMu","floor":33},{"not_picked":["Conquer:ReiMu+1","AirStrike:ReiMu"],"picked":"SKIP","floor":35},{"not_picked":["Dreaming2:ReiMu+1","AirStrike:ReiMu+1"],"picked":"SKIP","floor":36}],"player_experience":354242,"relics_obtained":[{"floor":6,"key":"Pen Nib"},{"floor":8,"key":"Tiny Chest"},{"floor":9,"key":"CeramicFish"},{"floor":11,"key":"Toy Ornithopter"},{"floor":20,"key":"Mercury Hourglass"},{"floor":25,"key":"Question Card"},{"floor":26,"key":"Smiling Mask"},{"floor":29,"key":"REME_ArchaeologicalTools"},{"floor":31,"key":"Boot"}],"event_choices":[{"damage_healed":0,"gold_gain":0,"player_choice":"»˚«Æ","damage_taken":0,"relics_obtained":["PaintedHorse:ReiMu"],"max_hp_gain":0,"max_hp_loss":0,"event_name":"yidonshenshe","floor":12,"gold_loss":40},{"damage_healed":0,"gold_gain":175,"player_choice":"AGREE","damage_taken":0,"max_hp_gain":0,"max_hp_loss":0,"event_name":"Liars Game","floor":13,"gold_loss":0,"cards_obtained":["Doubt"]},{"damage_healed":0,"gold_gain":0,"player_choice":"Success","damage_taken":18,"relics_obtained":["Lizard Tail"],"max_hp_gain":0,"max_hp_loss":0,"event_name":"Scrap Ooze","floor":14,"gold_loss":0},{"damage_healed":0,"gold_gain":0,"player_choice":"Opened","damage_taken":0,"relics_obtained":["ScarletDevilRocket"],"max_hp_gain":0,"max_hp_loss":0,"event_name":"The Mausoleum","floor":21,"gold_loss":0},{"damage_healed":0,"gold_gain":0,"player_choice":"Ignored","damage_taken":0,"max_hp_gain":0,"max_hp_loss":0,"event_name":"Ghosts","floor":22,"gold_loss":0},{"damage_healed":0,"gold_gain":0,"player_choice":"Fight","damage_taken":0,"max_hp_gain":0,"max_hp_loss":0,"event_name":"Mysterious Sphere","floor":37,"gold_loss":0}],"is_beta":false,"boss_relics":[{"not_picked":["Pandora\u0027s Box","Velvet Choker"],"picked":"Empty Cage"},{"not_picked":["Runic Dome","REME_ChargedStone"],"picked":"Busted Crown"}],"items_purged_floors":[24,27],"is_endless":false,"potions_floor_spawned":[1,8,19],"killed_by":"2 Orb Walkers","ascension_level":2}}