{"host":"s1gi8xs3so6zkrm7","time":1609534371,"event":{"mods":["BaseMod","Filter the Spire","Minty Spire (QoL Compilation)"],"gold_per_floor":[116,127,302,302,25,56,56,87,111,20,20,36,48,62,62,160,160,173,173,443,454,454,454,454,454],"floor_reached":24,"playtime":1481,"items_purged":["Strike_P","Doubt"],"score":224,"play_id":"41b88945-8a5d-4a87-8471-57394f1f8e77","local_time":"20210101145251","is_ascension_mode":true,"campfire_choices":[{"floor":7.0,"key":"REST"},{"floor":11.0,"key":"REST"},{"floor":15.0,"key":"REST"},{"floor":23,"key":"REST"}],"circlet_count":0,"master_deck":["Eruption+1","Vigilance","WaveOfTheHand+1","PathToVictory","EmptyBody","Meditate","SignatureMove","Crescendo","Weave","WindmillStrike","Judgement","BowlingBash","ThirdEye","SandsOfTime","FollowUp","Alpha","Devotion","CutThroughFate+1","JustLucky+1","MasterReality","FearNoEvil"],"relics":["VioletLotus","Membership Card","Bag of Preparation","War Paint","Pantograph","MealTicket","Pandora\u0027s Box"],"acts_visited":["Exordium","TheCity"],"potions_floor_usage":[21,24,24],"damage_taken":[{"damage":0.0,"enemies":"Cultist","floor":1.0,"turns":2.0},{"damage":0.0,"enemies":"Small Slimes","floor":2.0,"turns":2.0},{"damage":54.0,"enemies":"Gremlin Nob","floor":6.0,"turns":7.0},{"damage":16.0,"enemies":"Lagavulin","floor":8.0,"turns":10.0},{"damage":0.0,"enemies":"Jaw Worm","floor":12.0,"turns":2.0},{"damage":21.0,"enemies":"Exordium Wildlife","floor":13.0,"turns":3.0},{"damage":0.0,"enemies":"Large Slime","floor":14.0,"turns":4.0},{"damage":46,"enemies":"Hexaghost","floor":16,"turns":10},{"damage":46,"enemies":"Chosen","floor":18,"turns":5},{"damage":5,"enemies":"Shell Parasite","floor":21,"turns":4},{"damage":31,"enemies":"Slavers","floor":24,"turns":3}],"seed_played":"-2899321380483941420","potions_obtained":[{"floor":1.0,"key":"DistilledChaos"},{"floor":14.0,"key":"Swift Potion"},{"floor":16,"key":"Explosive Potion"},{"floor":21,"key":"Energy Potion"}],"is_trial":false,"path_per_floor":["M","M","?","?","$","E","R","E","T","$","R","M","M","M","R","B",null,"M","?","?","M","?","R","E"],"character_chosen":"WATCHER","items_purchased":["Membership Card","JustLucky","Bag of Preparation","SignatureMove"],"campfire_rested":4,"item_purchase_floors":[5,5,5,10],"current_hp_per_floor":[72,72,72,58,58,4,25,9,9,24,45,45,24,24,45,24,72,26,50,17,12,12,33,2,2],"gold":454,"neow_bonus":"BOSS_RELIC","is_daily":false,"chose_seed":false,"campfire_upgraded":0,"win_rate":0.0,"timestamp":1609534371,"path_taken":["M","M","?","?","?","E","R","E","T","$","R","?","M","M","R","BOSS","M","?","?","?","?","R","E"],"items_purchased_type":["Relic","Card","Relic","Card"],"build_version":"2020-12-22","purchased_purges":2,"victory":false,"max_hp_per_floor":[72,72,72,72,72,72,72,72,72,72,72,72,72,72,72,72,72,72,72,72,72,72,72,72,72],"card_choices":[{"not_picked":["Collect","Perseverance"],"picked":"WaveOfTheHand","floor":1.0},{"not_picked":["Nirvana","FollowUp"],"picked":"PathToVictory","floor":2.0},{"not_picked":["WaveOfTheHand","PathToVictory"],"picked":"EmptyBody","floor":6.0},{"not_picked":["Consecrate","Nirvana"],"picked":"Meditate","floor":8.0},{"not_picked":["MentalFortress","WreathOfFlame"],"picked":"Crescendo","floor":12.0},{"not_picked":["Collect","Study"],"picked":"Weave","floor":13.0},{"not_picked":["CrushJoints","SashWhip"],"picked":"WindmillStrike","floor":14.0},{"not_picked":["SpiritShield","ConjureBlade"],"picked":"Judgement","floor":16},{"not_picked":["PathToVictory+1","Fasting2+1"],"picked":"CutThroughFate+1","floor":18},{"not_picked":["SashWhip","BattleHymn"],"picked":"JustLucky+1","floor":21}],"player_experience":233616,"relics_obtained":[{"floor":6.0,"key":"War Paint"},{"floor":8.0,"key":"Pantograph"},{"floor":9.0,"key":"MealTicket"}],"event_choices":[{"damage_healed":0.0,"max_hp_gain":0.0,"max_hp_loss":0.0,"gold_gain":175.0,"event_name":"Liars Game","player_choice":"AGREE","floor":3.0,"gold_loss":0.0,"damage_taken":0.0,"cards_obtained":["Doubt"]},{"damage_healed":0.0,"max_hp_gain":0.0,"max_hp_loss":0.0,"gold_gain":0.0,"event_name":"Shining Light","player_choice":"Entered Light","floor":4.0,"gold_loss":0.0,"damage_taken":14.0,"cards_upgraded":["Eruption","Defend_P"]},{"damage_healed":24,"gold_gain":0,"player_choice":"Heal","damage_taken":0,"max_hp_gain":0,"max_hp_loss":0,"event_name":"The Library","floor":19,"gold_loss":0},{"damage_healed":0,"gold_gain":270,"player_choice":"POTION GOLD GOLD GOLD ","damage_taken":33,"max_hp_gain":0,"max_hp_loss":0,"event_name":"Knowing Skull","floor":20,"potions_obtained":["SteroidPotion"],"gold_loss":0,"cards_obtained":[]},{"damage_healed":0,"gold_gain":0,"cards_transformed":["JustLucky","JustLucky"],"player_choice":"Became Test Subject","damage_taken":0,"max_hp_gain":0,"max_hp_loss":0,"event_name":"Drug Dealer","floor":22,"gold_loss":0,"cards_obtained":["MasterReality","FearNoEvil"]}],"is_beta":false,"boss_relics":[{"not_picked":["Black Star","Ectoplasm"],"picked":"Pandora\u0027s Box"}],"items_purged_floors":[5,10],"is_endless":false,"potions_floor_spawned":[1,14,16,21],"killed_by":"Slavers","ascension_level":2}}