{"host":"yfjdi361m7pxsbqz","time":1609499599,"event":{"mods":["BaseMod","DeckTracker","Minty Spire (QoL Compilation)","Quick Restart","StSLib","SuperFastMode"],"gold_per_floor":[112,112,133,133,151,151,191,206,206,206,264,297,48,69,69,188,251,271,271,271,114,14,14,40,40,66,95,95,105,105,117,117,216,216,234,288,51,68,18,18,18,18],"floor_reached":41,"playtime":2391,"items_purged":["Strike_G","Strike_G","Bane+1","Outmaneuver"],"score":563,"play_id":"365cf0a7-e24a-4a1f-aa84-3432d8f1055b","local_time":"20210101201319","is_ascension_mode":true,"campfire_choices":[{"data":"Neutralize","floor":6.0,"key":"SMITH"},{"floor":10.0,"key":"REST"},{"data":"Noxious Fumes","floor":15.0,"key":"SMITH"},{"data":"Deep Breath","floor":23.0,"key":"SMITH"},{"data":"Calculated Gamble","floor":25.0,"key":"SMITH"},{"data":"Night Terror","floor":28.0,"key":"SMITH"},{"data":"Tools of the Trade","floor":32.0,"key":"SMITH"},{"data":"Well Laid Plans","floor":40.0,"key":"SMITH"}],"circlet_count":46350,"master_deck":["Survivor","Neutralize+1","Madness","Escape Plan","Madness","Backflip","Madness","PiercingWail","Madness","Backflip","Noxious Fumes+1","Madness","Calculated Gamble+1","Madness","Crippling Poison","Madness","Tools of the Trade+1","Necronomicurse","Deep Breath+1","Reflex","Night Terror+1","Footwork+1","Wraith Form v2","Concentrate","Reflex","Choke+1","Expertise","Burst","Wraith Form v2","Deflect+1","Well Laid Plans+1"],"relics":["Ring of the Snake","Circlet","Bloody Idol","Ancient Tea Set","Anchor","Molten Egg 2","Paper Crane","Tiny House","Necronomicon","Smiling Mask","Omamori","Art of War","Pandora\u0027s Box","Du-Vu Doll","TwistedFunnel"],"acts_visited":["Exordium","TheCity","TheBeyond"],"potions_floor_usage":[],"damage_taken":[{"damage":1.0,"enemies":"Cultist","floor":1.0,"turns":4.0},{"damage":0.0,"enemies":"Jaw Worm","floor":3.0,"turns":5.0},{"damage":0.0,"enemies":"2 Louse","floor":5.0,"turns":2.0},{"damage":24.0,"enemies":"Gremlin Nob","floor":7.0,"turns":6.0},{"damage":0.0,"enemies":"Exordium Wildlife","floor":8.0,"turns":6.0},{"damage":7.0,"enemies":"3 Louse","floor":11.0,"turns":4.0},{"damage":8.0,"enemies":"3 Sentries","floor":12.0,"turns":7.0},{"damage":0.0,"enemies":"Blue Slaver","floor":14.0,"turns":3.0},{"damage":12.0,"enemies":"Slime Boss","floor":16.0,"turns":11.0},{"damage":0.0,"enemies":"3 Byrds","floor":18.0,"turns":3.0},{"damage":0.0,"enemies":"Book of Stabbing","floor":24.0,"turns":9.0},{"damage":11.0,"enemies":"Slavers","floor":27.0,"turns":5.0},{"damage":28.0,"enemies":"Chosen","floor":29.0,"turns":11.0},{"damage":0.0,"enemies":"Centurion and Healer","floor":31.0,"turns":9.0},{"damage":0.0,"enemies":"Automaton","floor":33.0,"turns":10.0},{"damage":4.0,"enemies":"3 Darklings","floor":35.0,"turns":5.0},{"damage":5.0,"enemies":"2 Orb Walkers","floor":36.0,"turns":9.0},{"damage":0.0,"enemies":"Orb Walker","floor":38.0,"turns":9.0},{"damage":0,"enemies":"4 Shapes","floor":41,"turns":1}],"seed_played":"-7939501747987844792","potions_obtained":[{"floor":3.0,"key":"Fire Potion"},{"floor":4.0,"key":"DuplicationPotion"},{"floor":4.0,"key":"CultistPotion"},{"floor":7.0,"key":"SpeedPotion"},{"floor":8.0,"key":"ColorlessPotion"},{"floor":11.0,"key":"GhostInAJar"},{"floor":16.0,"key":"Poison Potion"},{"floor":17.0,"key":"EntropicBrew"},{"floor":29.0,"key":"AttackPotion"},{"floor":31.0,"key":"DuplicationPotion"}],"is_trial":false,"path_per_floor":["M","?","M","?","M","R","E","M","T","R","M","E","$","M","R","B",null,"M","?","?","$","$","R","E","R","T","E","R","M","?","M","R","B",null,"M","?","$","M","$","R","M"],"character_chosen":"THE_SILENT","items_purchased":["Paper Crane","Deep Breath","Well Laid Plans","TwistedFunnel"],"campfire_rested":1,"item_purchase_floors":[13,21,37,37],"current_hp_per_floor":[69,52,52,52,52,52,28,28,28,49,42,40,40,40,40,44,75,75,59,59,59,59,59,72,72,75,71,71,64,64,75,75,75,75,75,75,75,75,75,75,75,75],"gold":18,"neow_bonus":"","is_daily":false,"chose_seed":false,"campfire_upgraded":7,"win_rate":0.0,"timestamp":1609499599,"path_taken":["M","?","M","?","M","R","E","M","T","R","?","E","$","M","R","BOSS","M","?","?","?","$","R","E","R","T","E","R","?","?","M","R","BOSS","M","?","$","M","$","R","M"],"items_purchased_type":["Relic","Card","Card","Relic"],"build_version":"2020-12-22","purchased_purges":4,"victory":false,"max_hp_per_floor":[70,70,70,70,70,70,70,70,70,70,70,70,70,70,70,70,75,75,75,75,75,75,75,75,75,75,75,75,75,75,75,75,75,75,75,75,75,75,75,75,75,75],"card_choices":[{"not_picked":["UniverseFragment","MeatLantern","HeroicMonk"],"picked":"Singing Bowl","floor":1.0},{"not_picked":["Dagger Throw","PiercingWail","Skewer"],"picked":"SKIP","floor":1.0},{"not_picked":["BeautyBeast","MeatLantern"],"picked":"VoidDream","floor":3.0},{"not_picked":["Underhanded Strike","Sucker Punch"],"picked":"Escape Plan","floor":3.0},{"not_picked":["Bloodbath","Rudolta","CherryBlossoms"],"picked":"Singing Bowl","floor":5.0},{"not_picked":["OldLady","MHz"],"picked":"BlackSwan","floor":5.0},{"not_picked":["Flying Knee","Escape Plan"],"picked":"Backflip","floor":5.0},{"not_picked":["Woodsman","Variant","Murderer"],"picked":"Singing Bowl","floor":7.0},{"not_picked":["MeatLantern","Wellcheers"],"picked":"SpiderBud","floor":7.0},{"not_picked":["Sucker Punch","Dodge and Roll"],"picked":"PiercingWail","floor":7.0},{"not_picked":["HeroicMonk","Murderer","Porccubus"],"picked":"Singing Bowl","floor":8.0},{"not_picked":["MHz","QueenOfHatred"],"picked":"OldLady","floor":8.0},{"not_picked":["Flying Knee","Leg Sweep"],"picked":"Backflip","floor":8.0},{"not_picked":["MHz","LittlePrince","Murderer"],"picked":"Singing Bowl","floor":11.0},{"not_picked":["Dagger Spray","All Out Attack"],"picked":"Noxious Fumes","floor":11.0},{"not_picked":["BigBadWolf","Woodsman"],"picked":"MeatLantern","floor":12.0},{"not_picked":["Leg Sweep","Poisoned Stab+1"],"picked":"Calculated Gamble","floor":12.0},{"not_picked":["HeroicMonk","CherryBlossoms","Wellcheers"],"picked":"Singing Bowl","floor":14.0},{"not_picked":["PunishingBird","Bloodbath"],"picked":"NakedNest","floor":14.0},{"not_picked":["Masterful Stab+1","Phantasmal Killer"],"picked":"Crippling Poison","floor":14.0},{"not_picked":["PunishingBird","CherryBlossoms","QueenOfHatred"],"picked":"Singing Bowl","floor":16.0},{"not_picked":["Bloodbath","Scorched"],"picked":"Yin","floor":16.0},{"not_picked":["Phantasmal Killer","Envenom"],"picked":"Tools of the Trade","floor":16.0},{"not_picked":["Flechettes+1","Bane+1","Choke+1"],"picked":"SKIP","floor":18.0},{"not_picked":["UniverseFragment","Bloodbath","MHz"],"picked":"Singing Bowl","floor":24.0},{"not_picked":["Blur","Skewer+1"],"picked":"Reflex","floor":24.0},{"not_picked":["HappyTeddy","Murderer","Scorched"],"picked":"Singing Bowl","floor":27.0},{"not_picked":["Bouncing Flask","Blade Dance"],"picked":"Night Terror","floor":27.0},{"not_picked":["LittlePrince","CherryBlossoms","UniverseFragment"],"picked":"Singing Bowl","floor":29.0},{"not_picked":["Underhanded Strike+1","Predator+1"],"picked":"Footwork+1","floor":29.0},{"not_picked":["Scarecrow","BigBadWolf","SnowQueen"],"picked":"Singing Bowl","floor":31.0},{"not_picked":["Backflip","Poisoned Stab+1","Distraction"],"picked":"SKIP","floor":31.0},{"not_picked":["SnowQueen","Variant","QueenBee"],"picked":"Singing Bowl","floor":33.0},{"not_picked":["Venomology","Die Die Die+1"],"picked":"Wraith Form v2","floor":33.0},{"not_picked":["LittlePrince","MHz","HeroicMonk"],"picked":"Singing Bowl","floor":35.0},{"not_picked":["Quick Slash+1","PiercingWail"],"picked":"Deflect+1","floor":35.0},{"not_picked":["QueenOfHatred","SingingMachine","Freischutz"],"picked":"Singing Bowl","floor":36.0},{"not_picked":["NothingThere","SilentOrchestra","Woodsman"],"picked":"Singing Bowl","floor":38.0},{"not_picked":["All Out Attack+1","Poisoned Stab+1","Glass Knife+1"],"picked":"SKIP","floor":38.0}],"player_experience":1129336,"relics_obtained":[{"floor":7.0,"key":"Ancient Tea Set"},{"floor":9.0,"key":"Anchor"},{"floor":12.0,"key":"Molten Egg 2"},{"floor":19.0,"key":"Necronomicon"},{"floor":24.0,"key":"Smiling Mask"},{"floor":26.0,"key":"Omamori"},{"floor":27.0,"key":"Art of War"},{"floor":36.0,"key":"Du-Vu Doll"},{"floor":38.0,"key":"AtMidnight"}],"event_choices":[{"damage_healed":0.0,"max_hp_gain":0.0,"max_hp_loss":0.0,"gold_gain":0.0,"event_name":"Golden Idol","player_choice":"Take Damage","floor":2.0,"gold_loss":0.0,"damage_taken":17.0,"relics_obtained":["Golden Idol"]},{"damage_healed":0.0,"max_hp_gain":0.0,"max_hp_loss":0.0,"gold_gain":0.0,"event_name":"Lab","player_choice":"Got Potions","floor":4.0,"gold_loss":0.0,"damage_taken":0.0},{"damage_healed":0.0,"max_hp_gain":0.0,"max_hp_loss":0.0,"gold_gain":0.0,"event_name":"Cursed Tome","player_choice":"Obtained Book","floor":19.0,"gold_loss":0.0,"damage_taken":16.0},{"damage_healed":0.0,"max_hp_gain":0.0,"max_hp_loss":0.0,"gold_gain":0.0,"event_name":"Forgotten Altar","player_choice":"Gave Idol","floor":20.0,"relics_lost":["Golden Idol"],"gold_loss":0.0,"damage_taken":0.0,"relics_obtained":["Bloody Idol"]},{"damage_healed":0.0,"max_hp_gain":0.0,"max_hp_loss":0.0,"gold_gain":0.0,"event_name":"Back to Basics","player_choice":"Simplicity","floor":30.0,"gold_loss":0.0,"damage_taken":0.0,"cards_upgraded":["Strike_G","Strike_G","Defend_G","Defend_G","Defend_G","Defend_G","Defend_G"]},{"damage_healed":0.0,"max_hp_gain":0.0,"max_hp_loss":0.0,"gold_gain":0.0,"event_name":"Mysterious Sphere","player_choice":"Fight","floor":36.0,"gold_loss":0.0,"damage_taken":0.0}],"is_beta":false,"boss_relics":[{"not_picked":["Busted Crown","Fusion Hammer"],"picked":"Tiny House"},{"not_picked":["Coffee Dripper","Cursed Key"],"picked":"Pandora\u0027s Box"}],"items_purged_floors":[21,22,37,39],"is_endless":false,"potions_floor_spawned":[3,7,8,11,12,16,29,31],"killed_by":"4 Shapes","ascension_level":1}}