{"host":"RampantMystic","time":1609510959,"event":{"mods":["Act Like it!","BaseMod","Bestiary","Better Match","Better Third Choice","Better Vampires","Block Reminder","ChefMod","Conjunction","Dota2Spire","GifTheSpireLib","Infinite Spire","Menagerie","Minty Spire (QoL Compilation)","Potionbrewer","QueenMod","Rare Cards Sparkle","Relic Stats","Replay The Spire","Spicy Shops","StSLib","Stuff the Spire","Swap Starting Deck Mod","The Blue Laboratory","The Cursed","The Jungle","The Mystic","The Necromancer","The Runesmith","TheVacant","Thieving Mod","Wandering Minibosses","slay the spire mod where everything is the same but ironclad has a cowboy hat","vexMod"],"gold_per_floor":[116,116,131,150,0,0,12,12,86,11,11,38,53,71,71,170,170,180,26,26,26,26],"floor_reached":21,"playtime":1277,"items_purged":["Strike_R"],"score":181,"play_id":"e3736e4a-52e7-460d-9842-7a2b1c123841","local_time":"20210101162239","is_ascension_mode":false,"campfire_choices":[{"data":"Eruption","floor":6,"key":"SMITH"},{"data":"Trip","floor":8,"key":"SMITH"},{"data":"Heavy Blade","floor":11,"key":"SMITH"},{"data":"Shrug It Off","floor":15,"key":"SMITH"}],"circlet_count":0,"master_deck":["Strike_R","Strike_R","Strike_R","Strike_R","Defend_R","Defend_R","Defend_R","Defend_R","Heavy Blade+1","Eruption+1","FlyingSleeves","Shrug It Off+1","Trip+1","Limit Break","FollowUp"],"relics":["Replay:M_SmolderingBlood","Frozen Egg 2","Dota2Spire:ArmletOfMordiggian","Dota2Spire:Bloodstone","King of Hearts"],"acts_visited":["Exordium","TheCity"],"potions_floor_usage":[16,20],"damage_taken":[{"damage":0,"enemies":"Small Slimes","floor":1,"turns":3},{"damage":1,"enemies":"Cultist","floor":3,"turns":3},{"damage":1,"enemies":"Jaw Worm","floor":4,"turns":3},{"damage":1,"enemies":"2 Fungi Beasts","floor":7,"turns":3},{"damage":32,"enemies":"3 Sentries","floor":12,"turns":5},{"damage":11,"enemies":"Gremlin Gang","floor":13,"turns":6},{"damage":0,"enemies":"3 Louse","floor":14,"turns":2},{"damage":40,"enemies":"Fading Forest","floor":16,"turns":11},{"damage":62,"enemies":"Spheric Guardian","floor":18,"turns":7},{"damage":14,"enemies":"Shell Parasite","floor":20,"turns":4},{"damage":19,"enemies":"Snecko","floor":21,"turns":4}],"seed_played":"1919635500311252397","potions_obtained":[{"floor":1,"key":"SmokeBomb"},{"floor":13,"key":"blueLaboratory:TrueEctoplasm"},{"floor":14,"key":"blueLaboratory:AbyssPotion"}],"is_trial":false,"path_per_floor":["M","?","M","M","$","R","M","R","T","$","R","E","M","M","R","B",null,"M","$","M","M"],"character_chosen":"IRONCLAD","items_purchased":["Shrug It Off","Trip","King of Hearts"],"campfire_rested":0,"item_purchase_floors":[5,5,19],"current_hp_per_floor":[88,88,87,86,86,86,85,85,85,85,85,53,42,42,42,16,88,29,29,15,0,0],"gold":26,"neow_bonus":"TEN_PERCENT_HP_BONUS","is_daily":false,"chose_seed":false,"campfire_upgraded":4,"win_rate":0.0,"timestamp":1609510959,"path_taken":["M","?","M","M","$","R","M","R","T","$","R","E","M","M","R","BOSS","M","$","M","M"],"items_purchased_type":["Card","Card","Relic"],"build_version":"2020-12-18","purchased_purges":1,"victory":false,"max_hp_per_floor":[88,88,88,88,88,88,88,88,88,88,88,88,88,88,88,88,88,88,88,88,88,88],"relic_stats":{"counters":[11,51],"obtain_stats":[{"Replay:M_SmolderingBlood":2,"Dota2Spire:ArmletOfMordiggian":12,"Dota2Spire:Bloodstone":17,"King of Hearts":19,"Frozen Egg 2":9,"Burning Blood":0},{"Replay:M_SmolderingBlood":1,"Dota2Spire:ArmletOfMordiggian":5,"Dota2Spire:Bloodstone":8,"King of Hearts":9,"Frozen Egg 2":4,"Burning Blood":0},{"Replay:M_SmolderingBlood":3,"Dota2Spire:ArmletOfMordiggian":17,"Dota2Spire:Bloodstone":36,"King of Hearts":43,"Frozen Egg 2":12,"Burning Blood":0}]},"card_choices":[{"not_picked":["Carnage","Body Slam"],"picked":"Heavy Blade","floor":1},{"not_picked":["Wild Strike","Infernal Blade","StuffTheSpire:Resist"],"picked":"SKIP","floor":3},{"not_picked":["Rage","Spot Weakness"],"picked":"FlyingSleeves","floor":4},{"not_picked":["Rampage","Perfected Strike","Infernal Blade"],"picked":"SKIP","floor":7},{"not_picked":["Headbutt","ReplayTheSpireMod:Strike From Hell","Anger"],"picked":"SKIP","floor":12},{"not_picked":["CrushJoints","Whirlwind"],"picked":"Limit Break","floor":13},{"not_picked":["Body Slam","Heavy Blade"],"picked":"FollowUp","floor":14},{"not_picked":["Abandon","StuffTheSpire:Incineration","True Grit"],"picked":"SKIP","floor":18}],"player_experience":1509916,"relics_obtained":[{"floor":9,"key":"Frozen Egg 2"},{"floor":12,"key":"Dota2Spire:ArmletOfMordiggian"}],"event_choices":[],"is_beta":true,"boss_relics":[{"not_picked":["Electric Blood","Mark of Pain"],"picked":"Dota2Spire:Bloodstone"}],"items_purged_floors":[10],"is_endless":false,"potions_floor_spawned":[1,13,14],"killed_by":"Snecko","ascension_level":0}}