{"host":"52m1o8iwwagurbjs","time":1609479025,"event":{"mods":["AchievementEnabler","BaseMod","Bestiary","Colored Powertips","GifTheSpireLib","Minty Spire (QoL Compilation)","Quick Restart","RNG Fix","Relic Stats","StSLib"],"gold_per_floor":[111,111,261,14,28,28,56,56,106,106,122,147,21,39,39,117,117,129,146,161,211,225,225,225,225,251,285,299,325,5,19,19,93,93,112,161,161,181,181,181,192,220,220,220,220,220,220],"floor_reached":46,"playtime":1836,"items_purged":["Doubt","Strike_B"],"score":967,"play_id":"0afe49e3-7c01-4827-a9c5-50a976af7976","local_time":"20210101003025","is_ascension_mode":true,"campfire_choices":[{"data":"Sweeping Beam","floor":6.0,"key":"SMITH"},{"data":"Ball Lightning","floor":8.0,"key":"SMITH"},{"floor":10.0,"key":"REST"},{"data":"Ball Lightning","floor":15.0,"key":"SMITH"},{"data":"Biased Cognition","floor":23.0,"key":"SMITH"},{"floor":25.0,"key":"REST"},{"floor":32.0,"key":"REST"},{"data":"Echo Form","floor":40,"key":"SMITH"},{"data":"Heatsinks","floor":44,"key":"SMITH"}],"circlet_count":0,"master_deck":["AscendersBane","Defend_B+1","Defend_B+1","Defend_B+1","Defend_B+1","Zap+1","Dualcast","Sweeping Beam+1","BootSequence","Ball Lightning+1","Glacier","Turbo","Ball Lightning+1","Go for the Eyes","Biased Cognition+1","Amplify+1","Chaos+1","All For One+1","Cold Snap","Compile Driver+1","Capacitor","Chill","Core Surge","Core Surge","Echo Form+1","Heatsinks+1","Self Repair","Purity"],"relics":["Cracked Core","Blood Vial","Orichalcum","War Paint","Centennial Puzzle","Ice Cream","Astrolabe","Lantern","Akabeko","DataDisk","DollysMirror","Runic Pyramid","Lizard Tail","Oddly Smooth Stone","Pear"],"acts_visited":["TheCity","TheBeyond"],"potions_floor_usage":[42,46],"damage_taken":[{"damage":0.0,"enemies":"Small Slimes","floor":1.0,"turns":2.0},{"damage":7.0,"enemies":"Jaw Worm","floor":5.0,"turns":4.0},{"damage":27.0,"enemies":"Gremlin Nob","floor":7.0,"turns":4.0},{"damage":0.0,"enemies":"2 Louse","floor":11.0,"turns":2.0},{"damage":4.0,"enemies":"Lagavulin","floor":12.0,"turns":8.0},{"damage":3.0,"enemies":"Lots of Slimes","floor":14.0,"turns":3.0},{"damage":6.0,"enemies":"Slime Boss","floor":16.0,"turns":8.0},{"damage":23.0,"enemies":"3 Byrds","floor":18.0,"turns":4.0},{"damage":0.0,"enemies":"Spheric Guardian","floor":19.0,"turns":3.0},{"damage":2.0,"enemies":"3 Cultists","floor":20.0,"turns":4.0},{"damage":21.0,"enemies":"Cultist and Chosen","floor":22.0,"turns":5.0},{"damage":27.0,"enemies":"Gremlin Leader","floor":27.0,"turns":8.0},{"damage":5.0,"enemies":"Snecko","floor":28.0,"turns":5.0},{"damage":1.0,"enemies":"Book of Stabbing","floor":29.0,"turns":6.0},{"damage":8.0,"enemies":"Shelled Parasite and Fungi","floor":31.0,"turns":3.0},{"damage":39.0,"enemies":"Automaton","floor":33.0,"turns":11.0},{"damage":33.0,"enemies":"3 Darklings","floor":35.0,"turns":4.0},{"damage":28.0,"enemies":"2 Orb Walkers","floor":36.0,"turns":5.0},{"damage":11,"enemies":"3 Shapes","floor":38,"turns":3},{"damage":13,"enemies":"Maw","floor":41,"turns":7},{"damage":19,"enemies":"Nemesis","floor":42,"turns":7},{"damage":62,"enemies":"Reptomancer","floor":46,"turns":4}],"seed_played":"-8361695804156572554","potions_obtained":[{"floor":5.0,"key":"FearPotion"},{"floor":7.0,"key":"BlessingOfTheForge"},{"floor":14.0,"key":"Energy Potion"},{"floor":18.0,"key":"ColorlessPotion"},{"floor":27.0,"key":"SkillPotion"},{"floor":28.0,"key":"EssenceOfSteel"},{"floor":29.0,"key":"SkillPotion"},{"floor":31.0,"key":"FearPotion"},{"floor":41,"key":"EssenceOfSteel"},{"floor":42,"key":"SkillPotion"}],"is_trial":false,"path_per_floor":["M","?","?","$","M","R","E","R","T","R","M","E","$","M","R","B",null,"M","M","M","?","M","R","?","R","T","E","M","E","$","M","R","B",null,"M","?","?","M","?","R","M","E","T","R","?","E"],"character_chosen":"DEFECT","items_purchased":["Orichalcum","Ball Lightning","Core Surge","DollysMirror"],"campfire_rested":3,"item_purchase_floors":[4,13,30,30],"current_hp_per_floor":[71,53,53,53,48,48,23,23,23,46,48,46,46,45,45,41,69,48,50,50,50,31,31,31,54,54,29,26,27,27,21,44,7,60,29,3,3,39,39,39,42,39,49,49,49,0,0],"gold":220,"neow_bonus":"TEN_PERCENT_HP_BONUS","is_daily":false,"chose_seed":false,"campfire_upgraded":6,"win_rate":0.0,"timestamp":1609479025,"path_taken":["M","?","?","?","M","R","E","R","T","R","M","E","$","M","R","BOSS","M","M","M","?","?","R","?","R","T","E","M","E","$","M","R","BOSS","M","?","?","M","?","R","?","E","T","R","?","E"],"items_purchased_type":["Relic","Card","Card","Relic"],"build_version":"2020-12-22","purchased_purges":2,"victory":false,"max_hp_per_floor":[78,78,78,78,78,78,78,78,78,78,78,78,78,78,78,78,78,78,78,78,78,78,78,78,78,78,78,78,78,78,78,78,78,78,78,78,78,78,78,78,78,78,88,88,84,84,84],"relic_stats":{"Blood Vial":36,"Centennial Puzzle":[51],"Lizard Tail":39,"counters":[18,98],"Astrolabe":["Amplify","Chaos","All For One"],"Orichalcum":[114],"War Paint":[],"obtain_stats":[{"Ice Cream":12,"Lantern":26,"Pear":43,"Astrolabe":17,"Oddly Smooth Stone":42,"Orichalcum":0,"War Paint":0,"Akabeko":27,"Blood Vial":0,"Centennial Puzzle":0,"DataDisk":29,"Lizard Tail":36,"DollysMirror":30,"Cracked Core":0,"Runic Pyramid":34},{"Ice Cream":1,"Lantern":7,"Pear":17,"Astrolabe":3,"Oddly Smooth Stone":17,"Orichalcum":0,"War Paint":0,"Akabeko":8,"Blood Vial":0,"Centennial Puzzle":0,"DataDisk":10,"Lizard Tail":14,"DollysMirror":10,"Cracked Core":0,"Runic Pyramid":12},{"Ice Cream":8,"Lantern":35,"Pear":94,"Astrolabe":19,"Oddly Smooth Stone":94,"Orichalcum":0,"War Paint":0,"Akabeko":43,"Blood Vial":0,"Centennial Puzzle":0,"DataDisk":54,"Lizard Tail":77,"DollysMirror":54,"Cracked Core":0,"Runic Pyramid":68}]},"card_choices":[{"not_picked":["Redo","Scrape"],"picked":"Sweeping Beam","floor":1.0},{"not_picked":["Storm","Scrape"],"picked":"BootSequence","floor":5.0},{"not_picked":["Rip and Tear","Barrage"],"picked":"Ball Lightning","floor":7.0},{"not_picked":["Leap","Doom and Gloom"],"picked":"Glacier","floor":11.0},{"not_picked":["Skim","Streamline"],"picked":"Turbo","floor":12.0},{"not_picked":["Coolheaded","Melter"],"picked":"Go for the Eyes","floor":14.0},{"not_picked":["Multi-Cast","Fission"],"picked":"Biased Cognition","floor":16.0},{"not_picked":["Chaos","Hello World+1","Darkness"],"picked":"SKIP","floor":18.0},{"not_picked":["Hologram","Reprogram","Hello World"],"picked":"SKIP","floor":19.0},{"not_picked":["Scrape","Compile Driver+1","Steam"],"picked":"SKIP","floor":20.0},{"not_picked":["Barrage","Ball Lightning"],"picked":"Cold Snap","floor":22.0},{"not_picked":["Reboot","Ball Lightning"],"picked":"Compile Driver+1","floor":27.0},{"not_picked":["Stack","Barrage"],"picked":"Capacitor","floor":28.0},{"not_picked":["Heatsinks","Go for the Eyes"],"picked":"Chill","floor":29.0},{"not_picked":["Coolheaded","Steam+1","Cold Snap"],"picked":"SKIP","floor":31.0},{"not_picked":["Electrodynamics","Buffer"],"picked":"Echo Form","floor":33.0},{"not_picked":["Rebound","Capacitor+1"],"picked":"Heatsinks","floor":35.0},{"not_picked":["Coolheaded","Aggregate+1"],"picked":"Self Repair","floor":38},{"not_picked":["Chrysalis","Flash of Steel"],"picked":"Purity","floor":39},{"not_picked":["Barrage","Melter","Reprogram"],"picked":"SKIP","floor":41},{"not_picked":["Sunder","Coolheaded","Darkness"],"picked":"SKIP","floor":42}],"player_experience":1073697,"relics_obtained":[{"floor":7.0,"key":"War Paint"},{"floor":9.0,"key":"Centennial Puzzle"},{"floor":12.0,"key":"Ice Cream"},{"floor":26.0,"key":"Lantern"},{"floor":27.0,"key":"Akabeko"},{"floor":29.0,"key":"DataDisk"},{"floor":36.0,"key":"Lizard Tail"},{"floor":42,"key":"Oddly Smooth Stone"},{"floor":43,"key":"Pear"}],"event_choices":[{"damage_healed":0.0,"max_hp_gain":0.0,"max_hp_loss":0.0,"gold_gain":0.0,"event_name":"Scrap Ooze","player_choice":"Success","floor":2.0,"gold_loss":0.0,"damage_taken":18.0,"relics_obtained":["Blood Vial"]},{"damage_healed":0.0,"max_hp_gain":0.0,"max_hp_loss":0.0,"gold_gain":150.0,"event_name":"Liars Game","player_choice":"AGREE","floor":3.0,"gold_loss":0.0,"damage_taken":0.0,"cards_obtained":["Doubt"]},{"damage_healed":0.0,"max_hp_gain":0.0,"max_hp_loss":0.0,"gold_gain":50.0,"event_name":"Nest","player_choice":"Stole From Cult","floor":21.0,"gold_loss":0.0,"damage_taken":0.0},{"damage_healed":0.0,"max_hp_gain":0.0,"max_hp_loss":0.0,"gold_gain":0.0,"event_name":"Back to Basics","player_choice":"Simplicity","floor":24.0,"gold_loss":0.0,"damage_taken":0.0,"cards_upgraded":["Defend_B","Defend_B","Defend_B"]},{"damage_healed":0.0,"max_hp_gain":0.0,"max_hp_loss":0.0,"gold_gain":0.0,"event_name":"Mysterious Sphere","player_choice":"Fight","floor":36.0,"gold_loss":0.0,"damage_taken":0.0},{"damage_healed":0.0,"max_hp_gain":0.0,"max_hp_loss":0.0,"gold_gain":0.0,"event_name":"Tomb of Lord Red Mask","player_choice":"Ignored","floor":37.0,"gold_loss":0.0,"damage_taken":0.0},{"damage_healed":0,"gold_gain":0,"player_choice":"Memory 1","damage_taken":0,"max_hp_gain":0,"max_hp_loss":0,"event_name":"SensoryStone","floor":39,"gold_loss":0},{"damage_healed":0,"gold_gain":0,"player_choice":"Max HP","damage_taken":0,"max_hp_gain":0,"max_hp_loss":4,"event_name":"Winding Halls","floor":45,"gold_loss":0}],"is_beta":false,"boss_relics":[{"not_picked":["Philosopher\u0027s Stone","Fusion Hammer"],"picked":"Astrolabe"},{"not_picked":["FrozenCore","Runic Dome"],"picked":"Runic Pyramid"}],"items_purged_floors":[4,13],"is_endless":false,"potions_floor_spawned":[5,7,14,18,27,28,29,31,41,42],"killed_by":"Reptomancer","ascension_level":19}}