{"host":"Bilverbakes","time":1609545021,"event":{"mods":["2.2 Compatiblity","AchievementEnabler","BaseMod","Bestiary","Colored Map","Minty Spire (QoL Compilation)","Relic Stats","StSLib","ojb\u0027s Info Mod"],"gold_per_floor":[109,34,34,34,52,79,89,89,89,107,107,120,155,55,55,132,132,142,142,161,161,161,161,187,187,187,187,200,219,50,50,50,126,126,146,158,158,183,19,19,46,46,46,46,0,0,19,19,19,19],"floor_reached":51,"playtime":2943,"items_purged":["Defend_G","Strike_G"],"score":1306,"play_id":"1bf50551-4a78-48fc-8368-bc94c3dd02e3","local_time":"20210101175021","is_ascension_mode":true,"campfire_choices":[{"data":"Skewer","floor":8,"key":"SMITH"},{"data":"Deadly Poison","floor":11,"key":"SMITH"},{"data":"Neutralize","floor":15,"key":"SMITH"},{"data":"Glass Knife","floor":23,"key":"SMITH"},{"data":"Noxious Fumes","floor":25,"key":"SMITH"},{"data":"Blade Dance","floor":27,"key":"SMITH"},{"floor":32,"key":"REST"},{"data":"Phantasmal Killer","floor":40,"key":"SMITH"},{"data":"Well Laid Plans","floor":42,"key":"SMITH"},{"floor":44,"key":"REST"},{"floor":49,"key":"REST"}],"circlet_count":0,"master_deck":["AscendersBane","Strike_G+1","Defend_G","Defend_G","Defend_G","Survivor+1","Neutralize+1","Skewer+1","Well Laid Plans+1","Deadly Poison+1","Dodge and Roll","Endless Agony","Doppelganger","Glass Knife+1","Concentrate+1","Leg Sweep+1","Noxious Fumes+1","RitualDagger","Escape Plan","Blade Dance+1","Cloak And Dagger+1","Deflect","Blade Dance","Phantasmal Killer+1","Escape Plan","Terror+1"],"relics":["Ring of the Snake","NeowsBlessing","Boot","Kunai","StrikeDummy","Astrolabe","Calipers","Vajra","Sozu","Gambling Chip","Toolbox","Smiling Mask","Red Mask"],"acts_visited":["Exordium","TheCity","TheBeyond"],"potions_floor_usage":[10,16,24,29,33,33],"damage_taken":[{"damage":0,"enemies":"Cultist","floor":1,"turns":1},{"damage":0,"enemies":"Jaw Worm","floor":5,"turns":1},{"damage":0,"enemies":"Lagavulin","floor":6,"turns":1},{"damage":0,"enemies":"2 Louse","floor":7,"turns":2},{"damage":11,"enemies":"Exordium Thugs","floor":10,"turns":5},{"damage":2,"enemies":"2 Fungi Beasts","floor":12,"turns":3},{"damage":9,"enemies":"3 Sentries","floor":13,"turns":8},{"damage":6,"enemies":"Hexaghost","floor":16,"turns":8},{"damage":0,"enemies":"Chosen","floor":18,"turns":3},{"damage":12,"enemies":"3 Byrds","floor":20,"turns":5},{"damage":10,"enemies":"Slavers","floor":24,"turns":6},{"damage":0,"enemies":"3 Cultists","floor":28,"turns":5},{"damage":3,"enemies":"Snake Plant","floor":29,"turns":4},{"damage":23,"enemies":"Automaton","floor":33,"turns":9},{"damage":0,"enemies":"Orb Walker","floor":35,"turns":2},{"damage":2,"enemies":"3 Shapes","floor":36,"turns":5},{"damage":0,"enemies":"Mind Bloom Boss Battle","floor":38,"turns":8},{"damage":24,"enemies":"Reptomancer","floor":41,"turns":6},{"damage":17,"enemies":"Jaw Worm Horde","floor":47,"turns":5},{"damage":46,"enemies":"Awakened One","floor":50,"turns":15}],"seed_played":"2936228381225922273","potions_obtained":[{"floor":1,"key":"FearPotion"},{"floor":7,"key":"Dexterity Potion"},{"floor":12,"key":"LiquidBronze"},{"floor":28,"key":"Swift Potion"},{"floor":29,"key":"SpeedPotion"}],"is_trial":false,"path_per_floor":["M","$","?","?","M","E","M","R","T","M","R","M","E","$","R","B",null,"M","?","M","?","?","R","E","R","T","R","M","M","$","?","R","B",null,"M","M","?","?","$","R","E","R","T","R","?","?","M","$","R","B",null],"character_chosen":"THE_SILENT","items_purchased":["Deflect","Blade Dance","Strength Potion","Toolbox"],"campfire_rested":3,"item_purchase_floors":[30,30,30,39],"current_hp_per_floor":[59,59,39,39,39,39,39,39,39,28,28,26,17,17,17,11,52,52,46,34,34,34,34,24,24,24,24,24,21,21,21,40,17,54,54,52,52,52,52,52,28,28,28,47,47,47,30,30,49,3],"gold":19,"neow_bonus":"THREE_ENEMY_KILL","is_daily":false,"chose_seed":false,"campfire_upgraded":8,"win_rate":0.0,"timestamp":1609545021,"path_taken":["M","?","?","?","M","E","M","R","T","M","R","M","E","$","R","BOSS","M","?","M","?","?","R","E","R","T","R","?","M","$","?","R","BOSS","M","M","?","?","?","R","E","R","T","R","?","?","M","?","R","BOSS"],"items_purchased_type":["Card","Card","Potion","Relic"],"build_version":"2020-12-18","purchased_purges":2,"victory":true,"max_hp_per_floor":[66,66,66,66,66,66,66,66,66,66,66,66,66,66,66,66,66,66,66,66,66,66,66,66,66,66,66,66,66,66,66,66,66,66,66,66,66,66,66,66,66,66,66,66,66,66,66,66,66,66],"relic_stats":{"Sozu":3,"counters":[20,102],"Astrolabe":["Concentrate","Leg Sweep","Unload"],"Gambling Chip":[8],"Kunai":[62],"Boot":[63],"Smiling Mask":0,"obtain_stats":[{"Calipers":24,"NeowsBlessing":0,"Astrolabe":17,"Vajra":26,"Boot":6,"Smiling Mask":41,"Sozu":34,"Gambling Chip":38,"Toolbox":39,"Red Mask":45,"Kunai":9,"StrikeDummy":13,"Ring of the Snake":0},{"Calipers":11,"NeowsBlessing":0,"Astrolabe":8,"Vajra":11,"Boot":3,"Smiling Mask":18,"Sozu":14,"Gambling Chip":17,"Toolbox":17,"Red Mask":18,"Kunai":4,"StrikeDummy":7,"Ring of the Snake":0},{"Calipers":43,"NeowsBlessing":0,"Astrolabe":29,"Vajra":43,"Boot":3,"Smiling Mask":82,"Sozu":61,"Gambling Chip":76,"Toolbox":76,"Red Mask":82,"Kunai":5,"StrikeDummy":21,"Ring of the Snake":0}],"Ring of the Snake":[41]},"card_choices":[{"not_picked":["Infinite Blades","Bane"],"picked":"Skewer","floor":1},{"not_picked":["Dagger Throw","Prepared"],"picked":"Well Laid Plans","floor":5},{"not_picked":["Well Laid Plans","Backflip"],"picked":"Sucker Punch","floor":6},{"not_picked":["Blade Dance","Backflip"],"picked":"Deadly Poison","floor":7},{"not_picked":["Infinite Blades","Heel Hook"],"picked":"Dodge and Roll","floor":10},{"not_picked":["Quick Slash","Dodge and Roll"],"picked":"Endless Agony","floor":12},{"not_picked":["Dagger Spray","Underhanded Strike"],"picked":"Doppelganger","floor":13},{"not_picked":["Phantasmal Killer","Venomology"],"picked":"Glass Knife","floor":16},{"not_picked":["Quick Slash","Choke"],"picked":"Noxious Fumes","floor":18},{"not_picked":["Flying Knee+1","Dagger Throw"],"picked":"Escape Plan","floor":20},{"not_picked":["Eviscerate","Footwork"],"picked":"Cloak And Dagger+1","floor":24},{"not_picked":["Dagger Spray+1","Quick Slash","Bane+1"],"picked":"SKIP","floor":28},{"not_picked":["Flying Knee","Poisoned Stab","PiercingWail"],"picked":"SKIP","floor":29},{"not_picked":["Night Terror","Bullet Time"],"picked":"Phantasmal Killer","floor":33},{"not_picked":["Underhanded Strike+1","Dagger Throw","Blade Dance"],"picked":"SKIP","floor":35},{"not_picked":["Noxious Fumes+1","Wraith Form v2"],"picked":"Escape Plan","floor":36},{"not_picked":["Quick Slash","Blade Dance"],"picked":"Terror+1","floor":38},{"not_picked":["Dash","Predator","PiercingWail"],"picked":"SKIP","floor":41},{"not_picked":["Deadly Poison","Dagger Throw","Sucker Punch+1"],"picked":"SKIP","floor":47}],"player_experience":513492,"relics_obtained":[{"floor":6,"key":"Boot"},{"floor":9,"key":"Kunai"},{"floor":13,"key":"StrikeDummy"},{"floor":24,"key":"Calipers"},{"floor":26,"key":"Vajra"},{"floor":38,"key":"Gambling Chip"},{"floor":41,"key":"Smiling Mask"}],"event_choices":[{"damage_healed":0,"gold_gain":0,"player_choice":"Entered Light","damage_taken":20,"max_hp_gain":0,"max_hp_loss":0,"event_name":"Shining Light","floor":3,"gold_loss":0,"cards_upgraded":["Survivor","Strike_G"]},{"cards_removed":["Strike_G"],"damage_healed":0,"gold_gain":0,"player_choice":"Purged","damage_taken":0,"max_hp_gain":0,"max_hp_loss":0,"event_name":"Purifier","floor":4,"gold_loss":0},{"damage_healed":0,"gold_gain":0,"player_choice":"Joined the Cult","damage_taken":6,"max_hp_gain":0,"max_hp_loss":0,"event_name":"Nest","floor":19,"gold_loss":0,"cards_obtained":["RitualDagger"]},{"damage_healed":0,"gold_gain":0,"player_choice":"Read","damage_taken":0,"max_hp_gain":0,"max_hp_loss":0,"event_name":"The Library","floor":21,"gold_loss":0,"cards_obtained":["Blade Dance"]},{"cards_removed":["Sucker Punch"],"damage_healed":0,"gold_gain":0,"player_choice":"Elegance","damage_taken":0,"max_hp_gain":0,"max_hp_loss":0,"event_name":"Back to Basics","floor":22,"gold_loss":0},{"damage_healed":0,"gold_gain":0,"player_choice":"Ignored","damage_taken":0,"max_hp_gain":0,"max_hp_loss":0,"event_name":"Vampires","floor":31,"gold_loss":0},{"cards_removed":["Unload"],"damage_healed":0,"gold_gain":0,"player_choice":"Removed Attack","damage_taken":0,"max_hp_gain":0,"max_hp_loss":0,"event_name":"Falling","floor":37,"gold_loss":0},{"damage_healed":0,"gold_gain":0,"player_choice":"Fight","damage_taken":0,"max_hp_gain":0,"max_hp_loss":0,"event_name":"MindBloom","floor":38,"gold_loss":0},{"damage_healed":0,"gold_gain":0,"player_choice":"Paid","damage_taken":0,"relics_obtained":["Red Mask"],"max_hp_gain":0,"max_hp_loss":0,"event_name":"Tomb of Lord Red Mask","floor":45,"gold_loss":46},{"damage_healed":0,"gold_gain":0,"player_choice":"Memory 1","damage_taken":0,"max_hp_gain":0,"max_hp_loss":0,"event_name":"SensoryStone","floor":46,"gold_loss":0}],"is_beta":true,"boss_relics":[{"not_picked":["Runic Dome","Snecko Eye"],"picked":"Astrolabe"},{"not_picked":["WristBlade","Philosopher\u0027s Stone"],"picked":"Sozu"}],"items_purged_floors":[2,14],"is_endless":false,"potions_floor_spawned":[1,7,12,28,29,35,38,47],"ascension_level":18}}