{"host":"bbcqjedmotowk2e9","time":1609518509,"event":{"mods":["AchievementEnabler","Aspiration","BaseMod","Colored Powertips","Energized Spire","GifTheSpireLib","Halation","Hubris","Hyrulean Relics","Infinite Spire","Marisa????????","Minty Spire (QoL Compilation)","Permanent Neow","Quick Restart","Relic Stats","Replay The Spire","Spires And Sneckos","StSLib","Stuff the Spire","Synergy Search","The Disciple"],"gold_per_floor":[111,130,130,130,130,130,130],"floor_reached":6,"playtime":80,"items_purged":[],"score":34,"play_id":"866c9dfa-26bb-48ef-8d08-a0f131ade216","local_time":"20210101192829","is_ascension_mode":false,"campfire_choices":[],"circlet_count":0,"master_deck":["Strike_B","Strike_B","Strike_B","Strike_B","Defend_B","Defend_B","Defend_B","Defend_B","Zap","Dualcast","Regret","StuffTheSpire:CuriosityCurse"],"relics":["SpiresAndSneckos:StoneHearth","hubris:Potato","StuffTheSpire:RedRose","aspiration:ChemicalBlood","infinitespire:Cubic Diamond"],"acts_visited":["Exordium"],"potions_floor_usage":[],"damage_taken":[{"damage":11,"enemies":"Jaw Worm","floor":1,"turns":2},{"damage":0,"enemies":"Small Slimes","floor":2,"turns":2},{"damage":0,"enemies":"3 Sentries","floor":6,"turns":1}],"seed_played":"6720772940150948643","potions_obtained":[{"floor":1,"key":"LifebloodPotion"},{"floor":2,"key":"ColorlessPotion"}],"is_trial":false,"path_per_floor":["M","M","?","?","?","E"],"character_chosen":"DEFECT","items_purchased":[],"campfire_rested":0,"item_purchase_floors":[],"current_hp_per_floor":[43,43,43,43,43,43,43],"gold":130,"neow_bonus":"ONE_RARE_RELIC","is_daily":false,"chose_seed":false,"campfire_upgraded":0,"win_rate":0.0,"timestamp":1609518509,"path_taken":["M","M","?","?","?","E"],"items_purchased_type":[],"build_version":"2020-12-22","purchased_purges":0,"victory":false,"max_hp_per_floor":[75,75,75,75,75,75,75],"relic_stats":{"counters":[3,5],"obtain_stats":[{"infinitespire:Cubic Diamond":5,"StuffTheSpire:RedRose":3,"SpiresAndSneckos:StoneHearth":5,"Cracked Core":0,"hubris:Potato":0,"aspiration:ChemicalBlood":4},{"infinitespire:Cubic Diamond":2,"StuffTheSpire:RedRose":2,"SpiresAndSneckos:StoneHearth":2,"Cracked Core":0,"hubris:Potato":0,"aspiration:ChemicalBlood":2},{"infinitespire:Cubic Diamond":4,"StuffTheSpire:RedRose":4,"SpiresAndSneckos:StoneHearth":4,"Cracked Core":0,"hubris:Potato":0,"aspiration:ChemicalBlood":4}]},"card_choices":[{"not_picked":["Cold Snap","StuffTheSpire:CleanHardDrive","Redo"],"picked":"SKIP","floor":1},{"not_picked":["ReplayTheSpireMod:Reroute Power","Redo","Aggregate"],"picked":"SKIP","floor":2}],"player_experience":583883,"relics_obtained":[],"event_choices":[],"is_beta":false,"boss_relics":[],"items_purged_floors":[],"is_endless":false,"potions_floor_spawned":[1,2],"killed_by":"3 Sentries","ascension_level":0}}