{"host":"usrgk25etjl0nf5i","time":1609539685,"event":{"mods":["2.2 Compatiblity","BaseMod","Downfall","Hubris","Minty Spire (QoL Compilation)","StSLib","SuperFastMode"],"gold_per_floor":[0,0,0,19,37,37,60,71,83,358,374,394,319,351,367,462,462,462,481,147,147,147,160,183,183,183,203,203,220,249,49,69,164,164,89,108,158,70,70,70,96,21,53,73,91,126,126,151,162,162,162,187,32,32,32],"floor_reached":56,"playtime":3672,"items_purged":["Regret","Pain","champ:Defend"],"score":1569,"play_id":"ed594cf7-08c1-48a2-abad-84cb0569fb67","local_time":"20210101142125","is_ascension_mode":true,"campfire_choices":[{"floor":1,"key":"RECALL"},{"data":"champ:VampiricStrike","floor":13,"key":"SMITH"},{"data":"champ:Improvising","floor":18,"key":"SMITH"},{"data":"champ:HoldFirm","floor":25,"key":"SMITH"},{"data":"champ:FocusedBerserking","floor":28,"key":"SMITH"},{"data":"champ:SteelEdge","floor":35,"key":"SMITH"},{"data":"expansioncontent:DecasProtection","floor":42,"key":"SMITH"},{"data":"expansioncontent:CaCaw","floor":47,"key":"SMITH"},{"data":"champ:CrookedStrike","floor":54,"key":"SMITH"}],"circlet_count":0,"master_deck":["champ:Strike","champ:Strike","champ:Strike","champ:Strike","champ:Defend","champ:Defend","champ:Defend","champ:Execute","champ:Taunt","champ:VampiricStrike+1","champ:GladiatorStyle","champ:AdrenalArmor","champ:FanOfKnives","champ:SwordSigil","champ:VampiricStrike+1","champ:StanceDance","champ:HoldFirm+1","champ:FocusedBerserking+1","champ:Improvising+1","champ:EnragedBash","champ:BladeFlurry","Necronomicurse","champ:AdrenalArmor","RitualDagger","champ:CrookedStrike+1","champ:BerserkerStyle","expansioncontent:CaCaw+1","champ:Aggression+1","champ:SteelEdge+1","champ:BerserkerStyle","champ:CrookedStrike+1","champ:ArenaPreparation","expansioncontent:DecasProtection+1","champ:GutPunch+1","champ:GladiatorStyle+1","champ:BerserkerStyle+1","champ:FanOfKnives+1","champ:EnragedBash+1","champ:RisingSlash"],"relics":["champ:ChampionCrown","hubris:Icosahedron","downfall:ShatteredFragment","MealTicket","downfall:HeartBlessingRed","White Beast Statue","Coffee Dripper","Bronze Scales","Necronomicon","WarpedTongs","hexamod:BolsterEngine","Centennial Puzzle","hubris:TerracottaHorce","downfall:HeartBlessingGreen","hubris:Potato","Bottled Lightning","hubris:Towel","downfall:HeartBlessingBlue","Oddly Smooth Stone","Ancient Tea Set","Toy Ornithopter","Gremlin Horn","champ:BerserkersGuideToSlaughter"],"acts_visited":["Exordium","TheCity","TheBeyond","TheEnding"],"potions_floor_usage":[14,14,16,16,30,33,33,33,33,43,55,55,55],"damage_taken":[{"damage":10,"enemies":"2 Louse","floor":4,"turns":2},{"damage":6,"enemies":"Small Slimes","floor":5,"turns":3},{"damage":2,"enemies":"Cultist","floor":8,"turns":3},{"damage":5,"enemies":"Large Slime","floor":9,"turns":3},{"damage":11,"enemies":"Red Slaver","floor":11,"turns":3},{"damage":15,"enemies":"3 Louse","floor":12,"turns":3},{"damage":31,"enemies":"Lagavulin","floor":14,"turns":3},{"damage":12,"enemies":"Large Slime","floor":15,"turns":3},{"damage":65,"enemies":"downfall:Watcher","floor":16,"turns":10},{"damage":36,"enemies":"Shell Parasite","floor":19,"turns":3},{"damage":38,"enemies":"downfall:FleeingMerchant","floor":20,"turns":4},{"damage":33,"enemies":"Spheric Guardian","floor":23,"turns":2},{"damage":35,"enemies":"Shelled Parasite and Fungi","floor":27,"turns":3},{"damage":25,"enemies":"Cultist and Chosen","floor":29,"turns":4},{"damage":59,"enemies":"Book of Stabbing","floor":30,"turns":4},{"damage":21,"enemies":"downfall:FleeingMerchant","floor":31,"turns":4},{"damage":38,"enemies":"Snake Plant","floor":32,"turns":3},{"damage":26,"enemies":"downfall:Defect","floor":33,"turns":6},{"damage":28,"enemies":"3 Shapes","floor":36,"turns":3},{"damage":87,"enemies":"Mind Bloom Boss Battle","floor":37,"turns":7},{"damage":0,"enemies":"downfall:FleeingMerchant","floor":38,"turns":4},{"damage":27,"enemies":"Reptomancer","floor":43,"turns":7},{"damage":0,"enemies":"Orb Walker","floor":44,"turns":2},{"damage":10,"enemies":"Maw","floor":45,"turns":5},{"damage":39,"enemies":"Nemesis","floor":46,"turns":7},{"damage":45,"enemies":"Giant Head","floor":48,"turns":8},{"damage":0,"enemies":"4 Shapes","floor":49,"turns":4},{"damage":63,"enemies":"downfall:Ironclad","floor":50,"turns":11},{"damage":42,"enemies":"downfall:CharBossMerchant","floor":52,"turns":7},{"damage":42,"enemies":"downfall:NeowBoss","floor":55,"turns":15}],"seed_played":"8732375820037102242","potions_obtained":[{"floor":4,"key":"Strength Potion"},{"floor":5,"key":"AttackPotion"},{"floor":9,"key":"ColorlessPotion"},{"floor":14,"key":"Strength Potion"},{"floor":15,"key":"Explosive Potion"},{"floor":16,"key":"BlessingOfTheForge"},{"floor":19,"key":"EntropicBrew"},{"floor":23,"key":"Strength Potion"},{"floor":30,"key":"Ancient Potion"},{"floor":33,"key":"Dexterity Potion"},{"floor":37,"key":"PowerPotion"},{"floor":43,"key":"Energy Potion"},{"floor":49,"key":"AttackPotion"},{"floor":52,"key":"CultistPotion"}],"is_trial":false,"path_per_floor":["R","?","?","M","M","?","T","M","M","?","M","M","R","E","M","B",null,"R","M","$","?","?","M","T","R","?","M","R","M","E","$","M","B",null,"R","M","?","$","?","?","T","R","E","M","M","E","R","E","M","B",null,"E","$","R","B",null],"character_chosen":"THE_CHAMP","items_purchased":["champ:EnragedBash","champ:BladeFlurry","Bronze Scales","expansioncontent:CaCaw","Bottled Lightning","champ:ArenaPreparation","champ:BerserkersGuideToSlaughter"],"campfire_rested":0,"item_purchase_floors":[20,20,20,31,38,38,53],"current_hp_per_floor":[90,90,63,58,69,69,69,79,89,89,78,80,80,76,90,84,90,90,90,90,74,74,95,95,95,89,95,95,91,95,93,83,95,95,95,90,95,95,95,95,95,105,105,105,105,105,105,90,105,105,105,105,105,105,105],"gold":32,"neow_bonus":"THREE_RARE_CARDS","is_daily":false,"chose_seed":false,"campfire_upgraded":8,"win_rate":0.0,"timestamp":1609539685,"path_taken":["R","?","?","M","M","?","T","M","M","?","?","M","R","E","M","BOSS","R","M","$","?","?","?","T","R","?","M","R","M","E","$","M","BOSS","R","M","?","$","?","?","T","R","E","M","M","E","R","E","M","BOSS","E","$","R","BOSS"],"items_purchased_type":["Card","Card","Relic","Card","Relic","Card","Relic"],"build_version":"2020-12-22","purchased_purges":3,"victory":true,"max_hp_per_floor":[90,90,90,90,90,90,90,90,90,90,90,90,90,90,90,90,90,90,90,90,90,90,95,95,95,95,95,95,95,95,95,95,95,95,95,95,95,95,95,95,95,105,105,105,105,105,105,105,105,105,105,105,105,105,105],"card_choices":[{"not_picked":["champ:HeavySlash","champ:Improvising"],"picked":"champ:VampiricStrike","floor":0},{"not_picked":["champ:RisingSlash","champ:FaceSlap"],"picked":"champ:GladiatorStyle","floor":4},{"not_picked":["champ:FalseCounter","champ:Shatter"],"picked":"champ:AdrenalArmor","floor":5},{"not_picked":["champ:RageSigil","champ:RecklessLeap"],"picked":"champ:FanOfKnives","floor":8},{"not_picked":["champ:Haymaker","champ:RisingSlash"],"picked":"champ:SwordSigil","floor":9},{"not_picked":["champ:Haymaker","champ:Backstep"],"picked":"champ:VampiricStrike","floor":11},{"not_picked":["champ:GladiatorsShout","champ:RageSigil"],"picked":"champ:StanceDance","floor":12},{"not_picked":["champ:FlashCut","champ:Duel"],"picked":"champ:HoldFirm","floor":14},{"not_picked":["champ:EnGarde","champ:DefensiveShout"],"picked":"champ:FocusedBerserking","floor":15},{"not_picked":["champ:CrownThrow","champ:Devastate"],"picked":"champ:Improvising","floor":16},{"not_picked":["champ:FocusedGladiator","champ:StanceDance"],"picked":"champ:FightOn","floor":19},{"not_picked":["champ:FocusedGladiator+1","champ:FocusedBerserking","champ:StanceDance"],"picked":"SKIP","floor":20},{"not_picked":["champ:Haymaker","champ:BringItOn"],"picked":"champ:AdrenalArmor","floor":23},{"not_picked":["champ:FlashCut+1","champ:FocusedBerserking+1"],"picked":"champ:CrookedStrike","floor":27},{"not_picked":["champ:BladeFlurry","champ:FocusedBerserking","champ:Backstep"],"picked":"SKIP","floor":29},{"not_picked":["champ:Circumvent","champ:FocusedDefense"],"picked":"champ:BerserkerStyle","floor":30},{"not_picked":["champ:Backstep","champ:BerserkersShout+1","champ:GladiatorsShout"],"picked":"SKIP","floor":31},{"not_picked":["champ:ShieldWall+1","champ:FocusedGladiator"],"picked":"champ:Aggression+1","floor":32},{"not_picked":["champ:Improvising","champ:Devastate"],"picked":"champ:SteelEdge","floor":33},{"not_picked":["champ:TornadoPunch","champ:StanceDance+1","champ:FalseCounter"],"picked":"SKIP","floor":36},{"not_picked":["champ:Duel","champ:Riposte"],"picked":"champ:BerserkerStyle","floor":37},{"not_picked":["champ:MurderStrike","champ:Duel+1"],"picked":"champ:CrookedStrike+1","floor":38},{"not_picked":["expansioncontent:TimeRipple","expansioncontent:FaceSlap"],"picked":"expansioncontent:DecasProtection","floor":39},{"not_picked":["champ:Lariat","champ:RageSigil+1"],"picked":"champ:GutPunch+1","floor":43},{"not_picked":["champ:RisingSlash","champ:BerserkersShout+1"],"picked":"champ:GladiatorStyle+1","floor":44},{"not_picked":["champ:Duel+1","champ:StanceDance+1"],"picked":"champ:BerserkerStyle+1","floor":45},{"not_picked":["champ:GladiatorsShout+1","champ:PerfectedStrike+1"],"picked":"champ:FanOfKnives+1","floor":46},{"not_picked":["champ:FlashCut+1","champ:DefensiveStyle+1","champ:RageSigil"],"picked":"SKIP","floor":48},{"not_picked":["champ:GladiatorsShout","champ:BringItOn+1"],"picked":"champ:EnragedBash+1","floor":49},{"not_picked":["champ:StanceDance","champ:Balance+1"],"picked":"champ:RisingSlash","floor":52}],"player_experience":600880,"relics_obtained":[{"floor":7,"key":"MealTicket"},{"floor":14,"key":"White Beast Statue"},{"floor":21,"key":"Necronomicon"},{"floor":24,"key":"hexamod:BolsterEngine"},{"floor":30,"key":"Centennial Puzzle"},{"floor":37,"key":"hubris:Potato"},{"floor":43,"key":"Oddly Smooth Stone"},{"floor":46,"key":"Ancient Tea Set"},{"floor":48,"key":"Toy Ornithopter"},{"floor":52,"key":"Gremlin Horn"}],"event_choices":[{"damage_healed":0,"gold_gain":0,"player_choice":"Grow","damage_taken":0,"max_hp_gain":0,"max_hp_loss":0,"event_name":"Living Wall","floor":6,"gold_loss":0,"cards_upgraded":["champ:VampiricStrike"]},{"damage_healed":0,"gold_gain":0,"player_choice":"Rummage","damage_taken":0,"relics_obtained":["WarpedTongs"],"max_hp_gain":0,"max_hp_loss":0,"event_name":"Accursed Blacksmith","floor":22,"gold_loss":0,"cards_obtained":["Pain"]}],"is_beta":false,"boss_relics":[{"not_picked":["Runic Dome","Empty Cage"],"picked":"Coffee Dripper"},{"not_picked":["Astrolabe","Pandora\u0027s Box"],"picked":"hubris:TerracottaHorce"}],"items_purged_floors":[20,31,38],"is_endless":false,"potions_floor_spawned":[4,5,9,11,14,15,16,19,20,23,27,29,30,31,32,33,36,37,38,43,44,45,46,48,49,52],"ascension_level":6}}