{"host":"6cjsh2hjzszjl3p1","time":1609530818,"event":{"mods":["BaseMod","Colored Map","Downfall","Minty Spire (QoL Compilation)","StSLib"],"gold_per_floor":[99,113,125,142,156,156,156,81,100,128,53,64,81,108,120,120,120,120],"floor_reached":16,"playtime":1430,"items_purged":[],"score":116,"play_id":"1d559f81-ead2-4f96-be74-a2c5af228fee","local_time":"20210102035338","is_ascension_mode":false,"campfire_choices":[{"floor":1,"key":"RECALL"},{"data":"hexamod:FastForward","floor":8,"key":"SMITH"},{"data":"hexamod:EtherealExpedition","floor":11,"key":"SMITH"}],"circlet_count":0,"master_deck":["hexamod:Strike","hexamod:Strike","hexamod:Strike","hexamod:Strike","hexamod:Defend","hexamod:Defend","hexamod:Defend","hexamod:Defend","hexamod:Sear","hexamod:Float","hexamod:FastForward+1","hexamod:ShieldOfDarkness","hexamod:HauntingEcho","hexamod:AdvancingGuard","hexamod:SkipABeat+1","hexamod:ThermalTransfer","hexamod:EtherealExpedition+1","hexamod:EmpoweredFlame","hexamod:GhostOfSpirePresent","hexamod:FifthSeal","hexamod:FirstSeal","hexamod:NightmareStrike"],"relics":["hexamod:SpiritBrand","downfall:HeartBlessingRed","Vajra","downfall:HeartBlessingGreen","hexamod:InflammatoryLetter"],"acts_visited":["Exordium"],"potions_floor_usage":[10,16],"damage_taken":[{"damage":0,"enemies":"2 Louse","floor":2,"turns":3},{"damage":0,"enemies":"Cultist","floor":3,"turns":4},{"damage":1,"enemies":"Jaw Worm","floor":4,"turns":5},{"damage":1,"enemies":"Blue Slaver","floor":5,"turns":6},{"damage":4,"enemies":"Exordium Thugs","floor":9,"turns":4},{"damage":21,"enemies":"Gremlin Nob","floor":10,"turns":4},{"damage":0,"enemies":"Large Slime","floor":12,"turns":5},{"damage":0,"enemies":"3 Louse","floor":13,"turns":3},{"damage":3,"enemies":"3 Sentries","floor":14,"turns":7},{"damage":0,"enemies":"Large Slime","floor":15,"turns":4},{"damage":42,"enemies":"downfall:Defect","floor":16,"turns":4}],"seed_played":"-2147444431365290711","potions_obtained":[{"floor":3,"key":"Fire Potion"},{"floor":9,"key":"Fire Potion"},{"floor":10,"key":"SpeedPotion"}],"is_trial":false,"path_per_floor":["R","M","M","M","M","?","T","R","M","E","R","M","M","E","M","B"],"character_chosen":"THE_SPIRIT","items_purchased":[],"campfire_rested":0,"item_purchase_floors":[],"current_hp_per_floor":[70,70,70,69,68,68,68,68,64,43,43,43,43,40,40,0,0,0],"gold":120,"neow_bonus":"THREE_CARDS","is_daily":false,"chose_seed":false,"campfire_upgraded":2,"win_rate":0.0,"timestamp":1609530818,"path_taken":["R","M","M","M","M","?","T","R","M","E","R","M","M","E","M","BOSS"],"items_purchased_type":[],"build_version":"2020-12-22","purchased_purges":0,"victory":false,"max_hp_per_floor":[70,70,70,70,70,70,70,70,70,70,70,70,70,70,70,70,70,70],"card_choices":[{"not_picked":["hexamod:FlamesFromBeyond","hexamod:HeatCrush"],"picked":"hexamod:FastForward","floor":0},{"not_picked":["hexamod:Firestarter","hexamod:ThermalTransfer"],"picked":"hexamod:ShieldOfDarkness","floor":2},{"not_picked":["hexamod:Firestarter","hexamod:FastForward"],"picked":"hexamod:HauntingEcho","floor":3},{"not_picked":["hexamod:RainOfEmbers","hexamod:GhostShield"],"picked":"hexamod:AdvancingGuard","floor":4},{"not_picked":["hexamod:PhantomCloak","hexamod:SpectersWail"],"picked":"hexamod:SkipABeat","floor":5},{"not_picked":["hexamod:HeatCrush","hexamod:SpectersWail"],"picked":"hexamod:ThermalTransfer","floor":9},{"not_picked":["hexamod:ShieldOfDarkness","hexamod:FastForward"],"picked":"hexamod:EtherealExpedition","floor":10},{"not_picked":["hexamod:GhostShield","hexamod:ThermalTransfer"],"picked":"hexamod:EmpoweredFlame","floor":12},{"not_picked":["hexamod:GhostShield","hexamod:DynamicBlow"],"picked":"hexamod:GhostOfSpirePresent","floor":13},{"not_picked":["hexamod:PhantomFireball","hexamod:GhostLash"],"picked":"hexamod:FifthSeal","floor":14},{"not_picked":["hexamod:FourthSeal","hexamod:SecondSeal"],"picked":"hexamod:FirstSeal","floor":15},{"not_picked":["hexamod:Firestarter","hexamod:FastForward"],"picked":"hexamod:NightmareStrike","floor":15}],"player_experience":117760,"relics_obtained":[{"floor":10,"key":"Vajra"},{"floor":14,"key":"hexamod:InflammatoryLetter"}],"event_choices":[{"damage_healed":0,"gold_gain":0,"player_choice":"Grow","damage_taken":0,"max_hp_gain":0,"max_hp_loss":0,"event_name":"Living Wall","floor":6,"gold_loss":0,"cards_upgraded":["hexamod:SkipABeat"]}],"is_beta":false,"boss_relics":[],"items_purged_floors":[],"is_endless":false,"potions_floor_spawned":[3,9,10],"killed_by":"downfall:Defect","ascension_level":0}}