{"host":"minbhrtlkaoly5f0","time":1609495351,"event":{"mods":["Act Like it!","BaseMod","Colored Map","Minty Spire (QoL Compilation)","Quick Restart","StSLib"],"gold_per_floor":[112,112,125,125,125,125,156,171,171,191,208,239,239,239,239,341,341,341,291,291,291],"floor_reached":20,"playtime":694,"items_purged":[],"score":280,"play_id":"f4bce6b4-70b4-4ace-933a-41b9f5f1e069","local_time":"20210101180231","is_ascension_mode":false,"campfire_choices":[{"floor":6,"key":"REST"},{"floor":15,"key":"REST"},{"data":"Rainbow","floor":18,"key":"SMITH"}],"circlet_count":0,"master_deck":["Strike_B","Strike_B+1","Strike_B","Strike_B","Defend_B","Defend_B","Defend_B+1","Defend_B","Zap","Dualcast+1","Redo","Compile Driver","Coolheaded","Loop","Electrodynamics","Hello World","Rainbow+1","Ball Lightning"],"relics":["Cracked Core","NeowsBlessing","Mango","Meat on the Bone","Vajra","CaptainsWheel","Black Star"],"acts_visited":["TheEnding"],"potions_floor_usage":[16],"damage_taken":[{"damage":0.0,"enemies":"2 Louse","floor":1.0,"turns":1.0},{"damage":0,"enemies":"Cultist","floor":3,"turns":1},{"damage":0,"enemies":"Gremlin Nob","floor":7,"turns":1},{"damage":11,"enemies":"Jaw Worm","floor":8,"turns":2},{"damage":10,"enemies":"Looter","floor":10,"turns":2},{"damage":28,"enemies":"Gremlin Gang","floor":11,"turns":5},{"damage":27,"enemies":"3 Sentries","floor":12,"turns":4},{"damage":0,"enemies":"Slime Boss","floor":16,"turns":6},{"damage":94,"enemies":"Shield and Spear","floor":20,"turns":5}],"seed_played":"-4989558010707339510","potions_obtained":[{"floor":3,"key":"SteroidPotion"},{"floor":10,"key":"Weak Potion"}],"is_trial":false,"path_per_floor":["M","?","M","?","?","R","E","M","T","M","M","E","?","T","R","B",null,"R","$","E"],"character_chosen":"DEFECT","items_purchased":["Ball Lightning"],"campfire_rested":2,"item_purchase_floors":[19],"current_hp_per_floor":[75,75,75,60,65,80,94,83,83,73,57,42,42,42,70,70,94,94,94,0,0],"gold":291,"neow_bonus":"THREE_ENEMY_KILL","is_daily":false,"chose_seed":false,"campfire_upgraded":1,"win_rate":0.0,"timestamp":1609495351,"path_taken":["M","?","?","?","?","R","E","M","T","M","M","E","?","?","R","BOSS","R","$","E"],"items_purchased_type":["Card"],"build_version":"2020-12-22","purchased_purges":0,"victory":false,"max_hp_per_floor":[75,75,75,75,80,80,94,94,94,94,94,94,94,94,94,94,94,94,94,94,94],"card_choices":[{"not_picked":["Ball Lightning","Streamline","Go for the Eyes"],"picked":"SKIP","floor":1},{"not_picked":["Gash","Rebound"],"picked":"Redo","floor":3},{"not_picked":["BootSequence","Conserve Battery"],"picked":"Compile Driver","floor":7},{"not_picked":["Rebound","Defragment"],"picked":"Coolheaded","floor":8},{"not_picked":["Gash","Rebound"],"picked":"Loop","floor":10},{"not_picked":["White Noise","Aggregate"],"picked":"Electrodynamics","floor":11},{"not_picked":["Rebound","Hologram"],"picked":"Hello World","floor":12},{"not_picked":["Buffer","All For One"],"picked":"Rainbow","floor":16}],"player_experience":5152,"relics_obtained":[{"floor":7,"key":"Mango"},{"floor":9,"key":"Meat on the Bone"},{"floor":12,"key":"Vajra"},{"floor":14,"key":"CaptainsWheel"}],"event_choices":[{"damage_healed":0,"gold_gain":0,"player_choice":"Forge","damage_taken":0,"max_hp_gain":0,"max_hp_loss":0,"event_name":"Accursed Blacksmith","floor":2,"gold_loss":0,"cards_upgraded":["Dualcast"]},{"damage_healed":0,"gold_gain":0,"player_choice":"Entered Light","damage_taken":15,"max_hp_gain":0,"max_hp_loss":0,"event_name":"Shining Light","floor":4,"gold_loss":0,"cards_upgraded":["Defend_B","Strike_B"]},{"damage_healed":0,"gold_gain":0,"player_choice":"Donut","damage_taken":0,"max_hp_gain":5,"max_hp_loss":0,"event_name":"Big Fish","floor":5,"gold_loss":0},{"damage_healed":0,"gold_gain":0,"player_choice":"Ignored","damage_taken":0,"max_hp_gain":0,"max_hp_loss":0,"event_name":"Liars Game","floor":13,"gold_loss":0}],"is_beta":false,"boss_relics":[{"not_picked":["Fusion Hammer","FrozenCore"],"picked":"Black Star"}],"items_purged_floors":[],"is_endless":false,"potions_floor_spawned":[3,10],"killed_by":"Shield and Spear","ascension_level":0}}