{"host":"t5h83eruwt5lxl3o","time":1609484528,"event":{"mods":["AchievementEnabler","Act Like it!","BaseMod","CapriCore","Colored Map","DeckTracker","Hermit","Highlight Path","Koishi","Marisa£¨Ùöéë¡¡Øª×âÞÞ£©","Minty Spire (QoL Compilation)","Permanent Neow","Quick Restart","StSLib","SuperFastMode","The Cursed","The Immortal","everything is the same but u backflip on backflip"],"gold_per_floor":[118,130,142,92,108,108,122,151,151,226,241,273,198,211,211,312,312,323,223,223,98,112,112,112,112],"floor_reached":24,"playtime":865,"items_purged":["Defend_P","Strike_P","Strike_P"],"score":402,"play_id":"ccdd9030-23c8-40f1-b7b9-8780f3bb5b24","local_time":"20210101160208","is_ascension_mode":true,"campfire_choices":[{"data":"Eruption","floor":6.0,"key":"SMITH"},{"data":"ForeignInfluence","floor":15.0,"key":"SMITH"},{"data":"InnerPeace","floor":23.0,"key":"SMITH"}],"circlet_count":0,"master_deck":["AscendersBane","Strike_P","Defend_P","Eruption+1","Vigilance","InnerPeace+1","Consecrate","ForeignInfluence+1"],"relics":["PureWater","Happy Flower","Juzu Bracelet","MealTicket","Ornamental Fan","SlaversCollar"],"acts_visited":["Exordium","TheCity"],"potions_floor_usage":[],"damage_taken":[{"damage":0.0,"enemies":"Cultist","floor":1.0,"turns":2.0},{"damage":0.0,"enemies":"Jaw Worm","floor":2.0,"turns":3.0},{"damage":2.0,"enemies":"Small Slimes","floor":3.0,"turns":3.0},{"damage":10.0,"enemies":"Looter","floor":5.0,"turns":4.0},{"damage":5.0,"enemies":"Blue Slaver","floor":7.0,"turns":4.0},{"damage":0.0,"enemies":"Lagavulin","floor":8.0,"turns":4.0},{"damage":8.0,"enemies":"3 Sentries","floor":10.0,"turns":6.0},{"damage":8.0,"enemies":"3 Louse","floor":11.0,"turns":5.0},{"damage":0.0,"enemies":"Gremlin Nob","floor":12.0,"turns":3.0},{"damage":0.0,"enemies":"Large Slime","floor":14.0,"turns":2.0},{"damage":37.0,"enemies":"The Guardian","floor":16.0,"turns":5.0},{"damage":1.0,"enemies":"2 Thieves","floor":18.0,"turns":2.0},{"damage":0.0,"enemies":"3 Byrds","floor":22.0,"turns":2.0},{"damage":67,"enemies":"Book of Stabbing","floor":24,"turns":4}],"seed_played":"-7511604346075137014","potions_obtained":[{"floor":1.0,"key":"ColorlessPotion"},{"floor":3.0,"key":"EssenceOfSteel"},{"floor":5.0,"key":"BlessingOfTheForge"},{"floor":7.0,"key":"FearPotion"},{"floor":12.0,"key":"DistilledChaos"},{"floor":14.0,"key":"StancePotion"}],"is_trial":false,"path_per_floor":["M","M","M","?","M","R","M","E","T","E","M","E","$","M","R","B",null,"M","$","?","$","M","R","E"],"character_chosen":"WATCHER","items_purchased":[],"campfire_rested":0,"item_purchase_floors":[],"current_hp_per_floor":[65,65,63,63,53,53,48,48,48,40,32,32,47,47,47,10,51,50,65,65,65,65,65,0,0],"gold":112,"neow_bonus":"REMOVE_TWO","is_daily":false,"chose_seed":false,"campfire_upgraded":3,"win_rate":0.0,"timestamp":1609484528,"path_taken":["M","?","M","?","M","R","M","E","T","E","M","E","$","M","R","BOSS","M","$","?","$","M","R","E"],"items_purchased_type":[],"build_version":"2020-12-22","purchased_purges":3,"victory":false,"max_hp_per_floor":[65,65,65,65,65,65,65,65,65,65,65,65,65,65,65,65,65,65,65,65,65,65,65,65,65],"card_choices":[{"not_picked":["ReachHeaven","FlyingSleeves","SashWhip"],"picked":"SKIP","floor":1.0},{"not_picked":["BowlingBash","FlyingSleeves","CarveReality"],"picked":"SKIP","floor":2.0},{"not_picked":["BowlingBash","FlyingSleeves","CarveReality"],"picked":"SKIP","floor":2.0},{"not_picked":["WindmillStrike","EmptyBody","CrushJoints"],"picked":"SKIP","floor":3.0},{"not_picked":["SashWhip","BowlingBash","Fasting2"],"picked":"SKIP","floor":5.0},{"not_picked":["Devotion","Prostrate","Conclude"],"picked":"SKIP","floor":7.0},{"not_picked":["PathToVictory","MasterReality"],"picked":"InnerPeace","floor":8.0},{"not_picked":["Protect","CrushJoints"],"picked":"Consecrate","floor":10.0},{"not_picked":["Evaluate","Fasting2","ClearTheMind"],"picked":"SKIP","floor":11.0},{"not_picked":["Weave","Perseverance","Halt"],"picked":"SKIP","floor":12.0},{"not_picked":["FlyingSleeves","SashWhip"],"picked":"ForeignInfluence","floor":14.0},{"not_picked":["ClearTheMind","Protect","Pray+1"],"picked":"SKIP","floor":18.0},{"not_picked":["Collect","PathToVictory","LessonLearned"],"picked":"SKIP","floor":22.0},{"not_picked":["Collect","PathToVictory","LessonLearned"],"picked":"SKIP","floor":22.0}],"player_experience":639068,"relics_obtained":[{"floor":8.0,"key":"Happy Flower"},{"floor":9.0,"key":"Juzu Bracelet"},{"floor":10.0,"key":"MealTicket"},{"floor":12.0,"key":"Ornamental Fan"}],"event_choices":[{"cards_removed":["Defend_P"],"damage_healed":0.0,"max_hp_gain":0.0,"max_hp_loss":0.0,"gold_gain":0.0,"event_name":"The Cleric","player_choice":"Card Removal","floor":4.0,"gold_loss":50.0,"damage_taken":0.0},{"damage_healed":0.0,"max_hp_gain":0.0,"max_hp_loss":0.0,"gold_gain":0.0,"event_name":"Ghosts","player_choice":"Ignored","floor":20.0,"gold_loss":0.0,"damage_taken":0.0}],"is_beta":false,"boss_relics":[{"not_picked":["Fusion Hammer","Cursed Key"],"picked":"SlaversCollar"}],"items_purged_floors":[13,19,21],"is_endless":false,"potions_floor_spawned":[1,3,5,7,12,14],"killed_by":"Book of Stabbing","ascension_level":10}}