{"host":"95z455tvs39jqwbd","time":1609533433,"event":{"mods":["2.2 Compatiblity","Abigail Mod","AchievementEnabler","Act Like it!","Aspiration","Astrologer","BaseMod","Bestiary","Better Match","Better Third Choice","BetterRewards","Challenge The Spire","Colored Map","Conspire","Curses Come First","Custom Start","DeckTracker","Defuse TimeMaze Blight","Downfall","Duelist Mod","Ekko","Elementarium","Friendly Minions","GifTheSpireLib","Grow up Mod","Halation","Hallownest","Hermit","Hero for Fun","Hubris","Infinite Spire","JesterMod","Jorbs\u0027s Wanderer Trilogy","Kiyohime????","Luminous","Marisa????????","Mimic Mod","Minty Spire (QoL Compilation)","Pale of the Ancients","Permanent Neow","READ ME - Guardian Mod","Rare Cards Sparkle","Relic Stats","Remove Card Discount Mod","Replay The Spire","Shade Mod","Spicy Shops","Spikes Relics","StSLib","Stuff the Spire","SuperFastMode","The Administrix","The Awakened One except there are too many feathers","The Bladedancer","The Blue Laboratory","The Construct","The Cursed","The Death Knight","The Disciple","The Exalted","The Factory","The Forsaken","The Hayseed","The Hierophant","The Judge","The Jungle","The Marked","The Mystic","The Necromancer","The Runesmith","The Servant 0.9.4","TheArtist","TheBandit","TheSwordswoman","Treasure Hunter","Uncapped","Unceasing Turn Reminder","Waifu the Spire","Yuyuko","vexMod"],"gold_per_floor":[99,115,115,134,146,71,71,106,91,91,102,87,12,0,17,122,122,47,47,47,59,59,59,92,105,105,90,90,105,119,20,36,136,136,136,153,185,195,195,5000,5000,5000,5000,5000,5000,5000,5000,5000,5000,5000,5000],"floor_reached":52,"playtime":3620,"items_purged":["TH:CopperCoins"],"score":1348,"play_id":"e92eed1a-77d6-49f5-917f-b895f764d811","local_time":"20210101213713","is_ascension_mode":false,"campfire_choices":[{"floor":1.0,"key":"RECALL"},{"data":"Secret Technique","floor":6.0,"key":"SMITH"},{"data":"champ:HoldFirm","floor":13.0,"key":"SMITH"},{"data":"champ:CheapShot","floor":18.0,"key":"SMITH"},{"data":"Ghostly","floor":28.0,"key":"SMITH"}],"circlet_count":0,"master_deck":["champ:Strike","champ:Strike","champ:Strike+1","champ:Strike","champ:Defend","champ:Defend","champ:Execute","champ:Taunt","Secret Technique+1","champ:GladiatorStyle","champ:FaceSlap","champ:DefensiveStyle","TH:CursedSword","TH:BikiniMail","champ:EnragedBash","champ:AdrenalArmor","champ:HoldFirm+1","champ:BerserkersShout","champ:CrookedStrike","champ:CheapShot+1","infinitespire:SevenWalls","Ghostly","Ghostly+1","Ghostly","Ghostly+1","Ghostly","champ:BringItOn","champ:HoldFirm","champ:RisingSlash","champ:PerfectedStrike+1","champ:Haymaker","champ:FanOfKnives","champ:Improvising","champ:PerfectedStrike+1","champ:CheapShot+1","champ:Encircle+1","champ:BladeFlurry","champ:PerfectedStrike+1","infinitespire:SevenWalls","champ:FlashCut+1","champ:Haymaker","Apotheosis","champ:HeavySlash","champ:HeavySlash","champ:FocusedGladiator","champ:EndlessRage","champ:CheapShot","champ:GladiatorsShout","champ:PerfectedStrike","champ:CrookedStrike","champ:CrookedStrike","champ:DeathBlow","Pain","champ:BerserkersShout","champ:StanceDance+1","TH:Mimic","champ:DeathBlow+1","champ:RapidStrikes"],"relics":["champ:ChampionCrown","downfall:HeartBlessingRed","MealTicket","downfall:HeartBlessingGreen","Runic Pyramid","downfall:HeartBlessingBlue","theForsaken:ScaryMask","halation:StarCompass","Replay:Bottled Flurry","Ice Cream","Snecko Eye","hubris:GlazedTorus","Membership Card","Mercury Hourglass","StuffTheSpire:Rhapsscallions","aspiration:AnachronicSnailShell","infinitespire:Lychee Nut","Anchor","StuffTheSpire:Mouthbags","Frozen Eye","infinitespire:CheckeredPen","Torii","vexMod:Spyglass","downfall:TeleportStone","Regal Pillow","ReplayTheSpireMod:TigerMarble","infinitespire:Lucky Rock","halation:Thesaurus","Art of War","Ornamental Fan","Bromod:ArcaneFury","ClockworkSouvenir"],"acts_visited":["Exordium","TheCity","TheBeyond","TheEnding"],"potions_floor_usage":[30,30,48,48,51],"damage_taken":[{"damage":13.0,"enemies":"Jaw Worm","floor":2.0,"turns":4.0},{"damage":17.0,"enemies":"Cultist","floor":4.0,"turns":4.0},{"damage":15.0,"enemies":"conspire:RoseBush","floor":5.0,"turns":3.0},{"damage":23.0,"enemies":"Replay:BlueRogue","floor":8.0,"turns":7.0},{"damage":7.0,"enemies":"downfall:FleeingMerchant","floor":9.0,"turns":4.0},{"damage":27.0,"enemies":"Blue Slaver","floor":11.0,"turns":5.0},{"damage":30.0,"enemies":"downfall:FleeingMerchant","floor":12.0,"turns":4.0},{"damage":4.0,"enemies":"downfall:FleeingMerchant","floor":14.0,"turns":4.0},{"damage":37.0,"enemies":"3 Louse","floor":15.0,"turns":7.0},{"damage":180.0,"enemies":"downfall:Defect","floor":16.0,"turns":11.0},{"damage":31.0,"enemies":"Spheric Guardian","floor":21.0,"turns":6.0},{"damage":14.0,"enemies":"Chosen","floor":24.0,"turns":8.0},{"damage":22.0,"enemies":"Chosen","floor":25.0,"turns":7.0},{"damage":19.0,"enemies":"downfall:FleeingMerchant","floor":27.0,"turns":5.0},{"damage":6.0,"enemies":"Snake Plant","floor":29.0,"turns":4.0},{"damage":9,"enemies":"Shelled Parasite and Fungi","floor":30,"turns":12},{"damage":22,"enemies":"downfall:FleeingMerchant","floor":31,"turns":5},{"damage":28,"enemies":"Sentry and Sphere","floor":32,"turns":6},{"damage":193,"enemies":"downfall:Ironclad","floor":33,"turns":14},{"damage":35,"enemies":"3 Darklings","floor":36,"turns":11},{"damage":87,"enemies":"3 Shapes","floor":37,"turns":13},{"damage":21,"enemies":"3 Shapes","floor":38,"turns":4},{"damage":26,"enemies":"downfall:FleeingMerchant","floor":40,"turns":5},{"damage":51,"enemies":"Spire Growth","floor":41,"turns":12},{"damage":8,"enemies":"downfall:FleeingMerchant","floor":42,"turns":2},{"damage":2,"enemies":"Spire Growth","floor":43,"turns":2},{"damage":15,"enemies":"4 Shapes","floor":45,"turns":4},{"damage":11,"enemies":"downfall:Watcher","floor":46,"turns":5},{"damage":3,"enemies":"downfall:CharBossMerchant","floor":48,"turns":6},{"damage":81,"enemies":"downfall:NeowBoss","floor":51,"turns":14}],"seed_played":"-7653341805936251964","potions_obtained":[{"floor":2.0,"key":"Swift Potion"},{"floor":8.0,"key":"Block Potion"},{"floor":11.0,"key":"EssenceOfSteel"},{"floor":38,"key":"Weak Potion"},{"floor":48,"key":"Venom Potion"}],"is_trial":false,"path_per_floor":["R_BF","M","?","M","M","R","T","E","$","?","M","$","R","$","M","B",null,"R","AVR","?","M","?","?","MIM","M","?","$","R","M","M","$","M","B",null,"R_BF","M","MIM","M","?","$","MIM","$","M","?","M","B",null,"E","$","R","B",null],"character_chosen":"THE_CHAMP","items_purchased":["Ice Cream","Membership Card","champ:Haymaker","Apotheosis","champ:HeavySlash","champ:FocusedGladiator","Mercury Hourglass","StuffTheSpire:Rhapsscallions","aspiration:AnachronicSnailShell","Bronze Scales","champ:EndlessRage","champ:PerfectedStrike","champ:CrookedStrike","Anchor","StuffTheSpire:Mouthbags","Frozen Eye","infinitespire:CheckeredPen","Torii","vexMod:Spyglass","ReplayTheSpireMod:TigerMarble","infinitespire:Lucky Rock","halation:Thesaurus","Ornamental Fan","Bromod:ArcaneFury","ClockworkSouvenir","champ:RapidStrikes"],"campfire_rested":0,"item_purchase_floors":[31,40,40,40,40,40,40,40,40,40,40,42,42,42,42,42,42,42,42,49,49,49,49,49,49,49],"current_hp_per_floor":[83,85,95,98,98,108,118,115,140,150,139,160,170,195,192,81,270,290,300,160,156,166,168,178,184,146,171,181,190,201,211,208,52,305,315,325,279,276,286,303,274,294,304,314,324,334,344,354,364,374,390],"gold":5000,"neow_bonus":"RANDOM_COLORLESS_2","is_daily":false,"chose_seed":false,"campfire_upgraded":4,"win_rate":0.0,"timestamp":1609533433,"path_taken":["R_BF","M","?","?","M","R","T","E","$","?","?","$","R","?","M","BOSS","R","AVR","?","M","?","?","MIM","M","?","?","R","M","?","$","M","BOSS","R_BF","M","?","M","?","$","MIM","$","M","?","M","BOSS","E","$","R","BOSS"],"items_purchased_type":["Relic","Relic","Card","Card","Card","Card","Relic","Relic","Relic","Relic","Card","Card","Card","Relic","Relic","Relic","Relic","Relic","Relic","Relic","Relic","Relic","Relic","Relic","Relic","Card"],"build_version":"2020-12-22","purchased_purges":1,"victory":true,"max_hp_per_floor":[110,120,130,140,150,160,170,180,190,200,210,220,230,240,250,260,270,290,300,160,170,180,190,200,210,225,235,245,255,265,275,285,295,305,315,325,335,345,355,366,284,294,304,314,324,334,344,354,364,374,394],"relic_stats":{"Regal Pillow":0,"Torii":4,"counters":[15,114],"Ornamental Fan":[40],"Snecko Eye":[88,89,83,89],"MealTicket":40,"Art of War":[0],"obtain_stats":[{"Ice Cream":31,"theForsaken:ScaryMask":0,"Regal Pillow":48,"Torii":42,"StuffTheSpire:Rhapsscallions":40,"champ:ChampionCrown":0,"downfall:HeartBlessingGreen":0,"downfall:TeleportStone":44,"halation:StarCompass":0,"vexMod:Spyglass":42,"ClockworkSouvenir":49,"Frozen Eye":42,"downfall:HeartBlessingBlue":0,"aspiration:AnachronicSnailShell":40,"MealTicket":0,"Replay:Bottled Flurry":0,"Runic Pyramid":0,"hubris:GlazedTorus":37,"downfall:HeartBlessingRed":0,"infinitespire:CheckeredPen":42,"infinitespire:Lucky Rock":49,"halation:Thesaurus":49,"Mercury Hourglass":40,"Anchor":42,"StuffTheSpire:Mouthbags":42,"infinitespire:Lychee Nut":41,"Ornamental Fan":49,"Bronze Scales":40,"Snecko Eye":34,"ReplayTheSpireMod:TigerMarble":49,"Art of War":49,"Membership Card":40,"Bromod:ArcaneFury":49},{"Ice Cream":2,"theForsaken:ScaryMask":0,"Regal Pillow":14,"Torii":10,"StuffTheSpire:Rhapsscallions":8,"champ:ChampionCrown":0,"downfall:HeartBlessingGreen":0,"downfall:TeleportStone":11,"halation:StarCompass":0,"vexMod:Spyglass":10,"ClockworkSouvenir":14,"Frozen Eye":10,"downfall:HeartBlessingBlue":0,"aspiration:AnachronicSnailShell":8,"MealTicket":0,"Replay:Bottled Flurry":0,"Runic Pyramid":0,"hubris:GlazedTorus":6,"downfall:HeartBlessingRed":0,"infinitespire:CheckeredPen":10,"infinitespire:Lucky Rock":14,"halation:Thesaurus":14,"Mercury Hourglass":8,"Anchor":10,"StuffTheSpire:Mouthbags":10,"infinitespire:Lychee Nut":9,"Ornamental Fan":14,"Bronze Scales":8,"Snecko Eye":4,"ReplayTheSpireMod:TigerMarble":14,"Art of War":14,"Membership Card":8,"Bromod:ArcaneFury":14},{"Ice Cream":17,"theForsaken:ScaryMask":0,"Regal Pillow":100,"Torii":84,"StuffTheSpire:Rhapsscallions":70,"champ:ChampionCrown":0,"downfall:HeartBlessingGreen":0,"downfall:TeleportStone":86,"halation:StarCompass":0,"vexMod:Spyglass":84,"ClockworkSouvenir":100,"Frozen Eye":84,"downfall:HeartBlessingBlue":0,"aspiration:AnachronicSnailShell":70,"MealTicket":0,"Replay:Bottled Flurry":0,"Runic Pyramid":0,"hubris:GlazedTorus":61,"downfall:HeartBlessingRed":0,"infinitespire:CheckeredPen":84,"infinitespire:Lucky Rock":100,"halation:Thesaurus":100,"Mercury Hourglass":70,"Anchor":84,"StuffTheSpire:Mouthbags":84,"infinitespire:Lychee Nut":82,"Ornamental Fan":100,"Bronze Scales":70,"Snecko Eye":37,"ReplayTheSpireMod:TigerMarble":100,"Art of War":100,"Membership Card":70,"Bromod:ArcaneFury":100}],"Mercury Hourglass":[104]},"card_choices":[{"not_picked":["ReplayTheSpireMod:Brewmster","Reforge"],"picked":"Secret Technique","floor":0.0},{"not_picked":["champ:FlashCut","champ:BladeFlurry"],"picked":"champ:GladiatorStyle","floor":2.0},{"not_picked":["champ:SkillfulDodge","champ:EndlessRage"],"picked":"champ:FaceSlap","floor":4.0},{"not_picked":["champ:DeathBlow","champ:BringItOn"],"picked":"champ:DefensiveStyle","floor":5.0},{"not_picked":["TH:CopperCoins"],"picked":"TH:CursedSword","floor":7.0},{"not_picked":["TH:Mimic"],"picked":"TH:BikiniMail","floor":8.0},{"not_picked":["champ:BerserkersShout","champ:CrookedStrike"],"picked":"champ:EnragedBash","floor":8.0},{"not_picked":["champ:CrookedStrike","champ:DefensiveStyle"],"picked":"champ:AdrenalArmor","floor":9.0},{"not_picked":["champ:GladiatorsShout","champ:CrookedStrike"],"picked":"champ:DeathBlow","floor":11.0},{"not_picked":["champ:Circumvent","champ:GladiatorsShout"],"picked":"champ:HoldFirm","floor":12.0},{"not_picked":["champ:GutPunch","champ:BerserkerStyle"],"picked":"champ:BerserkersShout","floor":14.0},{"not_picked":["champ:FightOn","champ:FaceSlap"],"picked":"champ:CrookedStrike","floor":15.0},{"not_picked":["TH:BikiniMail"],"picked":"TH:CopperCoins","floor":16.0},{"not_picked":["champ:ShieldThrow","champ:DancingMaster"],"picked":"champ:CheapShot","floor":16.0},{"not_picked":["champ:GladiatorStyle","champ:StanceDance"],"picked":"champ:BringItOn","floor":21.0},{"not_picked":["champ:Haymaker","champ:GladiatorsShout"],"picked":"champ:HoldFirm","floor":24.0},{"not_picked":["champ:BladeFlurry","champ:FightOn"],"picked":"champ:RisingSlash","floor":25.0},{"not_picked":["champ:FocusedDefense","champ:FaceSlap+1"],"picked":"champ:PerfectedStrike+1","floor":27.0},{"not_picked":["champ:CrookedStrike","champ:StanceDance+1"],"picked":"champ:Haymaker","floor":29.0},{"not_picked":["champ:EnGarde+1","champ:DefensiveShout+1"],"picked":"champ:FanOfKnives","floor":30},{"not_picked":["champ:BerserkerStyle","champ:TornadoPunch"],"picked":"champ:Improvising","floor":31},{"not_picked":["champ:GladiatorsShout+1","champ:FanOfKnives"],"picked":"champ:PerfectedStrike+1","floor":32},{"not_picked":["TH:ElvenBoots"],"picked":"TH:ArmorSpikes","floor":33},{"not_picked":["champ:LastStand","champ:Improvising"],"picked":"champ:CheapShot","floor":33},{"not_picked":["champ:BerserkersShout","champ:GladiatorStyle"],"picked":"champ:Encircle+1","floor":36},{"not_picked":["champ:DefensiveShout","champ:FalseCounter"],"picked":"champ:BladeFlurry","floor":37},{"not_picked":["champ:CrookedStrike","champ:BladeFlurry"],"picked":"champ:PerfectedStrike+1","floor":38},{"not_picked":["champ:BerserkerStyle+1","champ:RecklessLeap"],"picked":"champ:FlashCut+1","floor":40},{"not_picked":["champ:CrookedStrike","champ:Circumvent+1"],"picked":"champ:CheapShot","floor":41},{"not_picked":["champ:GutPunch","champ:Shatter"],"picked":"champ:GladiatorsShout","floor":42},{"not_picked":["champ:Haymaker","champ:ShieldWall+1"],"picked":"champ:BerserkersShout","floor":43},{"not_picked":["champ:CrookedStrike","champ:BringItOn+1"],"picked":"champ:StanceDance+1","floor":45},{"not_picked":["TH:ArmorSpikes"],"picked":"TH:Mimic","floor":48},{"not_picked":["champ:FaceSlap+1","champ:TornadoPunch"],"picked":"champ:DeathBlow+1","floor":48}],"player_experience":165677,"relics_obtained":[{"floor":8.0,"key":"MealTicket"},{"floor":24.0,"key":"Replay:Bottled Flurry"},{"floor":37,"key":"hubris:GlazedTorus"},{"floor":41,"key":"infinitespire:Lychee Nut"},{"floor":48,"key":"Regal Pillow"}],"event_choices":[{"cards_removed":["champ:Defend"],"damage_healed":0.0,"max_hp_gain":0.0,"max_hp_loss":0.0,"gold_gain":0.0,"event_name":"Bonfire Elementals","player_choice":"Offered Basic","floor":3.0,"gold_loss":0.0,"damage_taken":0.0},{"cards_removed":["champ:Defend"],"damage_healed":0.0,"max_hp_gain":0.0,"max_hp_loss":0.0,"gold_gain":0.0,"event_name":"Wheel of Change","player_choice":"Card Removal","floor":10.0,"gold_loss":0.0,"damage_taken":0.0},{"damage_healed":0.0,"max_hp_gain":0.0,"max_hp_loss":150.0,"gold_gain":0.0,"event_name":"Ghosts","player_choice":"Became a Ghost","floor":20.0,"gold_loss":0.0,"damage_taken":0.0,"cards_obtained":["Ghostly","Ghostly","Ghostly","Ghostly","Ghostly"]},{"damage_healed":0,"gold_gain":0,"player_choice":"Copied","damage_taken":0,"max_hp_gain":0,"max_hp_loss":0,"event_name":"Duplicator","floor":39,"gold_loss":0,"cards_obtained":["infinitespire:SevenWalls"]}],"is_beta":false,"boss_relics":[{"not_picked":["Runic Dome","vexMod:FluxCapacitor"],"picked":"Runic Pyramid"},{"not_picked":["Replay:Bronze Core","halation:Prosthetics"],"picked":"Snecko Eye"}],"items_purged_floors":[40],"is_endless":false,"potions_floor_spawned":[2,8,11,21,25,29,38,43,45,48],"ascension_level":0}}