{"host":"phniwng9zo19jwdb","time":1609521578,"event":{"mods":["AchievementEnabler","BaseMod","Colored Powertips","Faster Ascension Climbing","GifTheSpireLib","Minty Spire (QoL Compilation)","Permanent Neow","Rare Cards Sparkle","StSLib"],"gold_per_floor":[112,131,151,151,169,169,169],"floor_reached":6,"playtime":190,"items_purged":[],"score":68,"play_id":"4ac21a5e-89f1-41e7-ade5-2d255619b342","local_time":"20210101181938","is_ascension_mode":true,"campfire_choices":[],"circlet_count":0,"master_deck":["AscendersBane","Strike_G","Strike_G","Strike_G","Strike_G","Defend_G","Defend_G","Defend_G","Defend_G","Defend_G","Survivor","Neutralize","Bullet Time","Bane","Cloak And Dagger","Blur","Infinite Blades"],"relics":["Ring of the Snake"],"acts_visited":["Exordium"],"potions_floor_usage":[5],"damage_taken":[{"damage":0.0,"enemies":"2 Louse","floor":1.0,"turns":3.0},{"damage":0.0,"enemies":"Cultist","floor":2.0,"turns":4.0},{"damage":0.0,"enemies":"Jaw Worm","floor":3.0,"turns":5.0},{"damage":10,"enemies":"Exordium Thugs","floor":5,"turns":6},{"damage":0,"enemies":"Lagavulin","floor":6,"turns":2}],"seed_played":"-2650195435503095343","potions_obtained":[{"floor":2.0,"key":"Strength Potion"},{"floor":5,"key":"SneckoOil"}],"is_trial":false,"path_per_floor":["M","M","M","?","M","E"],"character_chosen":"THE_SILENT","items_purchased":[],"campfire_rested":0,"item_purchase_floors":[],"current_hp_per_floor":[44,44,44,44,34,34,34],"gold":169,"neow_bonus":"THREE_RARE_CARDS","is_daily":false,"chose_seed":false,"campfire_upgraded":0,"win_rate":0.0,"timestamp":1609521578,"path_taken":["M","M","M","?","?","E"],"items_purchased_type":[],"build_version":"2020-12-22","purchased_purges":0,"victory":false,"max_hp_per_floor":[66,66,66,66,66,66,66],"card_choices":[{"not_picked":["Die Die Die","Grand Finale"],"picked":"Bullet Time","floor":0.0},{"not_picked":["Deflect","Dagger Throw"],"picked":"Bane","floor":1.0},{"not_picked":["Setup","Flechettes"],"picked":"Cloak And Dagger","floor":2.0},{"not_picked":["Slice","Dodge and Roll"],"picked":"Blur","floor":3.0},{"not_picked":["Catalyst","Prepared"],"picked":"Infinite Blades","floor":5}],"player_experience":38339,"relics_obtained":[],"event_choices":[{"cards_removed":["Strike_G"],"damage_healed":0.0,"max_hp_gain":0.0,"max_hp_loss":0.0,"gold_gain":0.0,"event_name":"Purifier","player_choice":"Purged","floor":4.0,"gold_loss":0.0,"damage_taken":0.0}],"is_beta":false,"boss_relics":[],"items_purged_floors":[],"is_endless":false,"potions_floor_spawned":[2,5],"killed_by":"Lagavulin","ascension_level":16}}