{"host":"czyrp3agadxx2eka","time":1609514736,"event":{"mods":["Bard","BaseMod","Beaked The Cultist","BetterRewards","Colored Map","Downfall","Hermit","Hubris","Infinite Spire","Lobotomy","Marisa????????","Minty Spire (QoL Compilation)","Replay The Spire","Shop Mod","StSLib","The Construct","The Cursed","The Elementalist","The Runesmith","TheBandit"],"gold_per_floor":[114,128,138,138,157,191,191,191,216,239,118,118,152,52,52,152,152,167,42,42,42,42,77,127,97,167,167,167,167,167,167,167],"floor_reached":31,"playtime":1388,"items_purged":["beaked:Strike_Y","beaked:Strike_Y","beaked:Strike_Y","beaked:AwakenedForm"],"score":259,"play_id":"0728f508-cdf6-45ac-9a6c-0ec40f80c7e7","local_time":"20210101132536","is_ascension_mode":false,"campfire_choices":[{"data":"beaked:Ceremony","floor":7.0,"key":"SMITH"},{"floor":12.0,"key":"REST"},{"data":"beaked:FeelMyPain","floor":15.0,"key":"SMITH"},{"data":"Limit Break","floor":27.0,"key":"SMITH"},{"data":"beaked:DigDeep","floor":30.0,"key":"SMITH"}],"circlet_count":0,"master_deck":["beaked:Strike_Y","beaked:Strike_Y","beaked:Strike_Y+1","beaked:Defend_Y","beaked:Defend_Y","beaked:Defend_Y+1","beaked:Defend_Y","beaked:Ceremony+1","beaked:Ceremony+1","beaked:Ceremony+1","beaked:DesperateSwing","beaked:DigDeep+1","beaked:FeelMyPain+1","beaked:CrazyRituals+1","beaked:DigDeep","Limit Break+1","beaked:Roost","infinitespire:Collect"],"relics":["beaked:MendingPlumage","Juzu Bracelet","MawBank","Pen Nib","beaked:SacredDeck","hubris:HollowSoul","OrangePellets","Matryoshka","Bag of Marbles","Eternal Feather","hubris:TinFlute","Golden Egg"],"acts_visited":["Exordium","TheCity"],"potions_floor_usage":[],"damage_taken":[{"damage":20.0,"enemies":"Jaw Worm","floor":1.0,"turns":4.0},{"damage":12.0,"enemies":"Small Slimes","floor":2.0,"turns":4.0},{"damage":10.0,"enemies":"Cultist","floor":3.0,"turns":4.0},{"damage":17.0,"enemies":"Exordium Thugs","floor":5.0,"turns":5.0},{"damage":36.0,"enemies":"Gremlin Nob","floor":6.0,"turns":5.0},{"damage":10.0,"enemies":"2 Fungi Beasts","floor":10.0,"turns":4.0},{"damage":26.0,"enemies":"Lagavulin","floor":13.0,"turns":5.0},{"damage":45.0,"enemies":"Slime Boss","floor":16.0,"turns":6.0},{"damage":54.0,"enemies":"2 Thieves","floor":18.0,"turns":4.0},{"damage":0.0,"enemies":"3 Byrds","floor":22.0,"turns":1.0},{"damage":14.0,"enemies":"Book of Stabbing","floor":23.0,"turns":5.0},{"damage":12,"enemies":"Slavers","floor":31,"turns":1}],"seed_played":"5242789643707279957","potions_obtained":[{"floor":1.0,"key":"Strength Potion"},{"floor":5.0,"key":"Explosive Potion"},{"floor":10.0,"key":"SmokeBomb"},{"floor":18.0,"key":"SkillPotion"},{"floor":25.0,"key":"SteroidPotion"},{"floor":25.0,"key":"Explosive Potion"}],"is_trial":false,"path_per_floor":["M","M","M","?","M","E","R","?","T","M","$","R","E","$","R","B",null,"M","$","?","AVR","M","E","?","?","T","R","T","?","R","E"],"character_chosen":"BEAKED_THE_CULTIST","items_purchased":["beaked:CrazyRituals+1"],"campfire_rested":1,"item_purchase_floors":[11],"current_hp_per_floor":[38,36,40,30,34,11,11,4,4,7,7,22,33,33,33,23,50,9,9,9,9,11,24,24,24,24,33,33,33,42,0,0],"gold":167,"neow_bonus":"UPGRADE_CARD","is_daily":false,"chose_seed":false,"campfire_upgraded":4,"win_rate":0.0,"timestamp":1609514736,"path_taken":["M","M","M","?","M","E","R","?","T","M","$","R","E","$","R","BOSS","M","$","?","AVR","M","E","?","?","T","R","?","?","R","E"],"items_purchased_type":["Card"],"build_version":"2020-12-22","purchased_purges":4,"victory":false,"max_hp_per_floor":[50,50,50,50,50,50,50,50,50,50,50,50,50,50,50,50,50,50,50,50,50,50,50,50,50,50,50,50,50,50,50,50],"card_choices":[{"not_picked":["beaked:Insight","beaked:Tweet"],"picked":"beaked:DesperateSwing","floor":1.0},{"not_picked":["beaked:Poke","beaked:Foresight"],"picked":"beaked:DigDeep","floor":2.0},{"not_picked":["beaked:DigDeep","beaked:Poke","beaked:SacrificialDive"],"picked":"SKIP","floor":3.0},{"not_picked":["beaked:Resilience","beaked:Pecker","beaked:Hexing"],"picked":"SKIP","floor":5.0},{"not_picked":["beaked:HuntressSpirit","beaked:RuinSticks","beaked:StunningBlow"],"picked":"SKIP","floor":6.0},{"not_picked":["beaked:MaddeningMurmurs","beaked:MimicMachine"],"picked":"beaked:FeelMyPain","floor":10.0},{"not_picked":["beaked:Insight","beaked:Tradeoff"],"picked":"beaked:DigDeep","floor":13.0},{"not_picked":["beaked:DarkPact","beaked:CheekyTricks"],"picked":"beaked:AwakenedForm","floor":16.0},{"not_picked":["beaked:Cower","beaked:CursingBlood"],"picked":"beaked:Roost","floor":18.0},{"not_picked":["beaked:Poke+1","beaked:Overexert","ReplayTheSpireMod:Wings of Steel+1"],"picked":"SKIP","floor":23.0}],"player_experience":38983,"relics_obtained":[{"floor":6.0,"key":"Juzu Bracelet"},{"floor":9.0,"key":"MawBank"},{"floor":13.0,"key":"Pen Nib"},{"floor":23.0,"key":"Matryoshka"},{"floor":26.0,"key":"Bag of Marbles"},{"floor":26.0,"key":"Eternal Feather"},{"floor":28.0,"key":"hubris:TinFlute"},{"floor":28.0,"key":"Golden Egg"}],"event_choices":[{"damage_healed":0.0,"max_hp_gain":0.0,"max_hp_loss":0.0,"gold_gain":0.0,"event_name":"Shining Light","player_choice":"Entered Light","floor":4.0,"gold_loss":0.0,"damage_taken":10.0,"cards_upgraded":["beaked:Ceremony","beaked:Strike_Y"]},{"damage_healed":0.0,"max_hp_gain":0.0,"max_hp_loss":0.0,"gold_gain":0.0,"event_name":"Scrap Ooze","player_choice":"Fled","floor":8.0,"gold_loss":0.0,"damage_taken":7.0},{"damage_healed":0.0,"max_hp_gain":0.0,"max_hp_loss":0.0,"gold_gain":100.0,"event_name":"The Joust","player_choice":"Bet on Murderer","floor":24.0,"gold_loss":50.0,"damage_taken":0.0},{"damage_healed":0.0,"max_hp_gain":0.0,"max_hp_loss":0.0,"gold_gain":0.0,"event_name":"The Woman in Blue","player_choice":"Bought 2 Potions","floor":25.0,"gold_loss":0.0,"damage_taken":0.0}],"is_beta":false,"boss_relics":[{"not_picked":["Astrolabe","Snecko Eye"],"picked":"beaked:SacredDeck"}],"items_purged_floors":[11,14,19,21],"is_endless":false,"potions_floor_spawned":[1,5,10,18],"killed_by":"Slavers","ascension_level":0}}