{"host":"dekhxjxhillho72f","time":1609513825,"event":{"mods":["AchievementEnabler","BaseMod","Better Third Choice","Block Reminder","Colored Map","Colored Powertips","Hermit","Highlight Path","Minty Spire (QoL Compilation)","Permanent Neow","Quick Restart","Rare Cards Sparkle","Relic Stats","StSLib","slay the spire mod where everything is the same but ironclad has a cowboy hat"],"gold_per_floor":[110,110,60,73,87,113,113,38,38,38,55,69,144,94,94,94,94],"floor_reached":16,"playtime":693,"items_purged":["hermit:Defend_Hermit"],"score":100,"play_id":"c7146882-59fd-41aa-881e-9118dd54d299","local_time":"20210101161025","is_ascension_mode":false,"campfire_choices":[{"data":"hermit:Manifest","floor":10,"key":"SMITH"},{"floor":15,"key":"REST"}],"circlet_count":0,"master_deck":["hermit:Strike_Hermit+1","hermit:Strike_Hermit","hermit:Strike_Hermit","hermit:Strike_Hermit","hermit:Defend_Hermit","hermit:Defend_Hermit","hermit:Defend_Hermit+1","hermit:Snapshot","hermit:FinalCanter","hermit:Manifest+1","hermit:WideOpen","Parasite"],"relics":["hermit:Momento","Torii","Pantograph"],"acts_visited":["Exordium"],"potions_floor_usage":[6,16],"damage_taken":[{"damage":0,"enemies":"Cultist","floor":1,"turns":2},{"damage":0,"enemies":"Small Slimes","floor":4,"turns":3},{"damage":0,"enemies":"2 Louse","floor":5,"turns":3},{"damage":37,"enemies":"Lagavulin","floor":6,"turns":7},{"damage":1,"enemies":"Exordium Wildlife","floor":11,"turns":2},{"damage":1,"enemies":"Looter","floor":12,"turns":3},{"damage":81,"enemies":"Hexaghost","floor":16,"turns":15}],"seed_played":"-7119618220619010151","potions_obtained":[{"floor":1,"key":"Dexterity Potion"},{"floor":4,"key":"AttackPotion"},{"floor":11,"key":"EssenceOfSteel"}],"is_trial":false,"path_per_floor":["M","?","$","M","M","E","?","$","T","R","M","M","?","?","R","B"],"character_chosen":"HERMIT","items_purchased":["hermit:Manifest"],"campfire_rested":1,"item_purchase_floors":[3],"current_hp_per_floor":[75,60,60,60,60,23,41,41,41,41,40,39,28,28,50,0,0],"gold":94,"neow_bonus":"ONE_RANDOM_RARE_CARD","is_daily":false,"chose_seed":false,"campfire_upgraded":1,"win_rate":0.0,"timestamp":1609513825,"path_taken":["M","?","$","M","M","E","?","$","T","R","M","M","?","?","R","BOSS"],"items_purchased_type":["Card"],"build_version":"2020-12-22","purchased_purges":1,"victory":false,"max_hp_per_floor":[75,75,75,75,75,75,75,75,75,75,75,75,75,75,75,75,75],"relic_stats":{"Torii":24,"counters":[7,35],"Pantograph":25,"obtain_stats":[{"Torii":6,"Pantograph":9,"hermit:Momento":0},{"Torii":4,"Pantograph":4,"hermit:Momento":0},{"Torii":15,"Pantograph":15,"hermit:Momento":0}]},"card_choices":[{"not_picked":["hermit:NoHoldsBarred","hermit:Roulette","hermit:Maintenance"],"picked":"SKIP","floor":1},{"not_picked":["hermit:Snipe","hermit:HoleUp"],"picked":"hermit:WideOpen","floor":4},{"not_picked":["hermit:ItchyTrigger","hermit:Headshot","hermit:BodyArmor"],"picked":"SKIP","floor":5},{"not_picked":["hermit:LowProfile","hermit:Desperado","hermit:SprayPray"],"picked":"SKIP","floor":6},{"not_picked":["hermit:Midnight","hermit:HoleUp","hermit:WideOpen"],"picked":"SKIP","floor":11},{"not_picked":["hermit:Desperado","hermit:SprayPray","hermit:LowProfile"],"picked":"SKIP","floor":12}],"player_experience":257802,"relics_obtained":[{"floor":6,"key":"Torii"},{"floor":9,"key":"Pantograph"}],"event_choices":[{"damage_healed":75,"gold_gain":0,"player_choice":"Upgrade","damage_taken":15,"max_hp_gain":0,"max_hp_loss":75,"event_name":"betterThird:BetterShining","floor":2,"gold_loss":0,"cards_upgraded":["hermit:Defend_Hermit","hermit:Strike_Hermit"]},{"damage_healed":18,"gold_gain":0,"player_choice":"Healed and dodged fight","damage_taken":0,"max_hp_gain":0,"max_hp_loss":0,"event_name":"Mushrooms","floor":7,"gold_loss":0,"cards_obtained":["Parasite"]},{"damage_healed":0,"gold_gain":75,"player_choice":"Gold","damage_taken":11,"max_hp_gain":0,"max_hp_loss":0,"event_name":"betterThird:BetterGoop","floor":13,"gold_loss":0},{"cards_removed":["hermit:Covet"],"damage_healed":0,"gold_gain":0,"player_choice":"Card Removal","damage_taken":0,"max_hp_gain":0,"max_hp_loss":0,"event_name":"The Cleric","floor":14,"gold_loss":50}],"is_beta":false,"boss_relics":[],"items_purged_floors":[8],"is_endless":false,"potions_floor_spawned":[1,4,11],"killed_by":"Hexaghost","ascension_level":0}}