{"host":"h4390p13uu6iw1q5","time":1609535623,"event":{"mods":["BaseMod","Colored Map","Minty Spire (QoL Compilation)"],"gold_per_floor":[114,29,44,59,74,104,104,134,134,136,166,166,196,48,48,148,148,163,163,13,13,28,58,58,11,11,41,56,86,86,101,101,201,201,216,216,216,231,58,58,88,88,88,88,118,168,168,168,168,168],"floor_reached":51,"playtime":3994,"items_purged":["Grand Finale"],"score":935,"play_id":"212ee53b-d9c4-4bec-83f1-a4a0cbca6830","local_time":"20210101161343","daily_mods":["Shiny","ControlledChaos","Elite Swarm"],"is_ascension_mode":false,"campfire_choices":[{"data":"Adrenaline","floor":7,"key":"SMITH"},{"floor":12,"key":"REST"},{"data":"Escape Plan","floor":15,"key":"SMITH"},{"data":"Backflip","floor":24,"key":"SMITH"},{"data":"Burst","floor":32,"key":"SMITH"},{"data":"Cloak And Dagger","floor":40,"key":"SMITH"},{"data":"Backflip","floor":42,"key":"SMITH"},{"data":"Backflip","floor":44,"key":"SMITH"},{"data":"Malaise","floor":49,"key":"SMITH"}],"circlet_count":0,"master_deck":["Venomology","Corpse Explosion","Malaise+1","Phantasmal Killer","Die Die Die","Adrenaline+1","Envenom","Doppelganger","Burst+1","Wraith Form v2+1","Tools of the Trade","Night Terror","After Image","Bullet Time","Storm of Steel","Glass Knife","A Thousand Cuts","Backflip+1","Well Laid Plans","Escape Plan+1","Backflip+1","Crippling Poison","Burst","Acrobatics","Bullet Time","Caltrops","Crippling Poison","Leg Sweep","Backflip+1","Envenom","Blade Dance","Corpse Explosion","Leg Sweep","PiercingWail+1","Madness","Madness","Cloak And Dagger+1","Adrenaline","Dash+1"],"relics":["Ring of the Snake","Frozen Eye","Prayer Wheel","PreservedInsect","Orichalcum","Odd Mushroom","Snake Skull","Strawberry","Snecko Eye","Bronze Scales","Pen Nib","Singing Bowl","White Beast Statue","Happy Flower","Sozu","Lee\u0027s Waffle","Question Card","Lizard Tail","Shuriken","TungstenRod"],"acts_visited":["Exordium","TheCity","TheBeyond"],"potions_floor_usage":[3,16,27,33,33,33,50],"damage_taken":[{"damage":0,"enemies":"Cultist","floor":1,"turns":2},{"damage":0,"enemies":"Small Slimes","floor":3,"turns":1},{"damage":0,"enemies":"2 Louse","floor":4,"turns":1},{"damage":12,"enemies":"Blue Slaver","floor":5,"turns":2},{"damage":3,"enemies":"3 Sentries","floor":6,"turns":3},{"damage":10,"enemies":"Lagavulin","floor":8,"turns":6},{"damage":18,"enemies":"The Mushroom Lair","floor":10,"turns":3},{"damage":2,"enemies":"Gremlin Nob","floor":11,"turns":3},{"damage":0,"enemies":"3 Sentries","floor":13,"turns":4},{"damage":13,"enemies":"Hexaghost","floor":16,"turns":6},{"damage":0,"enemies":"Chosen","floor":18,"turns":4},{"damage":0,"enemies":"3 Byrds","floor":22,"turns":1},{"damage":2,"enemies":"Gremlin Leader","floor":23,"turns":3},{"damage":0,"enemies":"Book of Stabbing","floor":27,"turns":4},{"damage":0,"enemies":"Centurion and Healer","floor":28,"turns":4},{"damage":6,"enemies":"Gremlin Leader","floor":29,"turns":2},{"damage":0,"enemies":"3 Cultists","floor":31,"turns":2},{"damage":0,"enemies":"Automaton","floor":33,"turns":5},{"damage":0,"enemies":"3 Darklings","floor":35,"turns":3},{"damage":0,"enemies":"3 Shapes","floor":38,"turns":2},{"damage":17,"enemies":"Nemesis","floor":41,"turns":5},{"damage":6,"enemies":"Reptomancer","floor":45,"turns":3},{"damage":0,"enemies":"Mind Bloom Boss Battle","floor":46,"turns":5},{"damage":32,"enemies":"Awakened One","floor":50,"turns":10}],"seed_played":"-2495295926900846280","potions_obtained":[{"floor":1,"key":"GamblersBrew"},{"floor":5,"key":"SpeedPotion"},{"floor":10,"key":"SneckoOil"},{"floor":23,"key":"CultistPotion"},{"floor":28,"key":"CunningPotion"},{"floor":33,"key":"Weak Potion"}],"is_trial":false,"path_per_floor":["M","$","M","M","M","E","R","E","T","?","E","R","E","$","R","B",null,"M","?","$","?","M","E","R","$","T","E","M","E","?","M","R","B",null,"M","?","?","M","$","R","E","R","T","R","E","?","?","?","R","B",null],"character_chosen":"THE_SILENT","items_purchased":["Backflip","Well Laid Plans","Caltrops","Bronze Scales","Blade Dance","Lee\u0027s Waffle","Cloak And Dagger"],"campfire_rested":1,"item_purchase_floors":[2,2,14,20,25,39,39],"current_hp_per_floor":[70,70,70,70,58,55,55,45,45,27,25,46,53,53,53,40,77,77,61,61,61,61,59,59,59,59,59,61,57,57,59,59,61,85,89,89,78,82,100,100,85,85,85,85,79,79,79,79,79,47],"gold":168,"neow_bonus":"","is_daily":true,"chose_seed":false,"campfire_upgraded":8,"win_rate":0.0,"timestamp":1609535623,"path_taken":["M","$","M","?","M","E","R","E","T","?","E","R","E","$","R","BOSS","M","?","$","?","M","E","R","?","T","E","M","E","?","M","R","BOSS","M","?","?","M","$","R","E","R","T","R","E","?","?","?","R","BOSS"],"items_purchased_type":["Card","Card","Card","Relic","Card","Relic","Card"],"build_version":"2020-12-22","purchased_purges":1,"victory":true,"max_hp_per_floor":[70,70,70,70,70,70,70,70,70,70,70,70,77,77,77,77,77,77,77,77,77,77,77,77,77,77,77,79,81,81,83,83,85,85,89,89,89,93,100,100,102,102,102,102,102,102,102,102,102,102],"card_choices":[{"not_picked":["Dagger Spray","Underhanded Strike"],"picked":"Setup","floor":1},{"not_picked":["Slice","Poisoned Stab"],"picked":"Escape Plan","floor":3},{"not_picked":["Bane","Flying Knee"],"picked":"Backflip","floor":4},{"not_picked":["Terror","Slice"],"picked":"Crippling Poison","floor":5},{"not_picked":["Unload","Grand Finale"],"picked":"Burst","floor":6},{"not_picked":["Storm of Steel","Burst","Night Terror"],"picked":"SKIP","floor":8},{"not_picked":["Skewer","Poisoned Stab"],"picked":"Acrobatics","floor":10},{"not_picked":["Doppelganger","Phantasmal Killer","Venomology"],"picked":"SKIP","floor":11},{"not_picked":["Glass Knife","A Thousand Cuts"],"picked":"Bullet Time","floor":13},{"not_picked":["Slice","Bane"],"picked":"Crippling Poison","floor":18},{"not_picked":["Blade Dance","Expertise","Reflex"],"picked":"SKIP","floor":18},{"not_picked":["Deflect","Quick Slash"],"picked":"Leg Sweep","floor":22},{"not_picked":["Deflect+1","Prepared"],"picked":"Backflip","floor":22},{"not_picked":["Corpse Explosion","Malaise"],"picked":"Envenom","floor":23},{"not_picked":["Envenom","Malaise"],"picked":"Corpse Explosion","floor":27},{"not_picked":["PiercingWail","Poisoned Stab+1","Cloak And Dagger"],"picked":"Singing Bowl","floor":28},{"not_picked":["Outmaneuver","Prepared+1"],"picked":"Leg Sweep","floor":28},{"not_picked":["Bullet Time","Tools of the Trade","Malaise"],"picked":"Singing Bowl","floor":29},{"not_picked":["Outmaneuver+1","Underhanded Strike"],"picked":"PiercingWail+1","floor":31},{"not_picked":["Flying Knee","Footwork+1","Blade Dance+1"],"picked":"Singing Bowl","floor":31},{"not_picked":["Die Die Die","Glass Knife","Doppelganger"],"picked":"Singing Bowl","floor":33},{"not_picked":["Dodge and Roll+1","Slice","Accuracy+1"],"picked":"Singing Bowl","floor":35},{"not_picked":["Sucker Punch+1","Underhanded Strike+1","Quick Slash"],"picked":"Singing Bowl","floor":35},{"not_picked":["Prepared+1","Sucker Punch","Underhanded Strike"],"picked":"Singing Bowl","floor":38},{"not_picked":["Dagger Spray","Poisoned Stab","Well Laid Plans+1"],"picked":"Singing Bowl","floor":38},{"not_picked":["Malaise","Doppelganger","Grand Finale"],"picked":"Singing Bowl","floor":41},{"not_picked":["Malaise","Storm of Steel","Grand Finale"],"picked":"Adrenaline","floor":45},{"not_picked":["Acrobatics+1","Dagger Throw+1","Cloak And Dagger"],"picked":"Dash+1","floor":46}],"player_experience":2395002,"relics_obtained":[{"floor":6,"key":"Prayer Wheel"},{"floor":8,"key":"PreservedInsect"},{"floor":9,"key":"Orichalcum"},{"floor":10,"key":"Odd Mushroom"},{"floor":11,"key":"Snake Skull"},{"floor":13,"key":"Strawberry"},{"floor":23,"key":"Pen Nib"},{"floor":26,"key":"Singing Bowl"},{"floor":27,"key":"White Beast Statue"},{"floor":29,"key":"Happy Flower"},{"floor":41,"key":"Question Card"},{"floor":43,"key":"Lizard Tail"},{"floor":45,"key":"Shuriken"},{"floor":46,"key":"TungstenRod"}],"event_choices":[{"damage_healed":0,"gold_gain":0,"player_choice":"Fought Mushrooms","damage_taken":0,"max_hp_gain":0,"max_hp_loss":0,"event_name":"Mushrooms","floor":10,"gold_loss":0},{"damage_healed":0,"gold_gain":0,"player_choice":"Obtained Book","damage_taken":16,"max_hp_gain":0,"max_hp_loss":0,"event_name":"Cursed Tome","floor":19,"gold_loss":0},{"cards_removed":["Setup"],"damage_healed":0,"gold_gain":0,"player_choice":"Elegance","damage_taken":0,"max_hp_gain":0,"max_hp_loss":0,"event_name":"Back to Basics","floor":21,"gold_loss":0},{"damage_healed":0,"gold_gain":0,"player_choice":"Bought 0 Potions","damage_taken":0,"max_hp_gain":0,"max_hp_loss":0,"event_name":"The Woman in Blue","floor":30,"gold_loss":0},{"damage_healed":0,"gold_gain":0,"player_choice":"Ignored","damage_taken":0,"max_hp_gain":0,"max_hp_loss":0,"event_name":"Tomb of Lord Red Mask","floor":36,"gold_loss":0},{"damage_healed":0,"gold_gain":0,"player_choice":"Embrace Madness","damage_taken":11,"max_hp_gain":0,"max_hp_loss":0,"event_name":"Winding Halls","floor":37,"gold_loss":0,"cards_obtained":["Madness","Madness"]},{"damage_healed":0,"gold_gain":0,"player_choice":"Fight","damage_taken":0,"max_hp_gain":0,"max_hp_loss":0,"event_name":"MindBloom","floor":46,"gold_loss":0},{"cards_removed":["Unload"],"damage_healed":0,"gold_gain":0,"player_choice":"Removed Attack","damage_taken":0,"max_hp_gain":0,"max_hp_loss":0,"event_name":"Falling","floor":47,"gold_loss":0},{"damage_healed":0,"gold_gain":0,"player_choice":"Upgraded","damage_taken":0,"max_hp_gain":0,"max_hp_loss":0,"event_name":"Upgrade Shrine","floor":48,"gold_loss":0,"cards_upgraded":["Wraith Form v2"]}],"is_beta":false,"boss_relics":[{"not_picked":["Velvet Choker","Coffee Dripper"],"picked":"Snecko Eye"},{"not_picked":["SacredBark","Empty Cage"],"picked":"Sozu"}],"items_purged_floors":[14],"is_endless":false,"potions_floor_spawned":[1,5,10,11,23,28,29,31,33,35,38,41,45,46],"ascension_level":0}}