{"host":"0cgp910o8339lr91","time":1609487055,"event":{"mods":["BaseMod","Colored Map","Filter the Spire","Minty Spire (QoL Compilation)","Relic Stats","Slay-I","ojb\u0027s Better Paths Mod","ojb\u0027s Info Mod"],"gold_per_floor":[99,99,99,99,99,99,99,99,99,99,24,24,24,24,24,24,24,24,24,24,24,24,24],"floor_reached":22,"playtime":1832,"items_purged":["Defend_P"],"score":566,"play_id":"e4fec06e-92ad-4d81-8168-f24b8ae1c1af","local_time":"20210101084415","is_ascension_mode":true,"campfire_choices":[{"data":"Omniscience","floor":10.0,"key":"SMITH"},{"data":"Adaptation","floor":15,"key":"SMITH"}],"circlet_count":0,"master_deck":["AscendersBane","Strike_P+1","Strike_P","Strike_P","Strike_P","Defend_P+1","Defend_P","Defend_P+1","Eruption+1","Vigilance","BowlingBash","Adaptation","FlurryOfBlows","Omniscience+1","Adaptation+1","InnerPeace","Wish","Tantrum","Meditate","InnerPeace","Decay"],"relics":["Ectoplasm","Dead Branch","Mummified Hand","Whetstone","Pen Nib","Blood Vial","Cursed Key"],"acts_visited":["Exordium","TheCity"],"potions_floor_usage":[],"damage_taken":[{"damage":8.0,"enemies":"Small Slimes","floor":1.0,"turns":5.0},{"damage":2.0,"enemies":"Jaw Worm","floor":3.0,"turns":4.0},{"damage":0.0,"enemies":"Cultist","floor":5.0,"turns":2.0},{"damage":9.0,"enemies":"3 Sentries","floor":6.0,"turns":4.0},{"damage":1.0,"enemies":"Red Slaver","floor":7.0,"turns":3.0},{"damage":0.0,"enemies":"Lagavulin","floor":8.0,"turns":4.0},{"damage":0.0,"enemies":"Exordium Wildlife","floor":12.0,"turns":1.0},{"damage":1.0,"enemies":"2 Fungi Beasts","floor":13.0,"turns":3.0},{"damage":3,"enemies":"Gremlin Nob","floor":14,"turns":3},{"damage":0,"enemies":"Slime Boss","floor":16,"turns":7},{"damage":14,"enemies":"Shell Parasite","floor":18,"turns":5},{"damage":2,"enemies":"Chosen","floor":19,"turns":5},{"damage":16,"enemies":"Snake Plant","floor":20,"turns":4}],"seed_played":"-475747163816435025","potions_obtained":[{"floor":1.0,"key":"SneckoOil"},{"floor":6.0,"key":"Dexterity Potion"},{"floor":12.0,"key":"FairyPotion"},{"floor":13.0,"key":"SkillPotion"},{"floor":20,"key":"FearPotion"}],"is_trial":false,"path_per_floor":["M","?","M","?","M","E","M","E","T","R","$","M","M","E","R","B",null,"M","M","M","T","$"],"character_chosen":"WATCHER","items_purchased":[],"campfire_rested":0,"item_purchase_floors":[],"current_hp_per_floor":[53,33,31,20,20,11,10,10,10,10,10,10,9,6,6,8,53,41,41,27,27,27,27],"gold":24,"neow_bonus":"BOSS_RELIC","is_daily":false,"chose_seed":false,"campfire_upgraded":2,"win_rate":0.0,"timestamp":1609487055,"path_taken":["M","?","M","?","?","E","M","E","T","R","$","M","M","E","R","BOSS","M","?","M","?","$"],"items_purchased_type":[],"build_version":"2020-12-22","purchased_purges":1,"victory":false,"max_hp_per_floor":[68,68,68,68,68,68,68,68,68,68,68,68,68,68,68,68,68,68,68,68,68,68,68],"relic_stats":{"Blood Vial":8,"counters":[13,50],"Mummified Hand":[28],"Dead Branch":[28],"Ectoplasm":407,"Pen Nib":[8],"Whetstone":["Eruption","Strike_P"],"Cursed Key":1,"obtain_stats":[{"Blood Vial":14,"Mummified Hand":6,"Dead Branch":4,"Ectoplasm":0,"Pen Nib":9,"Whetstone":8,"PureWater":0,"Cursed Key":17},{"Blood Vial":9,"Mummified Hand":4,"Dead Branch":2,"Ectoplasm":0,"Pen Nib":6,"Whetstone":6,"PureWater":0,"Cursed Key":10},{"Blood Vial":29,"Mummified Hand":15,"Dead Branch":9,"Ectoplasm":0,"Pen Nib":22,"Whetstone":22,"PureWater":0,"Cursed Key":36}]},"card_choices":[{"not_picked":["Worship","FollowUp"],"picked":"BowlingBash","floor":1.0},{"not_picked":["Indignation","Protect"],"picked":"Adaptation","floor":3.0},{"not_picked":["Consecrate","BowlingBash"],"picked":"FlurryOfBlows","floor":5.0},{"not_picked":["FollowUp","Establishment"],"picked":"Omniscience","floor":6.0},{"not_picked":["EmptyBody","ForeignInfluence"],"picked":"Adaptation","floor":7.0},{"not_picked":["Devotion","WindmillStrike","Weave"],"picked":"SKIP","floor":8.0},{"not_picked":["Protect","Collect","Consecrate"],"picked":"SKIP","floor":12.0},{"not_picked":["ClearTheMind","JustLucky"],"picked":"InnerPeace","floor":13.0},{"not_picked":["Evaluate","BowlingBash","CutThroughFate"],"picked":"SKIP","floor":14},{"not_picked":["Establishment","Brilliance"],"picked":"Wish","floor":16},{"not_picked":["JustLucky+1","Wallop"],"picked":"Tantrum","floor":18},{"not_picked":["CrushJoints","JustLucky"],"picked":"Meditate","floor":19},{"not_picked":["EmptyBody","SashWhip"],"picked":"InnerPeace","floor":20}],"player_experience":1323600,"relics_obtained":[{"floor":6.0,"key":"Mummified Hand"},{"floor":8.0,"key":"Whetstone"},{"floor":9.0,"key":"Pen Nib"},{"floor":14,"key":"Blood Vial"}],"event_choices":[{"damage_healed":0.0,"max_hp_gain":0.0,"max_hp_loss":0.0,"gold_gain":0.0,"event_name":"Shining Light","player_choice":"Entered Light","floor":2.0,"gold_loss":0.0,"damage_taken":20.0,"cards_upgraded":["Defend_P","Defend_P"]},{"damage_healed":0.0,"max_hp_gain":0.0,"max_hp_loss":0.0,"gold_gain":0.0,"event_name":"Scrap Ooze","player_choice":"Success","floor":4.0,"gold_loss":0.0,"damage_taken":11.0,"relics_obtained":["Dead Branch"]}],"is_beta":false,"boss_relics":[{"not_picked":["Velvet Choker","Snecko Eye"],"picked":"Cursed Key"}],"items_purged_floors":[11],"is_endless":false,"potions_floor_spawned":[1,6,12,13,14,19,20],"ascension_level":20}}