{"host":"yvb207ks1sg3cxef","time":1609532418,"event":{"mods":["2.2 Compatiblity","BaseMod","Bestiary","Colored Powertips","Minty Spire (QoL Compilation)","Permanent Neow","Quick Restart","Relic Stats","StSLib"],"gold_per_floor":[113,129,129,145,160,160,180,198,198,213,224,243,243,260,260,260,260],"floor_reached":16,"playtime":502,"items_purged":[],"score":190,"play_id":"54329a29-774d-4e52-9b65-eaa4c7b6cd6c","local_time":"20210102015018","is_ascension_mode":true,"campfire_choices":[{"data":"Apotheosis","floor":6,"key":"SMITH"},{"floor":13,"key":"REST"},{"data":"Reflex","floor":15,"key":"SMITH"}],"circlet_count":0,"master_deck":["AscendersBane","Strike_G","Strike_G","Strike_G","Strike_G","Defend_G","Defend_G","Defend_G","Defend_G","Defend_G","Survivor","Neutralize","Apotheosis+1","Deflect","Masterful Stab","Dagger Spray","Predator","Tactician","Dodge and Roll","Backflip","Acrobatics","Reflex+1"],"relics":["Ring of the Snake"],"acts_visited":["Exordium"],"potions_floor_usage":[],"damage_taken":[{"damage":0.0,"enemies":"Cultist","floor":1.0,"turns":4.0},{"damage":7,"enemies":"Small Slimes","floor":2,"turns":4},{"damage":9,"enemies":"Jaw Worm","floor":4,"turns":4},{"damage":3,"enemies":"3 Louse","floor":5,"turns":4},{"damage":0,"enemies":"2 Fungi Beasts","floor":7,"turns":3},{"damage":0,"enemies":"Red Slaver","floor":8,"turns":2},{"damage":11,"enemies":"Looter","floor":10,"turns":3},{"damage":0,"enemies":"Gremlin Gang","floor":11,"turns":3},{"damage":0,"enemies":"3 Louse","floor":12,"turns":3},{"damage":0,"enemies":"Exordium Wildlife","floor":14,"turns":2},{"damage":15,"enemies":"The Guardian","floor":16,"turns":7}],"seed_played":"4898770573919222484","potions_obtained":[{"floor":2,"key":"SmokeBomb"},{"floor":5,"key":"CultistPotion"},{"floor":7,"key":"Dexterity Potion"}],"is_trial":false,"path_per_floor":["M","M","?","M","M","R","M","M","T","M","M","M","R","M","R","B"],"character_chosen":"THE_SILENT","items_purchased":[],"campfire_rested":1,"item_purchase_floors":[],"current_hp_per_floor":[44,37,37,28,25,25,25,25,25,14,14,14,33,33,33,18,18],"gold":260,"neow_bonus":"RANDOM_COLORLESS_2","is_daily":false,"chose_seed":false,"campfire_upgraded":2,"win_rate":0.0,"timestamp":1609532418,"path_taken":["M","M","?","?","M","R","M","M","T","?","M","M","R","M","R","BOSS"],"items_purchased_type":[],"build_version":"2020-12-22","purchased_purges":0,"victory":false,"max_hp_per_floor":[66,66,66,66,66,66,66,66,66,66,66,66,66,66,66,66,66],"relic_stats":{"counters":[11,39],"obtain_stats":[{"Ring of the Snake":0},{"Ring of the Snake":0},{"Ring of the Snake":0}],"Ring of the Snake":[22]},"card_choices":[{"not_picked":["Violence","Master of Strategy"],"picked":"Apotheosis","floor":0.0},{"not_picked":["Slice","PiercingWail"],"picked":"Deflect","floor":1.0},{"not_picked":["Slice","Choke"],"picked":"Masterful Stab","floor":2},{"not_picked":["Sucker Punch","Bane","Cloak And Dagger"],"picked":"SKIP","floor":4},{"not_picked":["Deadly Poison","Cloak And Dagger"],"picked":"Dagger Spray","floor":5},{"not_picked":["Dagger Throw","Slice"],"picked":"Predator","floor":7},{"not_picked":["Prepared","Unload"],"picked":"Tactician","floor":8},{"not_picked":["Underhanded Strike","Concentrate"],"picked":"Dodge and Roll","floor":10},{"not_picked":["Bane","Leg Sweep"],"picked":"Backflip","floor":11},{"not_picked":["Dagger Throw","Poisoned Stab"],"picked":"Acrobatics","floor":12},{"not_picked":["Catalyst","Flying Knee"],"picked":"Reflex","floor":14}],"player_experience":269156,"relics_obtained":[],"event_choices":[{"cards_removed":["Strike_G"],"damage_healed":0,"gold_gain":0,"player_choice":"Offered Basic","damage_taken":0,"max_hp_gain":0,"max_hp_loss":0,"event_name":"Bonfire Elementals","floor":3,"gold_loss":0}],"is_beta":false,"boss_relics":[],"items_purged_floors":[],"is_endless":false,"potions_floor_spawned":[2,5,7,14],"killed_by":"The Guardian","ascension_level":18}}