{"host":"o5jvvi5yapo90aia","time":1609499384,"event":{"mods":["BaseMod","CapriCore","Minty Spire (QoL Compilation)","MostiFishMod","Prisma Mod","Spicy Shops","StSLib","TestMod","The Immortal","Yakumo Yukari mod","【人物mod】游戏王New YuGiOh mod","【功能Mod】Neow奖励"],"gold_per_floor":[126,126,157,191,223,267,267,299,299,346,371,8,8,8,8,100,100,130,181,208,240,240,280,280,321,321,362,362,362,402,442,442,534,534,581,264,289,289,689,737,766,813,813,857,857,883,923,955,955,970,985,985,985,74,118,133],"floor_reached":57,"playtime":2684,"items_purged":["Reckless Charge","Fire Breathing","MostiFishMod:RainCloud"],"score":4091,"play_id":"93359b38-0ac1-4e83-9710-7a581b0a788b","local_time":"20210101190944","is_ascension_mode":true,"campfire_choices":[{"data":"Spot Weakness","floor":15.0,"key":"PURGE"},{"data":"MostiFishMod:SephirahHod","floor":24,"key":"SMITH"},{"data":"Power Through","floor":29,"key":"PURGE"},{"floor":32,"key":"RECALL"},{"data":"Combust","floor":45,"key":"PURGE"},{"data":"MostiFishMod:PerfectStrikeMKII","floor":49,"key":"PURGE"},{"data":"Second Wind+1","floor":53,"key":"PURGE"}],"circlet_count":0,"master_deck":["AscendersBane","Dropkick","Dark Embrace","Body Slam+1","Flame Barrier","Offering","Shockwave","Barricade+1","MostiFishMod:SephirahHod+1","Feel No Pain+1","Burning Pact","Seeing Red+1","CurseOfTheBell","Crescendo+1","PrismaMod:IllyaInstallRuler","Warcry+1","PrismaMod:ChloeGaeBolg"],"relics":["testmod-TestBox","FeatherPendant","Pandora\u0027s Box","testmod-IntensifyImprint","SynthV:TestCard","Frozen Egg 2","InkBottle","White Beast Statue","ClockworkSouvenir","MostiFishMod:Hod","ImprovedEquipment","testmod-IndustrialRevolution","Toxic Egg 2","Shuriken","Darkstone Periapt","Red Mask","Calling Bell","MawBank","Self Forming Clay","testmod-Maize","Anchor","PrismaticShard","Letter Opener","testmod-LifeArmor","Boot","Art of War","Omamori","Mercury Hourglass","HornCleat","Frozen Eye","testmod-OneHitWonder"],"acts_visited":["Exordium","TheCity","TheBeyond","TheEnding"],"potions_floor_usage":[24,47,55,55,56,56],"damage_taken":[{"damage":0.0,"enemies":"2 Louse","floor":1.0,"turns":2.0},{"damage":0.0,"enemies":"Cultist","floor":3.0,"turns":1.0},{"damage":0.0,"enemies":"Jaw Worm","floor":4.0,"turns":1.0},{"damage":6.0,"enemies":"Lots of Slimes","floor":5.0,"turns":3.0},{"damage":0.0,"enemies":"Gremlin Nob","floor":6.0,"turns":2.0},{"damage":0.0,"enemies":"2 Fungi Beasts","floor":8.0,"turns":2.0},{"damage":6.0,"enemies":"3 Sentries","floor":10.0,"turns":3.0},{"damage":0.0,"enemies":"Red Slaver","floor":11.0,"turns":1.0},{"damage":12.0,"enemies":"The Guardian","floor":16.0,"turns":1.0},{"damage":12.0,"enemies":"Spheric Guardian","floor":18.0,"turns":1.0},{"damage":0,"enemies":"Chosen","floor":20,"turns":1},{"damage":0,"enemies":"Snake Plant","floor":21,"turns":1},{"damage":12,"enemies":"Book of Stabbing","floor":23,"turns":1},{"damage":12,"enemies":"Gremlin Leader","floor":25,"turns":1},{"damage":0,"enemies":"Book of Stabbing","floor":27,"turns":2},{"damage":0,"enemies":"Gremlin Leader","floor":30,"turns":1},{"damage":0,"enemies":"Masked Bandits","floor":31,"turns":1},{"damage":0,"enemies":"Champ","floor":33,"turns":2},{"damage":0,"enemies":"3 Shapes","floor":35,"turns":1},{"damage":0,"enemies":"Orb Walker","floor":37,"turns":1},{"damage":0,"enemies":"Reptomancer","floor":40,"turns":1},{"damage":0,"enemies":"Transient","floor":41,"turns":1},{"damage":12,"enemies":"Giant Head","floor":42,"turns":1},{"damage":0,"enemies":"Nemesis","floor":44,"turns":1},{"damage":0,"enemies":"Spire Growth","floor":46,"turns":1},{"damage":0,"enemies":"Reptomancer","floor":47,"turns":1},{"damage":0,"enemies":"3 Darklings","floor":48,"turns":2},{"damage":0,"enemies":"Time Eater","floor":50,"turns":3},{"damage":0,"enemies":"Donu and Deca","floor":51,"turns":1},{"damage":0,"enemies":"Shield and Spear","floor":55,"turns":1},{"damage":12,"enemies":"The Heart","floor":56,"turns":6}],"seed_played":"-1007749577113719620","potions_obtained":[{"floor":1.0,"key":"Strength Potion"},{"floor":3.0,"key":"LiquidMemories"},{"floor":14.0,"key":"CultistPotion"},{"floor":16.0,"key":"testmod-EscapePotion"},{"floor":23,"key":"testmod-SpacePotion"},{"floor":25,"key":"LiquidBronze"},{"floor":27,"key":"LiquidMemories"},{"floor":41,"key":"testmod-EscapePotion"},{"floor":46,"key":"testmod-SpacePotion"},{"floor":47,"key":"Strength Potion"},{"floor":48,"key":"BloodPotion"},{"floor":55,"key":"FearPotion"}],"is_trial":false,"path_per_floor":["M","?","M","M","M","E","?","M","T","E","M","$","?","?","R","B",null,"M","T","M","M","?","E","R","E","T","E","?","R","E","?","R","B",null,"M","$","M","?","?","E","M","E","T","E","R","M","E","M","R","B","B",null,"R","$","E","B",null],"character_chosen":"IRONCLAD","items_purchased":["Shockwave","ClockworkSouvenir","Anchor","PrismaticShard","Mercury Hourglass","HornCleat","DuplicationPotion","Frozen Eye","Warcry+1"],"campfire_rested":0,"item_purchase_floors":[12,12,36,36,54,54,54,54,54],"current_hp_per_floor":[72,72,75,75,69,73,75,75,75,69,73,73,73,73,73,63,72,63,63,67,71,71,63,63,55,55,59,59,59,63,67,67,71,80,81,81,81,77,77,77,77,65,65,69,69,73,77,77,77,77,77,77,77,77,77,65],"gold":133,"neow_bonus":"BOSS_RELIC","is_daily":false,"chose_seed":false,"campfire_upgraded":1,"win_rate":0.0,"timestamp":1609499384,"path_taken":["M","?","M","?","M","E","?","?","T","E","M","$","?","?","R","BOSS","M","?","M","M","?","E","R","E","T","E","?","R","E","?","R","BOSS","M","$","M","?","?","E","M","E","T","E","R","M","E","M","R","BOSS","BOSS","R","$","E","BOSS"],"items_purchased_type":["Card","Relic","Relic","Relic","Relic","Relic","Potion","Relic","Card"],"build_version":"2020-12-22","purchased_purges":3,"victory":true,"max_hp_per_floor":[75,75,75,75,75,75,75,75,75,75,75,75,75,75,75,75,75,75,75,75,75,75,75,75,75,75,75,75,75,75,75,75,75,81,81,81,81,77,77,77,77,77,77,77,77,77,77,77,77,77,77,77,77,77,77,77],"card_choices":[{"not_picked":["Infernal Blade","Clothesline","Iron Wave"],"picked":"SKIP","floor":1.0},{"not_picked":["Warcry","True Grit","Infernal Blade","Uppercut"],"picked":"Flame Barrier","floor":3.0},{"not_picked":["Rupture","Metallicize","Shrug It Off","Dual Wield","Armaments"],"picked":"SKIP","floor":4.0},{"not_picked":["Twin Strike","Dropkick","Cleave","Body Slam","MostiFishMod:BrandingRite"],"picked":"SKIP","floor":5.0},{"not_picked":["Warcry","Whirlwind","Flex","Shrug It Off"],"picked":"Offering","floor":6.0},{"not_picked":["Wild Strike","Twin Strike","Warcry","Sword Boomerang","Iron Wave"],"picked":"SKIP","floor":8.0},{"not_picked":["MostiFishMod:DarkDeal","Body Slam","Iron Wave","MostiFishMod:BrandingRite","Twin Strike"],"picked":"SKIP","floor":10.0},{"not_picked":["Headbutt","Shrug It Off","Wild Strike","True Grit","Blood for Blood"],"picked":"SKIP","floor":11.0},{"not_picked":["MostiFishMod:OrdinaryWorld","Corruption+1","MostiFishMod:HellRitual","Reaper"],"picked":"Barricade+1","floor":16.0},{"not_picked":["Shockwave","Metallicize+1","Fire Breathing+1","Body Slam","Flame Barrier+1"],"picked":"SKIP","floor":18.0},{"not_picked":["Anger","Heavy Blade","Havoc+1","Battle Trance"],"picked":"Feel No Pain+1","floor":20},{"not_picked":["Perfected Strike","Clash+1","Uppercut","Power Through","Havoc"],"picked":"SKIP","floor":21},{"not_picked":["Combust+1","MostiFishMod:#F4004","Headbutt","Clash"],"picked":"Burning Pact","floor":23},{"not_picked":["Anger","True Grit","Shrug It Off","Searing Blow","Intimidate"],"picked":"SKIP","floor":25},{"not_picked":["Fire Breathing+1","Flex+1","Limit Break+1","Thunderclap","Havoc+1"],"picked":"SKIP","floor":27},{"not_picked":["Combust+1","Brutality+1","Armaments+1","Metallicize+1"],"picked":"Seeing Red+1","floor":28},{"not_picked":["True Grit+1","Anger","Body Slam","Dual Wield+1","Bloodletting+1"],"picked":"SKIP","floor":30},{"not_picked":["Combust+1","Dark Embrace+1","Flame Barrier+1","Anger"],"picked":"Second Wind+1","floor":35},{"not_picked":["ButterflyHabitatTemple_purple+1","OpenedBox_purple+1","Consume+1","Infernal Blade+1","Cleave"],"picked":"SKIP","floor":37},{"not_picked":["PrismaMod:MiyuDefenseExplosion","PrismaMod:MiyuCheapChannelDefend+1","PrismaMod:IllyaCheapChannelAttack+1","Turbo+1","Inflame+1"],"picked":"SKIP","floor":40},{"not_picked":["CardExchange+1","Redo+1","WingOfChimera_purple+1","Sever Soul","Cold Snap"],"picked":"SKIP","floor":41},{"not_picked":["CardExchange+1","Redo+1","WingOfChimera_purple+1","Sever Soul","Cold Snap"],"picked":"SKIP","floor":41},{"not_picked":["PrismaMod:MiyuUberAttack","Tactician+1","DragonOrigin+1","Secret Weapon+1","EndlessPalace+1"],"picked":"SKIP","floor":42},{"not_picked":["Boundary_DreamRealityDamnation_purple","Endless Agony+1","MokouMod:RoaringFlare","PrismaMod:IllyaFeed+1"],"picked":"Crescendo+1","floor":44},{"not_picked":["JustLucky+1","Iron Wave","PrismaMod:IllyaMaid+1","Pommel Strike+1","PrismaMod:ChloeCheapDefendTwo+1"],"picked":"SKIP","floor":46},{"not_picked":["SoundFromHell+1","MostiFishMod:InvigoratingSolution+1","ExistenceContinue_purple","Sweeping Beam"],"picked":"PrismaMod:IllyaInstallRuler","floor":47},{"not_picked":["MokouMod:Stoke+1","RuleDissolution_purple+1","MostiFishMod:ThornCasing+1","Acrobatics+1","Cleave"],"picked":"SKIP","floor":48},{"not_picked":["Spot Weakness+1","Steam Power+1","testmod-TreasureHunter","Protect+1"],"picked":"PrismaMod:ChloeGaeBolg","floor":55}],"player_experience":1368638,"relics_obtained":[{"floor":1.0,"key":"SynthV:TestCard"},{"floor":6.0,"key":"Frozen Egg 2"},{"floor":9.0,"key":"InkBottle"},{"floor":10.0,"key":"White Beast Statue"},{"floor":23,"key":"ImprovedEquipment"},{"floor":25,"key":"testmod-IndustrialRevolution"},{"floor":26,"key":"Toxic Egg 2"},{"floor":27,"key":"Shuriken"},{"floor":30,"key":"Darkstone Periapt"},{"floor":31,"key":"Red Mask"},{"floor":34,"key":"MawBank"},{"floor":34,"key":"Self Forming Clay"},{"floor":34,"key":"testmod-Maize"},{"floor":40,"key":"Letter Opener"},{"floor":42,"key":"testmod-LifeArmor"},{"floor":43,"key":"Boot"},{"floor":44,"key":"Art of War"},{"floor":47,"key":"Omamori"},{"floor":55,"key":"testmod-OneHitWonder"}],"event_choices":[{"damage_healed":0.0,"max_hp_gain":0.0,"max_hp_loss":0.0,"gold_gain":0.0,"event_name":"Upgrade Shrine","player_choice":"Upgraded","floor":2.0,"gold_loss":0.0,"damage_taken":0.0,"cards_upgraded":["Body Slam"]},{"damage_healed":2.0,"max_hp_gain":0.0,"max_hp_loss":0.0,"gold_gain":0.0,"event_name":"Wheel of Change","player_choice":"Full Heal","floor":7.0,"gold_loss":0.0,"damage_taken":0.0},{"damage_healed":0.0,"max_hp_gain":0.0,"max_hp_loss":0.0,"gold_gain":0.0,"cards_transformed":["Bash"],"event_name":"Living Wall","player_choice":"Change","floor":13.0,"gold_loss":0.0,"damage_taken":0.0,"cards_obtained":["Power Through"]},{"damage_healed":0.0,"max_hp_gain":0.0,"max_hp_loss":0.0,"gold_gain":0.0,"event_name":"Lab","player_choice":"Got Potions","floor":14.0,"gold_loss":0.0,"damage_taken":0.0},{"damage_healed":0,"gold_gain":0,"player_choice":"Ignored","damage_taken":0,"max_hp_gain":0,"max_hp_loss":0,"event_name":"Ghosts","floor":22,"gold_loss":0},{"damage_healed":0,"gold_gain":0,"player_choice":"Swap Relic","damage_taken":0,"relics_obtained":["Orrery"],"max_hp_gain":0,"max_hp_loss":0,"event_name":"给自己的盒子","floor":28,"relics_lost":["Orrery"],"gold_loss":0},{"damage_healed":0,"gold_gain":0,"player_choice":"Fought Bandits","damage_taken":0,"max_hp_gain":0,"max_hp_loss":0,"event_name":"Masked Bandits","floor":31,"gold_loss":0},{"damage_healed":0,"gold_gain":0,"player_choice":"Max HP","damage_taken":0,"max_hp_gain":0,"max_hp_loss":4,"event_name":"Winding Halls","floor":38,"gold_loss":0},{"damage_healed":0,"gold_gain":400,"player_choice":"Sell","damage_taken":0,"max_hp_gain":0,"max_hp_loss":0,"event_name":"恩洛斯的盘子","floor":39,"relics_lost":["DaveBox"],"gold_loss":0}],"is_beta":false,"boss_relics":[{"not_picked":["HereWithMe","testmod-BloodSacrificeSpiritualization"],"picked":"MostiFishMod:Hod"},{"not_picked":["TakeMeEscape","Coffee Dripper"],"picked":"Calling Bell"}],"items_purged_floors":[12,54,54],"is_endless":false,"potions_floor_spawned":[1,3,5,8,10,11,16,18,20,21,23,25,27,30,31,33,35,37,40,41,42,44,46,47,48,55],"ascension_level":20}}