{"host":"52m1o8iwwagurbjs","time":1609509579,"event":{"mods":["AchievementEnabler","BaseMod","Bestiary","Colored Powertips","GifTheSpireLib","Minty Spire (QoL Compilation)","Quick Restart","RNG Fix","Relic Stats","StSLib"],"gold_per_floor":[113,113,131,131,147,147,174,174,174,207,219,219,250,77,77,151,151,163,163,176,176,176,176],"floor_reached":22,"playtime":709,"items_purged":["Strike_G"],"score":404,"play_id":"37825528-3e64-46df-91d4-0c6a6e30151e","local_time":"20210101085939","is_ascension_mode":true,"campfire_choices":[{"data":"Poisoned Stab","floor":6.0,"key":"SMITH"},{"floor":8.0,"key":"REST"},{"data":"Crippling Poison","floor":12.0,"key":"SMITH"},{"floor":15.0,"key":"REST"}],"circlet_count":0,"master_deck":["AscendersBane","Strike_G","Strike_G","Strike_G","Strike_G","Defend_G","Defend_G","Defend_G","Defend_G","Defend_G","Survivor","Neutralize","Poisoned Stab+1","Dagger Spray","Poisoned Stab+1","Quick Slash","Crippling Poison+1","PiercingWail","Well Laid Plans","Venomology","Caltrops","Leg Sweep"],"relics":["Ring of the Snake","TungstenRod","Bronze Scales","Pear","Calipers","Molten Egg 2","Cursed Key"],"acts_visited":["Exordium","TheCity"],"potions_floor_usage":[16,20,22],"damage_taken":[{"damage":0.0,"enemies":"Cultist","floor":1.0,"turns":4.0},{"damage":2.0,"enemies":"2 Louse","floor":3.0,"turns":3.0},{"damage":0.0,"enemies":"Jaw Worm","floor":5.0,"turns":3.0},{"damage":23.0,"enemies":"Lagavulin","floor":7.0,"turns":5.0},{"damage":7.0,"enemies":"Gremlin Nob","floor":10.0,"turns":3.0},{"damage":0.0,"enemies":"Gremlin Gang","floor":11.0,"turns":2.0},{"damage":21.0,"enemies":"3 Sentries","floor":13.0,"turns":8.0},{"damage":38,"enemies":"Slime Boss","floor":16,"turns":8},{"damage":15,"enemies":"Shell Parasite","floor":18,"turns":6},{"damage":12,"enemies":"2 Thieves","floor":20,"turns":4},{"damage":24,"enemies":"Cultist and Chosen","floor":22,"turns":3}],"seed_played":"-1731532739572683634","potions_obtained":[{"floor":1.0,"key":"EssenceOfSteel"},{"floor":4.0,"key":"EntropicBrew"},{"floor":4.0,"key":"Strength Potion"},{"floor":10.0,"key":"Energy Potion"},{"floor":11.0,"key":"CunningPotion"},{"floor":18,"key":"PowerPotion"}],"is_trial":false,"path_per_floor":["M","?","M","?","M","R","E","R","T","E","M","R","E","$","R","B",null,"M","?","M","?","M"],"character_chosen":"THE_SILENT","items_purchased":["Well Laid Plans","Poison Potion"],"campfire_rested":2,"item_purchase_floors":[14,14],"current_hp_per_floor":[44,44,42,42,42,42,19,38,48,41,41,41,20,20,42,4,58,43,43,31,10,0,0],"gold":176,"neow_bonus":"ONE_RARE_RELIC","is_daily":false,"chose_seed":false,"campfire_upgraded":2,"win_rate":0.0,"timestamp":1609509579,"path_taken":["M","?","M","?","M","R","E","R","T","E","M","R","E","$","R","BOSS","M","?","M","?","M"],"items_purchased_type":["Card","Potion"],"build_version":"2020-12-22","purchased_purges":1,"victory":false,"max_hp_per_floor":[66,66,66,66,66,66,66,66,76,76,76,76,76,76,76,76,76,76,76,76,81,81,81],"relic_stats":{"counters":[11,49],"Bronze Scales":[72],"Cursed Key":0,"obtain_stats":[{"Pear":9,"Calipers":10,"Bronze Scales":7,"Molten Egg 2":13,"Cursed Key":17,"TungstenRod":0,"Ring of the Snake":0},{"Pear":4,"Calipers":5,"Bronze Scales":4,"Molten Egg 2":7,"Cursed Key":8,"TungstenRod":0,"Ring of the Snake":0},{"Pear":15,"Calipers":18,"Bronze Scales":15,"Molten Egg 2":28,"Cursed Key":36,"TungstenRod":0,"Ring of the Snake":0}],"TungstenRod":22,"Ring of the Snake":[22]},"card_choices":[{"not_picked":["Quick Slash","Bane"],"picked":"Poisoned Stab","floor":1.0},{"not_picked":["Blade Dance","Backflip"],"picked":"Dagger Spray","floor":3.0},{"not_picked":["Infinite Blades","Footwork"],"picked":"Poisoned Stab","floor":5.0},{"not_picked":["Cloak And Dagger","Underhanded Strike"],"picked":"Quick Slash","floor":7.0},{"not_picked":["Envenom","Slice"],"picked":"Crippling Poison","floor":10.0},{"not_picked":["Sucker Punch","Dodge and Roll"],"picked":"PiercingWail","floor":11.0},{"not_picked":["Slice+1","Outmaneuver","Concentrate"],"picked":"SKIP","floor":13.0},{"not_picked":["Die Die Die+1","Glass Knife+1"],"picked":"Venomology","floor":16},{"not_picked":["Distraction","Dodge and Roll"],"picked":"Caltrops","floor":18},{"not_picked":["Dodge and Roll","Outmaneuver","Heel Hook+1"],"picked":"SKIP","floor":20}],"player_experience":1077376,"relics_obtained":[{"floor":7.0,"key":"Bronze Scales"},{"floor":9.0,"key":"Pear"},{"floor":10.0,"key":"Calipers"},{"floor":13.0,"key":"Molten Egg 2"}],"event_choices":[{"damage_healed":0.0,"max_hp_gain":0.0,"max_hp_loss":0.0,"gold_gain":0.0,"event_name":"Upgrade Shrine","player_choice":"Upgraded","floor":2.0,"gold_loss":0.0,"damage_taken":0.0,"cards_upgraded":["Poisoned Stab"]},{"damage_healed":0.0,"max_hp_gain":0.0,"max_hp_loss":0.0,"gold_gain":0.0,"event_name":"Lab","player_choice":"Got Potions","floor":4.0,"gold_loss":0.0,"damage_taken":0.0},{"damage_healed":0,"gold_gain":0,"player_choice":"Read","damage_taken":0,"max_hp_gain":0,"max_hp_loss":0,"event_name":"The Library","floor":19,"gold_loss":0,"cards_obtained":["Leg Sweep"]},{"damage_healed":0,"gold_gain":0,"player_choice":"Shed Blood","damage_taken":27,"max_hp_gain":5,"max_hp_loss":0,"event_name":"Forgotten Altar","floor":21,"gold_loss":0}],"is_beta":false,"boss_relics":[{"not_picked":["Snecko Eye","Runic Dome"],"picked":"Cursed Key"}],"items_purged_floors":[14],"is_endless":false,"potions_floor_spawned":[1,10,11,18],"killed_by":"Cultist and Chosen","ascension_level":20}}