{"host":"k9ktbd3ums043v5c","time":1609492541,"event":{"mods":["BaseMod","GifTheSpireLib","Googly Eyes","KinomotoSakuraMod(木之本樱)","Lobotomy","LobotomyExtend","Luminous","Marisa（F雨　魔理沙）","Minty Spire (QoL Compilation)","SIMod","StSLib","SuperFastMode","The Gatherer","Yuyuko","【功能Mod】聪明的最终Boss"],"gold_per_floor":[520,299,299,259,273,273,286,296,296,314,264,439,109,120,120,224,224,239,42,59,59,75,75,75,93,93,93,93],"floor_reached":27,"playtime":1946,"items_purged":["Pain","Doubt"],"score":248,"play_id":"e42d65b1-b98f-499e-b944-0aa426ab94f3","local_time":"20210101171541","is_ascension_mode":false,"campfire_choices":[],"circlet_count":0,"master_deck":["SpecialBullet","SpecialBullet","SpecialBullet","SpecialBullet","SpecialBullet","SpecialBullet","SpecialBullet","SpecialBullet","WelfareCode","TrainingCode","CentralCode","Twilight+1","OldLady","UniverseFragment","Horn","InformationCode","Wingbeat","Mercenary","Regret_ego","OSAHOGD","Amita","GoldRush","SoundOfStar","ShyLook","BlueScar","GoldRush","SomewhereSpear+1","Apotheosis","Freischutz","InTheNameOfLoveAndHate","SomewhereSpear","RedEyes"],"relics":["CogitoBucket","LetterFromLob","Lee\u0027s Waffle","Ancient Tea Set","AspirationHeart","Runic Pyramid","MarkOfWind","Darkstone Periapt","Calipers"],"acts_visited":["Exordium","TheCity"],"potions_floor_usage":[16,16,27],"damage_taken":[{"damage":18,"enemies":"Jaw Worm","floor":1,"turns":3},{"damage":0,"enemies":"2 Louse","floor":5,"turns":1},{"damage":0,"enemies":"Cultist","floor":7,"turns":3},{"damage":13,"enemies":"3 Louse","floor":8,"turns":4},{"damage":7,"enemies":"Exordium Thugs","floor":10,"turns":4},{"damage":11,"enemies":"Looter","floor":14,"turns":9},{"damage":46,"enemies":"The Guardian","floor":16,"turns":8},{"damage":11,"enemies":"Spheric Guardian","floor":18,"turns":4},{"damage":20,"enemies":"2 Thieves","floor":20,"turns":3},{"damage":11,"enemies":"Centurion and Healer","floor":22,"turns":6},{"damage":13,"enemies":"Slavers","floor":25,"turns":4},{"damage":40,"enemies":"Snake Plant","floor":27,"turns":3}],"seed_played":"-8576083352232032331","potions_obtained":[{"floor":4,"key":"Swift Potion"},{"floor":4,"key":"SmokeBomb"},{"floor":4,"key":"Regen Potion"},{"floor":16,"key":"Weak Potion"},{"floor":22,"key":"AttackPotion"}],"is_trial":false,"path_per_floor":["M","$","?","?","M","R","M","M","T","M","?","?","$","M","R","B",null,"M","$","M","$","M","?","R","E","T","M"],"character_chosen":"Angela","items_purchased":["Lee\u0027s Waffle","GoldRush","SoundOfStar","Apotheosis"],"campfire_rested":0,"item_purchase_floors":[2,13,13,19],"current_hp_per_floor":[52,77,77,77,77,77,77,64,64,57,57,57,57,56,56,19,87,76,76,56,56,45,45,45,32,32,0,0],"gold":93,"neow_bonus":"TWO_FIFTY_GOLD","is_daily":false,"chose_seed":false,"campfire_upgraded":0,"win_rate":0.0,"timestamp":1609492541,"path_taken":["M","$","?","?","M","R","M","?","T","M","?","?","$","M","R","BOSS","M","$","M","$","M","?","R","E","T","M"],"items_purchased_type":["Relic","Card","Card","Card"],"build_version":"2020-12-22","purchased_purges":2,"victory":false,"max_hp_per_floor":[70,77,77,77,77,77,77,77,77,77,77,77,77,87,87,87,87,87,87,87,87,87,87,87,87,87,87,87],"card_choices":[{"not_picked":["Loneliness"],"picked":"Twilight","floor":1},{"not_picked":["Bloodbath","Murderer"],"picked":"OldLady","floor":1},{"not_picked":["Wellcheers","SpiderBud"],"picked":"UniverseFragment","floor":5},{"not_picked":["CUTE"],"picked":"Horn","floor":5},{"not_picked":["SpiderBud","PunishingBird"],"picked":"LittlePrince","floor":7},{"not_picked":["Harvest"],"picked":"Wingbeat","floor":7},{"not_picked":["WallGazer","HeroicMonk"],"picked":"Mercenary","floor":8},{"not_picked":["Beak"],"picked":"Regret_ego","floor":8},{"not_picked":["WallGazer","Scorched"],"picked":"OSAHOGD","floor":10},{"not_picked":["Wingbeat"],"picked":"Amita","floor":10},{"not_picked":["DespairKnight","Freischutz"],"picked":"ShyLook","floor":14},{"not_picked":["Hypocrisy"],"picked":"BlueScar","floor":14},{"not_picked":["Justitia"],"picked":"GoldRush","floor":16},{"not_picked":["RapturousDream"],"picked":"SomewhereSpear+1","floor":18},{"not_picked":["FairyFestival","DespairKnight"],"picked":"Freischutz","floor":20},{"not_picked":["Lantern+1"],"picked":"InTheNameOfLoveAndHate","floor":20},{"not_picked":["Horn"],"picked":"SomewhereSpear","floor":22},{"not_picked":["DaCapo"],"picked":"RedEyes","floor":25}],"player_experience":46075,"relics_obtained":[{"floor":1,"key":"LetterFromLob"},{"floor":9,"key":"Ancient Tea Set"},{"floor":25,"key":"Darkstone Periapt"},{"floor":26,"key":"Calipers"}],"event_choices":[{"damage_healed":0,"gold_gain":0,"player_choice":"Grow","damage_taken":0,"max_hp_gain":0,"max_hp_loss":0,"event_name":"Living Wall","floor":3,"gold_loss":0,"cards_upgraded":["Twilight"]},{"damage_healed":0,"gold_gain":0,"player_choice":"Bought 3 Potions","damage_taken":0,"max_hp_gain":0,"max_hp_loss":0,"event_name":"The Woman in Blue","floor":4,"gold_loss":0},{"cards_removed":["LittlePrince"],"damage_healed":0,"gold_gain":0,"player_choice":"Card Removal","damage_taken":0,"max_hp_gain":0,"max_hp_loss":0,"event_name":"The Cleric","floor":11,"gold_loss":50},{"damage_healed":0,"gold_gain":175,"player_choice":"AGREE","damage_taken":0,"max_hp_gain":0,"max_hp_loss":0,"event_name":"Liars Game","floor":12,"gold_loss":0,"cards_obtained":["Doubt"]}],"is_beta":false,"boss_relics":[{"not_picked":["Runic Dome","Busted Crown"],"picked":"Runic Pyramid"}],"items_purged_floors":[2,13],"is_endless":false,"potions_floor_spawned":[7,8,16,22],"killed_by":"Snake Plant","ascension_level":0}}