{"host":"qwttrqaysb380yri","time":1609500397,"event":{"mods":["BaseMod","Custom Start","Minty Spire (QoL Compilation)","Permanent Neow","Puzzle Mod","Relic Stats","StSLib","The Hierophant"],"gold_per_floor":[13,13,28,44,57,82,100,134,134,134,155,28,56,91,91,67,67],"floor_reached":16,"playtime":556,"items_purged":["hierophant:Strike_Hierophant"],"score":217,"play_id":"7951cdc5-bfe0-4a6b-8b97-a021c552f40c","local_time":"20210101122637","is_ascension_mode":true,"campfire_choices":[{"data":"hierophant:PassingBell","floor":10,"key":"SMITH"},{"data":"hierophant:Determination","floor":15,"key":"SMITH"}],"circlet_count":0,"master_deck":["AscendersBane","hierophant:Strike_Hierophant","hierophant:Strike_Hierophant","hierophant:Strike_Hierophant","hierophant:Punish","hierophant:Defend_Hierophant","hierophant:Defend_Hierophant","hierophant:Defend_Hierophant","hierophant:Defend_Hierophant","hierophant:ChurchCoffers+1","hierophant:Smite","hierophant:HolyVerse","hierophant:MorningPrayer","hierophant:HolyVerse","hierophant:PassingBell+1","hierophant:Doubloon","hierophant:Dazzle","hierophant:Determination+1","hierophant:TollTheBells","hierophant:Shelter"],"relics":["hierophant:PropheticMaskRelic","Torii","Darkstone Periapt","Bronze Scales","Strawberry","Blood Vial"],"acts_visited":["Exordium"],"potions_floor_usage":[6,14,14],"damage_taken":[{"damage":1,"enemies":"2 Louse","floor":1,"turns":2},{"damage":0,"enemies":"Small Slimes","floor":3,"turns":1},{"damage":0,"enemies":"Cultist","floor":4,"turns":2},{"damage":0,"enemies":"2 Fungi Beasts","floor":5,"turns":2},{"damage":23,"enemies":"Lagavulin","floor":6,"turns":8},{"damage":1,"enemies":"3 Louse","floor":7,"turns":2},{"damage":12,"enemies":"3 Sentries","floor":8,"turns":5},{"damage":9,"enemies":"Exordium Thugs","floor":11,"turns":3},{"damage":12,"enemies":"2 Fungi Beasts","floor":13,"turns":2},{"damage":10,"enemies":"Gremlin Nob","floor":14,"turns":4},{"damage":20,"enemies":"Hexaghost","floor":16,"turns":11}],"seed_played":"25996929506422723","potions_obtained":[{"floor":5,"key":"ColorlessPotion"},{"floor":6,"key":"Dexterity Potion"},{"floor":13,"key":"Block Potion"}],"is_trial":false,"path_per_floor":["M","?","M","M","M","E","M","E","T","R","M","$","M","E","R","B"],"character_chosen":"HIEROPHANT","items_purchased":["Weak Potion"],"campfire_rested":0,"item_purchase_floors":[12],"current_hp_per_floor":[67,67,67,67,67,44,43,31,38,38,29,29,24,20,20,2,2],"gold":67,"neow_bonus":"ONE_RARE_RELIC","is_daily":false,"chose_seed":false,"campfire_upgraded":2,"win_rate":0.0,"timestamp":1609500397,"path_taken":["M","?","M","M","M","E","M","E","T","R","M","$","M","E","R","BOSS"],"items_purchased_type":["Potion"],"build_version":"2020-12-22","purchased_purges":1,"victory":false,"max_hp_per_floor":[75,75,75,75,75,75,75,75,82,82,82,82,82,82,82,82,82],"relic_stats":{"Darkstone Periapt":0,"Blood Vial":2,"Torii":35,"counters":[11,42],"Bronze Scales":[78],"obtain_stats":[{"Darkstone Periapt":6,"Blood Vial":14,"Torii":0,"hierophant:PropheticMaskRelic":0,"Bronze Scales":8,"Strawberry":9},{"Darkstone Periapt":5,"Blood Vial":10,"Torii":0,"hierophant:PropheticMaskRelic":0,"Bronze Scales":7,"Strawberry":7},{"Darkstone Periapt":15,"Blood Vial":31,"Torii":0,"hierophant:PropheticMaskRelic":0,"Bronze Scales":22,"Strawberry":22}]},"card_choices":[{"not_picked":["hierophant:AuricBeam","hierophant:Embezzle"],"picked":"hierophant:Smite","floor":1},{"not_picked":["hierophant:Encroach","hierophant:Remorse"],"picked":"hierophant:HolyVerse","floor":3},{"not_picked":["hierophant:Alms","hierophant:AuricBeam","hierophant:OrnateBuckler"],"picked":"SKIP","floor":4},{"not_picked":["hierophant:Encroach","hierophant:CursedGold"],"picked":"hierophant:MorningPrayer","floor":5},{"not_picked":["hierophant:MorningPrayer","hierophant:Zeal"],"picked":"hierophant:HolyVerse","floor":6},{"not_picked":["hierophant:Purify","hierophant:Shelter"],"picked":"hierophant:PassingBell","floor":7},{"not_picked":["hierophant:Shelter","hierophant:Rebuild"],"picked":"hierophant:Dazzle","floor":8},{"not_picked":["hierophant:Martyrdom","hierophant:CoinFling"],"picked":"hierophant:Determination","floor":11},{"not_picked":["hierophant:Rebuild","hierophant:Mercenaries"],"picked":"hierophant:TollTheBells","floor":13},{"not_picked":["hierophant:Alms","hierophant:RepressedViolence"],"picked":"hierophant:Shelter","floor":14}],"player_experience":1972532,"relics_obtained":[{"floor":6,"key":"Darkstone Periapt"},{"floor":8,"key":"Bronze Scales"},{"floor":9,"key":"Strawberry"},{"floor":14,"key":"Blood Vial"}],"event_choices":[{"damage_healed":0,"gold_gain":0,"player_choice":"Grow","damage_taken":0,"max_hp_gain":0,"max_hp_loss":0,"event_name":"Living Wall","floor":2,"gold_loss":0,"cards_upgraded":["hierophant:ChurchCoffers"]}],"is_beta":false,"boss_relics":[],"items_purged_floors":[12],"is_endless":false,"potions_floor_spawned":[5,6,13],"killed_by":"Hexaghost","ascension_level":15}}