{"host":"znvnxllcillb3rtw","time":1609480858,"event":{"mods":["BaseMod","DeckTracker","Minty Spire (QoL Compilation)","Relic Stats","StSLib","SuperFastMode","everything is the same but u backflip on backflip"],"gold_per_floor":[112,129,140,140,151,182,194,194,217,249,260,260,280,300,300,300,300],"floor_reached":16,"playtime":547,"items_purged":[],"score":232,"play_id":"c8bb2fc5-da1a-4dca-b8ab-759297537582","local_time":"20210101150058","is_ascension_mode":true,"campfire_choices":[{"data":"Consume","floor":8,"key":"SMITH"},{"data":"Coolheaded","floor":12,"key":"SMITH"},{"data":"Go for the Eyes","floor":15,"key":"SMITH"}],"circlet_count":0,"master_deck":["AscendersBane","Strike_B","Strike_B","Strike_B","Defend_B","Defend_B","Defend_B","Defend_B","Zap","Dualcast","Go for the Eyes+1","Rip and Tear","Sweeping Beam","Consume+1","Conserve Battery","Compile Driver","Coolheaded+1","Go for the Eyes","Chill","Genetic Algorithm","Darkness"],"relics":["Busted Crown","Lizard Tail","Boot","Orichalcum"],"acts_visited":["Exordium"],"potions_floor_usage":[6,10],"damage_taken":[{"damage":5,"enemies":"2 Louse","floor":1,"turns":2},{"damage":1,"enemies":"Cultist","floor":2,"turns":4},{"damage":7,"enemies":"Jaw Worm","floor":3,"turns":3},{"damage":4,"enemies":"Red Slaver","floor":5,"turns":3},{"damage":25,"enemies":"Gremlin Nob","floor":6,"turns":4},{"damage":24,"enemies":"Gremlin Gang","floor":7,"turns":4},{"damage":7,"enemies":"3 Sentries","floor":10,"turns":8},{"damage":0,"enemies":"Blue Slaver","floor":11,"turns":3},{"damage":4,"enemies":"Exordium Thugs","floor":13,"turns":4},{"damage":0,"enemies":"Lots of Slimes","floor":14,"turns":4},{"damage":26,"enemies":"Slime Boss","floor":16,"turns":9}],"seed_played":"1768717354701191393","potions_obtained":[{"floor":3,"key":"FearPotion"},{"floor":7,"key":"Fire Potion"},{"floor":11,"key":"SpeedPotion"},{"floor":14,"key":"FearPotion"}],"is_trial":false,"path_per_floor":["M","M","M","?","M","E","M","R","T","E","M","R","M","M","R","B"],"character_chosen":"DEFECT","items_purchased":[],"campfire_rested":0,"item_purchase_floors":[],"current_hp_per_floor":[59,58,51,51,47,22,35,35,35,28,28,28,24,24,24,0,0],"gold":300,"neow_bonus":"BOSS_RELIC","is_daily":false,"chose_seed":false,"campfire_upgraded":3,"win_rate":0.0,"timestamp":1609480858,"path_taken":["M","M","M","?","M","E","M","R","T","E","?","R","M","M","R","BOSS"],"items_purchased_type":[],"build_version":"2020-12-22","purchased_purges":0,"victory":false,"max_hp_per_floor":[71,71,71,71,71,71,71,71,71,71,71,71,71,71,71,71,71],"relic_stats":{"Lizard Tail":35,"Busted Crown":20,"counters":[11,48],"Orichalcum":[24],"Boot":[41],"obtain_stats":[{"Lizard Tail":6,"Busted Crown":0,"Orichalcum":10,"Cracked Core":0,"Boot":9},{"Lizard Tail":5,"Busted Crown":0,"Orichalcum":7,"Cracked Core":0,"Boot":6},{"Lizard Tail":16,"Busted Crown":0,"Orichalcum":28,"Cracked Core":0,"Boot":20}]},"card_choices":[{"not_picked":[],"picked":"Go for the Eyes","floor":1},{"not_picked":[],"picked":"Rip and Tear","floor":2},{"not_picked":[],"picked":"Sweeping Beam","floor":3},{"not_picked":[],"picked":"Conserve Battery","floor":5},{"not_picked":[],"picked":"Compile Driver","floor":6},{"not_picked":[],"picked":"Coolheaded","floor":7},{"not_picked":[],"picked":"Go for the Eyes","floor":10},{"not_picked":[],"picked":"Chill","floor":11},{"not_picked":[],"picked":"Genetic Algorithm","floor":13},{"not_picked":[],"picked":"Darkness","floor":14}],"player_experience":2881701,"relics_obtained":[{"floor":6,"key":"Lizard Tail"},{"floor":9,"key":"Boot"},{"floor":10,"key":"Orichalcum"}],"event_choices":[{"damage_healed":0,"gold_gain":0,"cards_transformed":["Strike_B"],"player_choice":"Transformed","damage_taken":0,"max_hp_gain":0,"max_hp_loss":0,"event_name":"Transmorgrifier","floor":4,"gold_loss":0,"cards_obtained":["Consume"]}],"is_beta":false,"boss_relics":[],"items_purged_floors":[],"is_endless":false,"potions_floor_spawned":[3,7,11,14],"killed_by":"Slime Boss","ascension_level":20}}