{"host":"yiit85oc4oi3nqs8","time":1609510635,"event":{"mods":["AchievementEnabler","BaseMod","Better Third Choice","Block Reminder","DeckTracker","Highlight Path","Keyboard Shortcuts","Minty Spire (QoL Compilation)","MonsterHotkey","Quick Restart","Random Character Button","Relic Stats","StSLib"],"gold_per_floor":[111,31,31,50,68,84,84,97,97,97],"floor_reached":9,"playtime":484,"items_purged":[],"score":102,"play_id":"ca58a8b9-1f5b-4b82-ae99-4a40adef95e5","local_time":"20210101231715","is_ascension_mode":true,"campfire_choices":[],"circlet_count":0,"master_deck":["AscendersBane","Strike_R","Strike_R","Strike_R","Strike_R","Strike_R","Defend_R","Defend_R","Defend_R","Defend_R","Bash","Bandage Up","Body Slam","Metallicize","Cleave","Rampage"],"relics":["Burning Blood"],"acts_visited":["Exordium"],"potions_floor_usage":[9],"damage_taken":[{"damage":24,"enemies":"Cultist","floor":1,"turns":6},{"damage":26,"enemies":"Jaw Worm","floor":4,"turns":11},{"damage":0,"enemies":"2 Louse","floor":5,"turns":4},{"damage":18,"enemies":"Blue Slaver","floor":6,"turns":5},{"damage":28,"enemies":"Large Slime","floor":8,"turns":7},{"damage":26,"enemies":"3 Sentries","floor":9,"turns":6}],"seed_played":"105063241822271014","potions_obtained":[{"floor":8,"key":"DuplicationPotion"}],"is_trial":false,"path_per_floor":["M","$","?","M","M","M","?","M","E"],"character_chosen":"IRONCLAD","items_purchased":["Metallicize"],"campfire_rested":0,"item_purchase_floors":[2],"current_hp_per_floor":[54,54,54,38,48,40,40,22,0,0],"gold":97,"neow_bonus":"RANDOM_COLORLESS","is_daily":false,"chose_seed":false,"campfire_upgraded":0,"win_rate":0.0,"timestamp":1609510635,"path_taken":["M","?","?","M","?","M","?","M","E"],"items_purchased_type":["Card"],"build_version":"2020-12-22","purchased_purges":0,"victory":false,"max_hp_per_floor":[75,75,75,75,75,75,75,75,75,75],"relic_stats":{"counters":[6,39],"obtain_stats":[{"Burning Blood":0},{"Burning Blood":0},{"Burning Blood":0}],"Burning Blood":30},"card_choices":[{"not_picked":["Impatience","Trip"],"picked":"Bandage Up","floor":0},{"not_picked":["Second Wind","Clothesline"],"picked":"Body Slam","floor":1},{"not_picked":["Entrench","Sword Boomerang"],"picked":"Cleave","floor":4},{"not_picked":["Disarm","Inflame"],"picked":"Rampage","floor":5},{"not_picked":["Perfected Strike","Sword Boomerang","Warcry"],"picked":"SKIP","floor":6},{"not_picked":["Shrug It Off","Thunderclap","Warcry"],"picked":"SKIP","floor":8}],"player_experience":422425,"relics_obtained":[],"event_choices":[],"is_beta":false,"boss_relics":[],"items_purged_floors":[],"is_endless":false,"potions_floor_spawned":[8],"killed_by":"3 Sentries","ascension_level":17}}