{"host":"ilxricga2547gmyy","time":1609545070,"event":{"mods":["AchievementEnabler","BaseMod","Minty Spire (QoL Compilation)","Quick Restart","Replay The Spire","StSLib"],"gold_per_floor":[114,114,128,128,228,261,281,306,332,366,381,399,295,313,313,413,413,428,438,363,363,380,380,380],"floor_reached":23,"playtime":1069,"items_purged":[],"score":262,"play_id":"8bc31952-92c6-47e4-8dce-a637ddba82cb","local_time":"20210102005110","is_ascension_mode":true,"campfire_choices":[{"data":"Fission","floor":15.0,"key":"SMITH"}],"circlet_count":0,"master_deck":["Strike_B","Strike_B","Strike_B","Defend_B","Defend_B","Defend_B","Defend_B","Zap","Dualcast","Ball Lightning","Cold Snap+1","Ball Lightning","Defragment","Fission+1","Sweeping Beam","Coolheaded","Storm","Panic Button","Creative AI","Ball Lightning","Conserve Battery","Consume"],"relics":["Cracked Core","NeowsBlessing","FaceOfCleric","Juzu Bracelet","Omamori","Bottled Tornado","Inserter"],"acts_visited":["Exordium","TheCity"],"potions_floor_usage":[22,23],"damage_taken":[{"damage":0.0,"enemies":"Jaw Worm","floor":1.0,"turns":1.0},{"damage":0.0,"enemies":"Cultist","floor":3.0,"turns":1.0},{"damage":0.0,"enemies":"3 Sentries","floor":6.0,"turns":1.0},{"damage":1.0,"enemies":"Small Slimes","floor":7.0,"turns":3.0},{"damage":16.0,"enemies":"Replay:BlueRogue","floor":8.0,"turns":4.0},{"damage":13.0,"enemies":"Gremlin Nob","floor":10.0,"turns":4.0},{"damage":17.0,"enemies":"3 Louse","floor":11.0,"turns":2.0},{"damage":4.0,"enemies":"Large Slime","floor":12.0,"turns":5.0},{"damage":22.0,"enemies":"Exordium Thugs","floor":14.0,"turns":4.0},{"damage":9.0,"enemies":"Fading Forest","floor":16.0,"turns":11.0},{"damage":8.0,"enemies":"Chosen","floor":18.0,"turns":5.0},{"damage":26.0,"enemies":"Shell Parasite","floor":19.0,"turns":9.0},{"damage":46,"enemies":"Shelled Parasite and Fungi","floor":22,"turns":10},{"damage":10,"enemies":"Replay:Snechameleon","floor":23,"turns":1}],"seed_played":"-3459966356319648746","potions_obtained":[{"floor":3.0,"key":"Strength Potion"},{"floor":7.0,"key":"AttackPotion"},{"floor":11.0,"key":"Explosive Potion"},{"floor":14.0,"key":"LifebloodPotion"},{"floor":18.0,"key":"SpeedPotion"},{"floor":22,"key":"PowerPotion"}],"is_trial":false,"path_per_floor":["M","?","M","?","?","E","M","E","T","E","M","M","$","M","R","B",null,"M","M","?","?","M","E"],"character_chosen":"DEFECT","items_purchased":["Storm","Panic Button"],"campfire_rested":0,"item_purchase_floors":[13,13],"current_hp_per_floor":[75,75,76,76,76,77,77,62,62,50,34,31,31,10,10,12,84,77,52,52,52,7,0,0],"gold":380,"neow_bonus":"THREE_ENEMY_KILL","is_daily":false,"chose_seed":false,"campfire_upgraded":1,"win_rate":0.0,"timestamp":1609545070,"path_taken":["M","?","?","?","?","E","M","E","T","E","M","M","$","M","R","BOSS","M","M","?","?","M","E"],"items_purchased_type":["Card","Card"],"build_version":"2020-12-22","purchased_purges":0,"victory":false,"max_hp_per_floor":[75,75,76,76,76,77,78,79,79,80,81,82,82,83,83,84,84,85,86,86,86,87,87,87],"card_choices":[{"not_picked":["Panic Button","Cold Snap"],"picked":"Ball Lightning","floor":1.0},{"not_picked":["Streamline","Barrage","Beam Cell"],"picked":"SKIP","floor":3.0},{"not_picked":["Time Bomb","Barrage"],"picked":"Ball Lightning","floor":6.0},{"not_picked":["Redo","Compile Driver"],"picked":"Defragment","floor":7.0},{"not_picked":["Meteor Strike","Gash"],"picked":"Fission","floor":8.0},{"not_picked":["Turbo","BasicCrystalCard"],"picked":"Sweeping Beam","floor":10.0},{"not_picked":["Barrage","Gash","FTL"],"picked":"SKIP","floor":11.0},{"not_picked":["Melter","ReplayTheSpireMod:System Scan"],"picked":"Coolheaded","floor":12.0},{"not_picked":["Beam Cell","ReplayTheSpireMod:Reroute Power","Barrage"],"picked":"SKIP","floor":14.0},{"not_picked":["Rainbow","Meteor Strike"],"picked":"Creative AI","floor":16.0},{"not_picked":["Time Bomb","Panic Button"],"picked":"Ball Lightning","floor":18.0},{"not_picked":["Steam","Hologram"],"picked":"Conserve Battery","floor":19.0},{"not_picked":["Panic Button","Go for the Eyes+1","ReplaySort"],"picked":"SKIP","floor":22}],"player_experience":273360,"relics_obtained":[{"floor":6.0,"key":"Juzu Bracelet"},{"floor":8.0,"key":"Omamori"},{"floor":10.0,"key":"Bottled Tornado"}],"event_choices":[{"damage_healed":0.0,"max_hp_gain":0.0,"max_hp_loss":0.0,"gold_gain":0.0,"event_name":"FaceTrader","player_choice":"Trade","floor":2.0,"gold_loss":0.0,"damage_taken":0.0,"relics_obtained":["FaceOfCleric"]},{"damage_healed":0.0,"max_hp_gain":0.0,"max_hp_loss":0.0,"gold_gain":100.0,"event_name":"Golden Shrine","player_choice":"Pray","floor":5.0,"gold_loss":0.0,"damage_taken":0.0},{"cards_removed":["Panic Button"],"damage_healed":0.0,"max_hp_gain":0.0,"max_hp_loss":0.0,"gold_gain":0.0,"event_name":"Beggar","player_choice":"Gave Gold","floor":20.0,"gold_loss":75.0,"damage_taken":0.0},{"damage_healed":0.0,"max_hp_gain":0.0,"max_hp_loss":0.0,"gold_gain":0.0,"event_name":"The Library","player_choice":"Read","floor":21.0,"gold_loss":0.0,"damage_taken":0.0,"cards_obtained":["Consume"]}],"is_beta":false,"boss_relics":[{"not_picked":["Painkiller Herb","Astrolabe"],"picked":"Inserter"}],"items_purged_floors":[],"is_endless":false,"potions_floor_spawned":[3,7,11,14,18,22],"killed_by":"Replay:Snechameleon","ascension_level":2}}