{"host":"x1qj4d8ympd5jdqh","time":1609470145,"event":{"mods":["AchievementEnabler","AlwaysNeverKeys","BaseMod","Colored Map","Custom Start","DeckTracker","Highlight Path","Minty Spire (QoL Compilation)","StSLib","SuperFastMode"],"gold_per_floor":[119,129,54,54,117,117,147,173,196,263,263,282,294,344,344,418,418,438,488,557,77,42,42,42,77,77,77,77],"floor_reached":27,"playtime":821,"items_purged":["Strike_G","Strike_G"],"score":502,"play_id":"b425ab8b-801f-4055-bab3-ba54131975b6","local_time":"20210101120225","is_ascension_mode":true,"campfire_choices":[{"data":"Skewer","floor":6,"key":"SMITH"},{"floor":11,"key":"REST"},{"data":"Dagger Spray","floor":15,"key":"SMITH"},{"floor":24,"key":"REST"}],"circlet_count":0,"master_deck":["AscendersBane","Strike_G","Strike_G","Strike_G","Defend_G","Defend_G","Defend_G","Defend_G","Defend_G","Survivor","Neutralize","Crippling Poison","Flying Knee","Skewer+1","Accuracy","Cloak And Dagger","Dagger Spray+1","Wraith Form v2","Corpse Explosion","PiercingWail","Footwork","Die Die Die"],"relics":["Ring of the Snake","NeowsBlessing","SsserpentHead","Vajra","Dream Catcher","Sozu","Sling","Bronze Scales","Bag of Preparation","InkBottle","Bird Faced Urn"],"acts_visited":["Exordium","TheCity"],"potions_floor_usage":[8,10,16,23],"damage_taken":[{"damage":0,"enemies":"2 Louse","floor":1,"turns":1},{"damage":0,"enemies":"Cultist","floor":2,"turns":1},{"damage":0,"enemies":"Jaw Worm","floor":5,"turns":1},{"damage":35,"enemies":"Lagavulin","floor":8,"turns":7},{"damage":4,"enemies":"Lots of Slimes","floor":10,"turns":4},{"damage":9,"enemies":"Blue Slaver","floor":12,"turns":4},{"damage":2,"enemies":"Large Slime","floor":13,"turns":4},{"damage":25,"enemies":"Slime Boss","floor":16,"turns":8},{"damage":36,"enemies":"2 Thieves","floor":18,"turns":4},{"damage":5,"enemies":"Spheric Guardian","floor":20,"turns":3},{"damage":0,"enemies":"Slavers","floor":23,"turns":1},{"damage":29,"enemies":"Book of Stabbing","floor":25,"turns":5},{"damage":0,"enemies":"Cultist and Chosen","floor":27,"turns":1}],"seed_played":"5367430528897509459","potions_obtained":[{"floor":1,"key":"PowerPotion"},{"floor":2,"key":"ColorlessPotion"},{"floor":7,"key":"LiquidMemories"},{"floor":8,"key":"Energy Potion"},{"floor":12,"key":"SmokeBomb"},{"floor":16,"key":"Swift Potion"}],"is_trial":false,"path_per_floor":["M","M","$","?","M","R","?","E","T","M","R","M","M","?","R","B",null,"M","?","M","$","?","E","R","E","T","M"],"character_chosen":"THE_SILENT","items_purchased":["Sling","Footwork","Bronze Scales"],"campfire_rested":2,"item_purchase_floors":[21,21,21],"current_hp_per_floor":[59,59,59,59,59,59,59,24,24,20,39,30,28,50,50,25,56,20,20,15,15,15,15,34,5,5,5,5],"gold":77,"neow_bonus":"THREE_ENEMY_KILL","is_daily":false,"chose_seed":false,"campfire_upgraded":2,"win_rate":0.0,"timestamp":1609470145,"path_taken":["M","M","$","?","?","R","?","E","T","?","R","M","M","?","R","BOSS","M","?","?","$","?","E","R","E","T","M"],"items_purchased_type":["Relic","Card","Relic"],"build_version":"2020-12-22","purchased_purges":2,"victory":false,"max_hp_per_floor":[66,66,66,66,66,66,66,66,66,66,66,66,66,66,66,66,66,66,66,66,66,66,66,66,66,66,66,66],"card_choices":[{"not_picked":["Cloak And Dagger","Well Laid Plans"],"picked":"Crippling Poison","floor":1},{"not_picked":["Acrobatics","Deadly Poison"],"picked":"Flying Knee","floor":2},{"not_picked":["Quick Slash","Concentrate"],"picked":"Skewer","floor":5},{"not_picked":["Flying Knee","Masterful Stab"],"picked":"Accuracy","floor":8},{"not_picked":["Flying Knee","Poisoned Stab"],"picked":"Cloak And Dagger","floor":10},{"not_picked":["Masterful Stab","Tools of the Trade"],"picked":"Dagger Spray","floor":11},{"not_picked":["Sucker Punch","Acrobatics","Dodge and Roll"],"picked":"SKIP","floor":12},{"not_picked":["Underhanded Strike","Poisoned Stab","Catalyst"],"picked":"SKIP","floor":13},{"not_picked":["Die Die Die","Envenom"],"picked":"Wraith Form v2","floor":16},{"not_picked":["Skewer+1","Flying Knee+1","Eviscerate"],"picked":"SKIP","floor":18},{"not_picked":["Flying Knee","Caltrops"],"picked":"PiercingWail","floor":20},{"not_picked":["Acrobatics","Slice"],"picked":"Die Die Die","floor":25}],"player_experience":1302808,"relics_obtained":[{"floor":8,"key":"Vajra"},{"floor":9,"key":"Dream Catcher"},{"floor":25,"key":"InkBottle"},{"floor":26,"key":"Bird Faced Urn"}],"event_choices":[{"damage_healed":0,"gold_gain":0,"player_choice":"Trade","damage_taken":0,"relics_obtained":["SsserpentHead"],"max_hp_gain":0,"max_hp_loss":0,"event_name":"FaceTrader","floor":4,"gold_loss":0},{"damage_healed":0,"gold_gain":0,"player_choice":"Bought 1 Potion","damage_taken":0,"max_hp_gain":0,"max_hp_loss":0,"event_name":"The Woman in Blue","floor":7,"gold_loss":0},{"damage_healed":22,"gold_gain":0,"player_choice":"Banana","damage_taken":0,"max_hp_gain":0,"max_hp_loss":0,"event_name":"Big Fish","floor":14,"gold_loss":0},{"damage_healed":0,"gold_gain":0,"player_choice":"1 cards matched","damage_taken":0,"max_hp_gain":0,"max_hp_loss":0,"event_name":"Match and Keep!","floor":19,"gold_loss":0,"cards_obtained":["Corpse Explosion"]},{"damage_healed":0,"gold_gain":0,"player_choice":"Obtained Relic","damage_taken":0,"relics_obtained":["Bag of Preparation"],"max_hp_gain":0,"max_hp_loss":0,"event_name":"Addict","floor":22,"gold_loss":85}],"is_beta":false,"boss_relics":[{"not_picked":["Busted Crown","Black Star"],"picked":"Sozu"}],"items_purged_floors":[3,21],"is_endless":false,"potions_floor_spawned":[1,2,8,12,16,23],"killed_by":"Cultist and Chosen","ascension_level":20}}