{"host":"vlqejv0notyktumz","time":1609465118,"event":{"mods":["AchievementEnabler","BaseMod","Googly Eyes","Minty Spire (QoL Compilation)"],"gold_per_floor":[109,109,121,134,114,114,147,147,147,27,37,37,37],"floor_reached":12,"playtime":272,"items_purged":[],"score":101,"play_id":"a1cc03eb-e313-4251-8a6a-f3c45d177c20","local_time":"20201231193838","is_ascension_mode":true,"campfire_choices":[{"data":"Ball Lightning","floor":6,"key":"SMITH"},{"data":"Zap","floor":8,"key":"SMITH"}],"circlet_count":0,"master_deck":["Strike_B","Strike_B","Strike_B","Strike_B","Defend_B","Defend_B","Defend_B","Zap+1","Dualcast","Blind","Conserve Battery","Ball Lightning+1","Redo","Cold Snap","Redo"],"relics":["Cracked Core","Bottled Flame","Toy Ornithopter"],"acts_visited":["Exordium"],"potions_floor_usage":[11,11,11,12],"damage_taken":[{"damage":2,"enemies":"2 Louse","floor":1,"turns":2},{"damage":2,"enemies":"Small Slimes","floor":3,"turns":4},{"damage":0,"enemies":"Cultist","floor":4,"turns":3},{"damage":35,"enemies":"3 Sentries","floor":7,"turns":7},{"damage":13,"enemies":"Lots of Slimes","floor":11,"turns":3},{"damage":35,"enemies":"Gremlin Nob","floor":12,"turns":3}],"seed_played":"7186250235404639170","potions_obtained":[{"floor":1,"key":"PotionOfCapacity"},{"floor":5,"key":"DistilledChaos"},{"floor":11,"key":"Swift Potion"}],"is_trial":false,"path_per_floor":["M","?","M","M","?","R","E","R","T","$","M","E"],"character_chosen":"DEFECT","items_purchased":["PowerPotion","Redo","Cold Snap"],"campfire_rested":0,"item_purchase_floors":[10,10,10],"current_hp_per_floor":[66,59,57,57,57,57,22,22,22,22,24,0,0],"gold":37,"neow_bonus":"RANDOM_COLORLESS","is_daily":false,"chose_seed":false,"campfire_upgraded":2,"win_rate":0.0,"timestamp":1609465118,"path_taken":["M","?","M","M","?","R","E","R","T","$","?","E"],"items_purchased_type":["Potion","Card","Card"],"build_version":"2020-12-22","purchased_purges":0,"victory":false,"max_hp_per_floor":[75,75,75,75,75,75,75,75,75,75,75,75,75],"card_choices":[{"not_picked":["Trip","Purity"],"picked":"Blind","floor":0},{"not_picked":["Cold Snap","Ball Lightning"],"picked":"Conserve Battery","floor":1},{"not_picked":["Sweeping Beam","Conserve Battery"],"picked":"Ball Lightning","floor":3},{"not_picked":["Hello World","Steam","Coolheaded"],"picked":"SKIP","floor":4},{"not_picked":["Reprogram","Consume","Storm"],"picked":"SKIP","floor":7},{"not_picked":["Storm","Sunder"],"picked":"Redo","floor":11}],"player_experience":281332,"relics_obtained":[{"floor":7,"key":"Bottled Flame"},{"floor":9,"key":"Toy Ornithopter"}],"event_choices":[{"cards_removed":["Defend_B"],"damage_healed":0,"gold_gain":0,"player_choice":"Card Removal","damage_taken":7,"max_hp_gain":0,"max_hp_loss":0,"event_name":"Golden Wing","floor":2,"gold_loss":0},{"damage_healed":0,"gold_gain":0,"player_choice":"Bought 1 Potion","damage_taken":0,"max_hp_gain":0,"max_hp_loss":0,"event_name":"The Woman in Blue","floor":5,"gold_loss":0}],"is_beta":false,"boss_relics":[],"items_purged_floors":[],"is_endless":false,"potions_floor_spawned":[1,11],"killed_by":"Gremlin Nob","ascension_level":6}}