{"host":"p5axfb00mxhraew6","time":1609466937,"event":{"mods":["Abigail Mod","Act Like it!","BaseMod","CapriCore","Friendly Minions","GifTheSpireLib","Jedi Mod","KomeijiMod","MarisaÅiñ∂âJÅ@ñÇóùçπÅj","Minty Spire (QoL Compilation)","Prisma Mod","ReimuÅiîé??öÎÅj","RemiliaÅiÂQïƒ‰ª?Åj","SOSÅiézîb?îVéqÅj","StSLib","Td1madao Mod","The Alterego","The Immortal","The Problem Sleuth","Yakumo Yukari mod"],"gold_per_floor":[134,149,149,14,27,58,58,58,58,58,58],"floor_reached":10,"playtime":315,"items_purged":[],"score":129,"play_id":"a7751777-9fee-4e61-b281-0947c8814e80","local_time":"20210101110857","is_ascension_mode":true,"campfire_choices":[{"data":"CommonSense_AntiCommonSense_purple","floor":7,"key":"SMITH"}],"circlet_count":0,"master_deck":["AscendersBane","AT_purpleEX","AT_purpleEX","AT_purpleEX","AT_purpleEX+1","Defend_purpleEX","Defend_purpleEX","Defend_purpleEX+1","Defend_purpleEX","Observe_purple_1","Observe_purple_2","SharpContractionReality_purple","MeetDecomposer_purple","CommonSense_AntiCommonSense_purple+1","MeetDecomposer_purple","DimensionStaggered_purple","OmniscientAndOmnipotent_Monster_purple"],"relics":["Boundary_crack","Memoryfragments_purpleEX","NeowsBlessing","Question Card","Golden Idol","HornCleat"],"acts_visited":["Exordium"],"potions_floor_usage":[6,10],"damage_taken":[{"damage":0,"enemies":"2 Louse","floor":1,"turns":1},{"damage":0,"enemies":"Small Slimes","floor":2,"turns":1},{"damage":0,"enemies":"Cultist","floor":5,"turns":1},{"damage":18,"enemies":"3 Sentries","floor":6,"turns":12},{"damage":48,"enemies":"Gremlin Nob","floor":10,"turns":4}],"seed_played":"-415446487049393676","potions_obtained":[{"floor":1,"key":"Explosive Potion"},{"floor":6,"key":"BlessingOfTheForge"}],"is_trial":false,"path_per_floor":["M","M","?","$","M","E","R","?","T","E"],"character_chosen":"Youkari","items_purchased":["CommonSense_AntiCommonSense_purple","MeetDecomposer_purple"],"campfire_rested":0,"item_purchase_floors":[4,4],"current_hp_per_floor":[59,59,39,39,39,26,26,26,26,0,0],"gold":58,"neow_bonus":"THREE_ENEMY_KILL","is_daily":false,"chose_seed":false,"campfire_upgraded":1,"win_rate":0.0,"timestamp":1609466937,"path_taken":["M","M","?","$","M","E","R","?","T","E"],"items_purchased_type":["Card","Card"],"build_version":"2020-12-22","purchased_purges":0,"victory":false,"max_hp_per_floor":[65,65,65,65,65,65,65,59,59,59,59],"card_choices":[{"not_picked":["Realm_recovery_purpleEX","Boundary_DreamRealityDamnation_purple"],"picked":"SharpContractionReality_purple","floor":1},{"not_picked":["ExistenceContinue_purple","WatchEChange_purple"],"picked":"MeetDecomposer_purple","floor":2},{"not_picked":["Yakumo_Ran_purple","RealityDreamConfluencek_purple"],"picked":"DimensionStaggered_purple","floor":5},{"not_picked":["Photoelasticity_Doppler_Effect_purple","OpenedBox_purple"],"picked":"OmniscientAndOmnipotent_Monster_purple","floor":6}],"player_experience":1177259,"relics_obtained":[{"floor":6,"key":"Question Card"},{"floor":9,"key":"HornCleat"}],"event_choices":[{"damage_healed":0,"gold_gain":0,"player_choice":"Entered Light","damage_taken":20,"max_hp_gain":0,"max_hp_loss":0,"event_name":"Shining Light","floor":3,"gold_loss":0,"cards_upgraded":["AT_purpleEX","Defend_purpleEX"]},{"damage_healed":0,"gold_gain":0,"player_choice":"Lose Max HP","damage_taken":0,"relics_obtained":["Golden Idol"],"max_hp_gain":0,"max_hp_loss":6,"event_name":"Golden Idol","floor":8,"gold_loss":0}],"is_beta":false,"boss_relics":[],"items_purged_floors":[],"is_endless":false,"potions_floor_spawned":[1,6],"killed_by":"Gremlin Nob","ascension_level":19}}