{"host":"r70xsz6j1oj94nbd","time":1609507921,"event":{"mods":["ATMod(°¢èªMod)","Act Like it!","Arknights The Spire","BaseMod","Downfall-Rebalance","Minty Spire (QoL Compilation)","Quick Restart","RNG Fix","Shop Mod","Spicy Shops","StSLib","The Animator","¡¾¹¦ÄÜMod¡¿»ìãçÖ®»·ÐÞ¸´²¹¶¡","²ÐÁôÖ®Îï"],"gold_per_floor":[116,136,136,136,154,154,154,154],"floor_reached":7,"playtime":312,"items_purged":[],"score":41,"play_id":"8be9735a-e291-4572-adac-089fe5893cb3","local_time":"20210101213200","is_ascension_mode":false,"campfire_choices":[{"floor":6,"key":"RECALL"}],"circlet_count":0,"master_deck":["ats:Strike C","ats:Strike G","ats:Strike S","ats:Strike V","ats:Armor Crushing Shot","ats:Defend","ats:Defend","ats:Defend","ats:Defend","ats:Emotion Absorption","ats:Apocalypse","ats:Charging Defense","ats:Leaping Hammer"],"relics":["ats:Sanity","AT_ATBox","NeowsBlessing","Pen Nib"],"acts_visited":["Exordium"],"potions_floor_usage":[1],"damage_taken":[{"damage":0,"enemies":"Small Slimes","floor":1,"turns":2},{"damage":0,"enemies":"Jaw Worm","floor":2,"turns":1},{"damage":0,"enemies":"Cultist","floor":5,"turns":2},{"damage":83,"enemies":"Lagavulin","floor":7,"turns":11}],"seed_played":"342624608674126541","potions_obtained":[{"floor":1,"key":"Fruit Juice"}],"is_trial":false,"path_per_floor":["M","M","?","?","M","R","E"],"character_chosen":"DOCTOR_CLASS","items_purchased":[],"campfire_rested":0,"item_purchase_floors":[],"current_hp_per_floor":[77,77,82,70,74,74,0,0],"gold":154,"neow_bonus":"THREE_ENEMY_KILL","is_daily":false,"chose_seed":false,"campfire_upgraded":0,"win_rate":0.0,"timestamp":1609507920,"path_taken":["M","M","?","?","M","R","E"],"items_purchased_type":[],"build_version":"2020-12-22","purchased_purges":0,"victory":false,"max_hp_per_floor":[77,77,82,82,82,82,82,82],"card_choices":[{"not_picked":["ats:Poison Spread","ats:Curse Doll"],"picked":"ats:Apocalypse","floor":1},{"not_picked":["ats:Poison Spread","ats:Beaten Up"],"picked":"ats:Charging Defense","floor":2},{"not_picked":["ats:Explosion Area Strengthen","ats:Ignite"],"picked":"ats:Leaping Hammer","floor":5}],"player_experience":261118,"relics_obtained":[],"event_choices":[{"damage_healed":0,"gold_gain":0,"player_choice":"Donut","damage_taken":0,"max_hp_gain":5,"max_hp_loss":0,"event_name":"Big Fish","floor":3,"gold_loss":0},{"damage_healed":0,"gold_gain":0,"player_choice":"Success","damage_taken":12,"relics_obtained":["Pen Nib"],"max_hp_gain":0,"max_hp_loss":0,"event_name":"Scrap Ooze","floor":4,"gold_loss":0}],"is_beta":false,"boss_relics":[],"items_purged_floors":[],"is_endless":false,"potions_floor_spawned":[1],"killed_by":"Lagavulin","ascension_level":0}}