{"host":"sav7uxregyirlf69","time":1609509206,"event":{"mods":["AchievementEnabler","BaseMod","Colored Map","DeckTracker","Keyboard Shortcuts","Minty Spire (QoL Compilation)","READ ME - Guardian Mod","StSLib","SuperFastMode"],"gold_per_floor":[10,20,20,20,40,40,54,71,152,74,74,74,84,84,84,84,84],"floor_reached":16,"playtime":251,"items_purged":[],"score":184,"play_id":"53a0f05b-c24c-4970-8933-d0f7e8d32b8d","local_time":"20210101225326","is_ascension_mode":true,"campfire_choices":[{"data":"Acrobatics","floor":6,"key":"SMITH"},{"data":"Footwork","floor":12,"key":"SMITH"},{"floor":15,"key":"REST"}],"circlet_count":0,"master_deck":["AscendersBane","Strike_G","Strike_G","Strike_G","Strike_G","Defend_G","Defend_G","Defend_G","Defend_G","Defend_G","Survivor","Neutralize","Outmaneuver+1","Dodge and Roll","Quick Slash","Acrobatics+1","Cloak And Dagger","Footwork+1"],"relics":["Ring of the Snake","Ice Cream","Paper Crane","NlothsMask"],"acts_visited":["Exordium"],"potions_floor_usage":[8,8],"damage_taken":[{"damage":3,"enemies":"2 Louse","floor":1,"turns":3},{"damage":7,"enemies":"Cultist","floor":2,"turns":5},{"damage":2,"enemies":"Jaw Worm","floor":5,"turns":6},{"damage":16,"enemies":"Large Slime","floor":7,"turns":8},{"damage":8,"enemies":"Gremlin Gang","floor":8,"turns":6},{"damage":11,"enemies":"2 Fungi Beasts","floor":13,"turns":6},{"damage":0,"enemies":"Hexaghost","floor":16,"turns":1}],"seed_played":"3110975022485740144","potions_obtained":[{"floor":5,"key":"EssenceOfSteel"},{"floor":7,"key":"ColorlessPotion"},{"floor":13,"key":"SpeedPotion"}],"is_trial":false,"path_per_floor":["M","M","?","?","M","R","M","M","T","$","T","R","M","?","R","B"],"character_chosen":"THE_SILENT","items_purchased":["Footwork"],"campfire_rested":1,"item_purchase_floors":[10],"current_hp_per_floor":[56,49,49,49,47,47,31,23,23,23,23,23,12,12,31,31,31],"gold":84,"neow_bonus":"ONE_RARE_RELIC","is_daily":false,"chose_seed":false,"campfire_upgraded":2,"win_rate":0.0,"timestamp":1609509206,"path_taken":["M","M","?","?","M","R","M","?","T","?","?","R","M","?","R","BOSS"],"items_purchased_type":["Card"],"build_version":"2020-12-22","purchased_purges":0,"victory":false,"max_hp_per_floor":[66,66,66,66,66,66,66,66,66,66,66,66,66,66,66,66,66],"card_choices":[{"not_picked":["Slice","Expertise"],"picked":"Outmaneuver","floor":1},{"not_picked":["PiercingWail","Blade Dance"],"picked":"Dodge and Roll","floor":2},{"not_picked":["Poisoned Stab","Dagger Spray"],"picked":"Acrobatics","floor":5},{"not_picked":["Envenom","Dodge and Roll","Underhanded Strike"],"picked":"SKIP","floor":7},{"not_picked":["Finisher","Dodge and Roll"],"picked":"Cloak And Dagger","floor":8},{"not_picked":["PiercingWail","Cloak And Dagger","Finisher"],"picked":"SKIP","floor":13}],"player_experience":1100586,"relics_obtained":[{"floor":9,"key":"Paper Crane"}],"event_choices":[{"damage_healed":0,"gold_gain":0,"cards_transformed":["Strike_G"],"player_choice":"Change","damage_taken":0,"max_hp_gain":0,"max_hp_loss":0,"event_name":"Living Wall","floor":3,"gold_loss":0,"cards_obtained":["Quick Slash"]},{"damage_healed":0,"gold_gain":0,"player_choice":"Upgraded","damage_taken":0,"max_hp_gain":0,"max_hp_loss":0,"event_name":"Upgrade Shrine","floor":4,"gold_loss":0,"cards_upgraded":["Outmaneuver"]},{"damage_healed":0,"gold_gain":0,"player_choice":"Trade","damage_taken":0,"relics_obtained":["NlothsMask"],"max_hp_gain":0,"max_hp_loss":0,"event_name":"FaceTrader","floor":14,"gold_loss":0}],"is_beta":false,"boss_relics":[],"items_purged_floors":[],"is_endless":false,"potions_floor_spawned":[5,7,13],"killed_by":"Hexaghost","ascension_level":20}}