{"host":"0azimyi6n3ugndj4","time":1609540225,"event":{"mods":["2.2 Compatiblity","BaseMod","Bestiary","Conspire","Curses Come First","Defuse TimeMaze Blight","Hermit","Hyrulean Relics","Infinite Spire","Minty Spire (QoL Compilation)","Relic Stats","Replay The Spire","StSLib","SuperFastMode","The Cursed","Uncapped","¡¼?Úª?ø«¡½REMEMod"],"gold_per_floor":[138,186,186,186,225,225,225],"floor_reached":6,"playtime":137,"items_purged":[],"score":247,"play_id":"55ebaa3f-8bf1-4f0a-991e-d8ab9e75ad21","local_time":"20210102073025","daily_mods":["SealedDeck","Hoarder","Insanity","Chimera","Specialized","Vintage","ControlledChaos","Allstar","Diverse","Colorless Cards","Heirloom","Time Dilation","Flight","Elite Swarm","Lethality","Midas","Binary"],"is_ascension_mode":true,"campfire_choices":[],"circlet_count":0,"master_deck":["Demon Form","Wraith Form v2","Echo Form","DevaForm","AscendersBane","Bash","Survivor","Zap","Eruption","Strike_R","Strike_G","Strike_B","Defend_R","Defend_G","Defend_P","TheCursedMod:CursedShiv","TheCursedMod:CursedBlade","Underhanded Strike","Replay:Sssssssssstrike","hermit:Brawl","Replay:BluntJabs","Poisoned Stab","Deflect","hermit:Coalescence","hermit:TrackingShot","Redo","Replay:BluntJabs","TheCursedMod:WearCloak","Dagger Throw","Escape Plan","Disarm","hermit:Coalescence","TheCursedMod:RapidMovement","hermit:Quickdraw","TheCursedMod:SaltUponWound","Clothesline","Rebound","Tantrum","REME_TheoryOfElimination","TheCursedMod:HellfireBreathing","TheCursedMod:TacticalStrike","FlyingSleeves","Flex","Gash","hermit:SprayPray","CutThroughFate","SignatureMove","Cleave","Hidden Blade","TheCursedMod:BlessingInDisguise","Coolheaded","Melter","Havoc","Draining Mist","Slice","TheCursedMod:WearCloak","CrushJoints","Run Through","Entrench","ThirdEye","Dropkick","Time Bomb","Skim","hermit:LuckOfTheDraw","True Grit","Omniscience","Omniscience","Omniscience","Omniscience","Omniscience","Omniscience","Omniscience","Omniscience","Omniscience","Omniscience","Omniscience","Omniscience","Omniscience","Omniscience","Omniscience","Go for the Eyes","Go for the Eyes","Go for the Eyes","Consecrate","Consecrate","Consecrate","Sword Boomerang","Sword Boomerang","Sword Boomerang","Gash","Gash","Gash","Warcry","Warcry","Warcry","Rebound","Rebound","Rebound","Rebound","Rebound","Rebound","Cleave","Cleave","Cleave","Cleave","Cleave","Cleave","ReplayTheSpireMod:Reroute Power","ReplayTheSpireMod:Reroute Power","ReplayTheSpireMod:Reroute Power","REME_CRH","REME_CRH","REME_CRH"],"relics":["PureWater","Frozen Eye","Busted Crown","REME_ComplimentaryCards","Mango","Calipers","Pocketwatch","zeldaRelics:BlueTunic","Onion Ring"],"acts_visited":["Exordium"],"potions_floor_usage":[6],"damage_taken":[{"damage":0,"enemies":"Cultist","floor":1,"turns":2},{"damage":13,"enemies":"Small Slimes","floor":2,"turns":3},{"damage":42,"enemies":"Small Slimes","floor":3,"turns":6},{"damage":0,"enemies":"Jaw Worm","floor":5,"turns":1},{"damage":26,"enemies":"3 Sentries","floor":6,"turns":2}],"seed_played":"-3195537427820515399","potions_obtained":[{"floor":5,"key":"AttackPotion"}],"is_trial":true,"path_per_floor":["M","M","?","?","M","E"],"character_chosen":"WATCHER","items_purchased":[],"campfire_rested":0,"item_purchase_floors":[],"current_hp_per_floor":[75,62,20,25,25,0,0],"gold":225,"neow_bonus":"","is_daily":false,"chose_seed":false,"campfire_upgraded":0,"win_rate":0.0,"timestamp":1609540225,"path_taken":["M","?","?","?","?","E"],"items_purchased_type":[],"build_version":"2020-12-22","purchased_purges":0,"victory":false,"max_hp_per_floor":[82,82,82,87,87,87,87],"relic_stats":{"Busted Crown":6,"counters":[5,14],"obtain_stats":[{"zeldaRelics:BlueTunic":3,"Frozen Eye":0,"Busted Crown":0,"Calipers":1,"Mango":0,"Onion Ring":5,"PureWater":0,"REME_ComplimentaryCards":0,"Pocketwatch":2},{"zeldaRelics:BlueTunic":3,"Frozen Eye":0,"Busted Crown":0,"Calipers":1,"Mango":0,"Onion Ring":4,"PureWater":0,"REME_ComplimentaryCards":0,"Pocketwatch":2},{"zeldaRelics:BlueTunic":11,"Frozen Eye":0,"Busted Crown":0,"Calipers":2,"Mango":0,"Onion Ring":12,"PureWater":0,"REME_ComplimentaryCards":0,"Pocketwatch":5}],"Pocketwatch":[3]},"card_choices":[],"player_experience":1488178,"relics_obtained":[{"floor":1,"key":"Calipers"},{"floor":2,"key":"Pocketwatch"},{"floor":3,"key":"zeldaRelics:BlueTunic"},{"floor":5,"key":"Onion Ring"}],"event_choices":[{"damage_healed":0,"gold_gain":0,"player_choice":"Donut","damage_taken":0,"max_hp_gain":5,"max_hp_loss":0,"event_name":"Big Fish","floor":4,"gold_loss":0}],"is_beta":false,"boss_relics":[],"items_purged_floors":[],"is_endless":false,"potions_floor_spawned":[5],"killed_by":"3 Sentries","ascension_level":20}}