{"host":"gt0dl596oi2o9djp","time":1609543519,"event":{"mods":["AchievementEnabler","BaseMod","Block Reminder","Colored Map","Minty Spire (QoL Compilation)","Unceasing Turn Reminder","everything is the same but u backflip on backflip"],"gold_per_floor":[114,129,144,159,174,204,204,234,234,236,266,266,296,71,71,171,171,186,186,101,1,16,46,46,76,76,106,106,121,136,151,151,251,251,266,281,296,311,326,356,356,386,386,416,0,30,45,45,45,45],"floor_reached":51,"playtime":6686,"items_purged":["Grand Finale","Tools of the Trade"],"score":1132,"play_id":"8c41cdea-6061-4cbd-a8d0-0864f77222cc","local_time":"20210101152519","daily_mods":["Shiny","ControlledChaos","Elite Swarm"],"is_ascension_mode":false,"campfire_choices":[{"data":"Corpse Explosion","floor":7.0,"key":"SMITH"},{"data":"Die Die Die","floor":12.0,"key":"SMITH"},{"data":"Envenom","floor":15.0,"key":"SMITH"},{"data":"Crippling Poison","floor":24.0,"key":"SMITH"},{"data":"Adrenaline","floor":32.0,"key":"SMITH"},{"data":"Bullet Time","floor":41,"key":"SMITH"},{"data":"Night Terror","floor":49,"key":"SMITH"}],"circlet_count":0,"master_deck":["Venomology","Corpse Explosion+1","Malaise","Phantasmal Killer","Die Die Die+1","Adrenaline+1","Envenom+1","Doppelganger","Burst","Wraith Form v2","Night Terror+1","Unload","After Image","Bullet Time+1","Storm of Steel","Glass Knife","A Thousand Cuts","Crippling Poison+1","Catalyst+1","Bullet Time","Wraith Form v2"],"relics":["Ring of the Snake","Frozen Eye","Prayer Wheel","PreservedInsect","Orichalcum","Odd Mushroom","Snake Skull","Strawberry","Chemical X","Velvet Choker","Nilry\u0027s Codex","Pen Nib","Singing Bowl","Happy Flower","White Beast Statue","Question Card","SacredBark","Shuriken","Potion Belt","Lizard Tail","Gremlin Horn","Red Mask","HornCleat"],"acts_visited":["Exordium","TheCity","TheBeyond"],"potions_floor_usage":[38,44,50,50,50,50],"damage_taken":[{"damage":0.0,"enemies":"Cultist","floor":1.0,"turns":2.0},{"damage":0.0,"enemies":"Small Slimes","floor":2.0,"turns":1.0},{"damage":0.0,"enemies":"2 Louse","floor":3.0,"turns":1.0},{"damage":1.0,"enemies":"Blue Slaver","floor":4.0,"turns":2.0},{"damage":11.0,"enemies":"Exordium Wildlife","floor":5.0,"turns":2.0},{"damage":9.0,"enemies":"3 Sentries","floor":6.0,"turns":2.0},{"damage":0.0,"enemies":"Lagavulin","floor":8.0,"turns":5.0},{"damage":0.0,"enemies":"The Mushroom Lair","floor":10.0,"turns":2.0},{"damage":0.0,"enemies":"Gremlin Nob","floor":11.0,"turns":3.0},{"damage":3.0,"enemies":"3 Sentries","floor":13.0,"turns":2.0},{"damage":0.0,"enemies":"Hexaghost","floor":16.0,"turns":5.0},{"damage":0.0,"enemies":"Chosen","floor":18.0,"turns":3.0},{"damage":0.0,"enemies":"3 Byrds","floor":22.0,"turns":2.0},{"damage":6.0,"enemies":"Gremlin Leader","floor":23.0,"turns":4.0},{"damage":0.0,"enemies":"Book of Stabbing","floor":25.0,"turns":5.0},{"damage":6.0,"enemies":"Gremlin Leader","floor":27.0,"turns":4.0},{"damage":0.0,"enemies":"Centurion and Healer","floor":29.0,"turns":3.0},{"damage":0.0,"enemies":"3 Cultists","floor":30.0,"turns":2.0},{"damage":0.0,"enemies":"Snake Plant","floor":31.0,"turns":2.0},{"damage":0.0,"enemies":"Automaton","floor":33.0,"turns":7.0},{"damage":13.0,"enemies":"3 Darklings","floor":35.0,"turns":2.0},{"damage":2.0,"enemies":"3 Shapes","floor":36.0,"turns":3.0},{"damage":4.0,"enemies":"Spire Growth","floor":37.0,"turns":3.0},{"damage":0,"enemies":"Maw","floor":38,"turns":5},{"damage":0,"enemies":"Jaw Worm Horde","floor":39,"turns":1},{"damage":0,"enemies":"Nemesis","floor":40,"turns":3},{"damage":8,"enemies":"Reptomancer","floor":42,"turns":3},{"damage":0,"enemies":"Giant Head","floor":44,"turns":6},{"damage":0,"enemies":"Reptomancer","floor":46,"turns":3},{"damage":0,"enemies":"Transient","floor":47,"turns":5},{"damage":57,"enemies":"Awakened One","floor":50,"turns":11}],"seed_played":"-2495295926900846280","potions_obtained":[{"floor":1.0,"key":"GamblersBrew"},{"floor":3.0,"key":"DuplicationPotion"},{"floor":11.0,"key":"SteroidPotion"},{"floor":16.0,"key":"Fire Potion"},{"floor":18.0,"key":"PowerPotion"},{"floor":22.0,"key":"EssenceOfSteel"},{"floor":25.0,"key":"GhostInAJar"},{"floor":27.0,"key":"DuplicationPotion"},{"floor":37.0,"key":"Fruit Juice"},{"floor":38,"key":"SneckoOil"},{"floor":42,"key":"DistilledChaos"},{"floor":44,"key":"Swift Potion"},{"floor":46,"key":"PowerPotion"},{"floor":47,"key":"DuplicationPotion"}],"is_trial":false,"path_per_floor":["M","M","M","M","M","E","R","E","T","?","E","R","E","$","R","B",null,"M","?","?","$","M","E","R","E","T","E","?","M","M","M","R","B",null,"M","M","M","M","M","E","R","E","T","E","?","E","M","?","R","B",null],"character_chosen":"THE_SILENT","items_purchased":["Chemical X"],"campfire_rested":0,"item_purchase_floors":[14],"current_hp_per_floor":[70,70,70,69,58,49,49,49,49,49,49,49,53,53,53,53,77,77,61,61,61,61,57,57,59,59,55,55,59,61,65,65,65,93,84,86,96,100,104,106,106,98,98,100,100,102,106,106,106,49],"gold":45,"neow_bonus":"","is_daily":true,"chose_seed":false,"campfire_upgraded":7,"win_rate":0.0,"timestamp":1609543519,"path_taken":["M","M","M","?","M","E","R","E","T","?","E","R","E","$","R","BOSS","M","?","?","?","M","E","R","E","T","E","?","M","M","M","R","BOSS","M","M","M","M","M","E","R","E","T","E","?","E","M","?","R","BOSS"],"items_purchased_type":["Relic"],"build_version":"2020-12-22","purchased_purges":2,"victory":true,"max_hp_per_floor":[70,70,70,70,70,70,70,70,70,70,70,70,77,77,77,77,77,77,77,77,77,77,79,79,81,81,83,83,87,89,93,93,93,93,97,101,115,119,123,125,125,125,125,127,127,129,133,126,126,126],"card_choices":[{"not_picked":["Setup","Dagger Spray","Underhanded Strike"],"picked":"SKIP","floor":1.0},{"not_picked":["Bouncing Flask","Accuracy","Dodge and Roll"],"picked":"SKIP","floor":2.0},{"not_picked":["Footwork","Flechettes","Bane"],"picked":"SKIP","floor":3.0},{"not_picked":["Prepared","Blade Dance","Catalyst"],"picked":"SKIP","floor":4.0},{"not_picked":["Sucker Punch","Underhanded Strike","Blur"],"picked":"SKIP","floor":5.0},{"not_picked":["Sucker Punch","Underhanded Strike","Blur"],"picked":"SKIP","floor":5.0},{"not_picked":["Envenom","Corpse Explosion","A Thousand Cuts"],"picked":"SKIP","floor":6.0},{"not_picked":["Wraith Form v2","Unload","Venomology"],"picked":"SKIP","floor":8.0},{"not_picked":["Wraith Form v2","Doppelganger","Phantasmal Killer"],"picked":"SKIP","floor":11.0},{"not_picked":["Venomology","Glass Knife","A Thousand Cuts"],"picked":"SKIP","floor":13.0},{"not_picked":["Slice","Bane"],"picked":"Crippling Poison","floor":18.0},{"not_picked":["Blade Dance","Expertise","Reflex"],"picked":"SKIP","floor":18.0},{"not_picked":["Deflect","Leg Sweep","Quick Slash"],"picked":"SKIP","floor":22.0},{"not_picked":["Deflect+1","Backflip","Prepared"],"picked":"SKIP","floor":22.0},{"not_picked":["Corpse Explosion","Malaise","Envenom"],"picked":"Singing Bowl","floor":23.0},{"not_picked":["Unload","Burst","Envenom"],"picked":"Singing Bowl","floor":25.0},{"not_picked":["Venomology","Doppelganger","Grand Finale"],"picked":"Singing Bowl","floor":27.0},{"not_picked":["Dodge and Roll","Endless Agony","Sucker Punch","PiercingWail+1"],"picked":"Singing Bowl","floor":29.0},{"not_picked":["Flying Knee","Blade Dance","Quick Slash","Choke+1"],"picked":"Singing Bowl","floor":29.0},{"not_picked":["Bane+1","Backstab+1","Skewer+1","PiercingWail"],"picked":"Singing Bowl","floor":30.0},{"not_picked":["Choke","Phantasmal Killer","Dagger Throw"],"picked":"Catalyst+1","floor":30.0},{"not_picked":["Quick Slash","Underhanded Strike","Bane","Heel Hook"],"picked":"Singing Bowl","floor":31.0},{"not_picked":["Slice","Dagger Throw","Choke","Outmaneuver"],"picked":"Singing Bowl","floor":31.0},{"not_picked":["Venomology","Adrenaline","A Thousand Cuts"],"picked":"Bullet Time","floor":33.0},{"not_picked":["Dodge and Roll+1","Slice","Accuracy","Flying Knee+1"],"picked":"Singing Bowl","floor":35.0},{"not_picked":["Tools of the Trade","PiercingWail","Eviscerate","Prepared+1"],"picked":"Singing Bowl","floor":35.0},{"not_picked":["Underhanded Strike","PiercingWail+1","Dagger Spray","Poisoned Stab"],"picked":"Singing Bowl","floor":36.0},{"not_picked":["Blade Dance+1","Poisoned Stab+1","Dagger Spray+1","Catalyst+1"],"picked":"Singing Bowl","floor":36.0},{"not_picked":["Bane+1","Blur","Escape Plan+1","Flechettes+1"],"picked":"Singing Bowl","floor":37.0},{"not_picked":["Slice","Accuracy","Tools of the Trade","Outmaneuver+1"],"picked":"Singing Bowl","floor":37.0},{"not_picked":["Infinite Blades+1","Underhanded Strike+1","Bane","Backstab+1"],"picked":"Singing Bowl","floor":38},{"not_picked":["Masterful Stab","Footwork+1","Underhanded Strike+1","Outmaneuver"],"picked":"Singing Bowl","floor":38},{"not_picked":["Dash+1","Bane+1","Acrobatics+1","Calculated Gamble+1"],"picked":"Singing Bowl","floor":39},{"not_picked":["Flying Knee","Outmaneuver+1","Wraith Form v2","Deadly Poison+1"],"picked":"Singing Bowl","floor":39},{"not_picked":["Tools of the Trade","Venomology","Grand Finale","Envenom"],"picked":"Singing Bowl","floor":40},{"not_picked":["Malaise","Doppelganger","Night Terror"],"picked":"Wraith Form v2","floor":42},{"not_picked":["Wraith Form v2","Unload","After Image","Corpse Explosion"],"picked":"Singing Bowl","floor":44},{"not_picked":["Corpse Explosion","Tools of the Trade","Die Die Die","Phantasmal Killer"],"picked":"Singing Bowl","floor":46},{"not_picked":["Poisoned Stab","All Out Attack+1","Cloak And Dagger+1","Noxious Fumes+1"],"picked":"Singing Bowl","floor":47},{"not_picked":["Deadly Poison","Bane+1","Acrobatics","Prepared"],"picked":"Singing Bowl","floor":47}],"player_experience":242516,"relics_obtained":[{"floor":6.0,"key":"Prayer Wheel"},{"floor":8.0,"key":"PreservedInsect"},{"floor":9.0,"key":"Orichalcum"},{"floor":10.0,"key":"Odd Mushroom"},{"floor":11.0,"key":"Snake Skull"},{"floor":13.0,"key":"Strawberry"},{"floor":19.0,"key":"Nilry\u0027s Codex"},{"floor":23.0,"key":"Singing Bowl"},{"floor":25.0,"key":"Happy Flower"},{"floor":26.0,"key":"White Beast Statue"},{"floor":27.0,"key":"Question Card"},{"floor":40,"key":"Shuriken"},{"floor":42,"key":"Potion Belt"},{"floor":43,"key":"Lizard Tail"},{"floor":44,"key":"Gremlin Horn"},{"floor":46,"key":"HornCleat"}],"event_choices":[{"damage_healed":0.0,"max_hp_gain":0.0,"max_hp_loss":0.0,"gold_gain":0.0,"event_name":"Mushrooms","player_choice":"Fought Mushrooms","floor":10.0,"gold_loss":0.0,"damage_taken":0.0},{"damage_healed":0.0,"max_hp_gain":0.0,"max_hp_loss":0.0,"gold_gain":0.0,"event_name":"Cursed Tome","player_choice":"Obtained Book","floor":19.0,"gold_loss":0.0,"damage_taken":16.0},{"damage_healed":0.0,"max_hp_gain":0.0,"max_hp_loss":0.0,"gold_gain":0.0,"event_name":"Addict","player_choice":"Obtained Relic","floor":20.0,"gold_loss":85.0,"damage_taken":0.0,"relics_obtained":["Pen Nib"]},{"damage_healed":0.0,"max_hp_gain":0.0,"max_hp_loss":0.0,"gold_gain":0.0,"event_name":"The Woman in Blue","player_choice":"Bought 0 Potions","floor":28.0,"gold_loss":0.0,"damage_taken":0.0},{"damage_healed":0,"gold_gain":0,"player_choice":"Paid","damage_taken":0,"relics_obtained":["Red Mask"],"max_hp_gain":0,"max_hp_loss":0,"event_name":"Tomb of Lord Red Mask","floor":45,"gold_loss":416},{"damage_healed":0,"gold_gain":0,"player_choice":"Max HP","damage_taken":0,"max_hp_gain":0,"max_hp_loss":7,"event_name":"Winding Halls","floor":48,"gold_loss":0}],"is_beta":false,"boss_relics":[{"not_picked":["Snecko Eye","Coffee Dripper"],"picked":"Velvet Choker"},{"not_picked":["Sozu","Empty Cage"],"picked":"SacredBark"}],"items_purged_floors":[14,21],"is_endless":false,"potions_floor_spawned":[1,3,5,11,16,18,22,25,27,29,30,31,33,35,36,37,38,39,40,42,44,46,47],"ascension_level":0}}