{"host":"fhq3k2nq5elnbks3","time":1609492405,"event":{"mods":["2.2 Compatiblity","AchievementEnabler","Act Like it!","AlwaysNeverKeys","Aspiration","BaseMod","Better Altar","Better Vampires","Better-Laid Plans","Block Reminder","CCEM","Card Filter","Colored Powertips","Displayed Cursed Tome","Ekko","Fireblade Mod","Friendly Minions","GifTheSpireLib","Gremlin Skip","HololiveMod","Jorbs\u0027s Wanderer Trilogy","Koishi","Marisa????????","Mathemortician","Minty Spire (QoL Compilation)","Onozuka Komachi Mod","Pale of the Ancients","Permanent Neow","Prisma Mod","Quick Restart","Reimu??????","Relic Filter","Robot Space Explorer","Shop Mod","Spikes Relics","StSLib","SuperFastMode","The Blackbeard","The Cursed","The Exordian Avenger","The Gatherer","The Hierophant","The Runesmith","The Servant 0.9.4","The Trickster","The Valiant","The Wild Card","TheBandit","Trackpad","Transform Curses","Uncapped","Unknown Chances","thorton","vexMod"],"gold_per_floor":[112,112,130,205,221,221,221,221],"floor_reached":7,"playtime":396,"items_purged":[],"score":41,"play_id":"da4b0294-ad68-4b13-935f-a1da8223f417","local_time":"20210101031325","is_ascension_mode":false,"campfire_choices":[{"data":"exordian_avenger:grow","floor":6,"key":"SMITH"}],"circlet_count":0,"master_deck":["exordian_avenger:strike","exordian_avenger:strike","exordian_avenger:strike","exordian_avenger:strike","exordian_avenger:defend","exordian_avenger:defend","exordian_avenger:defend","exordian_avenger:defend","exordian_avenger:grow+1","exordian_avenger:silententrance","exordian_avenger:scratch","exordian_avenger:ivy"],"relics":["exordian_avenger:exordian_aegis","aspiration:Nostalgia","RobotSpaceExplorer:RoboCore","Du-Vu Doll"],"acts_visited":["Exordium"],"potions_floor_usage":[],"damage_taken":[{"damage":8,"enemies":"Jaw Worm","floor":1,"turns":5},{"damage":8,"enemies":"Small Slimes","floor":3,"turns":6},{"damage":6,"enemies":"Cultist","floor":5,"turns":5},{"damage":0,"enemies":"Lagavulin","floor":7,"turns":3}],"seed_played":"-1350982433481926141","potions_obtained":[{"floor":1,"key":"Weak Potion"},{"floor":5,"key":"ZuzhouPotion:ReiMu"}],"is_trial":false,"path_per_floor":["M","?","M","?","M","R","E"],"character_chosen":"THE_AVENGER","items_purchased":[],"campfire_rested":0,"item_purchase_floors":[],"current_hp_per_floor":[30,18,18,7,7,7,7,7],"gold":221,"neow_bonus":"NOSTALGIA","is_daily":false,"chose_seed":false,"campfire_upgraded":1,"win_rate":0.0,"timestamp":1609492405,"path_taken":["M","?","M","?","M","R","E"],"items_purchased_type":[],"build_version":"2020-12-22","purchased_purges":0,"victory":false,"max_hp_per_floor":[30,30,30,30,30,30,30,30],"card_choices":[{"not_picked":["exordian_avenger:slaps","exordian_avenger:glucsynth","exordian_avenger:bubble"],"picked":"SKIP","floor":1},{"not_picked":["exordian_avenger:splinterstrike","exordian_avenger:exhaustingSlash"],"picked":"exordian_avenger:scratch","floor":3},{"not_picked":["exordian_avenger:proficiency","exordian_avenger:ivy","exordian_avenger:imshook"],"picked":"SKIP","floor":5},{"not_picked":["exordian_avenger:proficiency","exordian_avenger:imshook"],"picked":"exordian_avenger:ivy","floor":5}],"player_experience":385687,"relics_obtained":[],"event_choices":[{"damage_healed":0,"gold_gain":0,"player_choice":"Success","damage_taken":12,"relics_obtained":["Du-Vu Doll"],"max_hp_gain":0,"max_hp_loss":0,"event_name":"Scrap Ooze","floor":2,"gold_loss":0},{"damage_healed":0,"gold_gain":75,"player_choice":"Gather Gold","damage_taken":11,"max_hp_gain":0,"max_hp_loss":0,"event_name":"World of Goop","floor":4,"gold_loss":0}],"is_beta":false,"boss_relics":[],"items_purged_floors":[],"is_endless":false,"potions_floor_spawned":[1,5],"killed_by":"Lagavulin","ascension_level":0}}