{"host":"ei424ha2zqt1xblg","time":1609499924,"event":{"mods":["BaseMod","Downfall-Rebalance","Minty Spire (QoL Compilation)","MostiFishMod","StSLib","TestMod","Waifu the Spire","Yakumo Yukari mod"],"gold_per_floor":[138,213,213,224,224,224,253,270,270,309,321,362,374,437,449,564,576,602,625,656,578,607,652,664,691,703,750,777,814,531,547,547,642,642,658,257,267,267,279,305,305,336,336,336,352,96,146,164,164,164,164,164,39,65,65],"floor_reached":56,"playtime":2339,"items_purged":["Defend_purpleEX","Defend_purpleEX","AT_purpleEX"],"score":1853,"play_id":"25be9d0b-c04e-4078-b532-c0ef1510235f","local_time":"20210101191844","is_ascension_mode":true,"campfire_choices":[{"data":"Nest_LightFlightworm_purple","floor":6.0,"key":"SMITH"},{"data":"OpenedBox_purple","floor":15.0,"key":"SMITH"},{"data":"Know_ledgeAbilityRealm_purple","floor":24,"key":"SMITH"},{"data":"MostiFishMod:PerfectForm","floor":32,"key":"SMITH"},{"data":"MostiFishMod:StoryBook","floor":41,"key":"SMITH"},{"floor":44,"key":"RECALL"},{"data":"Boundary_ObjectiveBoundary_purple","floor":49,"key":"SMITH"},{"data":"Bait_HighSpeedFlying_purple","floor":52,"key":"SMITH"}],"circlet_count":0,"master_deck":["AT_purpleEX","Observe_purple_1","Observe_purple_2+1","Mirror_FormAndEmptin_purple","Nest_LightFlightworm_purple+1","Know_ledgeAbilityRealm_purple+1","RuleDissolution_purple","Bait_HighSpeedFlying_purple+1","OpenedBox_purple+1","Boundary_LifeAndDeath_purple","Bait_Toxicbait_purple+1","Photoelasticity_Doppler_Effect_purple+1","MeetDecomposer_purple+1","DimensionStaggered_purple+1","OmniscientAndOmnipotent_Monster_purple+1","Nest_LightFlightworm_purple","MostiFishMod:PerfectForm+1","Boundary_LightAndDark_purple","WangLiang_LineAndCurveDreams_purple","RuleDissolution_purple+1","DimensionStaggered_purple+1","MostiFishMod:StoryBook+1","Boundary_ObjectiveBoundary_purple+1"],"relics":["Boundary_crack","Memoryfragments_purpleEX","testmod-TestBox","DaveBox","NeowsBlessing","CombinedTypeHook","testmod-Muramasa","SynthV:TestCard","testmod-Hope","MawBank","Pantograph","Boot","Astrolabe","Shuriken","Sundial","testmod-AssaultLearning","Bag of Marbles","testmod-Fanaticism","Antimatter_spacedebris","ClockworkSouvenir","testmod-Alchemist","DaCapo","Bottled Lightning","testmod-FatalChain","Pen Nib"],"acts_visited":["Exordium","TheCity","TheBeyond","TheEnding"],"potions_floor_usage":[28,55,55,55,55,55],"damage_taken":[{"damage":0.0,"enemies":"Jaw Worm","floor":1.0,"turns":1.0},{"damage":0.0,"enemies":"2 Louse","floor":4.0,"turns":1.0},{"damage":27.0,"enemies":"Lagavulin","floor":7.0,"turns":1.0},{"damage":2.0,"enemies":"Small Slimes","floor":8.0,"turns":2.0},{"damage":20.0,"enemies":"Gremlin Nob","floor":10.0,"turns":3.0},{"damage":16.0,"enemies":"Lagavulin","floor":12.0,"turns":3.0},{"damage":2.0,"enemies":"The Guardian","floor":16.0,"turns":4.0},{"damage":0,"enemies":"Shell Parasite","floor":18,"turns":2},{"damage":0,"enemies":"3 Byrds","floor":19,"turns":2},{"damage":0,"enemies":"3 Cultists","floor":20,"turns":2},{"damage":0,"enemies":"Cultist and Chosen","floor":22,"turns":2},{"damage":0,"enemies":"Book of Stabbing","floor":23,"turns":3},{"damage":5,"enemies":"Snake Plant","floor":25,"turns":2},{"damage":0,"enemies":"Gremlin Leader","floor":27,"turns":3},{"damage":0,"enemies":"Centurion and Healer","floor":28,"turns":2},{"damage":0,"enemies":"Book of Stabbing","floor":29,"turns":2},{"damage":0,"enemies":"3 Cultists","floor":31,"turns":2},{"damage":0,"enemies":"Collector","floor":33,"turns":2},{"damage":0,"enemies":"Orb Walker","floor":35,"turns":2},{"damage":0,"enemies":"3 Shapes","floor":37,"turns":2},{"damage":0,"enemies":"Sphere and 2 Shapes","floor":39,"turns":2},{"damage":15,"enemies":"Nemesis","floor":40,"turns":3},{"damage":14,"enemies":"Reptomancer","floor":42,"turns":2},{"damage":0,"enemies":"4 Shapes","floor":45,"turns":3},{"damage":0,"enemies":"Mind Bloom Boss Battle","floor":47,"turns":3},{"damage":0,"enemies":"Transient","floor":48,"turns":5},{"damage":6,"enemies":"Donu and Deca","floor":50,"turns":4},{"damage":0,"enemies":"Shield and Spear","floor":54,"turns":4},{"damage":0,"enemies":"The Heart","floor":55,"turns":4}],"seed_played":"2620215484630876888","potions_obtained":[{"floor":1.0,"key":"Strength Potion"},{"floor":10.0,"key":"BlessingOfTheForge"},{"floor":12.0,"key":"DistilledChaos"},{"floor":16.0,"key":"Dexterity Potion"},{"floor":18,"key":"DistilledChaos"},{"floor":28,"key":"testmod-SpacePotion"},{"floor":31,"key":"SteroidPotion"},{"floor":33,"key":"Dexterity Potion"},{"floor":37,"key":"Swift Potion"},{"floor":39,"key":"Swift Potion"},{"floor":45,"key":"PowerPotion"}],"is_trial":false,"path_per_floor":["M","?","?","M","?","R","E","M","T","E","?","E","$","T","R","B",null,"M","M","M","?","M","E","R","M","T","E","M","E","$","M","R","B",null,"M","$","M","?","M","E","R","E","T","R","M","$","?","M","R","B",null,"R","$","E","B",null],"character_chosen":"Youkari","items_purchased":["Nest_LightFlightworm_purple","MostiFishMod:PerfectForm","Antimatter_spacedebris","ClockworkSouvenir","Bottled Lightning"],"campfire_rested":0,"item_purchase_floors":[30,30,36,36,46],"current_hp_per_floor":[70,59,129,129,90,90,65,66,66,50,50,38,38,38,38,66,140,140,140,140,140,140,140,140,139,139,140,140,140,140,140,140,140,140,140,140,140,130,132,140,140,140,140,140,140,140,140,140,140,140,140,140,140,140,140],"gold":65,"neow_bonus":"THREE_ENEMY_KILL","is_daily":false,"chose_seed":false,"campfire_upgraded":7,"win_rate":0.0,"timestamp":1609499924,"path_taken":["M","?","?","M","?","R","E","M","T","E","?","E","?","?","R","BOSS","M","?","M","?","M","E","R","M","T","E","M","E","$","?","R","BOSS","M","$","M","?","M","E","R","E","T","R","M","$","?","M","R","BOSS","R","$","E","BOSS"],"items_purchased_type":["Card","Card","Relic","Relic","Relic"],"build_version":"2020-12-22","purchased_purges":3,"victory":true,"max_hp_per_floor":[70,70,140,140,140,140,140,140,140,140,140,140,140,140,140,140,140,140,140,140,140,140,140,140,140,140,140,140,140,140,140,140,140,140,140,140,140,140,140,140,140,140,140,140,140,140,140,140,140,140,140,140,140,140,140],"card_choices":[{"not_picked":["WeekHit_purple","Realm_recovery_purpleEX"],"picked":"Mirror_FormAndEmptin_purple","floor":1.0},{"not_picked":["Boundary_ObjectiveBoundary_purple","OmniscientAndOmnipotent_Monster_purple","MeetDecomposer_purple","StateDuplicate_purple"],"picked":"Nest_LightFlightworm_purple","floor":4.0},{"not_picked":["Charmbait_purple","SharpContractionReality_purple","StateErode_purple","MetroBOOM_purple"],"picked":"Know_ledgeAbilityRealm_purple","floor":7.0},{"not_picked":["Realm_recovery_purpleEX","SharpContractionReality_purple","AdvanceAttack_purple","Boundary_DynamicStaticEquilibrium_purple"],"picked":"RuleDissolution_purple","floor":8.0},{"not_picked":["PositiveMatter_Antimatter_Universe_purple","Umbrella_purple","WingOfChimera_purple","MNeedle_purple"],"picked":"Bait_HighSpeedFlying_purple","floor":10.0},{"not_picked":["WingOfChimera_purple","Photoelasticity_Doppler_Effect_purple","Mirror_TwoAndThreeElementRealm_purple","MeetDecomposer_purple"],"picked":"OpenedBox_purple","floor":12.0},{"not_picked":["MagicEyes_LaplaceDemon_purple","Computing_the_future_purpleEX","WangLiang_OokamiKakushi_purple","UniverseChoice_purple"],"picked":"Boundary_LifeAndDeath_purple","floor":16.0},{"not_picked":["WorldDissolvedintheRealm_purple+1","CommonSense_AntiCommonSense_purple+1","ExistenceContinue_purple","Mirror_WaveAndshot_purple","Worldmountain_purple"],"picked":"SKIP","floor":18},{"not_picked":["SharpContractionReality_purple","ExistenceContinue_purple","Realm_recovery_purpleEX+1","Charmbait_purple+1","DimensionStaggered_purple"],"picked":"SKIP","floor":19},{"not_picked":["CommonSense_AntiCommonSense_purple","StateErode_purple","OmniscientAndOmnipotent_Monster_purple","Mirror_FormAndEmptin_purple"],"picked":"DimensionStaggered_purple+1","floor":20},{"not_picked":["MeetDecomposer_purple+1","Photoelasticity_Doppler_Effect_purple+1","WasteWire_Metro_purple","Worldmountain_purple","Charmbait_purple"],"picked":"SKIP","floor":22},{"not_picked":["StateDuplicate_purple","StateErode_purple","ExistenceContinue_purple","Umbrella_purple"],"picked":"OmniscientAndOmnipotent_Monster_purple+1","floor":23},{"not_picked":["RealityDreamConfluencek_purple","Price_of_realm_purpleEX","Realm_recovery_purpleEX","Shallow_ocean_purpleEX","Mirror_Drifter_purple+1"],"picked":"SKIP","floor":25},{"not_picked":["Line_surface_state_purple","OmniscientAndOmnipotent_Monster_purple","StateDuplicate_purple","DarkRealmRedLine_purple","Worldmountain_purple"],"picked":"SKIP","floor":27},{"not_picked":["OpenedBox_purple","StateDuplicate_purple","SharpContractionReality_purple","AdvanceAttack_purple+1","UniverseChoice_purple"],"picked":"SKIP","floor":28},{"not_picked":["Human_Monster_Realm_purple","AdvanceAttack_purple+1","SfantasyHide_purple","Mirror_FormAndEmptin_purple+1","Mirror_TwoAndThreeElementRealm_purple"],"picked":"SKIP","floor":29},{"not_picked":["ButterflyHabitatTemple_purple","AdvanceAttack_purple","Shallow_ocean_purpleEX","OmniscientAndOmnipotent_Monster_purple"],"picked":"Boundary_LightAndDark_purple","floor":31},{"not_picked":["Price_of_realm_purpleEX","GluttonyofRealm_purpleEX","Boundary_LifeAndDeath_purple","BarrageBoundary_PipeDream_purple"],"picked":"WangLiang_LineAndCurveDreams_purple","floor":33},{"not_picked":["WorldDissolvedintheRealm_purple","PurpleNeedle_purple+1","Bait_Toxicbait_purple","Boundary_DynamicStaticEquilibrium_purple"],"picked":"RuleDissolution_purple+1","floor":35},{"not_picked":["RealityDreamConfluencek_purple","SfantasyHide_purple+1","ExistenceContinue_purple+1","WatchEChange_purple+1"],"picked":"DimensionStaggered_purple+1","floor":37},{"not_picked":["expansioncontent:SlimeTackle","testmod-BackupPower","expansioncontent:Sear","Chrysalis"],"picked":"MostiFishMod:StoryBook","floor":38},{"not_picked":["StateErode_purple+1","ExistenceContinue_purple","Erosivefilter_purple+1","Mirror_FormAndEmptin_purple","Shallow_ocean_purpleEX+1"],"picked":"SKIP","floor":39},{"not_picked":["EighthInstrument_OneDividesIntoTwo_purple","PurpleNeedle_purple+1","WasteWire_Metro_purple","Line_surface_state_purple","DarkRealmRedLine_purple"],"picked":"SKIP","floor":40},{"not_picked":["StretchesForeverDream_purple","Umbrella_purple+1","SharpContractionReality_purple","WingOfChimera_purple","ExistenceContinue_purple"],"picked":"SKIP","floor":42},{"not_picked":["OmniscientAndOmnipotent_Monster_purple","DimensionStaggered_purple","Line_surface_state_purple+1","OpenedBox_purple+1"],"picked":"Boundary_ObjectiveBoundary_purple","floor":45},{"not_picked":["Realm_recovery_purpleEX","SfantasyHide_purple","Charmbait_purple+1","EighthInstrument_OneDividesIntoTwo_purple+1","Mirror_TwoAndThreeElementRealm_purple"],"picked":"SKIP","floor":48},{"not_picked":["Mirror_FormAndEmptin_purple","MeetDecomposer_purple","Worldmountain_purple+1","StateDuplicate_purple","RuleDissolution_purple+1"],"picked":"SKIP","floor":54}],"player_experience":473166,"relics_obtained":[{"floor":1.0,"key":"SynthV:TestCard"},{"floor":7.0,"key":"testmod-Hope"},{"floor":9.0,"key":"MawBank"},{"floor":10.0,"key":"Pantograph"},{"floor":12.0,"key":"Boot"},{"floor":23,"key":"Shuriken"},{"floor":26,"key":"Sundial"},{"floor":27,"key":"testmod-AssaultLearning"},{"floor":29,"key":"Bag of Marbles"},{"floor":40,"key":"testmod-Alchemist"},{"floor":42,"key":"DaCapo"},{"floor":47,"key":"testmod-FatalChain"},{"floor":54,"key":"Pen Nib"}],"event_choices":[{"damage_healed":0.0,"max_hp_gain":0.0,"max_hp_loss":0.0,"gold_gain":75.0,"event_name":"World of Goop","player_choice":"Gather Gold","floor":2.0,"gold_loss":0.0,"damage_taken":11.0},{"damage_healed":0.0,"max_hp_gain":0.0,"max_hp_loss":0.0,"gold_gain":0.0,"event_name":"给自己的盒子","player_choice":"Swap Relic","floor":3.0,"relics_lost":["testmod-HarvestTotem"],"gold_loss":0.0,"damage_taken":0.0,"relics_obtained":["testmod-HarvestTotem"]},{"damage_healed":0.0,"max_hp_gain":0.0,"max_hp_loss":0.0,"gold_gain":0.0,"event_name":"Scrap Ooze","player_choice":"Fled","floor":11.0,"gold_loss":0.0,"damage_taken":0.0},{"cards_removed":["Defend_purpleEX"],"damage_healed":0,"gold_gain":0,"player_choice":"Upgrade and Remove","damage_taken":0,"max_hp_gain":0,"max_hp_loss":0,"event_name":"Designer","floor":21,"gold_loss":90,"cards_upgraded":["Observe_purple_2"]},{"damage_healed":0,"gold_gain":0,"player_choice":"Memory 3","damage_taken":10,"max_hp_gain":0,"max_hp_loss":0,"event_name":"SensoryStone","floor":38,"gold_loss":0},{"damage_healed":0,"gold_gain":0,"player_choice":"Fight","damage_taken":0,"max_hp_gain":0,"max_hp_loss":0,"event_name":"MindBloom","floor":47,"gold_loss":0}],"is_beta":false,"boss_relics":[{"not_picked":["Runic Dome","Snecko Eye"],"picked":"Astrolabe"},{"not_picked":["Velvet Choker","testmod-IncinerationGenerator"],"picked":"testmod-Fanaticism"}],"items_purged_floors":[30,36,53],"is_endless":false,"potions_floor_spawned":[1,10,12,16,18,22,27,28,31,33,37,39,45,48],"ascension_level":1}}