{"host":"ws1rigs6jhqnf67d","time":1609514823,"event":{"mods":["BaseMod","Downfall","Friendly Minions","KinomotoSakuraMod(ƒæ÷Æ±æ”£)","Kiyohime£®«Âºß£©","Lobotomy","LobotomyExtend","Marisa£®ÏF”Í°°ƒß¿Ì…≥£©","Minty Spire (QoL Compilation)","Remilia£®¿Ÿ√◊¿Ú—«£©","StSLib","The Animator","The Bug Knight","Youmu£®ªÍ∆«—˝√Œ£©","[IsaacMod]“‘»ˆº‚À˛"],"gold_per_floor":[199,209,225,244,261,261,261,276,294,294,294,294,294],"floor_reached":11,"playtime":522,"items_purged":[],"score":67,"play_id":"6fd12ec1-09a0-4f86-838a-756700a40c54","local_time":"20210101232703","is_ascension_mode":false,"campfire_choices":[{"data":"Slimebound:CorrosiveSpit","floor":1,"key":"SMITH"},{"data":"Slimebound:Split","floor":6,"key":"SMITH"}],"circlet_count":0,"master_deck":["Slimebound:Strike_Slimebound","Slimebound:Strike_Slimebound","Slimebound:Strike_Slimebound","Slimebound:Tackle","Slimebound:Defend_Slimebound","Slimebound:Defend_Slimebound","Slimebound:Defend_Slimebound","Slimebound:Defend_Slimebound","Slimebound:Split+1","Slimebound:CorrosiveSpit+1","Slimebound:GrowthPunch","Slimebound:ItLooksTasty","Slimebound:SplitMire","Slimebound:Recollect"],"relics":["Slimebound:AbsorbEndCombat","HushsDoor","MoneyPower","LetterFromLob","BlankCard","LaetitiaHeart","Heaven_r"],"acts_visited":["Exordium"],"potions_floor_usage":[10],"damage_taken":[{"damage":19,"enemies":"Small Slimes","floor":2,"turns":3},{"damage":9,"enemies":"2 Louse","floor":3,"turns":2},{"damage":5,"enemies":"Jaw Worm","floor":4,"turns":3},{"damage":5,"enemies":"Large Slime","floor":5,"turns":6},{"damage":27,"enemies":"Blue Slaver","floor":8,"turns":3},{"damage":19,"enemies":"Lots of Slimes","floor":9,"turns":3},{"damage":5,"enemies":"downfall:FleeingMerchant","floor":10,"turns":2},{"damage":49,"enemies":"downfall:FleeingMerchant","floor":10,"turns":3},{"damage":35,"enemies":"Gremlin Nob","floor":11,"turns":3}],"seed_played":"3596488545802349784","potions_obtained":[{"floor":4,"key":"DistilledChaos"},{"floor":5,"key":"SteroidPotion"},{"floor":9,"key":"FearPotion"}],"is_trial":false,"path_per_floor":["R","M","M","M","M","R","T","M","M","$","E"],"character_chosen":"SLIMEBOUND","items_purchased":[],"campfire_rested":0,"item_purchase_floors":[],"current_hp_per_floor":[60,49,46,49,60,60,60,49,40,22,0,0,0],"gold":294,"neow_bonus":"HUNDRED_GOLD","is_daily":false,"chose_seed":false,"campfire_upgraded":2,"win_rate":0.0,"timestamp":1609514823,"path_taken":["R","M","M","M","M","R","T","M","M","$","E"],"items_purchased_type":[],"build_version":"2020-12-22","purchased_purges":0,"victory":false,"max_hp_per_floor":[60,60,60,60,60,60,60,60,60,60,60,60,60],"card_choices":[{"not_picked":[],"picked":"ChaosCard","floor":0},{"not_picked":["Slimebound:HauntingLick","Slimebound:MegaLick"],"picked":"Slimebound:TongueLash","floor":2},{"not_picked":["Slimebound:ViciousTackle","Slimebound:RollThrough"],"picked":"Slimebound:GrowthPunch","floor":3},{"not_picked":["Slimebound:Prepare","Slimebound:FinishingTackle"],"picked":"Slimebound:ItLooksTasty","floor":4},{"not_picked":["Slimebound:SplitLeeching","Slimebound:SlimeBrawl"],"picked":"Slimebound:SplitMire","floor":5},{"not_picked":["Slimebound:BestDefense","Slimebound:LeechEnergy"],"picked":"Slimebound:Recollect","floor":8},{"not_picked":["Slimebound:SplitBruiser","Slimebound:GoopTackle","Slimebound:SplitLeeching"],"picked":"SKIP","floor":9}],"player_experience":831164,"relics_obtained":[{"floor":2,"key":"LetterFromLob"},{"floor":7,"key":"BlankCard"}],"event_choices":[],"is_beta":false,"boss_relics":[],"items_purged_floors":[],"is_endless":false,"potions_floor_spawned":[4,5,9,10],"killed_by":"Gremlin Nob","ascension_level":0}}