{"host":"zntn5kfpqqjb7mu3","time":1609487703,"event":{"mods":["AchievementEnabler","Aspiration","BaseMod","Better-Laid Plans","BetterRewards","Colored Map","Colored Powertips","DNKmod","Decade(王小明)","Friendly Minions","Marked Mod","Minty Spire (QoL Compilation)","Permanent Neow","Quick Restart","Rare Cards Sparkle","Relic Stats","Remove Card Discount Mod","Replay The Spire","StSLib","SuperFastMode","TestMod","Waifu the Spire","vexMod","【遗物卡牌】REMEMod","篝火指南"],"gold_per_floor":[10014,9823,9836,9849,9849,9882,9882,9909,9909,9909,9886,9902,9919,9638,9420,9553,9553,9567,9614,9614,9640,9640,9640],"floor_reached":22,"playtime":845,"items_purged":["Decade_Attack","Decade_Attack","Decade_Attack","Decade_Attack"],"score":402,"play_id":"a07cfb5f-63e1-45c4-b57a-6b907da3cf1f","local_time":"20210101155503","is_ascension_mode":true,"campfire_choices":[{"floor":7.0,"key":"RECALL"}],"circlet_count":0,"master_deck":["KamenRide","Decade_SpecialSkill","Decade_Defend","Decade_Defend","Decade_Defend","Decade_Defend","Metamorphosis","Blade_Kick","UnarmedAttack7+1","Regret","UnarmedAttack8","UnarmedAttack8+1","UnarmedAttack8","UnarmedAttack7","Kuuga_GouramAttack+1","Kabuto_ClockUp","Decade_Dash2","Blade_Slash+1"],"relics":["Decadriver","TOEIDeficitBill","testmod-TestBox","REME_ComplimentaryCards","testmod-LifeArmor","testmod-RealStoneCalender","Oddly Smooth Stone","testmod-Alchemist","Tiny Chest","testmod-AssaultLearning","Blood Vial","aspiration:Lifesprig","Runic Pyramid","Whetstone"],"acts_visited":["Exordium","TheCity"],"potions_floor_usage":[16,16,16,16,19,19,19,19,19],"damage_taken":[{"damage":0.0,"enemies":"Jaw Worm","floor":1.0,"turns":3.0},{"damage":0.0,"enemies":"Small Slimes","floor":3.0,"turns":1.0},{"damage":0.0,"enemies":"2 Louse","floor":4.0,"turns":1.0},{"damage":0.0,"enemies":"Gremlin Nob","floor":6.0,"turns":3.0},{"damage":12.0,"enemies":"3 Sentries","floor":8.0,"turns":4.0},{"damage":0.0,"enemies":"Large Slime","floor":12.0,"turns":1.0},{"damage":3,"enemies":"Looter","floor":13,"turns":2},{"damage":1,"enemies":"Slime Boss","floor":16,"turns":4},{"damage":11,"enemies":"2 Thieves","floor":18,"turns":2},{"damage":0,"enemies":"Shell Parasite","floor":19,"turns":2},{"damage":0,"enemies":"Cultist and Chosen","floor":22,"turns":3}],"seed_played":"6881161422084791107","potions_obtained":[{"floor":3.0,"key":"Dexterity Potion"},{"floor":8.0,"key":"EntropicBrew"},{"floor":12.0,"key":"BlessingOfTheForge"},{"floor":16,"key":"Fire Potion"},{"floor":18,"key":"testmod-TestPotion"}],"is_trial":false,"path_per_floor":["M","$","M","M","?","E","R","E","T","?","?","M","M","$","R","B",null,"M","M","?","T","M"],"character_chosen":"Decade","items_purchased":["Oddly Smooth Stone","UnarmedAttack7+1","UnarmedAttack8","UnarmedAttack7","Blood Vial","Kuuga_GouramAttack","aspiration:Lifesprig"],"campfire_rested":0,"item_purchase_floors":[2,2,14,14,14,15,15],"current_hp_per_floor":[90,90,90,90,90,90,90,78,78,78,78,78,75,75,75,81,88,79,81,81,81,83,83],"gold":9640,"neow_bonus":"ONE_RARE_RELIC","is_daily":false,"chose_seed":false,"campfire_upgraded":0,"win_rate":0.0,"timestamp":1609487703,"path_taken":["M","$","M","M","?","E","R","E","T","?","?","M","M","$","R","BOSS","M","M","?","?","M"],"items_purchased_type":["Relic","Card","Card","Card","Relic","Card","Relic"],"build_version":"2020-12-22","purchased_purges":4,"victory":false,"max_hp_per_floor":[90,90,90,90,90,90,90,90,90,90,90,90,90,90,90,90,90,90,90,90,90,90,90],"relic_stats":{"Blood Vial":8,"counters":[11,26],"Tiny Chest":1,"Whetstone":["Kuuga_GouramAttack","UnarmedAttack8"],"obtain_stats":[{"aspiration:Lifesprig":15,"testmod-TestBox":0,"Oddly Smooth Stone":2,"Decadriver":0,"testmod-LifeArmor":0,"TOEIDeficitBill":0,"Whetstone":21,"Blood Vial":14,"testmod-RealStoneCalender":0,"testmod-Alchemist":5,"testmod-AssaultLearning":8,"Tiny Chest":6,"REME_ComplimentaryCards":0,"Runic Pyramid":17},{"aspiration:Lifesprig":7,"testmod-TestBox":0,"Oddly Smooth Stone":1,"Decadriver":0,"testmod-LifeArmor":0,"TOEIDeficitBill":0,"Whetstone":10,"Blood Vial":7,"testmod-RealStoneCalender":0,"testmod-Alchemist":3,"testmod-AssaultLearning":5,"Tiny Chest":4,"REME_ComplimentaryCards":0,"Runic Pyramid":8},{"aspiration:Lifesprig":15,"testmod-TestBox":0,"Oddly Smooth Stone":3,"Decadriver":0,"testmod-LifeArmor":0,"TOEIDeficitBill":0,"Whetstone":23,"Blood Vial":15,"testmod-RealStoneCalender":0,"testmod-Alchemist":5,"testmod-AssaultLearning":12,"Tiny Chest":8,"REME_ComplimentaryCards":0,"Runic Pyramid":19}]},"card_choices":[{"not_picked":["AttackRide","KamenRideKiva"],"picked":"Blade_Kick","floor":1.0},{"not_picked":["FormRideTitan","FormRideDragon","DenO_Ax"],"picked":"SKIP","floor":3.0},{"not_picked":["FormRideDogga","KamenRideKabuto","KamenRideKiva"],"picked":"SKIP","floor":4.0},{"not_picked":["MirrorWorld","Blade_Kick"],"picked":"UnarmedAttack8","floor":6.0},{"not_picked":["FormRide","Blade_Slash"],"picked":"UnarmedAttack8","floor":6.0},{"not_picked":["Kuuga_Rising","TimeVent"],"picked":"Kabuto_ClockUp","floor":16},{"not_picked":["DenO_Rod","Blade_Slash+1"],"picked":"Decade_Dash2","floor":18},{"not_picked":["FormRideBasshaa","FormRideStorm"],"picked":"Blade_Slash+1","floor":19},{"not_picked":["PhotonAcceleration","FormRideDogga","KamenRideHibiki+1"],"picked":"SKIP","floor":19}],"player_experience":99142,"relics_obtained":[{"floor":6.0,"key":"Tiny Chest"},{"floor":8.0,"key":"testmod-AssaultLearning"},{"floor":21,"key":"Whetstone"}],"event_choices":[{"damage_healed":0.0,"max_hp_gain":0.0,"max_hp_loss":0.0,"gold_gain":0.0,"event_name":"Big Fish","player_choice":"Box","floor":5.0,"gold_loss":0.0,"damage_taken":0.0,"relics_obtained":["testmod-Alchemist"],"cards_obtained":["Regret"]},{"damage_healed":0.0,"max_hp_gain":0.0,"max_hp_loss":0.0,"gold_gain":0.0,"event_name":"Liars Game","player_choice":"Ignored","floor":10.0,"gold_loss":0.0,"damage_taken":0.0},{"damage_healed":0.0,"max_hp_gain":0.0,"max_hp_loss":0.0,"gold_gain":0.0,"event_name":"World of Goop","player_choice":"Left Gold","floor":11.0,"gold_loss":23.0,"damage_taken":0.0},{"damage_healed":0,"gold_gain":0,"player_choice":"Ignored","damage_taken":0,"max_hp_gain":0,"max_hp_loss":0,"event_name":"Beggar","floor":20,"gold_loss":0}],"is_beta":false,"boss_relics":[{"not_picked":["testmod-Prudence","Runic Dome"],"picked":"Runic Pyramid"}],"items_purged_floors":[14,14,14,14],"is_endless":false,"potions_floor_spawned":[3,8,12,16,18],"killed_by":"Cultist and Chosen","ascension_level":8}}