{"host":"os9owiyb0rak6c8n","time":1609541173,"event":{"mods":["AchievementEnabler","BaseMod","Beaked The Cultist","Better Third Choice","Block Reminder","Colored Map","Colored Powertips","Dio Mod","Minty Spire (QoL Compilation)","Robot Space Explorer","Spicy Shops","StSLib","The Death Knight","The Dragon Tamer"],"gold_per_floor":[109,123,141,141,160,160,160,187,187,187,200,200,200,213,213,310,310,325,424,442,48,65,65,65,65],"floor_reached":24,"playtime":747,"items_purged":["Strike_G"],"score":323,"play_id":"c17ce677-d3f1-403b-b80d-fa18c948d26d","local_time":"20210101234613","is_ascension_mode":true,"campfire_choices":[{"data":"Deadly Poison","floor":6,"key":"SMITH"},{"floor":13,"key":"REST"},{"data":"Sucker Punch","floor":15,"key":"SMITH"}],"circlet_count":0,"master_deck":["Strike_G","Strike_G","Defend_G","Defend_G","Defend_G","Defend_G","Defend_G","Survivor+1","Neutralize+1","Slice","Flying Knee","Deadly Poison+1","Burn","Poisoned Stab","Sucker Punch+1","Footwork","Bouncing Flask","Corpse Explosion","Catalyst","PiercingWail","Crippling Poison","Dash","Dodge and Roll","Catalyst","Infinite Blades","Malaise"],"relics":["Ring of the Snake","Bag of Preparation","Bottled Flame","Question Card","beaked:SacredDeck","DollysMirror"],"acts_visited":["Exordium","TheCity"],"potions_floor_usage":[8,20],"damage_taken":[{"damage":2,"enemies":"Cultist","floor":1,"turns":4},{"damage":2,"enemies":"2 Louse","floor":2,"turns":3},{"damage":3,"enemies":"Small Slimes","floor":3,"turns":4},{"damage":7,"enemies":"2 Fungi Beasts","floor":5,"turns":4},{"damage":31,"enemies":"Lagavulin","floor":8,"turns":6},{"damage":4,"enemies":"Blue Slaver","floor":11,"turns":3},{"damage":1,"enemies":"Looter","floor":14,"turns":3},{"damage":16,"enemies":"The Guardian","floor":16,"turns":10},{"damage":1,"enemies":"Spheric Guardian","floor":18,"turns":3},{"damage":2,"enemies":"3 Byrds","floor":20,"turns":2},{"damage":36,"enemies":"Centurion and Healer","floor":22,"turns":8},{"damage":21,"enemies":"Shelled Parasite and Fungi","floor":24,"turns":5}],"seed_played":"-8890867776898666868","potions_obtained":[{"floor":3,"key":"Regen Potion"},{"floor":5,"key":"Ancient Potion"},{"floor":16,"key":"LiquidMemories"},{"floor":20,"key":"Poison Potion"},{"floor":22,"key":"Ancient Potion"}],"is_trial":false,"path_per_floor":["M","M","M","?","M","R","?","E","T","?","M","?","R","M","R","B",null,"M","?","M","$","M","?","M"],"character_chosen":"THE_SILENT","items_purchased":["Crippling Poison","Dash","Dodge and Roll","DollysMirror"],"campfire_rested":1,"item_purchase_floors":[21,21,21,21],"current_hp_per_floor":[61,59,56,56,49,49,37,21,21,21,17,17,38,37,37,21,58,57,57,55,55,19,19,0,0],"gold":65,"neow_bonus":"UPGRADE_CARD","is_daily":false,"chose_seed":false,"campfire_upgraded":2,"win_rate":0.0,"timestamp":1609541173,"path_taken":["M","?","M","?","M","R","?","E","T","?","M","?","R","M","R","BOSS","M","?","M","$","M","?","M"],"items_purchased_type":["Card","Card","Card","Relic"],"build_version":"2020-12-22","purchased_purges":1,"victory":false,"max_hp_per_floor":[70,70,70,70,70,70,70,70,70,70,70,70,70,70,70,70,70,70,70,70,70,70,70,70,70],"card_choices":[{"not_picked":["Setup","Acrobatics"],"picked":"Slice","floor":1},{"not_picked":["Calculated Gamble","Finisher"],"picked":"Flying Knee","floor":2},{"not_picked":["Cloak And Dagger","Prepared"],"picked":"Deadly Poison","floor":3},{"not_picked":["PiercingWail","A Thousand Cuts"],"picked":"Poisoned Stab","floor":5},{"not_picked":["Infinite Blades","Concentrate"],"picked":"Sucker Punch","floor":8},{"not_picked":["Outmaneuver","Finisher","Cloak And Dagger"],"picked":"Footwork","floor":11},{"not_picked":["Distraction","Tactician","Calculated Gamble"],"picked":"Bouncing Flask","floor":14},{"not_picked":["Phantasmal Killer","Night Terror","After Image"],"picked":"Corpse Explosion","floor":16},{"not_picked":["Dagger Spray","Flying Knee","Bane","Deflect+1"],"picked":"SKIP","floor":18},{"not_picked":["Sucker Punch","Bane+1","Deflect"],"picked":"PiercingWail","floor":20},{"not_picked":["Calculated Gamble","Dash","Flechettes","Terror+1"],"picked":"SKIP","floor":22}],"player_experience":527117,"relics_obtained":[{"floor":8,"key":"Bottled Flame"},{"floor":9,"key":"Question Card"}],"event_choices":[{"damage_healed":56,"gold_gain":0,"player_choice":"Embrace Burn","damage_taken":0,"max_hp_gain":0,"max_hp_loss":70,"event_name":"betterThird:BetterShining","floor":4,"gold_loss":0},{"damage_healed":0,"gold_gain":0,"player_choice":"Relic ","damage_taken":12,"max_hp_gain":0,"max_hp_loss":0,"event_name":"betterThird:BetterScrap","floor":7,"gold_loss":0,"cards_obtained":["Self Repair"]},{"damage_healed":0,"gold_gain":0,"player_choice":"Grow","damage_taken":0,"max_hp_gain":0,"max_hp_loss":0,"event_name":"Living Wall","floor":10,"gold_loss":0,"cards_upgraded":["Survivor"]},{"damage_healed":0,"gold_gain":0,"player_choice":"Ignored","damage_taken":0,"max_hp_gain":0,"max_hp_loss":0,"event_name":"Golden Idol","floor":12,"gold_loss":0},{"damage_healed":0,"gold_gain":99,"player_choice":"Steal","damage_taken":0,"max_hp_gain":0,"max_hp_loss":0,"event_name":"betterThird:BetterNest","floor":19,"gold_loss":0},{"damage_healed":0,"gold_gain":0,"cards_transformed":["Strike_G","Strike_G"],"player_choice":"Became Test Subject","damage_taken":0,"max_hp_gain":0,"max_hp_loss":0,"event_name":"Drug Dealer","floor":23,"gold_loss":0,"cards_obtained":["Infinite Blades","Malaise"]}],"is_beta":false,"boss_relics":[{"not_picked":["HoveringKite","Runic Dome"],"picked":"beaked:SacredDeck"}],"items_purged_floors":[21],"is_endless":false,"potions_floor_spawned":[3,5,16,20,22],"killed_by":"Shelled Parasite and Fungi","ascension_level":9}}