{"host":"k6u7q08ihsmpx7o5","time":1609537752,"event":{"mods":["BaseMod","Bestiary","Minty Spire (QoL Compilation)","StSLib"],"gold_per_floor":[113,113,113,125,136,171,171,182,182,182,200,235,235,254,254,254,254],"floor_reached":16,"playtime":511,"items_purged":[],"score":224,"play_id":"6e690a2e-b706-4d79-b32d-18b0da640b2b","local_time":"20210101224912","is_ascension_mode":true,"campfire_choices":[{"data":"Clothesline","floor":7,"key":"SMITH"},{"data":"Bash","floor":13,"key":"SMITH"},{"data":"Feel No Pain","floor":15,"key":"SMITH"}],"circlet_count":0,"master_deck":["AscendersBane","Strike_R","Strike_R","Strike_R","Strike_R","Strike_R","Defend_R+1","Defend_R","Defend_R","Defend_R","Bash+1","Cleave+1","Clothesline+1","Pummel","Dropkick","Feel No Pain+1"],"relics":["Burning Blood","NeowsBlessing","Smiling Mask","Omamori","The Courier"],"acts_visited":["Exordium"],"potions_floor_usage":[6,6],"damage_taken":[{"damage":0,"enemies":"Small Slimes","floor":1,"turns":1},{"damage":0,"enemies":"Jaw Worm","floor":4,"turns":1},{"damage":0,"enemies":"Cultist","floor":5,"turns":1},{"damage":30,"enemies":"Lagavulin","floor":6,"turns":9},{"damage":19,"enemies":"Large Slime","floor":8,"turns":7},{"damage":2,"enemies":"Gremlin Gang","floor":11,"turns":4},{"damage":45,"enemies":"3 Sentries","floor":12,"turns":11},{"damage":6,"enemies":"Looter","floor":14,"turns":3},{"damage":36,"enemies":"The Guardian","floor":16,"turns":2}],"seed_played":"-8394943039112239657","potions_obtained":[{"floor":3,"key":"SkillPotion"},{"floor":3,"key":"EssenceOfSteel"},{"floor":6,"key":"SpeedPotion"},{"floor":8,"key":"Dexterity Potion"}],"is_trial":false,"path_per_floor":["M","?","?","M","M","E","R","M","T","?","M","E","R","M","R","B"],"character_chosen":"IRONCLAD","items_purchased":[],"campfire_rested":0,"item_purchase_floors":[],"current_hp_per_floor":[74,51,51,57,63,39,39,26,26,51,55,16,16,16,16,0,0],"gold":254,"neow_bonus":"THREE_ENEMY_KILL","is_daily":false,"chose_seed":false,"campfire_upgraded":3,"win_rate":0.0,"timestamp":1609537752,"path_taken":["M","?","?","?","M","E","R","M","T","?","M","E","R","M","R","BOSS"],"items_purchased_type":[],"build_version":"2020-12-22","purchased_purges":0,"victory":false,"max_hp_per_floor":[75,75,75,75,75,75,75,75,75,75,75,75,75,75,75,75,75],"card_choices":[{"not_picked":["Flame Barrier","Anger"],"picked":"Cleave","floor":1},{"not_picked":["Blood for Blood","Battle Trance"],"picked":"Clothesline","floor":4},{"not_picked":["Flex","Clothesline","Havoc"],"picked":"SKIP","floor":5},{"not_picked":["Cleave","Clothesline","Entrench"],"picked":"SKIP","floor":6},{"not_picked":["Pommel Strike","Body Slam"],"picked":"Pummel","floor":8},{"not_picked":["Intimidate","Thunderclap","Whirlwind"],"picked":"SKIP","floor":11},{"not_picked":["Rage","Rampage"],"picked":"Dropkick","floor":12},{"not_picked":["Sword Boomerang","Pommel Strike"],"picked":"Feel No Pain","floor":14}],"player_experience":1901071,"relics_obtained":[{"floor":6,"key":"Smiling Mask"},{"floor":9,"key":"Omamori"},{"floor":12,"key":"The Courier"}],"event_choices":[{"damage_healed":0,"gold_gain":0,"player_choice":"Entered Light","damage_taken":23,"max_hp_gain":0,"max_hp_loss":0,"event_name":"Shining Light","floor":2,"gold_loss":0,"cards_upgraded":["Cleave","Defend_R"]},{"damage_healed":0,"gold_gain":0,"player_choice":"Got Potions","damage_taken":0,"max_hp_gain":0,"max_hp_loss":0,"event_name":"Lab","floor":3,"gold_loss":0},{"damage_healed":25,"gold_gain":0,"player_choice":"Banana","damage_taken":0,"max_hp_gain":0,"max_hp_loss":0,"event_name":"Big Fish","floor":10,"gold_loss":0}],"is_beta":false,"boss_relics":[],"items_purged_floors":[],"is_endless":false,"potions_floor_spawned":[4,6,8],"killed_by":"The Guardian","ascension_level":20}}