{"host":"sjo4oracihb00px1","time":1609471854,"event":{"mods":["Astrologer","BaseMod","Better Note","Colored Powertips","Defective Defect","Friendly Minions","Hermit","HololiveMod","Hubris","Jorbs\u0027s Wanderer Trilogy","Kiyohime????","Marisa????????","Minty Spire (QoL Compilation)","Quick Restart","Random Character Button","Remilia??????","Replay The Spire","Shop Mod","ShortenTheSpire","Somnambulant","StSLib","The Administrix","The Animator","The Awakened One except there are too many feathers","The Bug Knight","The Cursed","The Death Knight","The Disciple","The Gatherer","The IronCluck","The Necromancer","The Problem Sleuth","The Runesmith","The Servant 0.9.4","The Vixen","TheBandit","Waifu the Spire","Wandering Minibosses","Yuri Mod","everything is the same but u backflip on backflip","slay the spire mod where everything is the same but ironclad has a cowboy hat","thorton"],"gold_per_floor":[118,13,28,41,116,147,147,197,274,308,319,319,349,364,364,364,364],"floor_reached":16,"playtime":4720,"items_purged":[],"score":202,"play_id":"e160c5bc-550e-425b-96be-b4d277c88ff8","local_time":"20201231223054","is_ascension_mode":true,"campfire_choices":[{"data":"yuri:Oolong","floor":7,"key":"SMITH"},{"floor":15,"key":"REST"}],"circlet_count":0,"master_deck":["Deny","yuri:yuriStrike","yuri:yuriStrike","yuri:yuriStrike","yuri:yuriStrike","yuri:yuriStrike","yuri:yuriDefend","yuri:yuriDefend","yuri:yuriDefend","yuri:yuriDefend","yuri:yuriDefend","yuri:Oolong+1","yuri:yuriStab","yuri:yuriQuickStrike","yuri:HeavierStrike+1","yuri:BookRed","yuri:TeaSet","yuri:WickedSlash","yuri:Spin","yuri:Spin","Amnesia","yuri:NerfBat"],"relics":["Painkiller Herb","ReplayTheSpireMod:TigerMarble","ReplayTheSpireMod:Lightbulb","Replay:WaspNest","Runesmith:Locket","ReplayTheSpireMod:Ring of Collecting","Ring of Fangs","Singing Bowl"],"acts_visited":["Exordium"],"potions_floor_usage":[6,10,13,16,16],"damage_taken":[{"damage":1,"enemies":"Cultist","floor":1,"turns":4},{"damage":20,"enemies":"Jaw Worm","floor":3,"turns":6},{"damage":0,"enemies":"2 Louse","floor":4,"turns":1},{"damage":14,"enemies":"Gremlin Nob","floor":6,"turns":4},{"damage":17,"enemies":"Lagavulin","floor":8,"turns":6},{"damage":8,"enemies":"Replay:BlueRogue","floor":10,"turns":3},{"damage":8,"enemies":"Red Slaver","floor":11,"turns":3},{"damage":26,"enemies":"3 Sentries","floor":13,"turns":4},{"damage":4,"enemies":"Exordium Thugs","floor":14,"turns":3},{"damage":85,"enemies":"Fading Forest","floor":16,"turns":9}],"seed_played":"-9062632460214992643","potions_obtained":[{"floor":3,"key":"Flashbang"},{"floor":8,"key":"AttackPotion"},{"floor":10,"key":"Doom Potion"},{"floor":11,"key":"Energy Potion"},{"floor":14,"key":"Dexterity Potion"}],"is_trial":false,"path_per_floor":["?","T","?","?","?","E","T","E","T","E","?","?","E","?","T","B"],"character_chosen":"YURI","items_purchased":["yuri:HeavierStrike+1","yuri:BookRed"],"campfire_rested":1,"item_purchase_floors":[2,2],"current_hp_per_floor":[75,75,62,62,51,44,44,37,37,36,38,38,22,23,47,0,0],"gold":364,"neow_bonus":"BOSS_RELIC","is_daily":false,"chose_seed":false,"campfire_upgraded":1,"win_rate":0.0,"timestamp":1609471854,"path_taken":["?","T","?","?","?","E","T","E","T","E","?","?","E","?","T","BOSS"],"items_purchased_type":["Card","Card"],"build_version":"2020-12-22","purchased_purges":0,"victory":false,"max_hp_per_floor":[80,80,80,80,80,80,80,80,80,80,80,80,80,82,82,82,82],"card_choices":[{"not_picked":["yuri:TPose","yuri:Stare"],"picked":"yuri:yuriQuickStrike","floor":1},{"not_picked":["yuri:yuriHeavyStrike","yuri:WickedSlash"],"picked":"yuri:TeaSet","floor":3},{"not_picked":["yuri:yuriQuickStrike","yuri:DebugCard"],"picked":"yuri:WickedSlash","floor":4},{"not_picked":["yuri:BookPurple","yuri:ThrowBook","yuri:UnstableStrike"],"picked":"SKIP","floor":6},{"not_picked":["yuri:GhostForm","yuri:AdaptiveAI","yuri:CalmingAura"],"picked":"SKIP","floor":8},{"not_picked":["yuri:Skip","yuri:TPose"],"picked":"yuri:Spin","floor":10},{"not_picked":["yuri:yuriHeavyStrike","yuri:SeeingDouble"],"picked":"yuri:Spin","floor":11},{"not_picked":["yuri:HeavierStrike","yuri:BrokenCode"],"picked":"yuri:NerfBat","floor":13},{"not_picked":["yuri:InduceGlitch","yuri:NoEscape","yuri:DejaVu"],"picked":"Singing Bowl","floor":14}],"player_experience":679216,"relics_obtained":[{"floor":6,"key":"ReplayTheSpireMod:TigerMarble"},{"floor":8,"key":"ReplayTheSpireMod:Lightbulb"},{"floor":9,"key":"Replay:WaspNest"},{"floor":10,"key":"Runesmith:Locket"},{"floor":12,"key":"ReplayTheSpireMod:Ring of Collecting"},{"floor":12,"key":"Ring of Fangs"},{"floor":13,"key":"Singing Bowl"}],"event_choices":[{"damage_healed":0,"gold_gain":75,"player_choice":"Gather Gold","damage_taken":11,"max_hp_gain":0,"max_hp_loss":0,"event_name":"World of Goop","floor":5,"gold_loss":0}],"is_beta":false,"boss_relics":[],"items_purged_floors":[],"is_endless":false,"potions_floor_spawned":[3,8,10,11,14],"killed_by":"Fading Forest","ascension_level":6}}