{"host":"i50gzlxyjrf5ohl8","time":1609521679,"event":{"mods":["Bartender","BaseMod","Better Note","Better Skull","DeckTracker","Downfall","GifTheSpireLib","Jedi Mod","Minty Spire (QoL Compilation)","Quarter Circle Forward PUNCH!","Quick Restart","StSLib","Stuff the Spire","The Forsaken","The Runesmith","Trackpad","vexMod"],"gold_per_floor":[109,9,9,23,23,57,57,88,112,144,144,158,158,174,174,269,269,289,92,107,127,127,158,158,193,217,217,228,228,245,262,262,262,262],"floor_reached":33,"playtime":906,"items_purged":["Strike_R"],"score":504,"play_id":"48332482-9953-4aed-b98a-ca7f6fc83394","local_time":"20210101112119","is_ascension_mode":true,"campfire_choices":[{"data":"Bash","floor":7,"key":"SMITH"},{"floor":11,"key":"REST"},{"data":"Anger","floor":13,"key":"SMITH"},{"floor":15,"key":"REST"},{"floor":24,"key":"REST"},{"data":"Anger","floor":27,"key":"SMITH"},{"data":"Anger","floor":32,"key":"SMITH"}],"circlet_count":0,"master_deck":["Strike_R","Strike_R","Strike_R","Defend_R","Defend_R","Defend_R","Defend_R","Bash+1","Clash","Wild Strike+1","Cleave","Heavy Blade","Anger+1","Anger+1","Anger+1","Anger+1","Offering","CurseOfTheBell","Anger+1","Anger+1","Inflame","Anger+1","Anger","Anger+1","Anger","Anger"],"relics":["Burning Blood","NeowsBlessing","trackpad:BottledAnger","Centennial Puzzle","qcfpunch:Army_Boots","Toy Ornithopter","Calling Bell","Smiling Mask","jedi:purplefairy","trackpad:DisasterInABottle","Whetstone","MutagenicStrength","White_Cape","vexMod:ScavengeHelm","trackpad:AdjectivePendant","qcfpunch:Extra_Skeleton"],"acts_visited":["Exordium","TheCity"],"potions_floor_usage":[10,16,16,16,33,33],"damage_taken":[{"damage":0,"enemies":"Jaw Worm","floor":1,"turns":1},{"damage":0,"enemies":"2 Louse","floor":4,"turns":1},{"damage":0,"enemies":"Lagavulin","floor":6,"turns":1},{"damage":37,"enemies":"Gremlin Nob","floor":8,"turns":5},{"damage":20,"enemies":"Lagavulin","floor":10,"turns":5},{"damage":0,"enemies":"Cultist","floor":12,"turns":2},{"damage":3,"enemies":"Blue Slaver","floor":14,"turns":2},{"damage":79,"enemies":"The Guardian","floor":16,"turns":10},{"damage":7,"enemies":"Chosen","floor":18,"turns":2},{"damage":7,"enemies":"3 Byrds","floor":20,"turns":2},{"damage":6,"enemies":"Sentry and Sphere","floor":21,"turns":2},{"damage":13,"enemies":"Slavers","floor":23,"turns":3},{"damage":14,"enemies":"Gremlin Leader","floor":25,"turns":4},{"damage":6,"enemies":"Shelled Parasite and Fungi","floor":28,"turns":1},{"damage":6,"enemies":"Shelled Parasite and Fungi","floor":29,"turns":1},{"damage":0,"enemies":"Snake Plant","floor":30,"turns":1},{"damage":0,"enemies":"Chosen and Byrds","floor":31,"turns":1},{"damage":85,"enemies":"Automaton","floor":33,"turns":6}],"seed_played":"413616919732164843","potions_obtained":[{"floor":3,"key":"Slimebound:ThreeZeroPotion"},{"floor":6,"key":"SteroidPotion"},{"floor":12,"key":"Guardian:BlockOnCardUsePotion"},{"floor":14,"key":"jedi:StrikingPotion"},{"floor":16,"key":"Guardian:BlockOnCardUsePotion"},{"floor":18,"key":"champ:CounterPotion"},{"floor":21,"key":"DuplicationPotion"}],"is_trial":false,"path_per_floor":["M","$","?","M","?","E","R","E","T","E","R","M","R","M","R","B",null,"M","$","M","M","?","E","R","E","T","R","M","?","M","M","R","B"],"character_chosen":"IRONCLAD","items_purchased":["Wild Strike","Cleave","Whetstone"],"campfire_rested":3,"item_purchase_floors":[2,2,19],"current_hp_per_floor":[78,78,78,80,80,80,80,49,49,35,59,65,65,68,80,22,66,65,65,64,64,64,57,80,72,72,80,80,80,80,80,80,0,0],"gold":262,"neow_bonus":"THREE_ENEMY_KILL","is_daily":false,"chose_seed":false,"campfire_upgraded":4,"win_rate":0.0,"timestamp":1609521679,"path_taken":["M","$","?","M","?","E","R","E","T","E","R","M","R","M","R","BOSS","M","$","M","M","?","E","R","E","T","R","M","?","?","M","R","BOSS"],"items_purchased_type":["Card","Card","Relic"],"build_version":"2020-12-22","purchased_purges":1,"victory":false,"max_hp_per_floor":[80,80,80,80,80,80,80,80,80,80,80,80,80,80,80,80,80,80,80,80,80,80,80,80,80,80,80,80,80,80,80,80,80,80],"card_choices":[{"not_picked":["Body Slam","Rupture"],"picked":"Clash","floor":1},{"not_picked":["Havoc","Rampage"],"picked":"Heavy Blade","floor":4},{"not_picked":["StuffTheSpire:Pyroclast","Sword Boomerang","Rampage"],"picked":"SKIP","floor":6},{"not_picked":["Clash","jedi:fear","Shrug It Off"],"picked":"Anger","floor":8},{"not_picked":["Spot Weakness","Dual Wield","jedi:controlledanger"],"picked":"Anger","floor":10},{"not_picked":["Headbutt","Dropkick","Perfected Strike"],"picked":"Anger","floor":12},{"not_picked":["Twin Strike","Clothesline","Rage"],"picked":"Anger","floor":14},{"not_picked":["Bludgeon","Fiend Fire","Anger"],"picked":"Offering","floor":16},{"not_picked":["StuffTheSpire:BloodClot","Inflame","Rampage"],"picked":"Anger+1","floor":18},{"not_picked":["Clothesline","Ghostly Armor","Sentinel"],"picked":"Anger+1","floor":20},{"not_picked":["Pommel Strike+1","Twin Strike","Anger"],"picked":"Inflame","floor":21},{"not_picked":["Twin Strike+1","Perfected Strike","Brutality"],"picked":"Anger+1","floor":23},{"not_picked":["Whirlwind","Power Through+1","StuffTheSpire:Slingshot"],"picked":"Anger","floor":25},{"not_picked":["Wild Strike+1","Twin Strike+1","jedi:fear"],"picked":"Anger+1","floor":28},{"not_picked":["Carnage","Perfected Strike+1","jedi:hate"],"picked":"Anger","floor":30},{"not_picked":["Shrug It Off","True Grit","Havoc"],"picked":"Anger","floor":31}],"player_experience":742270,"relics_obtained":[{"floor":6,"key":"trackpad:BottledAnger"},{"floor":8,"key":"Centennial Puzzle"},{"floor":9,"key":"qcfpunch:Army_Boots"},{"floor":10,"key":"Toy Ornithopter"},{"floor":17,"key":"Smiling Mask"},{"floor":17,"key":"jedi:purplefairy"},{"floor":17,"key":"trackpad:DisasterInABottle"},{"floor":23,"key":"White_Cape"},{"floor":25,"key":"vexMod:ScavengeHelm"},{"floor":26,"key":"trackpad:AdjectivePendant"}],"event_choices":[{"cards_removed":["Strike_R"],"damage_healed":0,"gold_gain":0,"player_choice":"Offered Basic","damage_taken":0,"max_hp_gain":0,"max_hp_loss":0,"event_name":"Bonfire Elementals","floor":5,"gold_loss":0},{"damage_healed":0,"gold_gain":0,"player_choice":"Inject Mutagens","damage_taken":0,"relics_obtained":["MutagenicStrength"],"max_hp_gain":0,"max_hp_loss":0,"event_name":"Drug Dealer","floor":22,"gold_loss":0}],"is_beta":false,"boss_relics":[{"not_picked":["Coffee Dripper","vexMod:DeviousBotling"],"picked":"Calling Bell"}],"items_purged_floors":[19],"is_endless":false,"potions_floor_spawned":[6,12,14,16,18,21,23,28],"killed_by":"Automaton","ascension_level":9}}