{"host":"vmo6qas4tfa0p776","time":1609517006,"event":{"mods":["AchievementEnabler","BaseMod","Bestiary","Better Altar","Better Match","Better Note","Better Sensory Stone","Better Skull","Better Third Choice","Colored Map","Downfall","Minty Spire (QoL Compilation)","Relic Stats","Robot Space Explorer","Spicy Shops","StSLib","The Marked"],"gold_per_floor":[99,9,9,0,13,13,13,28,41,41,41,52,82,10,28,126,126,126,141,341,341,341,341],"floor_reached":22,"playtime":993,"items_purged":[],"score":232,"play_id":"d25cf171-542b-40c6-9d9f-ad223c74f2be","local_time":"20210101110326","is_ascension_mode":false,"campfire_choices":[{"data":"sneckomod:SnekBite","floor":1,"key":"SMITH"},{"data":"sneckomod:DiceBoulder","floor":6,"key":"SMITH"},{"data":"sneckomod:MorePower","floor":18,"key":"SMITH"}],"circlet_count":0,"master_deck":["sneckomod:Strike","sneckomod:Strike","sneckomod:Strike","sneckomod:Defend","sneckomod:Defend","sneckomod:Defend","sneckomod:TailWhip","sneckomod:SnekBite+1","sneckomod:Unknown","sneckomod:Unknown","sneckomod:Transmogrify","sneckomod:PureSnecko","sneckomod:SnakeSap","sneckomod:DiceBoulder+1","sneckomod:SoulCleanse","sneckomod:DiceBoulder","Glacier+1","sneckomod:UnknownUncommonPower","sneckomod:SerpentMind","sneckomod:MixItUp","expansioncontent:Collect","sneckomod:UnknownCommonSkill","sneckomod:UnknownStrike","sneckomod:MorePower+1","CurseOfTheBell","sneckomod:UnknownRarePower+1","sneckomod:UnknownStrike+1"],"relics":["sneckomod:SneckoSoul","Gremlin Horn","Lantern","Pen Nib","Pantograph","Tiny Chest","Calling Bell","Strawberry","Matryoshka","WingedGreaves","downfall:KnowingSkull"],"acts_visited":["Exordium","TheCity"],"potions_floor_usage":[3,13,13,14,14,16,22],"damage_taken":[{"damage":5,"enemies":"downfall:FleeingMerchant","floor":2,"turns":4},{"damage":5,"enemies":"downfall:FleeingMerchant","floor":4,"turns":4},{"damage":0,"enemies":"Cultist","floor":5,"turns":2},{"damage":0,"enemies":"Small Slimes","floor":8,"turns":3},{"damage":8,"enemies":"Jaw Worm","floor":9,"turns":3},{"damage":3,"enemies":"Exordium Thugs","floor":12,"turns":3},{"damage":0,"enemies":"Gremlin Nob","floor":13,"turns":2},{"damage":15,"enemies":"downfall:FleeingMerchant","floor":14,"turns":4},{"damage":0,"enemies":"2 Fungi Beasts","floor":15,"turns":2},{"damage":35,"enemies":"downfall:Silent","floor":16,"turns":7},{"damage":59,"enemies":"3 Byrds","floor":19,"turns":8},{"damage":49,"enemies":"Shelled Parasite and Fungi","floor":22,"turns":3}],"seed_played":"7577696884498463930","potions_obtained":[{"floor":3,"key":"Fruit Juice"},{"floor":3,"key":"DuplicationPotion"},{"floor":3,"key":"sneckomod:DiceRollPotion"},{"floor":8,"key":"DistilledChaos"},{"floor":13,"key":"Energy Potion"},{"floor":15,"key":"DistilledChaos"},{"floor":16,"key":"DuplicationPotion"}],"is_trial":false,"path_per_floor":["R","$","?","$","M","R","T","M","M","?","T","M","E","$","M","B",null,"R","M","?","?","M"],"character_chosen":"THE_SNECKO","items_purchased":["Blood Vial","expansioncontent:Collect","sneckomod:UnknownCommonSkill"],"campfire_rested":0,"item_purchase_floors":[2,14,14],"current_hp_per_floor":[90,85,90,87,87,87,87,87,79,70,70,68,68,54,55,57,105,105,48,48,41,0,0],"gold":341,"neow_bonus":"ONE_RANDOM_RARE_CARD","is_daily":false,"chose_seed":false,"campfire_upgraded":3,"win_rate":0.0,"timestamp":1609517006,"path_taken":["R","$","?","?","?","R","T","M","M","?","?","M","E","$","M","BOSS","R","M","?","?","?"],"items_purchased_type":["Relic","Card","Card"],"build_version":"2020-12-22","purchased_purges":0,"victory":false,"max_hp_per_floor":[90,90,95,95,95,95,95,95,95,95,95,96,96,97,98,98,105,105,107,107,107,107,107],"relic_stats":{"Gremlin Horn":[6,6],"counters":[12,45],"Pantograph":25,"Tiny Chest":0,"Pen Nib":[6],"obtain_stats":[{"Blood Vial":2,"Calling Bell":17,"Lantern":4,"Matryoshka":17,"Gremlin Horn":7,"Pantograph":13,"Strawberry":17,"Tiny Chest":11,"downfall:KnowingSkull":21,"Pen Nib":10,"WingedGreaves":17,"sneckomod:SneckoSoul":0},{"Blood Vial":1,"Calling Bell":10,"Lantern":2,"Matryoshka":10,"Gremlin Horn":3,"Pantograph":7,"Strawberry":10,"Tiny Chest":5,"downfall:KnowingSkull":11,"Pen Nib":5,"WingedGreaves":10,"sneckomod:SneckoSoul":0},{"Blood Vial":4,"Calling Bell":34,"Lantern":8,"Matryoshka":34,"Gremlin Horn":10,"Pantograph":21,"Strawberry":34,"Tiny Chest":16,"downfall:KnowingSkull":42,"Pen Nib":16,"WingedGreaves":34,"sneckomod:SneckoSoul":0}]},"card_choices":[{"not_picked":["sneckomod:UnknownDexterity","sneckomod:DiceCrush"],"picked":"sneckomod:PureSnecko","floor":2},{"not_picked":["sneckomod:UnknownClassGUARDIAN","sneckomod:UnknownClassPURPLE"],"picked":"sneckomod:SnakeSap","floor":4},{"not_picked":["sneckomod:Unknown3Cost","sneckomod:UnknownEthereal"],"picked":"sneckomod:DiceBoulder","floor":5},{"not_picked":["sneckomod:UnknownBlock","sneckomod:Unknown2Cost"],"picked":"sneckomod:SoulCleanse","floor":8},{"not_picked":["sneckomod:RainOfDice","sneckomod:UnknownCommonAttack"],"picked":"sneckomod:DiceBoulder","floor":9},{"not_picked":["sneckomod:SoulDraw","sneckomod:UnknownStrike"],"picked":"sneckomod:UnknownUncommonPower","floor":12},{"not_picked":["sneckomod:UnknownDexterity","sneckomod:Nope"],"picked":"sneckomod:SerpentMind","floor":13},{"not_picked":["sneckomod:DiceCrush","sneckomod:UnknownStrike"],"picked":"sneckomod:MixItUp","floor":14},{"not_picked":["sneckomod:UnknownCommonAttack","sneckomod:SoulDraw"],"picked":"sneckomod:UnknownStrike","floor":15},{"not_picked":["sneckomod:UnknownRarePower","sneckomod:SoulExchange"],"picked":"sneckomod:MorePower","floor":16},{"not_picked":["sneckomod:UnknownClassGUARDIAN+1","sneckomod:UnknownRareAttack+1"],"picked":"sneckomod:UnknownRarePower+1","floor":19},{"not_picked":["sneckomod:SnakeSap","sneckomod:SoulDraw"],"picked":"sneckomod:UnknownStrike+1","floor":19}],"player_experience":232673,"relics_obtained":[{"floor":4,"key":"Lantern"},{"floor":7,"key":"Gremlin Horn"},{"floor":9,"key":"Lantern"},{"floor":11,"key":"Tiny Chest"},{"floor":12,"key":"Pen Nib"},{"floor":13,"key":"Pantograph"},{"floor":16,"key":"Tiny Chest"},{"floor":17,"key":"Strawberry"},{"floor":17,"key":"Matryoshka"},{"floor":17,"key":"WingedGreaves"}],"event_choices":[{"damage_healed":0,"gold_gain":0,"player_choice":"Got Potions","damage_taken":0,"max_hp_gain":0,"max_hp_loss":0,"event_name":"Lab","floor":3,"gold_loss":0}],"is_beta":false,"boss_relics":[{"not_picked":["Snecko Eye","Coffee Dripper"],"picked":"Calling Bell"}],"items_purged_floors":[],"is_endless":false,"potions_floor_spawned":[8,12,13,15,16],"killed_by":"Shelled Parasite and Fungi","ascension_level":0}}