{"host":"9ndbo4kgsfoemf7y","time":1609491025,"event":{"mods":["AchievementEnabler","BaseMod","Colored Map","DeckTracker","Keyboard Shortcuts","Minty Spire (QoL Compilation)","Permanent Neow","Quick Restart","Relic Stats","StSLib","SuperFastMode"],"gold_per_floor":[117,117,42,42,62,95,114,139,162,191,216,240,252,299,311,323,323],"floor_reached":16,"playtime":528,"items_purged":["Strike_G"],"score":302,"play_id":"a7b50a66-6181-4ee5-b7a1-6c9d257c2a84","local_time":"20210101175025","is_ascension_mode":true,"campfire_choices":[{"data":"Calculated Gamble","floor":13.0,"key":"SMITH"},{"floor":15.0,"key":"REST"}],"circlet_count":0,"master_deck":["AscendersBane","Strike_G","Strike_G","Strike_G","Strike_G","Defend_G","Defend_G","Defend_G","Defend_G","Defend_G","Survivor","Neutralize","Riddle With Holes","Prepared","Blade Dance","Escape Plan","Footwork","Calculated Gamble+1","Deadly Poison","Calculated Gamble","Cloak And Dagger"],"relics":["Ring of the Snake","NeowsBlessing","Toy Ornithopter","PreservedInsect","Nunchaku","MawBank","Girya"],"acts_visited":["Exordium"],"potions_floor_usage":[],"damage_taken":[{"damage":0.0,"enemies":"Jaw Worm","floor":1.0,"turns":1.0},{"damage":0.0,"enemies":"2 Louse","floor":5.0,"turns":1.0},{"damage":0.0,"enemies":"Gremlin Nob","floor":6.0,"turns":1.0},{"damage":1.0,"enemies":"Cultist","floor":7.0,"turns":4.0},{"damage":35.0,"enemies":"Lagavulin","floor":8.0,"turns":5.0},{"damage":4.0,"enemies":"Gremlin Nob","floor":10.0,"turns":3.0},{"damage":2.0,"enemies":"Blue Slaver","floor":11.0,"turns":4.0},{"damage":0.0,"enemies":"Exordium Thugs","floor":12.0,"turns":3.0},{"damage":28.0,"enemies":"Lagavulin","floor":14.0,"turns":6.0},{"damage":44,"enemies":"Hexaghost","floor":16,"turns":10}],"seed_played":"-5438291273103413498","potions_obtained":[{"floor":1.0,"key":"FearPotion"},{"floor":4.0,"key":"Swift Potion"},{"floor":8.0,"key":"CunningPotion"},{"floor":10.0,"key":"Poison Potion"},{"floor":11.0,"key":"DistilledChaos"},{"floor":14.0,"key":"CunningPotion"}],"is_trial":false,"path_per_floor":["M","?","$","?","M","E","M","E","T","E","M","M","R","E","R","B"],"character_chosen":"THE_SILENT","items_purchased":[],"campfire_rested":1,"item_purchase_floors":[],"current_hp_per_floor":[59,64,64,64,64,64,63,33,33,39,37,42,42,19,40,0,0],"gold":323,"neow_bonus":"THREE_ENEMY_KILL","is_daily":false,"chose_seed":false,"campfire_upgraded":1,"win_rate":0.0,"timestamp":1609491025,"path_taken":["M","?","$","?","?","E","M","E","T","E","M","M","R","E","R","BOSS"],"items_purchased_type":[],"build_version":"2020-12-22","purchased_purges":1,"victory":false,"max_hp_per_floor":[66,71,71,71,71,71,71,71,71,71,71,71,71,71,71,71,71],"relic_stats":{"Nunchaku":[6],"counters":[10,38],"PreservedInsect":58,"MawBank":72,"obtain_stats":[{"Girya":14,"Nunchaku":9,"NeowsBlessing":0,"PreservedInsect":8,"MawBank":10,"Toy Ornithopter":6,"Ring of the Snake":0},{"Girya":9,"Nunchaku":5,"NeowsBlessing":0,"PreservedInsect":5,"MawBank":6,"Toy Ornithopter":3,"Ring of the Snake":0},{"Girya":28,"Nunchaku":12,"NeowsBlessing":0,"PreservedInsect":12,"MawBank":15,"Toy Ornithopter":3,"Ring of the Snake":0}],"Toy Ornithopter":25,"Ring of the Snake":[20]},"card_choices":[{"not_picked":["Underhanded Strike","Poisoned Stab"],"picked":"Riddle With Holes","floor":1.0},{"not_picked":["Infinite Blades","Acrobatics"],"picked":"Prepared","floor":5.0},{"not_picked":["Masterful Stab","Flying Knee"],"picked":"Blade Dance","floor":6.0},{"not_picked":["Endless Agony","Backflip"],"picked":"Escape Plan","floor":7.0},{"not_picked":["Prepared","Dagger Spray"],"picked":"Footwork","floor":8.0},{"not_picked":["Storm of Steel","Bane"],"picked":"Calculated Gamble","floor":10.0},{"not_picked":["Quick Slash","Dagger Spray"],"picked":"Deadly Poison","floor":11.0},{"not_picked":["Predator","Deflect"],"picked":"Calculated Gamble","floor":12.0},{"not_picked":["Quick Slash","Calculated Gamble"],"picked":"Cloak And Dagger","floor":14.0}],"player_experience":765370,"relics_obtained":[{"floor":6.0,"key":"Toy Ornithopter"},{"floor":8.0,"key":"PreservedInsect"},{"floor":9.0,"key":"Nunchaku"},{"floor":10.0,"key":"MawBank"},{"floor":14.0,"key":"Girya"}],"event_choices":[{"damage_healed":0.0,"max_hp_gain":5.0,"max_hp_loss":0.0,"gold_gain":0.0,"event_name":"Big Fish","player_choice":"Donut","floor":2.0,"gold_loss":0.0,"damage_taken":0.0},{"damage_healed":0.0,"max_hp_gain":0.0,"max_hp_loss":0.0,"gold_gain":0.0,"event_name":"Lab","player_choice":"Got Potions","floor":4.0,"gold_loss":0.0,"damage_taken":0.0}],"is_beta":false,"boss_relics":[],"items_purged_floors":[3],"is_endless":false,"potions_floor_spawned":[1,5,8,10,11,14],"killed_by":"Hexaghost","ascension_level":19}}