{"host":"w4b7hmige5bnqipq","time":1609467757,"event":{"mods":["2.2 Compatiblity","BaseMod","Colored Map","DeckTracker","Keyboard Shortcuts","Minty Spire (QoL Compilation)","Permanent Neow","Rare Cards Sparkle","SuperFastMode","everything is the same but u backflip on backflip","slay the spire mod where everything is the same but ironclad has a cowboy hat"],"gold_per_floor":[114,128,53,70,80,108,123,152,152,180,105,105,136,36,36,36,36],"floor_reached":16,"playtime":486,"items_purged":["Strike_R","Strike_R"],"score":238,"play_id":"9e2a35a4-cde7-4365-96c6-3779e8b2af57","local_time":"20210101112237","is_ascension_mode":true,"campfire_choices":[{"data":"Blood for Blood","floor":12,"key":"SMITH"},{"data":"Evolve","floor":15,"key":"SMITH"}],"circlet_count":0,"master_deck":["AscendersBane","Strike_R","Strike_R","Strike_R","Defend_R","Defend_R","Defend_R","Bash","Flex","Power Through","Blood for Blood+1","Disarm","Bloodletting","Feel No Pain","Fiend Fire","Evolve+1"],"relics":["Burning Blood","NeowsBlessing","InkBottle","Mummified Hand","Regal Pillow"],"acts_visited":["Exordium"],"potions_floor_usage":[8,13,16],"damage_taken":[{"damage":0.0,"enemies":"Cultist","floor":1.0,"turns":1.0},{"damage":0.0,"enemies":"2 Louse","floor":2.0,"turns":1.0},{"damage":0.0,"enemies":"Small Slimes","floor":4.0,"turns":1.0},{"damage":14.0,"enemies":"3 Louse","floor":5.0,"turns":4.0},{"damage":6.0,"enemies":"Lagavulin","floor":6.0,"turns":7.0},{"damage":11.0,"enemies":"Red Slaver","floor":7.0,"turns":6.0},{"damage":24,"enemies":"3 Sentries","floor":8,"turns":12},{"damage":21,"enemies":"Lagavulin","floor":10,"turns":8},{"damage":12,"enemies":"Exordium Wildlife","floor":13,"turns":4},{"damage":28,"enemies":"Hexaghost","floor":16,"turns":7}],"seed_played":"1602290238197458667","potions_obtained":[{"floor":5.0,"key":"SteroidPotion"},{"floor":7,"key":"DistilledChaos"},{"floor":10,"key":"ColorlessPotion"},{"floor":13,"key":"Energy Potion"}],"is_trial":false,"path_per_floor":["M","M","?","M","M","E","M","E","T","E","$","R","M","$","R","B"],"character_chosen":"IRONCLAD","items_purchased":[],"campfire_rested":0,"item_purchase_floors":[],"current_hp_per_floor":[74,75,75,75,67,67,62,44,44,29,29,29,23,23,23,0,0],"gold":36,"neow_bonus":"THREE_ENEMY_KILL","is_daily":false,"chose_seed":false,"campfire_upgraded":2,"win_rate":0.0,"timestamp":1609467757,"path_taken":["M","?","?","M","M","E","M","E","T","E","$","R","M","$","R","BOSS"],"items_purchased_type":[],"build_version":"2020-12-22","purchased_purges":2,"victory":false,"max_hp_per_floor":[75,75,75,75,75,75,75,75,75,75,75,75,75,75,75,75,75],"card_choices":[{"not_picked":["Iron Wave","Infernal Blade"],"picked":"Flex","floor":1.0},{"not_picked":["Entrench","Sever Soul"],"picked":"Power Through","floor":2.0},{"not_picked":["Warcry","Clash"],"picked":"Blood for Blood","floor":4.0},{"not_picked":["Whirlwind","Wild Strike"],"picked":"Disarm","floor":5.0},{"not_picked":["Searing Blow","True Grit"],"picked":"Bloodletting","floor":6.0},{"not_picked":["Ghostly Armor","Pommel Strike"],"picked":"Feel No Pain","floor":7},{"not_picked":["Spot Weakness","Heavy Blade","Clothesline"],"picked":"SKIP","floor":8},{"not_picked":["Anger","Sword Boomerang"],"picked":"Fiend Fire","floor":10},{"not_picked":["Sever Soul","Pommel Strike"],"picked":"Evolve","floor":13}],"player_experience":446070,"relics_obtained":[{"floor":6.0,"key":"InkBottle"},{"floor":8,"key":"Mummified Hand"},{"floor":10,"key":"Regal Pillow"}],"event_choices":[{"cards_removed":["Defend_R"],"damage_healed":0.0,"max_hp_gain":0.0,"max_hp_loss":0.0,"gold_gain":0.0,"event_name":"The Cleric","player_choice":"Card Removal","floor":3.0,"gold_loss":75.0,"damage_taken":0.0}],"is_beta":false,"boss_relics":[],"items_purged_floors":[11,14],"is_endless":false,"potions_floor_spawned":[5,7,10,13],"killed_by":"Hexaghost","ascension_level":19}}