{"host":"fjaupvxe7fzqrf4j","time":1609505828,"event":{"mods":["ATMod(°¢èªMod)","BaseMod","Minty Spire (QoL Compilation)","StSLib"],"gold_per_floor":[110,90,90,90,90,119,144,171,171,199,199,199,233,35,35,111,111,130,2,2,2,52,82,117,148,148,173,205,237,271,298,298,371,371,389,1388,1458,1458,687,712,739,223,278,307,307,30,30,64,64,64,64],"floor_reached":50,"playtime":1527,"items_purged":["Leap","Normality","Normality"],"score":1997,"play_id":"93e6964f-a232-425a-9cd0-844646f8e850","local_time":"20210101205708","daily_mods":["SealedDeck","Heirloom","Time Dilation","Flight","Elite Swarm"],"is_ascension_mode":true,"campfire_choices":[{"data":"Fission","floor":11.0,"key":"SMITH"},{"data":"Recycle","floor":12.0,"key":"SMITH"},{"data":"Heatsinks","floor":15.0,"key":"SMITH"},{"data":"AT_RightCognition","floor":32.0,"key":"SMITH"},{"data":"Ball Lightning","floor":45,"key":"PURGE"},{"data":"Seek","floor":45,"key":"SMITH"},{"floor":49,"key":"RECALL"}],"circlet_count":0,"master_deck":["AscendersBane","Conserve Battery+1","Undo+1","Heatsinks+1","Recycle+1","Cold Snap","Electrodynamics","AT_WaterDrop","Fission+1","Biased Cognition+1","Echo Form","Storm","Reinforced Body","Coolheaded","Seek+1","Thunder Strike","Biased Cognition","Biased Cognition","AT_RightCognition+1","Loop","Coolheaded","Core Surge","Capacitor","Creative AI","AT_HeatAcrobatics"],"relics":["Cracked Core","AT_ATBox","Bird Faced Urn","Blue Candle","StoneCalendar","AT_SilvercatRing","Matryoshka","The Courier","AT_RedTearstoneRing","War Paint","AT_TrinityForce","AT_EbonyIvory","Meat on the Bone","Du-Vu Doll","Ice Cream","Regal Pillow","Peace Pipe","Blood Vial","Bottled Tornado","CaptainsWheel","AT_Kusabimaru","Tiny Chest","Inserter","Centennial Puzzle","Runic Capacitor","DataDisk","Lantern","AT_RabadonDeathcap","MawBank","Medical Kit","Emotion Chip","AT_BellDemon","Ornamental Fan","Bottled Flame","Calipers","Anchor","Akabeko","StrikeDummy"],"acts_visited":["Exordium","TheCity","TheBeyond"],"potions_floor_usage":[50],"damage_taken":[{"damage":0.0,"enemies":"Small Slimes","floor":1.0,"turns":3.0},{"damage":0.0,"enemies":"Gremlin Nob","floor":6.0,"turns":3.0},{"damage":7.0,"enemies":"3 Sentries","floor":7.0,"turns":4.0},{"damage":14.0,"enemies":"Gremlin Nob","floor":8.0,"turns":4.0},{"damage":18.0,"enemies":"Lagavulin","floor":10.0,"turns":6.0},{"damage":0.0,"enemies":"3 Sentries","floor":13.0,"turns":1.0},{"damage":4.0,"enemies":"Hexaghost","floor":16.0,"turns":6.0},{"damage":6.0,"enemies":"3 Byrds","floor":18.0,"turns":2.0},{"damage":23.0,"enemies":"Slavers","floor":23.0,"turns":2.0},{"damage":0.0,"enemies":"Gremlin Leader","floor":24.0,"turns":2.0},{"damage":0.0,"enemies":"Book of Stabbing","floor":25.0,"turns":3.0},{"damage":0.0,"enemies":"Slavers","floor":27.0,"turns":1.0},{"damage":0.0,"enemies":"Gremlin Leader","floor":28.0,"turns":3.0},{"damage":6.0,"enemies":"Book of Stabbing","floor":29.0,"turns":3.0},{"damage":0.0,"enemies":"Slavers","floor":30.0,"turns":1.0},{"damage":0.0,"enemies":"Book of Stabbing","floor":31.0,"turns":2.0},{"damage":3.0,"enemies":"Champ","floor":33.0,"turns":5.0},{"damage":9.0,"enemies":"3 Darklings","floor":35.0,"turns":2.0},{"damage":1.0,"enemies":"Nemesis","floor":40.0,"turns":4.0},{"damage":18.0,"enemies":"Reptomancer","floor":41.0,"turns":3.0},{"damage":30,"enemies":"Nemesis","floor":44,"turns":3},{"damage":9,"enemies":"Giant Head","floor":48,"turns":4},{"damage":94,"enemies":"Awakened One","floor":50,"turns":2}],"seed_played":"-7835583959745560273","potions_obtained":[{"floor":1.0,"key":"Ancient Potion"},{"floor":2.0,"key":"Swift Potion"},{"floor":8.0,"key":"Block Potion"},{"floor":23.0,"key":"ColorlessPotion"}],"is_trial":true,"path_per_floor":["M","?","$","?","?","E","E","E","T","E","R","R","E","$","R","B",null,"M","$","?","?","?","E","E","E","T","E","E","E","E","E","R","B",null,"M","?","T","?","$","E","E","$","T","E","R","$","T","E","R","B"],"character_chosen":"DEFECT","items_purchased":["War Paint","AT_EbonyIvory","Runic Capacitor","DataDisk","Lantern","Coolheaded","AT_RabadonDeathcap","Medical Kit","Capacitor","Emotion Chip","Calipers","AT_HeatAcrobatics"],"campfire_rested":0,"item_purchase_floors":[14,19,39,39,39,39,39,42,42,42,46,46],"current_hp_per_floor":[64,64,64,69,62,62,59,49,49,37,37,37,41,41,41,49,69,67,67,67,67,67,52,66,76,76,76,76,76,76,76,76,76,76,73,73,73,73,73,76,66,66,66,46,46,46,46,61,61,0,0],"gold":64,"neow_bonus":"","is_daily":false,"chose_seed":false,"campfire_upgraded":5,"win_rate":0.0,"timestamp":1609505828,"path_taken":["M","?","?","?","?","E","E","E","T","E","R","R","E","$","R","BOSS","M","$","?","?","?","E","E","E","T","E","E","E","E","E","R","BOSS","M","?","?","?","$","E","E","$","T","E","R","$","?","E","R","BOSS"],"items_purchased_type":["Relic","Relic","Relic","Relic","Relic","Card","Relic","Relic","Card","Relic","Relic","Card"],"build_version":"2020-12-22","purchased_purges":3,"victory":false,"max_hp_per_floor":[71,71,71,76,76,76,76,76,76,76,76,76,76,76,76,76,76,76,76,76,76,76,76,76,76,76,76,76,76,76,76,76,76,76,76,76,76,76,76,76,76,76,76,76,76,76,76,76,76,76,76],"card_choices":[{"not_picked":["Steam Power","Melter","Sweeping Beam"],"picked":"SKIP","floor":1.0},{"not_picked":["Echo Form","Multi-Cast"],"picked":"Electrodynamics","floor":6.0},{"not_picked":["Reboot","Creative AI"],"picked":"AT_WaterDrop","floor":7.0},{"not_picked":["All For One","Rainbow"],"picked":"Fission","floor":8.0},{"not_picked":["Seek","Reboot"],"picked":"Biased Cognition","floor":10.0},{"not_picked":["All For One","AT_WaterDrop"],"picked":"Echo Form","floor":13.0},{"not_picked":["Hello World","Compile Driver","Hologram"],"picked":"SKIP","floor":18.0},{"not_picked":["Rainbow","Echo Form"],"picked":"Seek","floor":23.0},{"not_picked":["Reboot","Fission","Echo Form"],"picked":"SKIP","floor":24.0},{"not_picked":["Rainbow","Amplify","Reboot"],"picked":"SKIP","floor":25.0},{"not_picked":["Seek","Fission","Meteor Strike"],"picked":"SKIP","floor":27.0},{"not_picked":["Seek","Multi-Cast"],"picked":"Thunder Strike","floor":28.0},{"not_picked":["Electrodynamics","Rainbow"],"picked":"Biased Cognition","floor":29.0},{"not_picked":["Multi-Cast","Echo Form"],"picked":"Biased Cognition","floor":30.0},{"not_picked":["Creative AI","Echo Form"],"picked":"AT_RightCognition","floor":31.0},{"not_picked":["Barrage+1","Cold Snap"],"picked":"Loop","floor":35.0},{"not_picked":["Biased Cognition","Electrodynamics","Reboot"],"picked":"SKIP","floor":40.0},{"not_picked":["All For One","AT_RightCognition"],"picked":"Core Surge","floor":41.0},{"not_picked":["Echo Form","AT_RightCognition"],"picked":"Creative AI","floor":44},{"not_picked":["Thunder Strike","Biased Cognition","Rainbow"],"picked":"SKIP","floor":48}],"player_experience":312696,"relics_obtained":[{"floor":6.0,"key":"Blue Candle"},{"floor":7.0,"key":"StoneCalendar"},{"floor":8.0,"key":"AT_SilvercatRing"},{"floor":9.0,"key":"Matryoshka"},{"floor":10.0,"key":"The Courier"},{"floor":13.0,"key":"AT_RedTearstoneRing"},{"floor":23.0,"key":"Meat on the Bone"},{"floor":24.0,"key":"Du-Vu Doll"},{"floor":25.0,"key":"Ice Cream"},{"floor":26.0,"key":"Regal Pillow"},{"floor":26.0,"key":"Peace Pipe"},{"floor":27.0,"key":"Blood Vial"},{"floor":28.0,"key":"Bottled Tornado"},{"floor":29.0,"key":"CaptainsWheel"},{"floor":30.0,"key":"AT_Kusabimaru"},{"floor":31.0,"key":"Tiny Chest"},{"floor":37.0,"key":"Centennial Puzzle"},{"floor":41.0,"key":"MawBank"},{"floor":43.0,"key":"AT_BellDemon"},{"floor":44,"key":"Ornamental Fan"},{"floor":44,"key":"Bottled Flame"},{"floor":47,"key":"Anchor"},{"floor":48,"key":"Akabeko"},{"floor":48,"key":"StrikeDummy"}],"event_choices":[{"damage_healed":0.0,"max_hp_gain":0.0,"max_hp_loss":0.0,"gold_gain":0.0,"event_name":"The Woman in Blue","player_choice":"Bought 1 Potion","floor":2.0,"gold_loss":0.0,"damage_taken":0.0},{"damage_healed":0.0,"max_hp_gain":5.0,"max_hp_loss":0.0,"gold_gain":0.0,"event_name":"Big Fish","player_choice":"Donut","floor":4.0,"gold_loss":0.0,"damage_taken":0.0},{"cards_removed":["Beam Cell"],"damage_healed":0.0,"max_hp_gain":0.0,"max_hp_loss":0.0,"gold_gain":0.0,"event_name":"Golden Wing","player_choice":"Card Removal","floor":5.0,"gold_loss":0.0,"damage_taken":7.0},{"damage_healed":0.0,"max_hp_gain":0.0,"max_hp_loss":0.0,"gold_gain":0.0,"cards_transformed":["Cold Snap","Ball Lightning"],"event_name":"Drug Dealer","player_choice":"Became Test Subject","floor":20.0,"gold_loss":0.0,"damage_taken":0.0,"cards_obtained":["Storm","Reinforced Body"]},{"damage_healed":0.0,"max_hp_gain":0.0,"max_hp_loss":0.0,"gold_gain":0.0,"event_name":"The Library","player_choice":"Read","floor":21.0,"gold_loss":0.0,"damage_taken":0.0,"cards_obtained":["Coolheaded"]},{"damage_healed":0.0,"max_hp_gain":0.0,"max_hp_loss":0.0,"gold_gain":50.0,"event_name":"Nest","player_choice":"Stole From Cult","floor":22.0,"gold_loss":0.0,"damage_taken":0.0},{"damage_healed":0.0,"max_hp_gain":0.0,"max_hp_loss":0.0,"gold_gain":999.0,"event_name":"MindBloom","player_choice":"Gold","floor":36.0,"gold_loss":0.0,"damage_taken":0.0,"cards_obtained":["Normality","Normality"]},{"damage_healed":0.0,"max_hp_gain":0.0,"max_hp_loss":0.0,"gold_gain":0.0,"event_name":"SensoryStone","player_choice":"Memory 1","floor":38.0,"gold_loss":0.0,"damage_taken":0.0}],"is_beta":false,"boss_relics":[{"not_picked":["Tiny House","Velvet Choker"],"picked":"AT_TrinityForce"},{"not_picked":["AT_MortalBlade","Astrolabe"],"picked":"Inserter"}],"items_purged_floors":[14,39,42],"is_endless":false,"potions_floor_spawned":[1,8,13,16,23,25,29,33,35,41,44],"killed_by":"Awakened One","ascension_level":20}}