{"host":"zrerxgu8lagrk16e","time":1609527479,"event":{"mods":["AchievementEnabler","BaseMod","Better Altar","Better Match","Better Note","Better Sensory Stone","Better Skull","Better Third Choice","Colored Map","Colored Powertips","Minty Spire (QoL Compilation)","Permanent Neow","Quick Restart","Relic Stats","StSLib","Waifu the Spire","slay the spire mod where everything is the same but ironclad has a cowboy hat"],"gold_per_floor":[119,131,143,73,73,98,27,27,76,91,91,91],"floor_reached":11,"playtime":422,"items_purged":[],"score":84,"play_id":"6e64c144-0108-4991-8c99-0b9aab81f2d7","local_time":"20210101135759","is_ascension_mode":true,"campfire_choices":[{"floor":8,"key":"REST"}],"circlet_count":0,"master_deck":["Strike_P","Strike_P","Strike_P","Strike_P","Defend_P","Defend_P","Defend_P","Defend_P","Eruption","Vigilance","Omniscience","FlurryOfBlows","Halt","CutThroughFate","FlyingSleeves","EmptyBody","Conclude","FlyingSleeves","ClearTheMind","Alpha"],"relics":["PureWater","NlothsMask","Pen Nib"],"acts_visited":["Exordium"],"potions_floor_usage":[6],"damage_taken":[{"damage":0,"enemies":"Jaw Worm","floor":1,"turns":2},{"damage":0,"enemies":"Cultist","floor":2,"turns":2},{"damage":2,"enemies":"2 Louse","floor":3,"turns":4},{"damage":52,"enemies":"Gremlin Nob","floor":6,"turns":5},{"damage":6,"enemies":"Looter","floor":10,"turns":3},{"damage":32,"enemies":"3 Sentries","floor":11,"turns":4}],"seed_played":"2919691488766242424","potions_obtained":[{"floor":2,"key":"DistilledChaos"}],"is_trial":false,"path_per_floor":["M","M","M","$","?","E","$","R","T","M","E"],"character_chosen":"WATCHER","items_purchased":["FlyingSleeves","EmptyBody","FlyingSleeves","ClearTheMind"],"campfire_rested":1,"item_purchase_floors":[4,4,7,7],"current_hp_per_floor":[65,65,63,63,63,11,11,30,30,24,0,0],"gold":91,"neow_bonus":"THREE_RARE_CARDS","is_daily":false,"chose_seed":false,"campfire_upgraded":0,"win_rate":0.0,"timestamp":1609527479,"path_taken":["M","M","M","$","?","E","$","R","T","?","E"],"items_purchased_type":["Card","Card","Card","Card"],"build_version":"2020-12-22","purchased_purges":0,"victory":false,"max_hp_per_floor":[65,65,65,65,65,65,65,65,65,65,65,65],"relic_stats":{"counters":[6,20],"Pen Nib":[1],"obtain_stats":[{"Pen Nib":6,"PureWater":0,"NlothsMask":5},{"Pen Nib":4,"PureWater":0,"NlothsMask":3},{"Pen Nib":13,"PureWater":0,"NlothsMask":8}]},"card_choices":[{"not_picked":["DeusExMachina","MasterReality"],"picked":"Omniscience","floor":0},{"not_picked":["ThirdEye","Protect"],"picked":"FlurryOfBlows","floor":1},{"not_picked":["Wireheading","LikeWater"],"picked":"Halt","floor":2},{"not_picked":["InnerPeace","Prostrate"],"picked":"CutThroughFate","floor":3},{"not_picked":["Sanctity","Fasting2"],"picked":"Conclude","floor":6},{"not_picked":["Prostrate","JustLucky"],"picked":"Alpha","floor":10}],"player_experience":140533,"relics_obtained":[{"floor":6,"key":"Pen Nib"}],"event_choices":[{"damage_healed":0,"gold_gain":0,"player_choice":"Trade","damage_taken":0,"relics_obtained":["NlothsMask"],"max_hp_gain":0,"max_hp_loss":0,"event_name":"FaceTrader","floor":5,"gold_loss":0}],"is_beta":false,"boss_relics":[],"items_purged_floors":[],"is_endless":false,"potions_floor_spawned":[2],"killed_by":"3 Sentries","ascension_level":3}}