{"host":"dhyczjm99amxd3qx","time":1609535301,"event":{"mods":["BaseMod","Colored Map","Googly Eyes","Highlight Path","Minty Spire (QoL Compilation)","Quick Restart","StSLib"],"gold_per_floor":[110,110,33,53,33,69,69,108,134,155,188,188,203,246,246,371,371,371,371,371,371,371,371,371,371,371,371,371,371,371,371],"floor_reached":30,"playtime":1701,"items_purged":[],"score":343,"play_id":"e33c7e8b-663f-402e-8666-24c69d4ddd51","local_time":"20210101160821","is_ascension_mode":true,"campfire_choices":[{"data":"Zap","floor":7.0,"key":"SMITH"},{"data":"Go for the Eyes","floor":12,"key":"SMITH"},{"floor":15,"key":"REST"},{"data":"Creative AI","floor":24,"key":"SMITH"},{"floor":27,"key":"REST"},{"data":"Steam Power","floor":29,"key":"SMITH"}],"circlet_count":0,"master_deck":["Strike_B","Strike_B","Strike_B","Strike_B","Defend_B","Defend_B","Defend_B","Defend_B","Zap+1","Dualcast","Self Repair","Go for the Eyes+1","Hologram","Steam Power+1","Ball Lightning","Creative AI+1","Electrodynamics","Compile Driver","Recycle+1","Consume+1","Thunder Strike"],"relics":["Cracked Core","Golden Idol","Bag of Marbles","Tiny Chest","Orichalcum","Pen Nib","Vajra","Ectoplasm","White Beast Statue","Nunchaku","Potion Belt"],"acts_visited":["Exordium","TheCity"],"potions_floor_usage":[11,16,21,25,30],"damage_taken":[{"damage":8.0,"enemies":"2 Louse","floor":1.0,"turns":3.0},{"damage":2.0,"enemies":"Small Slimes","floor":4.0,"turns":4.0},{"damage":20.0,"enemies":"3 Sentries","floor":6.0,"turns":9.0},{"damage":31.0,"enemies":"Lagavulin","floor":8.0,"turns":7.0},{"damage":0.0,"enemies":"Cultist","floor":10.0,"turns":3.0},{"damage":22,"enemies":"Gremlin Nob","floor":11,"turns":4},{"damage":16,"enemies":"3 Louse","floor":13,"turns":3},{"damage":14,"enemies":"Lagavulin","floor":14,"turns":6},{"damage":14,"enemies":"Slime Boss","floor":16,"turns":6},{"damage":6,"enemies":"Chosen","floor":18,"turns":4},{"damage":4,"enemies":"3 Byrds","floor":19,"turns":3},{"damage":35,"enemies":"3 Cultists","floor":21,"turns":5},{"damage":7,"enemies":"Centurion and Healer","floor":22,"turns":4},{"damage":13,"enemies":"Gremlin Leader","floor":23,"turns":5},{"damage":24,"enemies":"Slavers","floor":25,"turns":3},{"damage":6,"enemies":"Chosen and Byrds","floor":28,"turns":4},{"damage":30,"enemies":"Gremlin Leader","floor":30,"turns":2}],"seed_played":"-1967175234020636427","potions_obtained":[{"floor":1.0,"key":"SpeedPotion"},{"floor":4.0,"key":"Ancient Potion"},{"floor":5.0,"key":"FocusPotion"},{"floor":10.0,"key":"AttackPotion"},{"floor":14,"key":"PowerPotion"},{"floor":16,"key":"Energy Potion"},{"floor":22,"key":"LiquidBronze"},{"floor":23,"key":"Explosive Potion"},{"floor":25,"key":"LiquidMemories"},{"floor":28,"key":"Weak Potion"}],"is_trial":false,"path_per_floor":["M","?","$","M","?","E","R","E","T","M","E","R","M","E","R","B",null,"M","M","?","M","M","E","R","E","T","R","M","R","E"],"character_chosen":"DEFECT","items_purchased":["Self Repair"],"campfire_rested":2,"item_purchase_floors":[3],"current_hp_per_floor":[74,74,74,76,76,63,63,39,39,46,31,31,22,15,37,30,76,76,76,62,34,34,28,28,4,4,28,29,29,0,0],"gold":371,"neow_bonus":"TEN_PERCENT_HP_BONUS","is_daily":false,"chose_seed":false,"campfire_upgraded":4,"win_rate":0.0,"timestamp":1609535301,"path_taken":["M","?","$","M","?","E","R","E","T","?","E","R","M","E","R","BOSS","M","M","?","M","M","E","R","E","T","R","M","R","E"],"items_purchased_type":["Card"],"build_version":"2020-12-22","purchased_purges":0,"victory":false,"max_hp_per_floor":[82,76,76,76,76,76,76,76,76,76,76,76,76,76,76,76,76,76,76,81,81,81,81,81,81,81,81,81,81,81,81],"card_choices":[{"not_picked":["Doom and Gloom","Melter","Scrape"],"picked":"SKIP","floor":1.0},{"not_picked":["Hologram","Redo"],"picked":"Go for the Eyes","floor":4.0},{"not_picked":["Scrape","Chaos"],"picked":"Hologram","floor":6.0},{"not_picked":["Gash","Go for the Eyes"],"picked":"Steam Power","floor":8.0},{"not_picked":["Heatsinks","Coolheaded","Stack"],"picked":"SKIP","floor":10.0},{"not_picked":["Static Discharge","Compile Driver"],"picked":"Ball Lightning","floor":11},{"not_picked":["White Noise","Gash","Stack"],"picked":"SKIP","floor":13},{"not_picked":["Fusion","Heatsinks"],"picked":"Creative AI","floor":14},{"not_picked":["Biased Cognition","All For One"],"picked":"Electrodynamics","floor":16},{"not_picked":["BootSequence","Capacitor"],"picked":"Compile Driver","floor":18},{"not_picked":["Melter+1","Sweeping Beam"],"picked":"Recycle+1","floor":19},{"not_picked":["Reinforced Body","Melter","Barrage+1"],"picked":"SKIP","floor":21},{"not_picked":["Ball Lightning","Undo"],"picked":"Consume+1","floor":22},{"not_picked":["Redo","Recycle","Sweeping Beam"],"picked":"SKIP","floor":23},{"not_picked":["Sunder","Static Discharge","Fusion"],"picked":"SKIP","floor":25},{"not_picked":["Streamline","Hologram+1"],"picked":"Thunder Strike","floor":28}],"player_experience":263284,"relics_obtained":[{"floor":6.0,"key":"Bag of Marbles"},{"floor":8.0,"key":"Tiny Chest"},{"floor":9.0,"key":"Orichalcum"},{"floor":11,"key":"Pen Nib"},{"floor":14,"key":"Vajra"},{"floor":23,"key":"White Beast Statue"},{"floor":25,"key":"Nunchaku"},{"floor":26,"key":"Potion Belt"}],"event_choices":[{"damage_healed":0.0,"max_hp_gain":0.0,"max_hp_loss":6.0,"gold_gain":0.0,"event_name":"Golden Idol","player_choice":"Lose Max HP","floor":2.0,"gold_loss":0.0,"damage_taken":0.0,"relics_obtained":["Golden Idol"]},{"damage_healed":0.0,"max_hp_gain":0.0,"max_hp_loss":0.0,"gold_gain":0.0,"event_name":"The Woman in Blue","player_choice":"Bought 1 Potion","floor":5.0,"gold_loss":0.0,"damage_taken":0.0},{"damage_healed":0,"gold_gain":0,"player_choice":"Shed Blood","damage_taken":19,"max_hp_gain":5,"max_hp_loss":0,"event_name":"Forgotten Altar","floor":20,"gold_loss":0}],"is_beta":false,"boss_relics":[{"not_picked":["Velvet Choker","Calling Bell"],"picked":"Ectoplasm"}],"items_purged_floors":[],"is_endless":false,"potions_floor_spawned":[1,4,10,14,16,22,23,25,28],"killed_by":"Gremlin Leader","ascension_level":3}}