{"host":"nfszlmdemd3j3v8n","time":1609544651,"event":{"mods":["Arknights The Spire","BaseMod","Colored Map","GifTheSpireLib","Minty Spire (QoL Compilation)","Robot Space Explorer","StSLib","The Dragon Tamer"],"gold_per_floor":[115,129,140,26,37,37,48,48,48,48,76,26,42,54,54,153,153,173,191,290,71,71,71,71,71,71,71,37,37,70,101,101,202,202,219,235,235,235,235],"floor_reached":37,"playtime":5711,"items_purged":["DTMod:Strike","DTMod:Strike"],"score":487,"play_id":"1086f784-ebe1-4023-a054-03670aef885a","local_time":"20210101184411","is_ascension_mode":false,"metric_token":531,"campfire_choices":[{"data":"DTMod:SwitchingTactic","floor":6,"key":"SMITH"},{"data":"DTMod:DeepFocus","floor":8,"key":"SMITH"},{"floor":15,"key":"REST"},{"data":"DTMod:WarmUp","floor":23,"key":"SMITH"},{"data":"DTMod:StarRain","floor":25,"key":"SMITH"},{"data":"DTMod:SneakAttack","floor":29,"key":"SMITH"},{"floor":32,"key":"REST"}],"dtmod_dragon_data":[23,58,2,0,12,0],"circlet_count":0,"master_deck":["DTMod:Strike","DTMod:DoubleHit","DTMod:TargetDefense","DTMod:TargetDefense","DTMod:TargetDefense","DTMod:TargetDefense","DTMod:SwitchingTactic+1","DTMod:ComboAttack","DTMod:DeepFocus+1","DTMod:CrossStep","DTMod:StarRain+1","DTMod:FlameSlash","DTMod:Feint","DTMod:Shift","DTMod:RunningTactic","DTMod:ComboAttack","DTMod:ExcessFootwork","DTMod:Training","DTMod:TagTeam","DTMod:SneakAttack+1","DTMod:Hide","DTMod:WarmUp+1","DTMod:RunningTactic","DTMod:SealedStrike","DTMod:GearUp","DTMod:SneakAttack+1"],"relics":["DTMod:PactStone","Singing Bowl","Shuriken","Cursed Key","DTMod:DragonFood","Red Mask"],"acts_visited":["Exordium","TheCity","TheBeyond"],"potions_floor_usage":[16,31],"damage_taken":[{"damage":0,"enemies":"Cultist","floor":1,"turns":4},{"damage":0,"enemies":"Small Slimes","floor":2,"turns":3},{"damage":0,"enemies":"2 Louse","floor":3,"turns":2},{"damage":4,"enemies":"Exordium Thugs","floor":5,"turns":5},{"damage":7,"enemies":"Blue Slaver","floor":7,"turns":4},{"damage":0,"enemies":"Gremlin Nob","floor":11,"turns":4},{"damage":0,"enemies":"Large Slime","floor":13,"turns":5},{"damage":7,"enemies":"Looter","floor":14,"turns":4},{"damage":0,"enemies":"The Guardian","floor":16,"turns":10},{"damage":0,"enemies":"Spheric Guardian","floor":18,"turns":4},{"damage":0,"enemies":"3 Byrds","floor":19,"turns":6},{"damage":0,"enemies":"Slavers","floor":30,"turns":7},{"damage":0,"enemies":"Masked Bandits","floor":31,"turns":4},{"damage":31,"enemies":"Automaton","floor":33,"turns":12},{"damage":0,"enemies":"3 Shapes","floor":35,"turns":6},{"damage":13,"enemies":"3 Darklings","floor":36,"turns":7},{"damage":56,"enemies":"2 Orb Walkers","floor":37,"turns":5}],"seed_played":"-3091776534559992689","potions_obtained":[{"floor":2,"key":"SpeedPotion"},{"floor":5,"key":"Strength Potion"},{"floor":11,"key":"CultistPotion"},{"floor":16,"key":"ColorlessPotion"},{"floor":33,"key":"Ancient Potion"}],"is_trial":false,"path_per_floor":["M","M","M","$","M","R","M","R","T","$","E","?","M","M","R","B",null,"M","M","?","$","?","R","T","R","T","?","$","R","E","?","R","B",null,"M","M","?"],"character_chosen":"THE_DT","items_purchased":["DTMod:StarRain","DTMod:SneakAttack","DTMod:Hide","DTMod:RunningTactic"],"campfire_rested":2,"item_purchase_floors":[4,21,21,28],"current_hp_per_floor":[49,49,49,49,45,45,38,38,38,38,38,38,38,31,45,45,49,49,49,49,49,49,49,49,49,49,49,49,49,49,51,51,20,51,53,40,0,0,0],"gold":235,"neow_bonus":"TEN_PERCENT_HP_BONUS","is_daily":false,"chose_seed":false,"campfire_upgraded":5,"win_rate":0.0,"timestamp":1609544651,"path_taken":["M","M","M","$","M","R","M","R","T","?","E","?","M","M","R","BOSS","M","M","?","$","?","R","?","R","T","?","$","R","E","?","R","BOSS","M","M","?"],"items_purchased_type":["Card","Card","Card","Card"],"build_version":"2020-12-22","purchased_purges":2,"victory":false,"max_hp_per_floor":[49,49,49,49,49,49,49,49,49,49,49,49,49,49,49,49,49,49,49,49,49,49,49,49,49,49,49,49,49,49,51,51,51,51,53,53,53,53,53],"card_choices":[{"not_picked":["DTMod:Feint","DTMod:BreakAttack"],"picked":"DTMod:ComboAttack","floor":1},{"not_picked":["DTMod:Haste","DTMod:BlazingStrike"],"picked":"DTMod:DeepFocus","floor":2},{"not_picked":["DTMod:LastStand","DTMod:BurningEnergy"],"picked":"DTMod:CrossStep","floor":3},{"not_picked":["DTMod:Inferno","DTMod:HeatWave"],"picked":"DTMod:FlameSlash","floor":5},{"not_picked":["DTMod:BurningEnergy","DTMod:RunningTactic"],"picked":"DTMod:Feint","floor":7},{"not_picked":["DTMod:BlueScale","DTMod:PurifyingFlame"],"picked":"DTMod:Shift","floor":11},{"not_picked":["DTMod:Feint","DTMod:MasterPlan"],"picked":"DTMod:RunningTactic","floor":13},{"not_picked":["DTMod:Adaptation","DTMod:HeadStart"],"picked":"DTMod:ComboAttack","floor":14},{"not_picked":["DTMod:RepeatStrike","DTMod:Outburst"],"picked":"DTMod:ExcessFootwork","floor":16},{"not_picked":["DTMod:Weaken","DTMod:BlazingStrike"],"picked":"DTMod:Training","floor":18},{"not_picked":["DTMod:HeatWave","DTMod:Punisher"],"picked":"DTMod:TagTeam","floor":19},{"not_picked":["DTMod:FlameSlash","DTMod:MagicField+1"],"picked":"DTMod:SealedStrike","floor":30},{"not_picked":["DTMod:RunningTactic","DTMod:FlameSlash+1","DTMod:BurningEnergy"],"picked":"Singing Bowl","floor":31},{"not_picked":["DTMod:OpeningTactic","DTMod:HeadStart"],"picked":"DTMod:GearUp","floor":33},{"not_picked":["DTMod:BizarreTactic+1","DTMod:Cover+1","DTMod:RunningTactic+1"],"picked":"Singing Bowl","floor":35},{"not_picked":["DTMod:BuildUp+1","DTMod:Haste+1"],"picked":"DTMod:SneakAttack+1","floor":36}],"player_experience":1049498,"relics_obtained":[{"floor":9,"key":"Singing Bowl"},{"floor":11,"key":"Shuriken"},{"floor":30,"key":"DTMod:DragonFood"},{"floor":31,"key":"Red Mask"}],"event_choices":[{"cards_removed":["DTMod:Strike"],"damage_healed":0,"gold_gain":0,"player_choice":"Card Removal","damage_taken":0,"max_hp_gain":0,"max_hp_loss":0,"event_name":"The Cleric","floor":12,"gold_loss":50},{"damage_healed":0,"gold_gain":99,"player_choice":"Stole From Cult","damage_taken":0,"max_hp_gain":0,"max_hp_loss":0,"event_name":"Nest","floor":20,"gold_loss":0},{"damage_healed":0,"gold_gain":0,"player_choice":"Read","damage_taken":0,"max_hp_gain":0,"max_hp_loss":0,"event_name":"The Library","floor":22,"gold_loss":0,"cards_obtained":["DTMod:WarmUp"]},{"damage_healed":0,"gold_gain":0,"player_choice":"Ignored","damage_taken":0,"max_hp_gain":0,"max_hp_loss":0,"event_name":"Ghosts","floor":27,"gold_loss":0},{"damage_healed":0,"gold_gain":0,"player_choice":"Fought Bandits","damage_taken":0,"max_hp_gain":0,"max_hp_loss":0,"event_name":"Masked Bandits","floor":31,"gold_loss":0},{"damage_healed":0,"gold_gain":0,"player_choice":"Fight","damage_taken":0,"max_hp_gain":0,"max_hp_loss":0,"event_name":"Mysterious Sphere","floor":37,"gold_loss":0}],"is_beta":false,"boss_relics":[{"not_picked":["Empty Cage","Astrolabe"],"picked":"Cursed Key"},{"not_picked":[]}],"items_purged_floors":[4,21],"is_endless":false,"potions_floor_spawned":[2,5,11,13,16,18,33,35],"killed_by":"2 Orb Walkers","ascension_level":0}}