{"host":"phniwng9zo19jwdb","time":1609520091,"event":{"mods":["AchievementEnabler","BaseMod","Colored Powertips","Faster Ascension Climbing","GifTheSpireLib","Minty Spire (QoL Compilation)","Permanent Neow","Rare Cards Sparkle","StSLib"],"gold_per_floor":[117,135,149,164,164,189,201,536,536,536,586,586,620,630,630,630,630],"floor_reached":16,"playtime":543,"items_purged":[],"score":223,"play_id":"773935a6-5dec-47df-968d-d5871f991e58","local_time":"20210101175451","is_ascension_mode":true,"campfire_choices":[{"floor":15,"key":"REST"}],"circlet_count":0,"master_deck":["AscendersBane","Strike_G","Strike_G","Strike_G","Strike_G","Defend_G","Defend_G","Defend_G","Defend_G","Defend_G","Survivor","Neutralize","Infinite Blades","Backstab","Blade Dance","Blade Dance","Backstab","Cloak And Dagger","Cloak And Dagger"],"relics":["Black Star","Pear","Lizard Tail","Tiny Chest","Old Coin","Bottled Tornado","Unceasing Top","PreservedInsect"],"acts_visited":["Exordium"],"potions_floor_usage":[6,12],"damage_taken":[{"damage":4,"enemies":"Small Slimes","floor":1,"turns":6},{"damage":3,"enemies":"2 Louse","floor":2,"turns":4},{"damage":0,"enemies":"Cultist","floor":3,"turns":5},{"damage":8,"enemies":"Blue Slaver","floor":4,"turns":4},{"damage":20,"enemies":"3 Sentries","floor":6,"turns":9},{"damage":11,"enemies":"Lots of Slimes","floor":7,"turns":4},{"damage":37,"enemies":"Lagavulin","floor":8,"turns":7},{"damage":0,"enemies":"Exordium Thugs","floor":12,"turns":1},{"damage":17,"enemies":"3 Sentries","floor":13,"turns":7},{"damage":11,"enemies":"Looter","floor":14,"turns":2},{"damage":0,"enemies":"The Guardian","floor":16,"turns":2}],"seed_played":"-6414339572442481165","potions_obtained":[{"floor":1,"key":"ColorlessPotion"},{"floor":7,"key":"SmokeBomb"},{"floor":8,"key":"SpeedPotion"}],"is_trial":false,"path_per_floor":["M","M","M","M","?","E","M","E","T","?","?","M","E","M","R","B"],"character_chosen":"THE_SILENT","items_purchased":[],"campfire_rested":1,"item_purchase_floors":[],"current_hp_per_floor":[55,52,52,44,49,39,28,40,40,40,40,40,23,12,36,36,36],"gold":630,"neow_bonus":"BOSS_RELIC","is_daily":false,"chose_seed":false,"campfire_upgraded":0,"win_rate":0.0,"timestamp":1609520091,"path_taken":["M","M","M","M","?","E","M","E","T","?","?","M","E","M","R","BOSS"],"items_purchased_type":[],"build_version":"2020-12-22","purchased_purges":0,"victory":false,"max_hp_per_floor":[66,66,66,66,71,81,81,81,81,81,81,81,81,81,81,81,81],"card_choices":[{"not_picked":["Slice","Flying Knee"],"picked":"Infinite Blades","floor":1},{"not_picked":["Underhanded Strike","Bane"],"picked":"Backstab","floor":2},{"not_picked":["Cloak And Dagger","Quick Slash"],"picked":"Blade Dance","floor":3},{"not_picked":["All Out Attack","Underhanded Strike"],"picked":"Blade Dance","floor":4},{"not_picked":["Dagger Throw","Choke","Outmaneuver"],"picked":"SKIP","floor":6},{"not_picked":["Deadly Poison","Prepared"],"picked":"Backstab","floor":7},{"not_picked":["Prepared","Sucker Punch"],"picked":"Cloak And Dagger","floor":8},{"not_picked":["Bouncing Flask","Burst","Setup"],"picked":"SKIP","floor":13},{"not_picked":["Dagger Throw","Dagger Spray"],"picked":"Cloak And Dagger","floor":14}],"player_experience":36641,"relics_obtained":[{"floor":6,"key":"Pear"},{"floor":6,"key":"Lizard Tail"},{"floor":8,"key":"Tiny Chest"},{"floor":8,"key":"Old Coin"},{"floor":9,"key":"Bottled Tornado"},{"floor":13,"key":"Unceasing Top"},{"floor":13,"key":"PreservedInsect"}],"event_choices":[{"damage_healed":0,"gold_gain":0,"player_choice":"Donut","damage_taken":0,"max_hp_gain":5,"max_hp_loss":0,"event_name":"Big Fish","floor":5,"gold_loss":0},{"cards_removed":["Strike_G"],"damage_healed":0,"gold_gain":0,"player_choice":"Forget","damage_taken":0,"max_hp_gain":0,"max_hp_loss":0,"event_name":"Living Wall","floor":10,"gold_loss":0},{"damage_healed":0,"gold_gain":50,"player_choice":"Pray","damage_taken":0,"max_hp_gain":0,"max_hp_loss":0,"event_name":"Golden Shrine","floor":11,"gold_loss":0}],"is_beta":false,"boss_relics":[],"items_purged_floors":[],"is_endless":false,"potions_floor_spawned":[1,7,8],"killed_by":"The Guardian","ascension_level":16}}