{"host":"089us5wx8446qekd","time":1609544565,"event":{"mods":["AchievementEnabler","BaseMod","Bestiary","Colored Powertips","Highlight Path","Minty Spire (QoL Compilation)"],"gold_per_floor":[118,34,52,68,82,98,98,131,179,191,191,207,207,227,227,227,227],"floor_reached":16,"playtime":1294,"items_purged":[],"score":111,"play_id":"06dd76ce-8c32-421e-94d1-5f60c3921743","local_time":"20210102004245","is_ascension_mode":true,"campfire_choices":[{"data":"Flash of Steel","floor":7,"key":"SMITH"},{"data":"Uppercut","floor":13,"key":"SMITH"},{"data":"Clothesline","floor":15,"key":"SMITH"}],"circlet_count":0,"master_deck":["Strike_R+1","Strike_R+1","Strike_R","Strike_R","Strike_R","Defend_R","Defend_R","Defend_R","Defend_R","Bash","Rampage","Flash of Steel+1","Iron Wave","Reaper","Hemokinesis","Flex","Uppercut+1","Clothesline+1"],"relics":["Burning Blood","Toy Ornithopter","Whetstone","Bag of Marbles"],"acts_visited":["Exordium"],"potions_floor_usage":[],"damage_taken":[{"damage":1,"enemies":"Cultist","floor":1,"turns":3},{"damage":1,"enemies":"Jaw Worm","floor":3,"turns":3},{"damage":3,"enemies":"2 Louse","floor":4,"turns":2},{"damage":24,"enemies":"Exordium Wildlife","floor":5,"turns":6},{"damage":23,"enemies":"Gremlin Gang","floor":6,"turns":8},{"damage":25,"enemies":"3 Sentries","floor":8,"turns":8},{"damage":8,"enemies":"Red Slaver","floor":10,"turns":3},{"damage":0,"enemies":"3 Louse","floor":12,"turns":1},{"damage":13,"enemies":"Exordium Wildlife","floor":14,"turns":3},{"damage":68,"enemies":"Slime Boss","floor":16,"turns":8}],"seed_played":"-520503299179683792","potions_obtained":[{"floor":1,"key":"SpeedPotion"},{"floor":5,"key":"Swift Potion"},{"floor":10,"key":"SkillPotion"}],"is_trial":false,"path_per_floor":["M","$","M","M","M","M","R","E","T","M","T","M","R","M","R","B"],"character_chosen":"IRONCLAD","items_purchased":["Flash of Steel"],"campfire_rested":0,"item_purchase_floors":[2],"current_hp_per_floor":[88,88,88,88,70,53,53,46,46,44,44,50,50,55,55,0,0],"gold":227,"neow_bonus":"TEN_PERCENT_HP_BONUS","is_daily":false,"chose_seed":false,"campfire_upgraded":3,"win_rate":0.0,"timestamp":1609544565,"path_taken":["M","$","?","M","?","M","R","E","T","?","?","M","R","M","R","BOSS"],"items_purchased_type":["Card"],"build_version":"2020-12-22","purchased_purges":0,"victory":false,"max_hp_per_floor":[88,88,88,88,88,88,88,88,88,88,88,88,88,88,88,88,88],"card_choices":[{"not_picked":["Metallicize","Bloodletting"],"picked":"Rampage","floor":1},{"not_picked":["Armaments","Headbutt"],"picked":"Iron Wave","floor":3},{"not_picked":["Fire Breathing","Shrug It Off","Headbutt"],"picked":"SKIP","floor":4},{"not_picked":["Dual Wield","Blood for Blood","Sword Boomerang"],"picked":"SKIP","floor":5},{"not_picked":["Uppercut","Shockwave"],"picked":"Reaper","floor":6},{"not_picked":["Cleave","Wild Strike"],"picked":"Hemokinesis","floor":8},{"not_picked":["Seeing Red","Rage"],"picked":"Flex","floor":10},{"not_picked":["Warcry","True Grit"],"picked":"Uppercut","floor":12},{"not_picked":["Bloodletting","Shrug It Off"],"picked":"Clothesline","floor":14}],"player_experience":33391,"relics_obtained":[{"floor":8,"key":"Toy Ornithopter"},{"floor":9,"key":"Whetstone"},{"floor":11,"key":"Bag of Marbles"}],"event_choices":[],"is_beta":false,"boss_relics":[],"items_purged_floors":[],"is_endless":false,"potions_floor_spawned":[1,5,10,14],"killed_by":"Slime Boss","ascension_level":1}}