{"host":"1zfbckszmdcrhnfi","time":1609509420,"event":{"mods":["AchievementEnabler","BaseMod","Colored Map","Downfall","Minty Spire (QoL Compilation)","Quick Restart","Shop Mod","StSLib","The Cursed"],"gold_per_floor":[115,65,65,65,65,65,75,91,91,91,122,122,122,134,134,235,235,252,139,339,307,355,355,355],"floor_reached":23,"playtime":1249,"items_purged":["Strike_G"],"score":206,"play_id":"57c36162-3dd5-4418-83b5-cdd9f62d8fee","local_time":"20210101215700","is_ascension_mode":true,"campfire_choices":[{"floor":6.0,"key":"RECALL"},{"data":"Blade Dance","floor":10.0,"key":"SMITH"},{"floor":15.0,"key":"REST"}],"circlet_count":0,"master_deck":["Strike_G","Strike_G","Strike_G","Defend_G","Defend_G","Defend_G","Defend_G","Survivor","Neutralize+1","Blade Dance+1","PiercingWail","Outmaneuver","After Image","Noxious Fumes"],"relics":["Ring of the Snake","NeowsBlessing","Tiny Chest","Black Star","MealTicket"],"acts_visited":["Exordium","TheCity"],"potions_floor_usage":[16,16,16],"damage_taken":[{"damage":0.0,"enemies":"2 Louse","floor":1.0,"turns":1.0},{"damage":0.0,"enemies":"Jaw Worm","floor":7.0,"turns":1.0},{"damage":0.0,"enemies":"Cultist","floor":8.0,"turns":1.0},{"damage":24.0,"enemies":"Gremlin Nob","floor":11.0,"turns":5.0},{"damage":1.0,"enemies":"Looter","floor":14.0,"turns":3.0},{"damage":23,"enemies":"The Guardian","floor":16,"turns":13},{"damage":0,"enemies":"3 Byrds","floor":18,"turns":8},{"damage":33,"enemies":"2 Thieves","floor":21,"turns":5},{"damage":43,"enemies":"Slavers","floor":23,"turns":4}],"seed_played":"-7679648262254012647","potions_obtained":[{"floor":1.0,"key":"AttackPotion"},{"floor":8.0,"key":"LiquidMemories"},{"floor":14.0,"key":"Guardian:BlockOnCardUsePotion"}],"is_trial":false,"path_per_floor":["M","?","$","?","$","R","M","M","T","R","E","?","?","M","R","B",null,"M","$","?","M","T","E"],"character_chosen":"THE_SILENT","items_purchased":["Noxious Fumes"],"campfire_rested":1,"item_purchase_floors":[19],"current_hp_per_floor":[70,70,70,63,63,63,63,63,63,63,39,39,39,38,59,36,70,70,70,70,37,37,0,0],"gold":355,"neow_bonus":"THREE_ENEMY_KILL","is_daily":false,"chose_seed":false,"campfire_upgraded":1,"win_rate":0.0,"timestamp":1609509420,"path_taken":["M","?","$","?","?","R","?","M","T","R","E","?","?","M","R","BOSS","M","$","?","M","?","E"],"items_purchased_type":["Card"],"build_version":"2020-12-22","purchased_purges":1,"victory":false,"max_hp_per_floor":[70,70,70,70,70,70,70,70,70,70,70,70,70,70,70,70,70,70,70,70,70,70,70,70],"card_choices":[{"not_picked":["Endless Agony","Cloak And Dagger"],"picked":"Blade Dance","floor":1.0},{"not_picked":["Underhanded Strike","Dodge and Roll","Bane"],"picked":"SKIP","floor":7.0},{"not_picked":["Slice","Underhanded Strike","Quick Slash"],"picked":"SKIP","floor":8.0},{"not_picked":["Poisoned Stab","Expertise"],"picked":"PiercingWail","floor":11.0},{"not_picked":["Cloak And Dagger","Grand Finale"],"picked":"Outmaneuver","floor":14.0},{"not_picked":["Unload","Doppelganger"],"picked":"After Image","floor":16},{"not_picked":["Acrobatics","Quick Slash","Backflip"],"picked":"SKIP","floor":18},{"not_picked":["Dodge and Roll","Calculated Gamble+1","Reflex"],"picked":"SKIP","floor":21}],"player_experience":193562,"relics_obtained":[{"floor":11.0,"key":"Tiny Chest"},{"floor":22,"key":"MealTicket"}],"event_choices":[{"cards_removed":["Strike_G"],"damage_healed":0.0,"max_hp_gain":0.0,"max_hp_loss":0.0,"gold_gain":0.0,"event_name":"The Cleric","player_choice":"Card Removal","floor":2.0,"gold_loss":50.0,"damage_taken":0.0},{"cards_removed":["Defend_G"],"damage_healed":0.0,"max_hp_gain":0.0,"max_hp_loss":0.0,"gold_gain":0.0,"event_name":"Golden Wing","player_choice":"Card Removal","floor":4.0,"gold_loss":0.0,"damage_taken":7.0},{"damage_healed":0.0,"max_hp_gain":0.0,"max_hp_loss":0.0,"gold_gain":0.0,"event_name":"Scrap Ooze","player_choice":"Fled","floor":12.0,"gold_loss":0.0,"damage_taken":0.0},{"damage_healed":0.0,"max_hp_gain":0.0,"max_hp_loss":0.0,"gold_gain":0.0,"event_name":"Living Wall","player_choice":"Grow","floor":13.0,"gold_loss":0.0,"damage_taken":0.0,"cards_upgraded":["Neutralize"]},{"damage_healed":0,"gold_gain":250,"player_choice":"Bet on Owner","damage_taken":0,"max_hp_gain":0,"max_hp_loss":0,"event_name":"The Joust","floor":20,"gold_loss":50}],"is_beta":false,"boss_relics":[{"not_picked":["HoveringKite","Sozu"],"picked":"Black Star"}],"items_purged_floors":[19],"is_endless":false,"potions_floor_spawned":[1,8,14],"killed_by":"Slavers","ascension_level":2}}