{"host":"sbuumge693uf09ze","time":1609461655,"event":{"mods":["AchievementEnabler","BaseMod","Hermit","Minty Spire (QoL Compilation)","Replay The Spire","StSLib","The Construct","The Cursed","The Disciple","The Servant 0.9.4"],"gold_per_floor":[112,112,122,122,136,166,166,39,39,65,76,76,88,123,123,123,123],"floor_reached":16,"playtime":1476,"items_purged":["hermit:Strike_Hermit"],"score":120,"play_id":"b649a805-36e9-4582-aaf1-540bc2c461c8","local_time":"20201231194055","is_ascension_mode":false,"campfire_choices":[{"floor":7,"key":"REST"},{"floor":12,"key":"REST"}],"circlet_count":0,"master_deck":["hermit:Strike_Hermit","hermit:Strike_Hermit","hermit:Strike_Hermit","hermit:Defend_Hermit","hermit:Defend_Hermit","hermit:Defend_Hermit","hermit:Defend_Hermit","hermit:Snapshot","hermit:Covet","hermit:Brawl","hermit:GhostlyPresence","hermit:Combo","hermit:SprayPray","hermit:TakeAim","hermit:Cheat+1"],"relics":["hermit:Momento","WingedGreaves","Toy Ornithopter","hermit:CharredGlove","Meat on the Bone","Frozen Egg 2"],"acts_visited":["Exordium"],"potions_floor_usage":[10,14,16],"damage_taken":[{"damage":1.0,"enemies":"2 Louse","floor":1.0,"turns":3.0},{"damage":6,"enemies":"Jaw Worm","floor":3,"turns":4},{"damage":12,"enemies":"Small Slimes","floor":5,"turns":4},{"damage":23,"enemies":"3 Sentries","floor":6,"turns":8},{"damage":17,"enemies":"Gremlin Nob","floor":10,"turns":5},{"damage":16,"enemies":"Looter","floor":11,"turns":5},{"damage":17,"enemies":"Exordium Wildlife","floor":13,"turns":5},{"damage":17,"enemies":"3 Sentries","floor":14,"turns":8},{"damage":82,"enemies":"Hexaghost","floor":16,"turns":12}],"seed_played":"3043943173337248239","potions_obtained":[{"floor":1.0,"key":"SneckoOil"},{"floor":6,"key":"LifebloodPotion"},{"floor":10,"key":"Fire Potion"},{"floor":14,"key":"Death Potion"}],"is_trial":false,"path_per_floor":["M","?","M","?","M","E","R","$","T","E","M","R","M","E","R","B"],"character_chosen":"HERMIT","items_purchased":["hermit:SprayPray"],"campfire_rested":2,"item_purchase_floors":[8],"current_hp_per_floor":[81,81,75,57,45,22,46,46,46,34,30,54,49,49,73,0,0],"gold":123,"neow_bonus":"TEN_PERCENT_HP_BONUS","is_daily":false,"chose_seed":false,"campfire_upgraded":0,"win_rate":0.0,"timestamp":1609461655,"path_taken":["M","?","M","?","M","E","R","$","T","E","M","R","M","E","R","BOSS"],"items_purchased_type":["Card"],"build_version":"2020-12-22","purchased_purges":1,"victory":false,"max_hp_per_floor":[82,82,82,82,82,82,82,82,82,82,82,82,82,82,82,82,82],"card_choices":[{"not_picked":["hermit:Horror","hermit:LowProfile"],"picked":"hermit:Brawl","floor":1.0},{"not_picked":["hermit:Quickdraw","hermit:ShadowCloak"],"picked":"hermit:GhostlyPresence","floor":3},{"not_picked":["hermit:Ricochet","hermit:LowProfile"],"picked":"hermit:Combo","floor":5},{"not_picked":["hermit:CalledShot","hermit:ShadowCloak","hermit:Vantage"],"picked":"SKIP","floor":6},{"not_picked":["hermit:Malice","hermit:Enervate"],"picked":"hermit:TakeAim","floor":10},{"not_picked":["hermit:Enervate","hermit:Vantage"],"picked":"hermit:Cheat","floor":11},{"not_picked":["hermit:Virtue","hermit:SprayPray","hermit:DeadOrAlive"],"picked":"SKIP","floor":13},{"not_picked":["hermit:Spite","hermit:Snipe","hermit:Enervate"],"picked":"SKIP","floor":14}],"player_experience":178777,"relics_obtained":[{"floor":6,"key":"Toy Ornithopter"},{"floor":9,"key":"hermit:CharredGlove"},{"floor":10,"key":"Meat on the Bone"},{"floor":14,"key":"Frozen Egg 2"}],"event_choices":[{"damage_healed":0,"gold_gain":0,"player_choice":"Leave","damage_taken":0,"max_hp_gain":0,"max_hp_loss":0,"event_name":"The Cleric","floor":2,"gold_loss":0},{"damage_healed":0,"gold_gain":0,"player_choice":"Success","damage_taken":18,"relics_obtained":["WingedGreaves"],"max_hp_gain":0,"max_hp_loss":0,"event_name":"Scrap Ooze","floor":4,"gold_loss":0}],"is_beta":false,"boss_relics":[],"items_purged_floors":[8],"is_endless":false,"potions_floor_spawned":[1,6,10,14],"killed_by":"Hexaghost","ascension_level":0}}