{"host":"4zkge9b5bb6kwkft","time":1609477613,"event":{"mods":["AchievementEnabler","BaseMod","Better Skull","BetterRewards","Block Reminder","Colored Map","Colored Powertips","Curses Come First","Highlight Path","Infinite Spire","Minty Spire (QoL Compilation)","Quick Restart","Relic Stats","Replay The Spire","Retaliation","Spicy Shops","StSLib","SuperFastMode","The Blue Laboratory","The Marked"],"gold_per_floor":[113,125,99,99,116,116,66,26,26,26,106,132,132,142,142,142,142],"floor_reached":16,"playtime":344,"items_purged":[],"score":98,"play_id":"c55f96e6-cf2f-45b1-97a1-cd6f541028a5","local_time":"20201231210653","is_ascension_mode":false,"campfire_choices":[{"data":"theMarked:SoldierOfQuellstein","floor":6.0,"key":"SMITH"},{"data":"theMarked:Parry","floor":10.0,"key":"SMITH"},{"data":"theMarked:Reabsorb","floor":13,"key":"SMITH"},{"data":"theMarked:ResourceFulStrike","floor":15,"key":"SMITH"}],"circlet_count":0,"master_deck":["theMarked:Strike","theMarked:Strike","theMarked:Strike","theMarked:Defend","theMarked:Defend+1","theMarked:Defend+1","theMarked:Defend","theMarked:SoldierOfQuellstein+1","theMarked:Parry+1","theMarked:TwofoldDefense","theMarked:SwordAndMagic","theMarked:Reabsorb+1","theMarked:EmpowerWeapon","theMarked:ResourceFulStrike+1"],"relics":["theMarked:ArtifactOfAir","War Paint","Letter Opener","Regal Pillow"],"acts_visited":["Exordium"],"potions_floor_usage":[12],"damage_taken":[{"damage":0.0,"enemies":"Cultist","floor":1.0,"turns":4.0},{"damage":1.0,"enemies":"2 Louse","floor":2.0,"turns":2.0},{"damage":0.0,"enemies":"Jaw Worm","floor":5.0,"turns":3.0},{"damage":13,"enemies":"Lagavulin","floor":12,"turns":5},{"damage":1,"enemies":"3 Louse","floor":14,"turns":2},{"damage":49,"enemies":"The Guardian","floor":16,"turns":9}],"seed_played":"4186741111352580701","potions_obtained":[{"floor":1.0,"key":"Fire Potion"},{"floor":14,"key":"blueLaboratory:ImpenetrablePotion"}],"is_trial":false,"path_per_floor":["M","M","$","?","M","R","?","$","T","R","?","E","R","M","R","B"],"character_chosen":"THE_DEFAULT","items_purchased":["theMarked:SwordAndMagic","theMarked:Reabsorb"],"campfire_rested":0,"item_purchase_floors":[3,8],"current_hp_per_floor":[70,69,69,62,62,62,62,62,62,62,62,49,49,48,48,0,0],"gold":142,"neow_bonus":"RANDOM_COMMON_RELIC","is_daily":false,"chose_seed":false,"campfire_upgraded":4,"win_rate":0.0,"timestamp":1609477613,"path_taken":["M","M","?","?","M","R","?","?","T","R","?","E","R","M","R","BOSS"],"items_purchased_type":["Card","Card"],"build_version":"2020-12-22","purchased_purges":0,"victory":false,"max_hp_per_floor":[70,70,70,70,70,70,70,70,70,70,70,70,70,70,70,70,70],"relic_stats":{"Regal Pillow":0,"counters":[21,81],"Letter Opener":[10],"War Paint":["theMarked:Defend","theMarked:Defend"],"obtain_stats":[{"theMarked:ArtifactOfAir":0,"Golden Egg":14,"Lantern":26,"Regal Pillow":12,"theMarked:SecretDocuments":0,"Mummified Hand":9,"Velvet Choker":17,"infinitespire:Beetle Shell":7,"Membership Card":19,"Letter Opener":9,"War Paint":0},{"theMarked:ArtifactOfAir":0,"Golden Egg":8,"Lantern":13,"Regal Pillow":19,"theMarked:SecretDocuments":0,"Mummified Hand":6,"Velvet Choker":9,"infinitespire:Beetle Shell":6,"Membership Card":10,"Letter Opener":18,"War Paint":15},{"theMarked:ArtifactOfAir":0,"Golden Egg":25,"Lantern":48,"Regal Pillow":70,"theMarked:SecretDocuments":0,"Mummified Hand":19,"Velvet Choker":32,"infinitespire:Beetle Shell":19,"Membership Card":37,"Letter Opener":65,"War Paint":56}]},"card_choices":[{"not_picked":["theMarked:Aftermath","theMarked:WardOff"],"picked":"theMarked:Parry","floor":1.0},{"not_picked":["theMarked:ChainLightning","theMarked:ElectricStrings"],"picked":"theMarked:TwofoldDefense","floor":2.0},{"not_picked":["theMarked:LightningStrikesTwice","theMarked:Polarize","theMarked:Aftermath"],"picked":"SKIP","floor":5.0},{"not_picked":["theMarked:Electrocute","theMarked:Opportunist"],"picked":"theMarked:EmpowerWeapon","floor":12},{"not_picked":["theMarked:DeterminationOfTheMarked","theMarked:Improvise"],"picked":"theMarked:ResourceFulStrike","floor":14}],"player_experience":358974,"relics_obtained":[{"floor":9.0,"key":"Letter Opener"},{"floor":12,"key":"Regal Pillow"}],"event_choices":[{"cards_removed":["theMarked:Strike"],"damage_healed":0.0,"max_hp_gain":0.0,"max_hp_loss":0.0,"gold_gain":0.0,"event_name":"Golden Wing","player_choice":"Card Removal","floor":4.0,"gold_loss":0.0,"damage_taken":7.0},{"cards_removed":["theMarked:Strike"],"damage_healed":0.0,"max_hp_gain":0.0,"max_hp_loss":0.0,"gold_gain":0.0,"event_name":"The Cleric","player_choice":"Card Removal","floor":7.0,"gold_loss":50.0,"damage_taken":0.0}],"is_beta":false,"boss_relics":[],"items_purged_floors":[],"is_endless":false,"potions_floor_spawned":[1,14],"killed_by":"The Guardian","ascension_level":0}}