{"host":"newqdrzxfhh2im9e","time":1609467015,"event":{"mods":["AchievementEnabler","BaseMod","BetterRewards","Block Reminder","Colored Map","Jorbs\u0027s Wanderer Trilogy","Minty Spire (QoL Compilation)","Rare Cards Sparkle","Shop Mod","StSLib"],"gold_per_floor":[118,136,151,151,5,5,16,16,16,16,50,50,84,100,100,219,219,243,22,35,35,54,54,54,54],"floor_reached":24,"playtime":2443,"items_purged":[],"score":247,"play_id":"907c7ea5-bc0f-4c34-9f43-31482042819e","local_time":"20201231181015","is_ascension_mode":true,"campfire_choices":[{"data":"White Noise","floor":6,"key":"SMITH"},{"data":"Metamorphosis","floor":8,"key":"SMITH"},{"floor":12,"key":"REST"},{"floor":15,"key":"REST"},{"floor":23,"key":"REST"}],"circlet_count":0,"master_deck":["Strike_B","Strike_B","Strike_B","Strike_B","Defend_B","Defend_B","Defend_B","Defend_B","Zap","Dualcast","Metamorphosis+1","Stack","Beam Cell","Lockon","White Noise+1","White Noise","Self Repair","Aggregate","Redo","Rainbow","Scrape+1","Apotheosis","Go for the Eyes","Chaos","BootSequence"],"relics":["Cracked Core","Membership Card","Torii","Golden Idol","Matryoshka","Regal Pillow","Black Star","Mercury Hourglass"],"acts_visited":["Exordium","TheCity"],"potions_floor_usage":[2,13,16],"damage_taken":[{"damage":3,"enemies":"2 Louse","floor":1,"turns":3},{"damage":0,"enemies":"Cultist","floor":2,"turns":2},{"damage":3,"enemies":"Jaw Worm","floor":3,"turns":3},{"damage":1,"enemies":"Looter","floor":7,"turns":3},{"damage":29,"enemies":"Gremlin Nob","floor":11,"turns":4},{"damage":22,"enemies":"3 Sentries","floor":13,"turns":5},{"damage":6,"enemies":"Gremlin Gang","floor":14,"turns":4},{"damage":11,"enemies":"Hexaghost","floor":16,"turns":10},{"damage":30,"enemies":"3 Byrds","floor":18,"turns":5},{"damage":15,"enemies":"Shell Parasite","floor":20,"turns":4},{"damage":16,"enemies":"Centurion and Healer","floor":22,"turns":4},{"damage":60,"enemies":"Slavers","floor":24,"turns":3}],"seed_played":"-7332844112945059589","potions_obtained":[{"floor":1,"key":"AttackPotion"},{"floor":11,"key":"BlessingOfTheForge"},{"floor":14,"key":"SneckoOil"}],"is_trial":false,"path_per_floor":["M","M","M","?","$","R","M","R","T","?","E","R","E","M","R","B",null,"M","$","M","?","M","R","E"],"character_chosen":"DEFECT","items_purchased":["Membership Card","Mercury Hourglass","Apotheosis","Go for the Eyes"],"campfire_rested":3,"item_purchase_floors":[5,19,19,19],"current_hp_per_floor":[65,65,62,62,62,62,61,61,61,44,15,35,20,21,56,52,68,38,38,33,33,17,52,0,0],"gold":54,"neow_bonus":"RANDOM_COLORLESS_2","is_daily":false,"chose_seed":false,"campfire_upgraded":2,"win_rate":0.0,"timestamp":1609467015,"path_taken":["M","M","M","?","$","R","?","R","T","?","E","R","E","M","R","BOSS","M","$","M","?","M","R","E"],"items_purchased_type":["Relic","Relic","Card","Card"],"build_version":"2020-12-22","purchased_purges":0,"victory":false,"max_hp_per_floor":[68,68,68,68,68,68,68,68,68,68,68,68,68,68,68,68,68,68,68,68,68,68,68,68,68],"card_choices":[{"not_picked":["Magnetism","Panache"],"picked":"Metamorphosis","floor":0},{"not_picked":["Barrage","Redo"],"picked":"Stack","floor":1},{"not_picked":["Streamline","Leap"],"picked":"Beam Cell","floor":2},{"not_picked":["Sweeping Beam","Auto Shields"],"picked":"Lockon","floor":3},{"not_picked":["Seek","Recycle"],"picked":"White Noise","floor":7},{"not_picked":["Recycle","Conserve Battery"],"picked":"Self Repair","floor":11},{"not_picked":["Barrage","Go for the Eyes"],"picked":"Aggregate","floor":13},{"not_picked":["Barrage","Steam"],"picked":"Redo","floor":14},{"not_picked":["Echo Form","Buffer"],"picked":"Rainbow","floor":16},{"not_picked":["Conserve Battery","Turbo"],"picked":"Scrape+1","floor":18},{"not_picked":["Rebound","Redo"],"picked":"Chaos","floor":20},{"not_picked":["Ball Lightning","Consume"],"picked":"BootSequence","floor":22}],"player_experience":658241,"relics_obtained":[{"floor":9,"key":"Torii"},{"floor":11,"key":"Matryoshka"},{"floor":13,"key":"Regal Pillow"}],"event_choices":[{"damage_healed":0,"gold_gain":0,"player_choice":"1 cards matched","damage_taken":0,"max_hp_gain":0,"max_hp_loss":0,"event_name":"Match and Keep!","floor":4,"gold_loss":0,"cards_obtained":["White Noise"]},{"damage_healed":0,"gold_gain":0,"player_choice":"Take Damage","damage_taken":17,"relics_obtained":["Golden Idol"],"max_hp_gain":0,"max_hp_loss":0,"event_name":"Golden Idol","floor":10,"gold_loss":0},{"damage_healed":0,"gold_gain":0,"player_choice":"Ignored","damage_taken":0,"max_hp_gain":0,"max_hp_loss":0,"event_name":"Ghosts","floor":21,"gold_loss":0}],"is_beta":false,"boss_relics":[{"not_picked":["Snecko Eye","Coffee Dripper"],"picked":"Black Star"}],"items_purged_floors":[],"is_endless":false,"potions_floor_spawned":[1,11,14],"killed_by":"Slavers","ascension_level":4}}