{"host":"sfkslwp4t49i7lrt","time":1609526997,"event":{"mods":["BaseMod","Bestiary","Block Reminder","Downfall","Highlight Path","Minty Spire (QoL Compilation)","Relic Stats","StSLib","everything is the same but u backflip on backflip","slay the spire mod where everything is the same but ironclad has a cowboy hat"],"gold_per_floor":[99,99,99,99,24,24,50,75,91,91,105,41,41,41,41],"floor_reached":13,"playtime":408,"items_purged":["downfall:Bewildered"],"score":83,"play_id":"28c24fa5-1c45-4050-8c28-67349a5f3f15","local_time":"20210102014957","is_ascension_mode":true,"campfire_choices":[{"data":"Slimebound:Split","floor":1,"key":"SMITH"}],"circlet_count":0,"master_deck":["Slimebound:Strike_Slimebound","Slimebound:Strike_Slimebound","Slimebound:Tackle","Slimebound:Defend_Slimebound","Slimebound:Defend_Slimebound","Slimebound:Defend_Slimebound","Slimebound:Defend_Slimebound","Slimebound:Split+1","Slimebound:CorrosiveSpit","Slimebound:Prepare","Shame","Slimebound:RallyTheTroops","Slimebound:ComboTackle","Slimebound:SplitAcid","Slimebound:PressTheAttack","Slimebound:ForwardTackle","Slimebound:SplitBruiser","Slimebound:LivingWall"],"relics":["Slimebound:AbsorbEndCombat","downfall:HeartsMalice","Du-Vu Doll","Regal Pillow","Ornamental Fan"],"acts_visited":["Exordium"],"potions_floor_usage":[13],"damage_taken":[{"damage":0,"enemies":"2 Louse","floor":2,"turns":1},{"damage":0,"enemies":"downfall:FleeingMerchant","floor":5,"turns":1},{"damage":0,"enemies":"Jaw Worm","floor":6,"turns":1},{"damage":37,"enemies":"Gremlin Nob","floor":8,"turns":5},{"damage":0,"enemies":"Cultist","floor":9,"turns":4},{"damage":23,"enemies":"Gremlin Gang","floor":11,"turns":4},{"damage":2,"enemies":"downfall:FleeingMerchant","floor":12,"turns":4},{"damage":9,"enemies":"3 Sentries","floor":13,"turns":3}],"seed_played":"4737547983683724069","potions_obtained":[{"floor":11,"key":"PowerPotion"}],"is_trial":false,"path_per_floor":["R","M","?","?","$","M","T","E","M","?","M","$","E"],"character_chosen":"SLIMEBOUND","items_purchased":["Slimebound:LivingWall"],"campfire_rested":0,"item_purchase_floors":[12],"current_hp_per_floor":[65,65,65,65,65,65,65,30,30,30,7,5,0,0,0],"gold":41,"neow_bonus":"THREE_ENEMY_KILL","is_daily":false,"chose_seed":false,"campfire_upgraded":1,"win_rate":0.0,"timestamp":1609526997,"path_taken":["R","M","?","?","$","M","T","E","M","?","M","?","E"],"items_purchased_type":["Card"],"build_version":"2020-12-22","purchased_purges":1,"victory":false,"max_hp_per_floor":[65,65,65,65,65,65,65,65,65,65,65,65,65,65,65],"relic_stats":{"Regal Pillow":0,"counters":[8,19],"Ornamental Fan":[0],"obtain_stats":[{"Du-Vu Doll":3,"Regal Pillow":7,"Ornamental Fan":8,"downfall:HeartsMalice":0,"Slimebound:AbsorbEndCombat":0},{"Du-Vu Doll":1,"Regal Pillow":3,"Ornamental Fan":4,"downfall:HeartsMalice":0,"Slimebound:AbsorbEndCombat":0},{"Du-Vu Doll":0,"Regal Pillow":0,"Ornamental Fan":5,"downfall:HeartsMalice":0,"Slimebound:AbsorbEndCombat":0}]},"card_choices":[{"not_picked":["Slimebound:RejuvenatingLick","Slimebound:RainOfGoop"],"picked":"Slimebound:Prepare","floor":2},{"not_picked":["Slimebound:ProtectTheBoss","Slimebound:GoopTackle"],"picked":"Slimebound:ComboTackle","floor":5},{"not_picked":["Slimebound:FinishingTackle","Slimebound:GoopSpray"],"picked":"Slimebound:SplitAcid","floor":6},{"not_picked":["Slimebound:MegaLick","Slimebound:RollThrough"],"picked":"Slimebound:PressTheAttack","floor":8},{"not_picked":["Slimebound:HauntingLick","Slimebound:GoopSpray","Slimebound:Gluttony"],"picked":"SKIP","floor":9},{"not_picked":["Slimebound:RollThrough","Slimebound:ComboTackle"],"picked":"Slimebound:ForwardTackle","floor":11},{"not_picked":["Slimebound:DuplicatedForm","Slimebound:Gluttony"],"picked":"Slimebound:SplitBruiser","floor":12}],"player_experience":416946,"relics_obtained":[{"floor":7,"key":"Regal Pillow"},{"floor":8,"key":"Ornamental Fan"}],"event_choices":[{"cards_removed":["Writhe"],"damage_healed":0,"gold_gain":0,"player_choice":"Forget","damage_taken":0,"max_hp_gain":0,"max_hp_loss":0,"event_name":"Living Wall","floor":10,"gold_loss":0}],"is_beta":false,"boss_relics":[],"items_purged_floors":[5],"is_endless":false,"potions_floor_spawned":[11],"killed_by":"3 Sentries","ascension_level":1}}