{"host":"2no1vwhhkhf0ohz3","time":1609504041,"event":{"mods":["AchievementEnabler","BaseMod","Colored Map","DeckTracker","Keyboard Shortcuts","Minty Spire (QoL Compilation)","Relic Stats","SuperFastMode"],"gold_per_floor":[115,115,128,78,98,98,153,170,225,225,225,225,250,262,262,359,359,371,399,419,419,419],"floor_reached":21,"playtime":333,"items_purged":[],"score":206,"play_id":"054c87c8-eba6-475a-926a-2e6f0cd2f11f","local_time":"20210101212721","is_ascension_mode":true,"campfire_choices":[{"data":"Ball Lightning","floor":6,"key":"SMITH"},{"data":"Zap","floor":10,"key":"SMITH"},{"data":"Sunder","floor":15,"key":"SMITH"}],"circlet_count":0,"master_deck":["Strike_B","Strike_B","Strike_B","Defend_B","Defend_B+1","Defend_B+1","Defend_B","Zap+1","Dualcast","Streamline","Go for the Eyes","Ball Lightning+1","Conserve Battery","Sunder+1","Biased Cognition","Buffer","Self Repair","Barrage+1"],"relics":["Cracked Core","NeowsBlessing","Bag of Preparation","Bag of Marbles","White Beast Statue","Regal Pillow","Inserter","Red Mask"],"acts_visited":["Exordium","TheCity"],"potions_floor_usage":[13,21],"damage_taken":[{"damage":0,"enemies":"Small Slimes","floor":1,"turns":1},{"damage":0,"enemies":"Jaw Worm","floor":3,"turns":1},{"damage":0,"enemies":"2 Louse","floor":5,"turns":1},{"damage":14,"enemies":"3 Sentries","floor":7,"turns":5},{"damage":0,"enemies":"Large Slime","floor":8,"turns":3},{"damage":13,"enemies":"Gremlin Nob","floor":13,"turns":3},{"damage":0,"enemies":"2 Fungi Beasts","floor":14,"turns":1},{"damage":7,"enemies":"Slime Boss","floor":16,"turns":6},{"damage":16,"enemies":"Spheric Guardian","floor":18,"turns":4},{"damage":54,"enemies":"Masked Bandits","floor":19,"turns":4},{"damage":17,"enemies":"3 Byrds","floor":20,"turns":4},{"damage":19,"enemies":"Shelled Parasite and Fungi","floor":21,"turns":4}],"seed_played":"-3775473223160010950","potions_obtained":[{"floor":7,"key":"LiquidMemories"},{"floor":8,"key":"SpeedPotion"},{"floor":13,"key":"FearPotion"},{"floor":14,"key":"FearPotion"},{"floor":19,"key":"FairyPotion"},{"floor":20,"key":"SkillPotion"}],"is_trial":false,"path_per_floor":["M","?","M","?","M","R","?","M","T","R","?","T","E","M","R","B",null,"M","?","M","M"],"character_chosen":"DEFECT","items_purchased":[],"campfire_rested":0,"item_purchase_floors":[],"current_hp_per_floor":[75,60,60,60,60,60,46,46,46,46,71,71,58,58,58,51,75,59,12,18,0,0],"gold":419,"neow_bonus":"THREE_ENEMY_KILL","is_daily":false,"chose_seed":false,"campfire_upgraded":3,"win_rate":0.0,"timestamp":1609504041,"path_taken":["M","?","M","?","M","R","?","M","T","R","?","?","E","M","R","BOSS","M","?","M","M"],"items_purchased_type":[],"build_version":"2020-12-22","purchased_purges":0,"victory":false,"max_hp_per_floor":[75,75,75,75,75,75,75,75,75,75,75,75,75,75,75,75,75,75,75,75,75,75],"relic_stats":{"Regal Pillow":0,"Inserter":[8],"counters":[12,37],"Bag of Preparation":[18],"obtain_stats":[{"Regal Pillow":13,"Inserter":17,"NeowsBlessing":0,"Bag of Preparation":7,"Bag of Marbles":9,"Red Mask":19,"Cracked Core":0,"White Beast Statue":12},{"Regal Pillow":6,"Inserter":8,"NeowsBlessing":0,"Bag of Preparation":3,"Bag of Marbles":5,"Red Mask":10,"Cracked Core":0,"White Beast Statue":5},{"Regal Pillow":14,"Inserter":21,"NeowsBlessing":0,"Bag of Preparation":3,"Bag of Marbles":11,"Red Mask":29,"Cracked Core":0,"White Beast Statue":11}]},"card_choices":[{"not_picked":["Compile Driver","Redo"],"picked":"Streamline","floor":1},{"not_picked":["Leap","Streamline"],"picked":"Go for the Eyes","floor":3},{"not_picked":["Compile Driver","Genetic Algorithm"],"picked":"Ball Lightning","floor":5},{"not_picked":["Hello World","Static Discharge"],"picked":"Conserve Battery","floor":7},{"not_picked":["Barrage","Ball Lightning","Gash"],"picked":"SKIP","floor":8},{"not_picked":["Undo","Stack"],"picked":"Sunder","floor":13},{"not_picked":["Steam","Darkness"],"picked":"Biased Cognition","floor":14},{"not_picked":["Biased Cognition","Thunder Strike"],"picked":"Buffer","floor":16},{"not_picked":["Hologram","Cold Snap"],"picked":"Self Repair","floor":18},{"not_picked":["Melter","Conserve Battery"],"picked":"Barrage+1","floor":20}],"player_experience":279101,"relics_obtained":[{"floor":9,"key":"Bag of Marbles"},{"floor":12,"key":"White Beast Statue"},{"floor":13,"key":"Regal Pillow"},{"floor":19,"key":"Red Mask"}],"event_choices":[{"damage_healed":0,"gold_gain":0,"player_choice":"Entered Light","damage_taken":15,"max_hp_gain":0,"max_hp_loss":0,"event_name":"Shining Light","floor":2,"gold_loss":0,"cards_upgraded":["Defend_B","Defend_B"]},{"cards_removed":["Strike_B"],"damage_healed":0,"gold_gain":0,"player_choice":"Card Removal","damage_taken":0,"max_hp_gain":0,"max_hp_loss":0,"event_name":"The Cleric","floor":4,"gold_loss":50},{"damage_healed":0,"gold_gain":30,"player_choice":"Searched \u00273\u0027 times","damage_taken":0,"relics_obtained":["Bag of Preparation"],"max_hp_gain":0,"max_hp_loss":0,"event_name":"Dead Adventurer","floor":7,"gold_loss":0},{"damage_healed":25,"gold_gain":0,"player_choice":"Banana","damage_taken":0,"max_hp_gain":0,"max_hp_loss":0,"event_name":"Big Fish","floor":11,"gold_loss":0},{"damage_healed":0,"gold_gain":0,"player_choice":"Fought Bandits","damage_taken":0,"max_hp_gain":0,"max_hp_loss":0,"event_name":"Masked Bandits","floor":19,"gold_loss":0}],"is_beta":false,"boss_relics":[{"not_picked":["Sozu","Nuclear Battery"],"picked":"Inserter"}],"items_purged_floors":[],"is_endless":false,"potions_floor_spawned":[7,8,13,14,16,18,19,20],"killed_by":"Shelled Parasite and Fungi","ascension_level":3}}