{"host":"nqsrckqog5ia9mbo","time":1609532499,"event":{"mods":["AchievementEnabler","BaseMod","Colored Map","Highlight Path","Minty Spire (QoL Compilation)"],"gold_per_floor":[113,113,124,124,138,169,169,180,206,221,249,249,44,44,44,143,143,154,154,16,30,46,76,76,94,94,94,120,138,13,33,33,131,131,141,152,165,165,180,207,207,9,9,26,26,26],"floor_reached":45,"playtime":2885,"items_purged":["Defend_R","Defend_R","Defend_R","Strike_R"],"score":547,"play_id":"89f9b2cf-0214-45c4-a0c5-41e3686695e1","local_time":"20210101212139","is_ascension_mode":false,"campfire_choices":[{"data":"Heavy Blade","floor":7,"key":"SMITH"},{"data":"Inflame","floor":12,"key":"SMITH"},{"floor":15,"key":"REST"},{"floor":24,"key":"REST"},{"floor":32,"key":"REST"},{"data":"Limit Break","floor":41,"key":"SMITH"}],"circlet_count":0,"master_deck":["Strike_R","Strike_R","Strike_R","Strike_R+1","Bash","Flex+1","Battle Trance","Heavy Blade+1","Inflame+1","Flex","Inflame","Limit Break+1","J.A.X.","Whirlwind","Inflame","Whirlwind+1","Heavy Blade+1"],"relics":["Burning Blood","Nunchaku","Toy Ornithopter","Bronze Scales","Velvet Choker","Bag of Preparation","Pear","Oddly Smooth Stone","Busted Crown","Centennial Puzzle","Molten Egg 2"],"acts_visited":["Exordium","TheCity","TheBeyond"],"potions_floor_usage":[16,23,29,33,33,37,45,45,45],"damage_taken":[{"damage":3,"enemies":"Jaw Worm","floor":1,"turns":6},{"damage":7,"enemies":"2 Louse","floor":3,"turns":3},{"damage":2,"enemies":"Small Slimes","floor":5,"turns":3},{"damage":37,"enemies":"Lagavulin","floor":6,"turns":6},{"damage":5,"enemies":"Looter","floor":8,"turns":3},{"damage":9,"enemies":"Exordium Wildlife","floor":10,"turns":5},{"damage":22,"enemies":"3 Sentries","floor":11,"turns":9},{"damage":24,"enemies":"Hexaghost","floor":16,"turns":7},{"damage":25,"enemies":"2 Thieves","floor":18,"turns":3},{"damage":13,"enemies":"Shell Parasite","floor":21,"turns":2},{"damage":24,"enemies":"Snake Plant","floor":22,"turns":2},{"damage":45,"enemies":"Gremlin Leader","floor":23,"turns":4},{"damage":22,"enemies":"Shelled Parasite and Fungi","floor":25,"turns":3},{"damage":28,"enemies":"Book of Stabbing","floor":28,"turns":3},{"damage":3,"enemies":"Snecko","floor":29,"turns":3},{"damage":3,"enemies":"Sentry and Sphere","floor":31,"turns":2},{"damage":12,"enemies":"Champ","floor":33,"turns":4},{"damage":20,"enemies":"3 Darklings","floor":35,"turns":3},{"damage":12,"enemies":"3 Shapes","floor":36,"turns":1},{"damage":8,"enemies":"Maw","floor":37,"turns":3},{"damage":24,"enemies":"4 Shapes","floor":39,"turns":1},{"damage":3,"enemies":"Reptomancer","floor":40,"turns":2},{"damage":19,"enemies":"3 Darklings","floor":44,"turns":2},{"damage":63,"enemies":"Giant Head","floor":45,"turns":5}],"seed_played":"-8666213833084967601","potions_obtained":[{"floor":0,"key":"Dexterity Potion"},{"floor":0,"key":"ElixirPotion"},{"floor":0,"key":"ColorlessPotion"},{"floor":11,"key":"FearPotion"},{"floor":18,"key":"BloodPotion"},{"floor":25,"key":"Block Potion"},{"floor":28,"key":"HeartOfIron"},{"floor":29,"key":"Weak Potion"},{"floor":35,"key":"Explosive Potion"},{"floor":36,"key":"LiquidBronze"}],"is_trial":false,"path_per_floor":["M","?","M","?","M","E","R","M","T","M","E","R","$","?","R","B",null,"M","?","$","M","M","E","R","M","T","?","E","M","$","M","R","B",null,"M","M","M","?","M","E","R","$","T","M","E"],"character_chosen":"IRONCLAD","items_purchased":["Flex","Inflame","Whirlwind","Block Potion"],"campfire_rested":3,"item_purchase_floors":[13,13,20,42],"current_hp_per_floor":[80,80,79,79,80,49,49,50,50,47,31,31,31,15,39,26,80,61,61,61,54,36,18,42,26,36,36,14,22,22,25,52,56,90,76,70,73,73,55,58,58,58,58,45,0,0],"gold":26,"neow_bonus":"THREE_SMALL_POTIONS","is_daily":false,"chose_seed":false,"campfire_upgraded":3,"win_rate":0.0,"timestamp":1609532499,"path_taken":["M","?","M","?","M","E","R","M","T","M","E","R","$","?","R","BOSS","M","?","$","M","M","E","R","M","T","?","E","M","?","M","R","BOSS","M","M","M","?","M","E","R","$","T","M","E"],"items_purchased_type":["Card","Card","Card","Potion"],"build_version":"2020-12-22","purchased_purges":4,"victory":false,"max_hp_per_floor":[80,80,80,80,80,80,80,80,80,80,80,80,80,80,80,80,80,80,80,80,80,80,80,80,80,90,90,90,90,90,90,90,90,90,90,90,90,85,85,85,85,85,85,85,85,85],"card_choices":[{"not_picked":["Warcry","Flame Barrier"],"picked":"Flex","floor":1},{"not_picked":["Hemokinesis","Feel No Pain"],"picked":"Battle Trance","floor":3},{"not_picked":["Feel No Pain","Pummel"],"picked":"Heavy Blade","floor":5},{"not_picked":["Burning Pact","Headbutt","Havoc"],"picked":"SKIP","floor":6},{"not_picked":["Warcry","Uppercut","Thunderclap"],"picked":"SKIP","floor":8},{"not_picked":["Clothesline","Intimidate","Exhume"],"picked":"SKIP","floor":10},{"not_picked":["Sword Boomerang","Twin Strike"],"picked":"Inflame","floor":11},{"not_picked":["Brutality","Exhume"],"picked":"Limit Break","floor":16},{"not_picked":["Wild Strike+1","True Grit","Dark Embrace"],"picked":"SKIP","floor":18},{"not_picked":["Havoc","True Grit","Clash+1"],"picked":"SKIP","floor":21},{"not_picked":["Shrug It Off","Wild Strike"],"picked":"Inflame","floor":22},{"not_picked":["Warcry+1","Anger","Armaments+1"],"picked":"SKIP","floor":23},{"not_picked":["Dropkick","True Grit+1","Second Wind"],"picked":"SKIP","floor":25},{"not_picked":["Burning Pact","Armaments+1","Offering"],"picked":"SKIP","floor":28},{"not_picked":["Headbutt","Seeing Red+1","Heavy Blade"],"picked":"SKIP","floor":29},{"not_picked":["Pommel Strike","Havoc","Flame Barrier+1"],"picked":"SKIP","floor":31},{"not_picked":[],"picked":"Whirlwind+1","floor":35},{"not_picked":[],"picked":"Heavy Blade+1","floor":36},{"not_picked":["Fire Breathing"],"picked":"SKIP","floor":37},{"not_picked":["Shrug It Off+1"],"picked":"SKIP","floor":39},{"not_picked":["Sword Boomerang"],"picked":"SKIP","floor":40},{"not_picked":["Combust"],"picked":"SKIP","floor":44}],"player_experience":52797,"relics_obtained":[{"floor":6,"key":"Nunchaku"},{"floor":9,"key":"Toy Ornithopter"},{"floor":11,"key":"Bronze Scales"},{"floor":23,"key":"Bag of Preparation"},{"floor":26,"key":"Pear"},{"floor":28,"key":"Oddly Smooth Stone"},{"floor":40,"key":"Centennial Puzzle"},{"floor":43,"key":"Molten Egg 2"}],"event_choices":[{"cards_removed":["Defend_R"],"damage_healed":0,"gold_gain":0,"player_choice":"Forget","damage_taken":0,"max_hp_gain":0,"max_hp_loss":0,"event_name":"Living Wall","floor":2,"gold_loss":0},{"damage_healed":0,"gold_gain":0,"player_choice":"Ignored","damage_taken":0,"max_hp_gain":0,"max_hp_loss":0,"event_name":"Liars Game","floor":4,"gold_loss":0},{"damage_healed":0,"gold_gain":0,"player_choice":"Entered Light","damage_taken":16,"max_hp_gain":0,"max_hp_loss":0,"event_name":"Shining Light","floor":14,"gold_loss":0,"cards_upgraded":["Flex","Strike_R"]},{"damage_healed":0,"gold_gain":0,"player_choice":"Obtain J.A.X.","damage_taken":0,"max_hp_gain":0,"max_hp_loss":0,"event_name":"Drug Dealer","floor":19,"gold_loss":0,"cards_obtained":["J.A.X."]},{"damage_healed":0,"gold_gain":0,"player_choice":"Ignored","damage_taken":0,"max_hp_gain":0,"max_hp_loss":0,"event_name":"The Mausoleum","floor":27,"gold_loss":0},{"damage_healed":0,"gold_gain":0,"player_choice":"Max HP","damage_taken":0,"max_hp_gain":0,"max_hp_loss":5,"event_name":"Winding Halls","floor":38,"gold_loss":0}],"is_beta":false,"boss_relics":[{"not_picked":["Snecko Eye","Philosopher\u0027s Stone"],"picked":"Velvet Choker"},{"not_picked":["Tiny House","Mark of Pain"],"picked":"Busted Crown"}],"items_purged_floors":[13,20,30,42],"is_endless":false,"potions_floor_spawned":[3,5,8,11,18,25,28,29,35,36],"killed_by":"Giant Head","ascension_level":0}}