{"host":"a1u4jo6xlg3w0wsm","time":1609469609,"event":{"mods":["BaseMod","Better Third Choice","DeckTracker","Downfall","Hermit","Hubris","Minty Spire (QoL Compilation)","Rare Cards Sparkle","Replay The Spire","StSLib"],"gold_per_floor":[99,113,2,177,177,177,202,227,266,275,303,312,359,459,491,605,605,530,559,588,588,53,53,53,74,74,74,74],"floor_reached":27,"playtime":1799,"items_purged":["hermit:Defend_Hermit"],"score":252,"play_id":"d05661c2-ebb5-4f86-a7f6-1f80ae6871d6","local_time":"20210101155329","is_ascension_mode":true,"campfire_choices":[{"data":"hermit:Snapshot","floor":1,"key":"SMITH"},{"data":"hermit:Showdown","floor":6,"key":"SMITH"},{"data":"hermit:Determination","floor":18,"key":"SMITH"},{"floor":23,"key":"REST"}],"circlet_count":0,"master_deck":["hermit:Strike_Hermit","hermit:Strike_Hermit","hermit:Strike_Hermit","hermit:Strike_Hermit","hermit:Defend_Hermit","hermit:Defend_Hermit","hermit:Defend_Hermit","hermit:Snapshot+1","hermit:Covet","hermit:Cheat","hermit:Showdown+1","Doubt","hermit:FullyLoaded+1","hermit:Vantage","Doubt","Outmaneuver","hubris:Greed","hermit:Gestalt","hermit:Determination+1","hermit:FinalCanter","Prepared","hermit:FullyLoaded","hermit:Snipe"],"relics":["hermit:Momento","ReplayFunnel","Sundial","CeramicFish","hubris:CrystalStatue","hubris:DisguiseKit","ReplayTheSpireMod:Ring of Collecting","Ring of Searing","ReplayTheSpireMod:TigerMarble","Runic Pyramid","downfall:HeartBlessingGreen","Ancient Tea Set","hubris:CuriousFeather","Singing Bowl","Ring of Panic","Nilry\u0027s Codex"],"acts_visited":["Exordium","TheCity"],"potions_floor_usage":[13,13,13,16,20,22],"damage_taken":[{"damage":0,"enemies":"2 Louse","floor":2,"turns":2},{"damage":0,"enemies":"downfall:FleeingMerchant","floor":3,"turns":4},{"damage":0,"enemies":"Jaw Worm","floor":8,"turns":3},{"damage":7,"enemies":"3 Sentries","floor":9,"turns":7},{"damage":0,"enemies":"Cultist","floor":11,"turns":3},{"damage":19,"enemies":"Replay:BlueRogue","floor":13,"turns":8},{"damage":0,"enemies":"Blue Slaver","floor":15,"turns":1},{"damage":7,"enemies":"downfall:Watcher","floor":16,"turns":11},{"damage":23,"enemies":"Shell Parasite","floor":19,"turns":5},{"damage":20,"enemies":"Snake Plant","floor":20,"turns":3},{"damage":10,"enemies":"downfall:FleeingMerchant","floor":22,"turns":4},{"damage":8,"enemies":"Chosen and Byrds","floor":25,"turns":6},{"damage":0,"enemies":"Centurion and Healer","floor":27,"turns":1}],"seed_played":"1008918279446852904","potions_obtained":[{"floor":8,"key":"Adrenaline Potion"},{"floor":15,"key":"SpeedPotion"},{"floor":16,"key":"Fire Potion"},{"floor":19,"key":"PowerPotion"},{"floor":25,"key":"Slimebound:ThreeZeroPotion"}],"is_trial":false,"path_per_floor":["R","M","$","?","?","R","T","M","E","?","M","?","E","?","M","B",null,"R","M","M","?","$","R","T","M","?","M"],"character_chosen":"HERMIT","items_purchased":["Adrenaline Potion","PowerPotion","Ancient Tea Set","hubris:CuriousFeather"],"campfire_rested":1,"item_purchase_floors":[3,3,22,22],"current_hp_per_floor":[75,75,75,75,75,75,75,75,68,68,68,68,49,49,49,42,75,75,52,32,32,22,44,44,38,22,22,22],"gold":74,"neow_bonus":"RANDOM_COMMON_RELIC","is_daily":false,"chose_seed":false,"campfire_upgraded":3,"win_rate":0.0,"timestamp":1609469609,"path_taken":["R","M","$","?","?","R","T","?","E","?","M","?","E","?","M","BOSS","R","M","M","?","$","R","T","M","?","M"],"items_purchased_type":["Potion","Potion","Relic","Relic"],"build_version":"2020-12-13","purchased_purges":1,"victory":false,"max_hp_per_floor":[75,75,75,75,75,75,75,75,75,75,75,75,75,75,75,75,75,75,75,75,75,75,75,75,77,77,77,77],"card_choices":[{"not_picked":["hermit:SprayPray","hermit:TakeCover"],"picked":"hermit:Cheat","floor":2},{"not_picked":["hermit:ItchyTrigger","hermit:Vantage"],"picked":"hermit:Showdown","floor":3},{"not_picked":["hermit:NoHoldsBarred","hermit:SprayPray"],"picked":"hermit:FullyLoaded","floor":8},{"not_picked":["hermit:OverwhelmingPower","hermit:Purgatory"],"picked":"hermit:Vantage","floor":9},{"not_picked":["hermit:LowProfile","hermit:Dive","hermit:ItchyTrigger"],"picked":"Outmaneuver","floor":11},{"not_picked":["hermit:TakeAim","hermit:SprayPray","Atom Bomb"],"picked":"hermit:Gestalt","floor":13},{"not_picked":["hermit:BigShot","hermit:Roulette","Blade Dance"],"picked":"hermit:Determination","floor":15},{"not_picked":["hermit:Purgatory","hermit:Adapt","Adrenaline"],"picked":"hermit:FinalCanter","floor":16},{"not_picked":["hermit:LuckOfTheDraw","hermit:BodyArmor","hermit:Vantage"],"picked":"Prepared","floor":19},{"not_picked":["hermit:LuckOfTheDraw","hermit:Headshot+1","Deadly Poison"],"picked":"hermit:FullyLoaded","floor":20},{"not_picked":["hermit:BodyArmor","hermit:CalledShot+1","hubris:TrickCloak"],"picked":"hermit:Snipe","floor":22},{"not_picked":["hermit:CalledShot","hermit:HighCaliber+1","hermit:ItchyTrigger","Flying Knee"],"picked":"Singing Bowl","floor":25}],"player_experience":263677,"relics_obtained":[{"floor":5,"key":"Sundial"},{"floor":7,"key":"CeramicFish"},{"floor":9,"key":"hubris:CrystalStatue"},{"floor":12,"key":"ReplayTheSpireMod:Ring of Collecting"},{"floor":12,"key":"Ring of Searing"},{"floor":13,"key":"ReplayTheSpireMod:TigerMarble"},{"floor":24,"key":"Singing Bowl"},{"floor":24,"key":"Ring of Panic"},{"floor":26,"key":"Nilry\u0027s Codex"}],"event_choices":[{"damage_healed":0,"gold_gain":0,"player_choice":"Relic","damage_taken":0,"max_hp_gain":0,"max_hp_loss":0,"event_name":"Wheel of Change","floor":5,"gold_loss":0}],"is_beta":false,"boss_relics":[{"not_picked":["downfall:Hecktoplasm","hermit:ClaspedLocket"],"picked":"Runic Pyramid"}],"items_purged_floors":[22],"is_endless":false,"potions_floor_spawned":[8,9,15,16,19,25],"killed_by":"Centurion and Healer","ascension_level":3}}