{"host":"erwxnntsfyc3037l","time":1609522614,"event":{"mods":["AchievementEnabler","BaseMod","Colored Powertips","Conspire","Downfall","Hermit","Hubris","Minty Spire (QoL Compilation)","Quick Restart","Replay The Spire","StSLib","The Bladedancer","The Cursed"],"gold_per_floor":[115,135,135,95,108,143,143,143,143,171,195,195,209,229,79,104,104,104,104],"floor_reached":18,"playtime":1215,"items_purged":[],"score":120,"play_id":"99ca52a3-ee7c-4f36-bfee-627f40c24f41","local_time":"20210101203654","is_ascension_mode":false,"campfire_choices":[{"floor":9,"key":"REST"},{"floor":12,"key":"REST"},{"floor":17,"key":"REST"}],"circlet_count":0,"master_deck":["Strike_B","Strike_B","Strike_B","Strike_B","Defend_B","Defend_B","Defend_B","Defend_B","Zap","Dualcast","ReplayTheSpireMod:Reroute Power","ReplayTheSpireMod:Reroute Power","conspire:SharedLibrary","conspire:Rain","Rip and Tear","Lockon","FIFO Queue","Conserve Battery","ReplayTheSpireMod:Calculation Training"],"relics":["Cracked Core","NeowsBlessing","Oddly Smooth Stone","Centennial Puzzle","Bag of Marbles","ReplayTheSpireMod:TigerMarble","Sling","Odd Mushroom"],"acts_visited":["Exordium"],"potions_floor_usage":[18,18],"damage_taken":[{"damage":0,"enemies":"Cultist","floor":1,"turns":1},{"damage":0,"enemies":"Jaw Worm","floor":2,"turns":1},{"damage":0,"enemies":"Small Slimes","floor":5,"turns":2},{"damage":32,"enemies":"Gremlin Nob","floor":6,"turns":4},{"damage":14,"enemies":"Lagavulin","floor":10,"turns":8},{"damage":7,"enemies":"Blue Slaver","floor":13,"turns":3},{"damage":1,"enemies":"Red Slaver","floor":14,"turns":2},{"damage":21,"enemies":"The Mushroom Lair","floor":16,"turns":3},{"damage":93,"enemies":"Fading Forest","floor":18,"turns":9}],"seed_played":"-7868498219709344320","potions_obtained":[{"floor":5,"key":"LiquidBronze"},{"floor":6,"key":"Swift Potion"},{"floor":10,"key":"FairyPotion"},{"floor":14,"key":"Strength Potion"}],"is_trial":false,"path_per_floor":["M","M","?","$","M","E","PTL","PTL","R","E","T","R","M","M","$","?","R","B"],"character_chosen":"DEFECT","items_purchased":["conspire:Rain","Sling"],"campfire_rested":3,"item_purchase_floors":[4,15],"current_hp_per_floor":[75,75,63,63,63,31,31,31,53,39,39,61,54,53,53,32,54,0,0],"gold":104,"neow_bonus":"THREE_ENEMY_KILL","is_daily":false,"chose_seed":false,"campfire_upgraded":0,"win_rate":0.0,"timestamp":1609522614,"path_taken":["M","?","?","$","M","E","PTL","PTL","R","E","T","R","M","M","$","?","R","BOSS"],"items_purchased_type":["Card","Relic"],"build_version":"2020-12-22","purchased_purges":0,"victory":false,"max_hp_per_floor":[75,75,75,75,75,75,75,75,75,75,75,75,75,75,75,75,75,75,75],"card_choices":[{"not_picked":["Barrage","Gash"],"picked":"ReplayTheSpireMod:Reroute Power","floor":1},{"not_picked":["Barrage","Gash"],"picked":"ReplayTheSpireMod:Reroute Power","floor":1},{"not_picked":["Consume","Leap"],"picked":"conspire:SharedLibrary","floor":2},{"not_picked":["Leap","Barrage"],"picked":"Rip and Tear","floor":5},{"not_picked":["ReplayTheSpireMod:Fabricate Wheel","Hologram"],"picked":"Lockon","floor":6},{"not_picked":["ReplayTheSpireMod:System Scan","Steam"],"picked":"FIFO Queue","floor":10},{"not_picked":["Compile Driver","Cold Snap","Hello World"],"picked":"SKIP","floor":13},{"not_picked":["Redo","Cold Snap"],"picked":"Conserve Battery","floor":14},{"not_picked":["Self Repair","ReplayTheSpireMod:Dual Polarity"],"picked":"ReplayTheSpireMod:Calculation Training","floor":16}],"player_experience":19287,"relics_obtained":[{"floor":6,"key":"Centennial Puzzle"},{"floor":10,"key":"Bag of Marbles"},{"floor":11,"key":"ReplayTheSpireMod:TigerMarble"},{"floor":16,"key":"Odd Mushroom"}],"event_choices":[{"damage_healed":0,"gold_gain":0,"player_choice":"Success","damage_taken":12,"relics_obtained":["Oddly Smooth Stone"],"max_hp_gain":0,"max_hp_loss":0,"event_name":"Scrap Ooze","floor":3,"gold_loss":0},{"damage_healed":0,"gold_gain":0,"player_choice":"Fought Mushrooms","damage_taken":0,"max_hp_gain":0,"max_hp_loss":0,"event_name":"Mushrooms","floor":16,"gold_loss":0}],"is_beta":false,"boss_relics":[],"items_purged_floors":[],"is_endless":false,"potions_floor_spawned":[5,6,10,14],"killed_by":"Fading Forest","ascension_level":0}}