{"host":"jydwu1shxxemady1","time":1609498196,"event":{"mods":["BaseMod","Colored Powertips","Conspire","Downfall","Hermit","Highlight Path","Marisa£®ÏF”Í°°ƒß¿Ì…≥£©","Minty Spire (QoL Compilation)","READ ME - Guardian Mod","Replay The Spire","Shop Mod","StSLib","TestMod","The Bladedancer","The Cursed","The Servant 0.9.4"],"gold_per_floor":[109,126,142,152,243,243,275,275,275,275,306,333,357,384,384,404,404],"floor_reached":16,"playtime":697,"items_purged":[],"score":201,"play_id":"e1ad1398-59d1-458f-826d-abe6d1c8a845","local_time":"20210101184956","is_ascension_mode":true,"campfire_choices":[{"data":"Bouncing Flask","floor":6,"key":"SMITH"},{"floor":10,"key":"REST"},{"floor":15,"key":"REST"}],"circlet_count":0,"master_deck":["AscendersBane","Strike_G","Strike_G","Strike_G","Strike_G","Strike_G","Defend_G","Defend_G","Defend_G","Defend_G","Defend_G","Survivor","Neutralize","Bane","Outmaneuver","Flying Knee","Deadly Poison","Pain","Bouncing Flask+1","Doppelganger","Underhanded Strike","Choke","Draining Mist","Dagger Spray","Dagger Spray"],"relics":["Ring of the Snake","testmod-TestBox","testmod-NegativeEmotionEnhancer","Bag of Preparation","Replay:Bandana","Ginger"],"acts_visited":["Exordium"],"potions_floor_usage":[7,16,16],"damage_taken":[{"damage":6.0,"enemies":"Cultist","floor":1.0,"turns":5.0},{"damage":6.0,"enemies":"Jaw Worm","floor":2.0,"turns":3.0},{"damage":7.0,"enemies":"Small Slimes","floor":3.0,"turns":3.0},{"damage":14.0,"enemies":"Red Slaver","floor":4.0,"turns":4.0},{"damage":11,"enemies":"Lagavulin","floor":7,"turns":6},{"damage":11,"enemies":"Lots of Slimes","floor":11,"turns":4},{"damage":6,"enemies":"3 Louse","floor":12,"turns":2},{"damage":9,"enemies":"Blue Slaver","floor":13,"turns":2},{"damage":8,"enemies":"Looter","floor":14,"turns":2},{"damage":49,"enemies":"Slime Boss","floor":16,"turns":8}],"seed_played":"-3831660480224263760","potions_obtained":[{"floor":1.0,"key":"Explosive Potion"},{"floor":4.0,"key":"GhostInAJar"},{"floor":7,"key":"GhostInAJar"},{"floor":13,"key":"Guardian:BlockOnCardUsePotion"}],"is_trial":false,"path_per_floor":["M","M","M","M","?","R","E","?","T","R","M","M","M","M","R","B"],"character_chosen":"THE_SILENT","items_purchased":[],"campfire_rested":2,"item_purchase_floors":[],"current_hp_per_floor":[55,51,47,35,35,35,26,26,26,47,42,40,33,27,49,0,0],"gold":404,"neow_bonus":"RANDOM_COMMON_RELIC","is_daily":false,"chose_seed":false,"campfire_upgraded":1,"win_rate":0.0,"timestamp":1609498196,"path_taken":["M","?","M","M","?","R","E","?","T","R","?","M","M","M","R","BOSS"],"items_purchased_type":[],"build_version":"2020-12-22","purchased_purges":0,"victory":false,"max_hp_per_floor":[67,68,69,70,70,70,71,71,71,71,72,73,74,75,75,75,75],"card_choices":[{"not_picked":["Skewer","Reflex"],"picked":"Bane","floor":1.0},{"not_picked":["Sneak Up","Acrobatics"],"picked":"Outmaneuver","floor":2.0},{"not_picked":["Bane","Dodge and Roll"],"picked":"Flying Knee","floor":3.0},{"not_picked":["ReplayTheSpireMod:Shiv Toss","Bane"],"picked":"Deadly Poison","floor":4.0},{"not_picked":["All Out Attack","Expertise"],"picked":"Bouncing Flask","floor":5},{"not_picked":["Outmaneuver","Accuracy"],"picked":"Doppelganger","floor":5},{"not_picked":["Concentrate","ReplayTheSpireMod:Shiv Toss"],"picked":"Underhanded Strike","floor":5},{"not_picked":["Backflip","Dodge and Roll"],"picked":"Choke","floor":7},{"not_picked":["ReplayTheSpireMod:The Works","Cloak And Dagger"],"picked":"Draining Mist","floor":11},{"not_picked":["PiercingWail","Riddle With Holes"],"picked":"Dagger Spray","floor":12},{"not_picked":["PiercingWail","Sucker Punch"],"picked":"Dagger Spray","floor":13},{"not_picked":["Fluid Movement","Prepared","Sucker Punch"],"picked":"SKIP","floor":14}],"player_experience":604926,"relics_obtained":[{"floor":7,"key":"Replay:Bandana"},{"floor":8,"key":"Ginger"}],"event_choices":[{"damage_healed":0,"gold_gain":0,"player_choice":"Relic","damage_taken":0,"max_hp_gain":0,"max_hp_loss":0,"event_name":"Wheel of Change","floor":8,"gold_loss":0}],"is_beta":false,"boss_relics":[],"items_purged_floors":[],"is_endless":false,"potions_floor_spawned":[1,4,7,13],"killed_by":"Slime Boss","ascension_level":18}}