{"host":"vhvubw4jk4f204qs","time":1609526979,"event":{"mods":["AchievementEnabler","Act Like it!","BaseMod","Better Altar","Better Match","Better Note","Better Sensory Stone","Better Skull","Better Third Choice","BetterRewards","Colored Powertips","Conspire","GifTheSpireLib","Googly Eyes","Highlight Path","Hubris","Infinite Spire","Jorbs Mod","Marisa????????","Minty Spire (QoL Compilation)","Permanent Neow","Quick Restart","Replay The Spire","StSLib","SuperFastMode","The IronCluck","The Mystic","The Poker Player","The Servant 0.9.4","slay the spire mod where everything is the same but ironclad has a cowboy hat"],"gold_per_floor":[113,127,202,202,212,212,244,119,145,145,160,175,175,194,194,268,268,284,134,409,234,234,234,234,266,266,277,277,202,216,234,234,313,413,426,426,445,514,530,562,562,575,575,604,604,604,604,618,618,618],"floor_reached":51,"playtime":3263,"items_purged":["Strike_MRS","Defend_MRS","Strike_MRS","MillisecondPulsars","Regret","ReplayTheSpireMod:Trickstab+1"],"score":1895,"play_id":"4a4bf927-2c4b-4964-bee2-85f47c0f891a","local_time":"20210101134939","is_ascension_mode":true,"campfire_choices":[{"floor":6,"key":"REST"},{"data":"ReplayTheSpireMod:Trickstab","floor":6,"key":"SMITH"},{"data":"Pot Of Greed","floor":10,"key":"SMITH"},{"data":"Pot Of Greed","floor":13,"key":"SMITH"},{"data":"MilkyWay","floor":15,"key":"SMITH"},{"floor":23,"key":"REST"},{"data":"UltimateShortwave","floor":23,"key":"SMITH"},{"data":"FairyDestructionRay","floor":28,"key":"PURGE"},{"floor":32,"key":"REST"},{"data":"Pot Of Greed","floor":32,"key":"SMITH"},{"floor":41,"key":"REST"},{"data":"MasterSpark","floor":41,"key":"PURGE"},{"floor":45,"key":"REST"},{"data":"DoubleSpark","floor":45,"key":"PURGE"},{"floor":49,"key":"REST"},{"data":"UltimateShortwave","floor":49,"key":"SMITH"}],"circlet_count":0,"master_deck":["AscendersBane","UpSweep","ShootingEcho","ReplayTheSpireMod:Brewmster+1","Dark Shackles","WitchLeyline","MilkyWay+1","GasGiant","Pot Of Greed+1","Pot Of Greed+1","WitchLeyline","ShootingEcho","UltimateShortwave+1","Singularity","Pot Of Greed+1","ShootingEcho","BottledTime","EnergyRecoil","EnergyFlow+1","UltimateShortwave+1","WitchLeyline+1","UltimateShortwave+1"],"relics":["MiniHakkero","Ice Cream","infinitespire:Magic Flask","Replay:Multitool","ReplayTheSpireMod:ShopPack","Bag of Preparation","hubris:DeckOfHolding","Grinning Jar","Pandora\u0027s Box","ReplayFunnel","Chameleon Ring","Replay:Wanted Poster","infinitespire:Lucky Rock","Incense Burner","Bottled Flame","Sundial","conspire:Boomerang"],"acts_visited":["Exordium","TheCity","TheBeyond"],"potions_floor_usage":[2,2,7,7,7,7,11,12,12,14,14,16,16,16,16,16,16,18,25,25,25,25,27,27,30,30,30,31,31,31,33,33,33,33,33,37,37,37,39,39,39,40,42,44,44,44,48,48,48,50,50,50,50],"damage_taken":[{"damage":0,"enemies":"Cultist","floor":1,"turns":4},{"damage":0,"enemies":"Small Slimes","floor":2,"turns":2},{"damage":2,"enemies":"Jaw Worm","floor":5,"turns":3},{"damage":13,"enemies":"Lagavulin","floor":7,"turns":4},{"damage":0,"enemies":"Red Slaver","floor":11,"turns":3},{"damage":14,"enemies":"Exordium Thugs","floor":12,"turns":3},{"damage":1,"enemies":"Large Slime","floor":14,"turns":3},{"damage":17,"enemies":"Hexaghost","floor":16,"turns":6},{"damage":11,"enemies":"Spheric Guardian","floor":18,"turns":3},{"damage":9,"enemies":"Book of Stabbing","floor":25,"turns":5},{"damage":2,"enemies":"Chosen","floor":27,"turns":3},{"damage":18,"enemies":"Snecko","floor":30,"turns":6},{"damage":6,"enemies":"3 Cultists","floor":31,"turns":4},{"damage":12,"enemies":"hubris:MusketHawk","floor":33,"turns":5},{"damage":1,"enemies":"3 Shapes","floor":35,"turns":6},{"damage":1,"enemies":"Orb Walker","floor":37,"turns":3},{"damage":0,"enemies":"Transient","floor":39,"turns":5},{"damage":0,"enemies":"R_Hoarder","floor":40,"turns":6},{"damage":0,"enemies":"3 Darklings","floor":42,"turns":3},{"damage":0,"enemies":"Giant Head","floor":44,"turns":4},{"damage":7,"enemies":"4 Shapes","floor":48,"turns":9},{"damage":10,"enemies":"conspire:OrnateMirror","floor":50,"turns":5}],"seed_played":"-6135120250402337767","potions_obtained":[{"floor":7,"key":"EssenceOfSteel"},{"floor":25,"key":"Weak Potion"},{"floor":27,"key":"PowerPotion"},{"floor":31,"key":"FearPotion"},{"floor":37,"key":"FearPotion"},{"floor":40,"key":"infinitespire:BlackPotion"}],"is_trial":false,"path_per_floor":["M","M","?","?","M","R","E","$","T","R","M","M","R","M","R","B",null,"M","$","?","$","?","R","?","E","T","M","R","?","M","M","R","B",null,"M","?","M","?","M","E","R","M","T","E","R","AVR","?","M","R","B",null],"character_chosen":"MARISA","items_purchased":["Ice Cream","ReplayTheSpireMod:ShopPack","Bag of Preparation"],"campfire_rested":6,"item_purchase_floors":[0,0,0],"current_hp_per_floor":[63,63,52,52,50,70,57,57,57,57,57,43,43,42,42,37,62,51,51,51,51,51,70,70,61,61,59,59,59,41,35,56,44,64,63,63,62,39,39,39,60,60,60,60,70,70,70,63,70,60],"gold":618,"neow_bonus":"","is_daily":false,"chose_seed":false,"campfire_upgraded":7,"win_rate":0.0,"timestamp":1609526979,"path_taken":["M","?","?","?","?","R","E","$","T","R","M","M","R","M","R","BOSS","M","$","?","$","?","R","?","E","T","?","R","?","M","M","R","BOSS","M","?","M","?","M","E","R","M","T","E","R","AVR","?","?","R","BOSS"],"items_purchased_type":["Relic","Relic","Relic"],"build_version":"2020-12-22","purchased_purges":6,"victory":true,"max_hp_per_floor":[70,70,70,70,70,70,70,70,70,70,70,70,70,70,70,70,70,70,70,70,70,70,70,70,70,70,70,70,70,70,70,70,70,70,70,70,70,70,70,70,70,70,70,70,70,70,70,70,70,70],"card_choices":[{"not_picked":["Poisoned Strike","hubris:EnhanceAbility"],"picked":"ReplayTheSpireMod:Brewmster","floor":0},{"not_picked":["Discovery","ReplayUltimateDefense"],"picked":"ReplayTheSpireMod:Trickstab","floor":0},{"not_picked":["ReplayTheSpireMod:Trickstab","Magnetism"],"picked":"Dark Shackles","floor":0},{"not_picked":["EarthLightRay","StarlightTyphoon"],"picked":"FairyDestructionRay","floor":1},{"not_picked":["SporeBomb","GalacticHalo"],"picked":"WitchLeyline","floor":2},{"not_picked":["Acceleration","BlazeAway"],"picked":"MilkyWay","floor":5},{"not_picked":["ShootingEcho","PowerUp"],"picked":"GasGiant","floor":7},{"not_picked":["ChargeUpSpray","BlazeAway"],"picked":"WitchLeyline","floor":11},{"not_picked":["IllusionStar","Acceleration"],"picked":"ShootingEcho","floor":12},{"not_picked":["ShootTheMoon","BlazeAway","UnstableBomb"],"picked":"SKIP","floor":14},{"not_picked":["ManaRampage","BigCrunch"],"picked":"UltimateShortwave","floor":16},{"not_picked":["LuminesStrike","GalacticHalo"],"picked":"ShootingEcho","floor":18},{"not_picked":["OneTimeOff","OpenUniverse","ShootTheMoon"],"picked":"SKIP","floor":25},{"not_picked":["FairyDestructionRay","OpenUniverse+1","GravityBeat"],"picked":"SKIP","floor":27},{"not_picked":["PulseMagic","AsteroidBelt+1","DarkSpark"],"picked":"SKIP","floor":30},{"not_picked":["DragonMeteor","Orbital","ShootingEcho"],"picked":"SKIP","floor":31},{"not_picked":["GravityBeat","NonDirectionalLaser"],"picked":"EnergyFlow+1","floor":35},{"not_picked":["GalacticHalo","MachineGunSpark","BlazeAway"],"picked":"SKIP","floor":37},{"not_picked":["GravityBeat","AlicesGift"],"picked":"WitchLeyline+1","floor":38},{"not_picked":["GrandCross","LuminesStrike+1","DoubleSpark"],"picked":"SKIP","floor":39},{"not_picked":["UnstableBomb","CasketOfStar","LuminesStrike"],"picked":"SKIP","floor":40},{"not_picked":["MysteriousBeam","PowerUp","AsteroidBelt"],"picked":"SKIP","floor":42},{"not_picked":["WitchOfGreed","DoubleSpark+1","6A"],"picked":"SKIP","floor":44},{"not_picked":["PowerUp","DarkMatter","LuminesStrike"],"picked":"SKIP","floor":48}],"player_experience":1080683,"relics_obtained":[{"floor":7,"key":"hubris:DeckOfHolding"},{"floor":9,"key":"Grinning Jar"},{"floor":25,"key":"ReplayFunnel"},{"floor":26,"key":"Chameleon Ring"},{"floor":38,"key":"infinitespire:Lucky Rock"},{"floor":40,"key":"Incense Burner"},{"floor":43,"key":"Bottled Flame"},{"floor":44,"key":"Sundial"}],"event_choices":[{"damage_healed":0,"gold_gain":75,"player_choice":"Gold","damage_taken":11,"max_hp_gain":1,"max_hp_loss":0,"event_name":"betterThird:BetterGoop","floor":3,"gold_loss":0},{"damage_healed":0,"gold_gain":0,"player_choice":"Upgraded","damage_taken":0,"max_hp_gain":0,"max_hp_loss":0,"event_name":"Upgrade Shrine","floor":4,"gold_loss":0,"cards_upgraded":["ReplayTheSpireMod:Brewmster"]},{"damage_healed":0,"gold_gain":275,"player_choice":"Desecrate","damage_taken":0,"max_hp_gain":0,"max_hp_loss":0,"event_name":"Golden Shrine","floor":20,"gold_loss":0,"cards_obtained":["Regret"]},{"cards_removed":["UltimateShortwave"],"damage_healed":0,"gold_gain":0,"player_choice":"Take \u0026 Give","damage_taken":0,"max_hp_gain":0,"max_hp_loss":0,"event_name":"betterNote:BetterNote","floor":22,"gold_loss":0,"cards_obtained":["BottledTime"]},{"damage_healed":0,"gold_gain":0,"cards_transformed":["6A"],"player_choice":"Transformed","damage_taken":0,"max_hp_gain":0,"max_hp_loss":0,"event_name":"Transmorgrifier","floor":24,"gold_loss":0,"cards_obtained":["EnergyRecoil"]},{"cards_removed":["IllusionStar"],"damage_healed":0,"gold_gain":0,"player_choice":"Gave Gold","damage_taken":0,"max_hp_gain":0,"max_hp_loss":0,"event_name":"Beggar","floor":29,"gold_loss":75},{"damage_healed":0,"gold_gain":3,"player_choice":"4","damage_taken":0,"max_hp_gain":0,"max_hp_loss":0,"event_name":"betterStone:BetterStone","floor":36,"gold_loss":0,"cards_obtained":["UltimateShortwave"]},{"damage_healed":0,"gold_gain":0,"player_choice":"Copied","damage_taken":0,"max_hp_gain":0,"max_hp_loss":0,"event_name":"Duplicator","floor":47,"gold_loss":0,"cards_obtained":["UltimateShortwave"]}],"is_beta":false,"boss_relics":[{"not_picked":["ReplayTheSpireMod:SealedPack","Painkiller Herb"],"picked":"Pandora\u0027s Box"},{"not_picked":["conspire:SeveredTorchhead","hubris:BlackHole"],"picked":"Replay:Wanted Poster"}],"items_purged_floors":[0,0,8,19,21,46],"is_endless":false,"potions_floor_spawned":[1,7,11,12,25,27,31,37,40],"ascension_level":16}}