{"host":"wonp23fsqqcu31ie","time":1609461921,"event":{"mods":["2.2 Compatiblity","AchievementEnabler","Aspiration","BaseMod","Bestiary","Better Altar","Better Match","Better Sensory Stone","Better Skull","Better Third Choice","BetterRewards","Block Reminder","Colored Map","Colored Powertips","Conspire","Curses Come First","DeckTracker","Displayed Cursed Tome","Downfall","Hermit","Highlight Path","Hubris","Marisa????????","Minty Spire (QoL Compilation)","Permanent Neow","Quick Restart","Rare Cards Sparkle","Relic Stats","Replay The Spire","Robot Space Explorer","Shade Mod","Shop Mod","StSLib","SuperFastMode","The Animator","The Cursed","The Gatherer","The Marked","The Necromancer","The Runesmith","The Servant 0.9.4"],"gold_per_floor":[117,117,117,136,154,154,329,362,362,380,396,409,64,64,64,169,169,182,182,182,192,192,192,192],"floor_reached":23,"playtime":716,"items_purged":["Doubt"],"score":191,"play_id":"946f95ae-85b0-4d44-8996-5df6c48d3cef","local_time":"20210101114521","is_ascension_mode":false,"campfire_choices":[{"floor":6,"key":"REST"},{"data":"RobotSpaceExplorer:TurboDodge","floor":15,"key":"SMITH"}],"circlet_count":0,"master_deck":["RobotSpaceExplorer:Strike","RobotSpaceExplorer:Strike","RobotSpaceExplorer:Strike","RobotSpaceExplorer:Strike","RobotSpaceExplorer:Defend","RobotSpaceExplorer:Defend+1","RobotSpaceExplorer:Defend+1","RobotSpaceExplorer:Defend","RobotSpaceExplorer:Scan","RobotSpaceExplorer:MiniLasers","RobotSpaceExplorer:PowerGlove","RobotSpaceExplorer:MiniDrones","RobotSpaceExplorer:FrostMissile","RobotSpaceExplorer:ImprovisedAttack","RobotSpaceExplorer:StunGrenade","RobotSpaceExplorer:TurboDodge+1","RobotSpaceExplorer:SurgingStrike","RobotSpaceExplorer:ScrapMissile","expansioncontent:PolyBeam","RobotSpaceExplorer:MiniDrones+1","RobotSpaceExplorer:Autoloader","CurseOfTheBell","RobotSpaceExplorer:Pulsar+1","RobotSpaceExplorer:PowerGlove+1"],"relics":["RobotSpaceExplorer:RoboCore","hubris:FunFungus","MerchantsRug","RobotSpaceExplorer:RingOfTheNewt","hubris:Icosahedron","Blue Doll","Replay:Baseball","Calling Bell","Bird Faced Urn","hubris:DeckOfHolding","hubris:SlimyHat","MutagenicStrength","aspiration:RitualStick"],"acts_visited":["Exordium","TheCity"],"potions_floor_usage":[16,16],"damage_taken":[{"damage":0,"enemies":"2 Louse","floor":1,"turns":3},{"damage":8,"enemies":"Jaw Worm","floor":4,"turns":2},{"damage":0,"enemies":"Small Slimes","floor":5,"turns":3},{"damage":18,"enemies":"3 Sentries","floor":8,"turns":10},{"damage":3,"enemies":"Exordium Thugs","floor":10,"turns":5},{"damage":4,"enemies":"Large Slime","floor":11,"turns":5},{"damage":0,"enemies":"Looter","floor":12,"turns":3},{"damage":16,"enemies":"The Guardian","floor":16,"turns":11},{"damage":11,"enemies":"Shell Parasite","floor":18,"turns":4},{"damage":30,"enemies":"2 Thieves","floor":21,"turns":4},{"damage":36,"enemies":"Slavers","floor":23,"turns":3}],"seed_played":"5321004314505114211","potions_obtained":[{"floor":1,"key":"Weak Potion"},{"floor":4,"key":"SneckoOil"},{"floor":10,"key":"SpeedPotion"},{"floor":12,"key":"champ:CounterPotion"},{"floor":18,"key":"SpeedPotion"}],"is_trial":false,"path_per_floor":["M","?","?","M","M","R","?","E","T","M","M","M","$","?","R","B",null,"M","?","?","M","?","E"],"character_chosen":"RobotSpaceExplorer","items_purchased":["MerchantsRug","RobotSpaceExplorer:PowerGlove","RobotSpaceExplorer:MiniDrones","Replay:Baseball","expansioncontent:PolyBeam","RobotSpaceExplorer:MiniDrones+1"],"campfire_rested":1,"item_purchase_floors":[0,0,0,13,13,13],"current_hp_per_floor":[40,25,25,17,17,39,39,29,29,26,23,23,23,85,85,76,85,76,76,76,49,32,0,0],"gold":192,"neow_bonus":"","is_daily":false,"chose_seed":false,"campfire_upgraded":1,"win_rate":0.0,"timestamp":1609461921,"path_taken":["M","?","?","M","M","R","?","E","T","M","M","?","?","?","R","BOSS","M","?","?","M","?","E"],"items_purchased_type":["Relic","Card","Card","Relic","Card","Card"],"build_version":"2020-12-22","purchased_purges":1,"victory":false,"max_hp_per_floor":[75,75,75,75,75,75,75,75,75,75,75,75,75,85,85,85,85,85,85,85,85,85,85,85],"relic_stats":{"counters":[55,170],"Bird Faced Urn":[8],"obtain_stats":[{"Calipers":6,"conspire:SpecialSausage":0,"Blue Doll":8,"aspiration:Stabinomicon":27,"Juzu Bracelet":46,"hubris:SlimyHat":17,"SproutingBranch":10,"Sling":38,"conspire:TopHat":38,"aspiration:RitualStick":22,"aspiration:StickyExplosives_weak":26,"Dream Catcher":47,"hubris:Icosahedron":19,"hubris:AstralHammer":9,"hubris:DeckOfHolding":17,"hubris:FunFungus":44,"HandmadeGrimoire":30,"Red Mask":42,"SimpleLauncher":30,"MerchantsRug":30,"Runesmith:Nanobots":53,"Happy Flower":8,"hubris:DuctTape":12,"conspire:RunicOctahedron":34,"RobotSpaceExplorer:RingOfTheNewt":0,"Replay:WaspNest":17,"Replay:Ancient Bell":17,"aspiration:SeaSaltIceCream":9,"War Paint":54,"Mercury Hourglass":9,"Du-Vu Doll":17,"Calling Bell":17,"ShroomBag":29,"Replay:Baseball":13,"Bird Faced Urn":17,"MutagenicStrength":19,"Black Star":17,"ReplayTheSpireMod:TigerMarble":17,"MiniHakkero":0,"Grinning Jar":23},{"Calipers":5,"conspire:SpecialSausage":16,"Blue Doll":48,"aspiration:Stabinomicon":30,"Juzu Bracelet":39,"hubris:SlimyHat":52,"SproutingBranch":22,"Sling":35,"conspire:TopHat":35,"aspiration:RitualStick":54,"aspiration:StickyExplosives_weak":29,"Dream Catcher":40,"hubris:Icosahedron":25,"hubris:AstralHammer":21,"hubris:DeckOfHolding":52,"hubris:FunFungus":38,"HandmadeGrimoire":32,"Red Mask":37,"SimpleLauncher":32,"MerchantsRug":32,"Runesmith:Nanobots":42,"Happy Flower":21,"hubris:DuctTape":23,"conspire:RunicOctahedron":34,"RobotSpaceExplorer:RingOfTheNewt":44,"Replay:WaspNest":24,"Replay:Ancient Bell":24,"aspiration:SeaSaltIceCream":21,"War Paint":43,"Mercury Hourglass":6,"Du-Vu Doll":24,"Calling Bell":52,"ShroomBag":32,"Replay:Baseball":51,"Bird Faced Urn":52,"MutagenicStrength":53,"Black Star":10,"ReplayTheSpireMod:TigerMarble":24,"MiniHakkero":0,"Grinning Jar":28},{"Calipers":12,"conspire:SpecialSausage":46,"Blue Doll":135,"aspiration:Stabinomicon":90,"Juzu Bracelet":107,"hubris:SlimyHat":159,"SproutingBranch":63,"Sling":102,"conspire:TopHat":102,"aspiration:RitualStick":167,"aspiration:StickyExplosives_weak":88,"Dream Catcher":108,"hubris:Icosahedron":78,"hubris:AstralHammer":59,"hubris:DeckOfHolding":159,"hubris:FunFungus":106,"HandmadeGrimoire":98,"Red Mask":105,"SimpleLauncher":98,"MerchantsRug":98,"Runesmith:Nanobots":113,"Happy Flower":59,"hubris:DuctTape":67,"conspire:RunicOctahedron":101,"RobotSpaceExplorer:RingOfTheNewt":117,"Replay:WaspNest":76,"Replay:Ancient Bell":76,"aspiration:SeaSaltIceCream":59,"War Paint":114,"Mercury Hourglass":14,"Du-Vu Doll":76,"Calling Bell":159,"ShroomBag":98,"Replay:Baseball":148,"Bird Faced Urn":159,"MutagenicStrength":163,"Black Star":27,"ReplayTheSpireMod:TigerMarble":76,"MiniHakkero":0,"Grinning Jar":86}],"aspiration:RitualStick":[0]},"card_choices":[{"not_picked":["RobotSpaceExplorer:JunkDive","RobotSpaceExplorer:Ammunition"],"picked":"RobotSpaceExplorer:FrostMissile","floor":1},{"not_picked":["RobotSpaceExplorer:JunkDive","RobotSpaceExplorer:ScrapMissile"],"picked":"RobotSpaceExplorer:ImprovisedAttack","floor":4},{"not_picked":["RobotSpaceExplorer:ShovelStrike","RobotSpaceExplorer:SlimeMissile"],"picked":"RobotSpaceExplorer:StunGrenade","floor":5},{"not_picked":["RobotSpaceExplorer:SwiftStep","RobotSpaceExplorer:Ammunition"],"picked":"RobotSpaceExplorer:TurboDodge","floor":8},{"not_picked":["RobotSpaceExplorer:Probe","RobotSpaceExplorer:ShockKick"],"picked":"RobotSpaceExplorer:SurgingStrike","floor":10},{"not_picked":["RobotSpaceExplorer:FranticSearch","RobotSpaceExplorer:ImprovisedAttack"],"picked":"RobotSpaceExplorer:ScrapMissile","floor":11},{"not_picked":["RobotSpaceExplorer:Counterblock","RobotSpaceExplorer:GlueShot"],"picked":"RobotSpaceExplorer:DroneSwarm","floor":12},{"not_picked":["RobotSpaceExplorer:Multitool","RobotSpaceExplorer:Scanner"],"picked":"RobotSpaceExplorer:Autoloader","floor":16},{"not_picked":["RobotSpaceExplorer:RigExplosive","RobotSpaceExplorer:FreezingShield"],"picked":"RobotSpaceExplorer:Pulsar+1","floor":18},{"not_picked":["RobotSpaceExplorer:Counterblock","RobotSpaceExplorer:JunkDive+1"],"picked":"RobotSpaceExplorer:PowerGlove+1","floor":21}],"player_experience":430696,"relics_obtained":[{"floor":8,"key":"Blue Doll"},{"floor":17,"key":"Bird Faced Urn"},{"floor":17,"key":"hubris:DeckOfHolding"},{"floor":17,"key":"hubris:SlimyHat"}],"event_choices":[{"damage_healed":40,"gold_gain":0,"player_choice":"Upgrade","damage_taken":15,"max_hp_gain":0,"max_hp_loss":75,"event_name":"betterThird:BetterShining","floor":2,"gold_loss":0,"cards_upgraded":["RobotSpaceExplorer:Defend","RobotSpaceExplorer:Defend"]},{"damage_healed":0,"gold_gain":175,"player_choice":"AGREE","damage_taken":154,"max_hp_gain":0,"max_hp_loss":0,"event_name":"betterThird:BetterSerpent","floor":7,"gold_loss":0},{"cards_removed":["RobotSpaceExplorer:DroneSwarm"],"damage_healed":52,"gold_gain":0,"player_choice":"Offered Rare","damage_taken":0,"max_hp_gain":10,"max_hp_loss":0,"event_name":"Bonfire Elementals","floor":14,"gold_loss":0},{"damage_healed":0,"gold_gain":0,"player_choice":"Inject Mutagens","damage_taken":0,"relics_obtained":["MutagenicStrength"],"max_hp_gain":0,"max_hp_loss":0,"event_name":"Drug Dealer","floor":19,"gold_loss":0}],"is_beta":false,"boss_relics":[{"not_picked":["ReplayTheSpireMod:DimensionalGlitch","hubris:Stopwatch"],"picked":"Calling Bell"}],"items_purged_floors":[13],"is_endless":false,"potions_floor_spawned":[1,4,10,12,18],"killed_by":"Slavers","ascension_level":0}}