{"host":"ltca6yxwulbhza25","time":1609516157,"event":{"mods":["BaseMod","Colored Map","Colored Powertips","Minty Spire (QoL Compilation)","Quick Restart","StSLib","The Blue Laboratory","The Cursed","The Forsaken"],"gold_per_floor":[114,326,326,336,189,189,218,218,244,274,274,37,52,82,82,185,185,197,197,217,217,142,174,24,57,81,101,134,134,154,104,104,209,259,275,275,323,171,184,209,209,209,209,237,250,65,83,305,305,305,305,305,30,60,60],"floor_reached":56,"playtime":3236,"items_purged":["TheCursedMod:Strike_TheCursed+1","TheCursedMod:Strike_TheCursed+1","TheCursedMod:DemonSword","TheCursedMod:Defend_TheCursed+1"],"score":1582,"play_id":"0376ddea-fa8f-4e6d-8d04-925efe403e08","local_time":"20210101234917","is_ascension_mode":false,"campfire_choices":[{"floor":6.0,"key":"RECALL"},{"data":"TheCursedMod:HellfireBreathing","floor":8.0,"key":"SMITH"},{"data":"TheCursedMod:DemonicPact","floor":11.0,"key":"SMITH"},{"data":"TheCursedMod:FleshFromBone","floor":15.0,"key":"SMITH"},{"floor":32.0,"key":"REST"},{"data":"Secret Technique","floor":41.0,"key":"SMITH"},{"data":"TheCursedMod:CursedRelics","floor":49.0,"key":"SMITH"},{"data":"TheCursedMod:CircleOfAbyss","floor":52.0,"key":"SMITH"}],"circlet_count":0,"master_deck":["TheCursedMod:Defend_TheCursed+1","TheCursedMod:Defend_TheCursed+1","TheCursedMod:Defend_TheCursed+1","TheCursedMod:CursedWand+1","TheCursedMod:CleanUpWorkshop+1","TheCursedMod:Dregs","TheCursedMod:CircleOfCorruption+1","TheCursedMod:CursedBlade+1","TheCursedMod:HellfireBreathing+1","TheCursedMod:DemonicPact+1","Madness","TheCursedMod:FleshFromBone+1","TheCursedMod:CircleOfAbyss+1","TheCursedMod:CursedRelics+1","TheCursedMod:SpitefulPray","Master of Strategy","Secret Technique+1","Sadistic Nature","TheCursedMod:ForbiddenAlchemy"],"relics":["TheCursedMod:BlackMagic101","NeowsBlessing","CultistMask","Shuriken","Centennial Puzzle","Pen Nib","Dream Catcher","Regal Pillow","SacredBark","CaptainsWheel","Kunai","Membership Card","Letter Opener","Bag of Preparation","Red Mask","Tiny House","Mango","TheCursedMod:PinkPellets","Molten Egg 2","TheCursedMod:Tack","Bottled Flame","theForsaken:Lifeblossom","Ornamental Fan","Gremlin Horn"],"acts_visited":["Exordium","TheCity","TheBeyond","TheEnding"],"potions_floor_usage":[55,55,55,55,55,55,55,55,55,55,55,55,55],"damage_taken":[{"damage":0.0,"enemies":"Small Slimes","floor":1.0,"turns":1.0},{"damage":0.0,"enemies":"Jaw Worm","floor":4.0,"turns":1.0},{"damage":0.0,"enemies":"Lagavulin","floor":7.0,"turns":1.0},{"damage":0.0,"enemies":"3 Sentries","floor":10.0,"turns":5.0},{"damage":0.0,"enemies":"2 Louse","floor":13.0,"turns":2.0},{"damage":0.0,"enemies":"Lagavulin","floor":14.0,"turns":6.0},{"damage":4.0,"enemies":"The Guardian","floor":16.0,"turns":9.0},{"damage":0.0,"enemies":"2 Thieves","floor":18.0,"turns":4.0},{"damage":0.0,"enemies":"3 Byrds","floor":20.0,"turns":2.0},{"damage":26.0,"enemies":"Slavers","floor":23.0,"turns":5.0},{"damage":0.0,"enemies":"Book of Stabbing","floor":25.0,"turns":6.0},{"damage":0.0,"enemies":"Sentry and Sphere","floor":27.0,"turns":5.0},{"damage":0.0,"enemies":"Masked Bandits","floor":28.0,"turns":3.0},{"damage":0.0,"enemies":"Centurion and Healer","floor":30.0,"turns":5.0},{"damage":16.0,"enemies":"Automaton","floor":33.0,"turns":8.0},{"damage":0.0,"enemies":"3 Shapes","floor":35.0,"turns":4.0},{"damage":6.0,"enemies":"2 Orb Walkers","floor":37.0,"turns":3.0},{"damage":0.0,"enemies":"3 Darklings","floor":39.0,"turns":3.0},{"damage":0.0,"enemies":"Reptomancer","floor":40.0,"turns":6.0},{"damage":13.0,"enemies":"Giant Head","floor":44.0,"turns":7.0},{"damage":10.0,"enemies":"4 Shapes","floor":45.0,"turns":5.0},{"damage":0.0,"enemies":"Transient","floor":47.0,"turns":5.0},{"damage":0.0,"enemies":"Donu and Deca","floor":50.0,"turns":5.0},{"damage":0.0,"enemies":"Shield and Spear","floor":54.0,"turns":6.0},{"damage":26,"enemies":"The Heart","floor":55,"turns":11}],"seed_played":"867998286050888064","potions_obtained":[{"floor":4.0,"key":"blueLaboratory:HorrorPotion"},{"floor":14.0,"key":"Explosive Potion"},{"floor":16.0,"key":"blueLaboratory:BottleOfRum"},{"floor":20.0,"key":"Weak Potion"},{"floor":25.0,"key":"DuplicationPotion"},{"floor":27.0,"key":"Strength Potion"},{"floor":34.0,"key":"SteroidPotion"},{"floor":37.0,"key":"SkillPotion"},{"floor":39.0,"key":"blueLaboratory:AbyssPotion"},{"floor":40.0,"key":"LiquidMemories"},{"floor":44.0,"key":"blueLaboratory:BubblePotion"}],"is_trial":false,"path_per_floor":["M","T","?","M","$","R","E","R","T","E","R","$","M","E","R","B",null,"M","?","M","$","?","E","$","E","T","M","?","?","M","$","R","B",null,"M","?","?","$","M","E","R","?","T","E","M","$","M","?","R","B",null,"R","$","E","B",null],"character_chosen":"THE_CURSED","items_purchased":["TheCursedMod:HellfireBreathing","Dream Catcher","Madness","Membership Card","TheCursedMod:ForbiddenAlchemy","TheCursedMod:PinkPellets","theForsaken:Lifeblossom","blueLaboratory:EmptyBottle","CultistPotion","Ornamental Fan","PowerPotion"],"campfire_rested":1,"item_purchase_floors":[5,12,12,24,38,38,46,46,53,53,53],"current_hp_per_floor":[75,75,75,75,75,75,75,75,75,75,75,75,75,75,75,71,75,75,75,75,75,75,49,49,49,49,49,49,35,35,35,74,58,85,85,75,83,83,83,83,83,83,83,70,60,60,99,99,99,99,99,99,99,99,76],"gold":60,"neow_bonus":"THREE_ENEMY_KILL","is_daily":false,"chose_seed":false,"campfire_upgraded":6,"win_rate":0.0,"timestamp":1609516157,"path_taken":["M","$","?","?","$","R","E","R","T","E","R","$","M","E","R","BOSS","M","?","M","$","?","E","?","E","T","?","?","?","M","$","R","BOSS","M","?","?","?","M","E","R","?","T","E","?","$","M","?","R","BOSS","R","$","E","BOSS"],"items_purchased_type":["Card","Relic","Card","Relic","Card","Relic","Relic","Potion","Potion","Relic","Potion"],"build_version":"2020-12-22","purchased_purges":4,"victory":true,"max_hp_per_floor":[75,75,75,75,75,75,75,75,75,75,75,75,75,75,75,75,75,75,75,75,75,75,75,75,75,75,75,75,80,80,80,80,80,85,85,85,99,99,99,99,99,99,99,99,99,99,99,99,99,99,99,99,99,99,99],"card_choices":[{"not_picked":["TheCursedMod:Obscuration","TheCursedMod:TacticalStrike"],"picked":"TheCursedMod:CircleOfCorruption","floor":1.0},{"not_picked":["TheCursedMod:CursedAmulet","TheCursedMod:RavingStaff"],"picked":"TheCursedMod:CursedBlade","floor":4.0},{"not_picked":["TheCursedMod:CursedSpellbook","TheCursedMod:CircleOfFlame","TheCursedMod:CircleOfBlood"],"picked":"SKIP","floor":7.0},{"not_picked":["TheCursedMod:Stigma","TheCursedMod:CursedMace"],"picked":"TheCursedMod:DemonicPact","floor":10.0},{"not_picked":["TheCursedMod:AshesToAshes","TheCursedMod:CursedSpellbook"],"picked":"TheCursedMod:FleshFromBone","floor":13.0},{"not_picked":["TheCursedMod:FleshFromBone","TheCursedMod:Obscuration","TheCursedMod:CursedShiv"],"picked":"SKIP","floor":14.0},{"not_picked":["TheCursedMod:CollectTribute","TheCursedMod:DemonicPact"],"picked":"TheCursedMod:CircleOfAbyss","floor":16.0},{"not_picked":["TheCursedMod:RapidMovement","TheCursedMod:CursedMace+1","TheCursedMod:CircleOfFlame"],"picked":"SKIP","floor":18.0},{"not_picked":["TheCursedMod:DoubleShield+1","TheCursedMod:TacticalStrike","TheCursedMod:CircleOfFocus"],"picked":"SKIP","floor":20.0},{"not_picked":["TheCursedMod:SpitefulPlan","TheCursedMod:Obscuration+1","TheCursedMod:Torture"],"picked":"SKIP","floor":23.0},{"not_picked":["TheCursedMod:RapidMovement","TheCursedMod:CursedArmor"],"picked":"TheCursedMod:CursedRelics","floor":25.0},{"not_picked":["TheCursedMod:CursedBlade","TheCursedMod:VitalStrike"],"picked":"TheCursedMod:SpitefulPray","floor":27.0},{"not_picked":["TheCursedMod:CursedArmor","TheCursedMod:CursedMace+1","TheCursedMod:Torture"],"picked":"SKIP","floor":30.0},{"not_picked":["TheCursedMod:ManaCirculation","TheCursedMod:ParallelWorld"],"picked":"TheCursedMod:DemonSword","floor":33.0},{"not_picked":["TheCursedMod:SaltUponWound+1","TheCursedMod:SoulCrush+1","TheCursedMod:CircleOfFlame+1"],"picked":"SKIP","floor":35.0},{"not_picked":["Good Instincts","Trip"],"picked":"Master of Strategy","floor":36.0},{"not_picked":["Forethought","Enlightenment"],"picked":"Secret Technique","floor":36.0},{"not_picked":["Magnetism","Deep Breath"],"picked":"Sadistic Nature","floor":36.0},{"not_picked":["TheCursedMod:CircleOfAmplification","TheCursedMod:CircleOfCorruption+1","TheCursedMod:Wield"],"picked":"SKIP","floor":39.0},{"not_picked":["TheCursedMod:CursedBoomerang+1","TheCursedMod:Wield+1","TheCursedMod:CircleOfFlame+1"],"picked":"SKIP","floor":40.0},{"not_picked":["TheCursedMod:CircleOfFlame+1","TheCursedMod:RavingStaff+1","TheCursedMod:Obscuration"],"picked":"SKIP","floor":44.0},{"not_picked":["TheCursedMod:CursedAmulet","TheCursedMod:CursedRelics+1","TheCursedMod:SurpriseAttack+1"],"picked":"SKIP","floor":45.0},{"not_picked":["TheCursedMod:CursedMace+1","TheCursedMod:Torture","TheCursedMod:Stretching+1"],"picked":"SKIP","floor":47.0},{"not_picked":["TheCursedMod:AshesToAshes","TheCursedMod:CursedStaff+1","TheCursedMod:Wield+1"],"picked":"SKIP","floor":54.0}],"player_experience":29461,"relics_obtained":[{"floor":7.0,"key":"Shuriken"},{"floor":9.0,"key":"Centennial Puzzle"},{"floor":10.0,"key":"Pen Nib"},{"floor":14.0,"key":"Regal Pillow"},{"floor":23.0,"key":"Kunai"},{"floor":25.0,"key":"Letter Opener"},{"floor":26.0,"key":"Bag of Preparation"},{"floor":28.0,"key":"Red Mask"},{"floor":37.0,"key":"Mango"},{"floor":40.0,"key":"Molten Egg 2"},{"floor":43.0,"key":"TheCursedMod:Tack"},{"floor":44.0,"key":"Bottled Flame"},{"floor":54.0,"key":"Gremlin Horn"}],"event_choices":[{"damage_healed":0.0,"max_hp_gain":0.0,"max_hp_loss":0.0,"gold_gain":0.0,"event_name":"FaceTrader","player_choice":"Trade","floor":3.0,"gold_loss":0.0,"damage_taken":0.0,"relics_obtained":["CultistMask"]},{"damage_healed":0.0,"max_hp_gain":0.0,"max_hp_loss":0.0,"gold_gain":0.0,"event_name":"The Mausoleum","player_choice":"Opened","floor":19.0,"gold_loss":0.0,"damage_taken":0.0,"relics_obtained":["CaptainsWheel"]},{"cards_removed":["TheCursedMod:Strike_TheCursed"],"damage_healed":0.0,"max_hp_gain":0.0,"max_hp_loss":0.0,"gold_gain":0.0,"event_name":"Beggar","player_choice":"Gave Gold","floor":22.0,"gold_loss":75.0,"damage_taken":0.0},{"damage_healed":0.0,"max_hp_gain":0.0,"max_hp_loss":0.0,"gold_gain":0.0,"event_name":"Masked Bandits","player_choice":"Fought Bandits","floor":28.0,"gold_loss":0.0,"damage_taken":0.0},{"damage_healed":0.0,"max_hp_gain":5.0,"max_hp_loss":0.0,"gold_gain":0.0,"event_name":"Forgotten Altar","player_choice":"Shed Blood","floor":29.0,"gold_loss":0.0,"damage_taken":19.0},{"damage_healed":0.0,"max_hp_gain":0.0,"max_hp_loss":0.0,"gold_gain":0.0,"event_name":"SensoryStone","player_choice":"Memory 3","floor":36.0,"gold_loss":0.0,"damage_taken":10.0},{"damage_healed":0.0,"max_hp_gain":0.0,"max_hp_loss":0.0,"gold_gain":0.0,"event_name":"Mysterious Sphere","player_choice":"Fight","floor":37.0,"gold_loss":0.0,"damage_taken":0.0},{"cards_removed":["TheCursedMod:Strike_TheCursed"],"damage_healed":0.0,"max_hp_gain":0.0,"max_hp_loss":0.0,"gold_gain":0.0,"event_name":"Falling","player_choice":"Removed Attack","floor":42.0,"gold_loss":0.0,"damage_taken":0.0},{"damage_healed":0.0,"max_hp_gain":0.0,"max_hp_loss":0.0,"gold_gain":222.0,"event_name":"Tomb of Lord Red Mask","player_choice":"Wore Mask","floor":48.0,"gold_loss":0.0,"damage_taken":0.0}],"is_beta":false,"boss_relics":[{"not_picked":["theForsaken:PaleLantern","TheCursedMod:OminousMark"],"picked":"SacredBark"},{"not_picked":["Empty Cage","Busted Crown"],"picked":"Tiny House"}],"items_purged_floors":[5,31,46,53],"is_endless":false,"potions_floor_spawned":[4,14,16,20,25,27,37,39,40,44],"ascension_level":0}}