{"host":"axuns55dzq466eei","time":1609480086,"event":{"mods":["BaseMod","Colored Map","Keyboard Shortcuts","Minty Spire (QoL Compilation)","StSLib","SuperFastMode"],"gold_per_floor":[114,114,264,114,114,114,142,154,181,214,229,244,261,279,279,279,279],"floor_reached":16,"playtime":306,"items_purged":["Doubt"],"score":274,"play_id":"4002001d-7206-40d4-bc1c-f30316a826a8","local_time":"20210101144806","is_ascension_mode":true,"campfire_choices":[{"data":"Tactician","floor":6,"key":"SMITH"},{"data":"Noxious Fumes","floor":15,"key":"SMITH"}],"circlet_count":0,"master_deck":["AscendersBane","Strike_G","Strike_G","Strike_G","Strike_G","Strike_G","Defend_G","Defend_G","Defend_G","Defend_G","Defend_G","Survivor","Neutralize","Tactician+1","Footwork","Acrobatics","Masterful Stab","Concentrate","Escape Plan","Deadly Poison","Blade Dance","Noxious Fumes+1"],"relics":["Ring of the Snake","NeowsBlessing","Art of War","The Courier","MealTicket","Tough Bandages"],"acts_visited":["Exordium"],"potions_floor_usage":[10],"damage_taken":[{"damage":0.0,"enemies":"2 Louse","floor":1.0,"turns":1.0},{"damage":0,"enemies":"Gremlin Nob","floor":7,"turns":1},{"damage":0,"enemies":"Cultist","floor":8,"turns":1},{"damage":22,"enemies":"3 Sentries","floor":10,"turns":7},{"damage":0,"enemies":"Small Slimes","floor":11,"turns":3},{"damage":3,"enemies":"Blue Slaver","floor":12,"turns":4},{"damage":0,"enemies":"3 Louse","floor":13,"turns":5},{"damage":2,"enemies":"2 Fungi Beasts","floor":14,"turns":4},{"damage":44,"enemies":"The Guardian","floor":16,"turns":9}],"seed_played":"2630250402310356611","potions_obtained":[{"floor":1.0,"key":"DuplicationPotion"},{"floor":8,"key":"ColorlessPotion"},{"floor":13,"key":"SpeedPotion"}],"is_trial":false,"path_per_floor":["M","?","?","$","?","R","E","M","T","E","M","M","M","M","R","B"],"character_chosen":"THE_SILENT","items_purchased":["Footwork"],"campfire_rested":0,"item_purchase_floors":[4],"current_hp_per_floor":[59,64,64,64,64,64,64,64,64,42,42,39,39,37,37,0,0],"gold":279,"neow_bonus":"THREE_ENEMY_KILL","is_daily":false,"chose_seed":false,"campfire_upgraded":2,"win_rate":0.0,"timestamp":1609480086,"path_taken":["M","?","?","$","?","R","E","M","T","E","M","M","M","?","R","BOSS"],"items_purchased_type":["Card"],"build_version":"2020-12-22","purchased_purges":1,"victory":false,"max_hp_per_floor":[66,71,71,71,71,71,71,71,71,71,71,71,71,71,71,71,71],"card_choices":[{"not_picked":["Dagger Throw","Crippling Poison"],"picked":"Tactician","floor":1.0},{"not_picked":["Dodge and Roll","Underhanded Strike"],"picked":"Acrobatics","floor":7},{"not_picked":["PiercingWail","Dodge and Roll"],"picked":"Masterful Stab","floor":8},{"not_picked":["Night Terror","Deadly Poison"],"picked":"Concentrate","floor":10},{"not_picked":["Accuracy","Leg Sweep"],"picked":"Escape Plan","floor":11},{"not_picked":["Caltrops","Flying Knee"],"picked":"Deadly Poison","floor":12},{"not_picked":["Leg Sweep","Backflip"],"picked":"Blade Dance","floor":13},{"not_picked":["Endless Agony","Dagger Spray"],"picked":"Noxious Fumes","floor":14}],"player_experience":1046081,"relics_obtained":[{"floor":7,"key":"The Courier"},{"floor":9,"key":"MealTicket"},{"floor":10,"key":"Tough Bandages"}],"event_choices":[{"damage_healed":0.0,"max_hp_gain":5.0,"max_hp_loss":0.0,"gold_gain":0.0,"event_name":"Big Fish","player_choice":"Donut","floor":2.0,"gold_loss":0.0,"damage_taken":0.0},{"damage_healed":0.0,"max_hp_gain":0.0,"max_hp_loss":0.0,"gold_gain":150.0,"event_name":"Liars Game","player_choice":"AGREE","floor":3.0,"gold_loss":0.0,"damage_taken":0.0,"cards_obtained":["Doubt"]},{"damage_healed":0.0,"max_hp_gain":0.0,"max_hp_loss":0.0,"gold_gain":0.0,"event_name":"WeMeetAgain","player_choice":"Gave Potion","floor":5.0,"gold_loss":0.0,"damage_taken":0.0,"relics_obtained":["Art of War"]}],"is_beta":false,"boss_relics":[],"items_purged_floors":[4],"is_endless":false,"potions_floor_spawned":[1,8,13],"killed_by":"The Guardian","ascension_level":20}}