{"host":"obl22cu6uafq1ffx","time":1609469894,"event":{"mods":["BaseMod","Colored Map","Hubris","Hunter ¡‘»À","KinomotoSakuraMod(ƒæ÷Æ±æ”£)","Lobotomy","Minty Spire (QoL Compilation)","Pikachu Mod","Shop Mod","Small Relic Pack","StSLib","The Poker Player","The Saiyan","TheHero","[IsaacMod]“‘»ˆº‚À˛","vexMod","°æ“≈ŒÔø®≈∆°øREMEMod"],"gold_per_floor":[97,97,97,108,119,145,145,145,145],"floor_reached":8,"playtime":617,"items_purged":[],"score":59,"play_id":"a682aff3-77a7-4792-9d08-cc7011fb594c","local_time":"20210101105814","is_ascension_mode":true,"campfire_choices":[{"floor":7,"key":"REST"}],"circlet_count":0,"master_deck":["Saiyan:SAIYA_Strike","Saiyan:SAIYA_Strike","Saiyan:SAIYA_Strike","Saiyan:SAIYA_Strike","Saiyan:SAIYA_Defend","Saiyan:SAIYA_Defend","Saiyan:SAIYA_Defend","Saiyan:SAIYA_Defend","Saiyan:EnergyBlast","Saiyan:KaioKen","Saiyan:RuthlessBlow","BloodyBrimstone","Glass Knife","AttackPoison_Giant","Saiyan:PlotArmor","Saiyan:Planning","PokerPlayerMod:Fold","Saiyan:BackAttack"],"relics":["SaiyanSoul","SaiyanHeart","HushsDoor","REME_ComplimentaryCards","Damocles","Anchor","relicPack:OneForAll","hubris:Reverence","Dream Catcher","Centennial Puzzle","hubris:SlimyHat"],"acts_visited":["Exordium"],"potions_floor_usage":[8],"damage_taken":[{"damage":0,"enemies":"Jaw Worm","floor":1,"turns":3},{"damage":0,"enemies":"2 Louse","floor":4,"turns":2},{"damage":0,"enemies":"Cultist","floor":5,"turns":3},{"damage":7,"enemies":"Lagavulin","floor":6,"turns":8},{"damage":7,"enemies":"3 Sentries","floor":8,"turns":8}],"seed_played":"5587418430422641313","potions_obtained":[{"floor":1,"key":"AttackPotion"},{"floor":5,"key":"Block Potion"},{"floor":6,"key":"Block Potion"}],"is_trial":false,"path_per_floor":["M","?","?","M","M","E","R","E"],"character_chosen":"SAIYAJIN","items_purchased":[],"campfire_rested":1,"item_purchase_floors":[],"current_hp_per_floor":[67,67,67,68,69,63,67,0,0],"gold":145,"neow_bonus":"TEN_PERCENT_HP_BONUS","is_daily":false,"chose_seed":false,"campfire_upgraded":0,"win_rate":0.0,"timestamp":1609469894,"path_taken":["M","?","?","M","M","E","R","E"],"items_purchased_type":[],"build_version":"2020-12-22","purchased_purges":0,"victory":false,"max_hp_per_floor":[67,67,67,68,69,67,67,68,68],"card_choices":[{"not_picked":[],"picked":"BloodyBrimstone","floor":0},{"not_picked":["Saiyan:RemoveWeights","Saiyan:KameHameHa"],"picked":"AttackPoison_Giant","floor":1},{"not_picked":["Pikachu:QuickAttack","Saiyan:SoulSpice"],"picked":"Saiyan:PlotArmor","floor":4},{"not_picked":["ClowCardTheMirror","Saiyan:TurtleShell"],"picked":"Saiyan:Planning","floor":5},{"not_picked":["ClowCardTheWood","PokerPlayerMod:Trickery"],"picked":"PokerPlayerMod:Fold","floor":6},{"not_picked":["Saiyan:Expend","Pikachu:Feint"],"picked":"Saiyan:BackAttack","floor":7}],"player_experience":24936,"relics_obtained":[{"floor":1,"key":"Anchor"},{"floor":4,"key":"hubris:Reverence"},{"floor":5,"key":"Dream Catcher"},{"floor":6,"key":"Centennial Puzzle"},{"floor":6,"key":"hubris:SlimyHat"}],"event_choices":[],"is_beta":false,"boss_relics":[],"items_purged_floors":[],"is_endless":false,"potions_floor_spawned":[1,5,6],"killed_by":"3 Sentries","ascension_level":1}}