{"host":"6to8m083wj0ro91z","time":1609499270,"event":{"mods":["BaseMod","Better Third Choice","BetterRewards","CatGirl Mod","ChefMod","Friendly Minions","GungeonMod","Hubris","Mad Scientist","Marisa????????","Minty Spire (QoL Compilation)","Shade Mod","Spicy Shops","StSLib","The Blackbeard","The Death Knight","The Dragon Tamer","The Gatherer","The Marked","The Mystic","The Necromancer","The Servant 0.9.4"],"gold_per_floor":[129,129,146,3,41,41,53,80,80,115,134,163,163,182,182,285,285,300,317,164,180,193,226,226,269,269,269,287,312,323,343,389,389,389,502,502,518,518,518,539,499,528,528,554,554,554,227,227,261,261,266,266,266,53,85,85],"floor_reached":58,"playtime":3252,"items_purged":["DemoMod:Strike_Huntress","DemoMod:Strike_Huntress","DemoMod:Strike_Huntress","DemoMod:Defend_Huntress","DemoMod:CrossBow+1","Transmutation"],"score":1644,"play_id":"5383a781-8e25-4b49-b928-1404ebb73827","local_time":"20210101120750","is_ascension_mode":true,"campfire_choices":[{"data":"DemoMod:ManualReload","floor":6,"key":"SMITH"},{"data":"DemoMod:TeaPot","floor":13,"key":"SMITH"},{"data":"DemoMod:FinishedGun","floor":15,"key":"SMITH"},{"data":"DemoMod:DoubleVision","floor":24,"key":"SMITH"},{"data":"DemoMod:TeaPot","floor":27,"key":"SMITH"},{"data":"DemoMod:Roll","floor":33,"key":"SMITH"},{"floor":43,"key":"RECALL"}],"circlet_count":0,"master_deck":["DemoMod:Defend_Huntress","DemoMod:Defend_Huntress","DemoMod:Roll+1","DemoMod:ManualReload+1","DemoMod:RustySidearm+1","DemoMod:TableSutra+1","DemoMod:TeaPot+1","DemoMod:TeaPot+1","DemoMod:FinishedGun+1","DemoMod:GunslingerForm","DemoMod:DoubleVision+1","DemoMod:CursedBullets","DemoMod:MachoBrace+1","DemoMod:Gungine+1"],"relics":["DemoMod:Dog","Membership Card","DemoMod:Orange","Bag of Preparation","Gremlin Horn","Whetstone","DemoMod:ClearGuonStone","DemoMod:MonsterBlood","hubris:Potato","Darkstone Periapt","DemoMod:PoisonVial","Anchor","Shuriken","hubris:CrackedHourglass","Mango","Singing Bowl","Bag of Marbles","DemoMod:RatBoots","DemoMod:ResourcefulSack","DemoMod:PartiallyEatenCheese","Coffee Dripper","Fusion Hammer","hubris:Icosahedron","DeathKnight:PutricidesVial","hubris:64BitClover","Orichalcum","Sling","Lee\u0027s Waffle","Mercury Hourglass","hubris:Teleporter","Frozen Eye","Strawberry","Art of War"],"acts_visited":["Exordium","TheCity","TheCity","TheBeyond","TheEnding"],"potions_floor_usage":[18,31,57,57,57],"damage_taken":[{"damage":0.0,"enemies":"Jaw Worm","floor":1.0,"turns":3.0},{"damage":0,"enemies":"Cultist","floor":3,"turns":2},{"damage":0,"enemies":"Small Slimes","floor":5,"turns":5},{"damage":0,"enemies":"Small Slimes","floor":7,"turns":2},{"damage":7,"enemies":"Lagavulin","floor":8,"turns":5},{"damage":2,"enemies":"3 Sentries","floor":10,"turns":4},{"damage":0,"enemies":"Gremlin Gang","floor":11,"turns":2},{"damage":15,"enemies":"Lagavulin","floor":12,"turns":4},{"damage":0,"enemies":"Looter","floor":14,"turns":2},{"damage":0,"enemies":"Slime Boss","floor":16,"turns":3},{"damage":0,"enemies":"2 Thieves","floor":18,"turns":2},{"damage":0,"enemies":"Spheric Guardian","floor":19,"turns":3},{"damage":0,"enemies":"Chosen and Byrds","floor":21,"turns":3},{"damage":0,"enemies":"Snake Plant","floor":22,"turns":2},{"damage":5,"enemies":"Book of Stabbing","floor":23,"turns":3},{"damage":0,"enemies":"Gremlin Leader","floor":25,"turns":4},{"damage":0,"enemies":"DemoMod:4_Bullet_Kins_with_one_veteran","floor":28,"turns":2},{"damage":1,"enemies":"DemoMod:Veteran_shot_gun_kin_and_bullet_kin","floor":29,"turns":2},{"damage":0,"enemies":"DemoMod:Red_and_blue_shotgun_kin_with_gunsinger","floor":30,"turns":1},{"damage":0,"enemies":"DemoMod:Veteran_shot_gun_kin_and_blue_shotgun_kin_with_gunsinger","floor":31,"turns":2},{"damage":0,"enemies":"DemoMod:2_Mousers","floor":32,"turns":2},{"damage":43,"enemies":"DemoMod:ResourcefulRat","floor":35,"turns":9},{"damage":0,"enemies":"3 Shapes","floor":37,"turns":1},{"damage":0,"enemies":"Orb Walker","floor":40,"turns":2},{"damage":0,"enemies":"Spire Growth","floor":41,"turns":2},{"damage":0,"enemies":"Nemesis","floor":42,"turns":3},{"damage":0,"enemies":"Reptomancer","floor":44,"turns":3},{"damage":0,"enemies":"Giant Head","floor":49,"turns":4},{"damage":0,"enemies":"hubris:GrandSnecko","floor":52,"turns":6},{"damage":0,"enemies":"Shield and Spear","floor":56,"turns":3},{"damage":18,"enemies":"The Heart","floor":57,"turns":4}],"seed_played":"3434504692459158122","potions_obtained":[{"floor":3,"key":"FearPotion"},{"floor":8,"key":"Weak Potion"},{"floor":10,"key":"Fire Potion"},{"floor":18,"key":"LiquidBronze"},{"floor":40,"key":"Explosive Potion"},{"floor":41,"key":"ColorlessPotion"}],"is_trial":false,"path_per_floor":["M","?","M","$","?","R","M","E","T","E","M","E","R","M","R","B",null,"M","M","$","M","M","E","R","E","T","R","M","M","M","M","M","R","B","B",null,"M","?","?","M","M","E","R","E","T","R","$","R","E","R","B",null,"R","$","E","B",null],"character_chosen":"HUNTRESS","items_purchased":["Membership Card","DemoMod:GnawedKey","DemoMod:Orange","Bag of Preparation","Gremlin Horn","Whetstone","DemoMod:TableSutra","DemoMod:ClearGuonStone","DemoMod:MonsterBlood","DemoMod:Purify","DemoMod:TeaPot","Fruit Juice","hubris:Potato","Mango","Sling","Lee\u0027s Waffle","Mercury Hourglass","Frozen Eye","Strawberry"],"campfire_rested":0,"item_purchase_floors":[0,0,0,0,0,0,0,0,0,0,0,0,4,20,47,47,47,55,55],"current_hp_per_floor":[52,52,52,52,52,52,52,45,45,43,43,28,28,28,28,28,94,94,94,108,108,108,103,103,105,110,110,110,111,113,115,117,117,112,71,122,124,124,124,126,128,130,130,132,132,132,139,139,141,141,141,141,141,148,150,132],"gold":85,"neow_bonus":"","is_daily":false,"chose_seed":false,"campfire_upgraded":6,"win_rate":0.0,"timestamp":1609499270,"path_taken":["M","?","?","$","?","R","M","E","T","E","?","E","R","M","R","BOSS","M","M","$","M","?","E","R","E","T","R","M","M","M","M","M","R","BOSS","BOSS","M","?","?","?","M","E","R","E","T","R","$","R","E","R","BOSS","R","$","E","BOSS"],"items_purchased_type":["Relic","Relic","Relic","Relic","Relic","Relic","Card","Relic","Relic","Card","Card","Potion","Relic","Relic","Relic","Relic","Relic","Relic","Relic"],"build_version":"2020-12-22","purchased_purges":6,"victory":true,"max_hp_per_floor":[94,94,94,94,94,94,94,94,94,94,94,94,94,94,94,94,94,94,94,108,108,108,108,108,110,110,110,110,112,114,116,118,118,118,120,122,124,124,124,126,128,130,130,132,132,132,139,139,141,141,141,141,141,148,150,150],"card_choices":[{"not_picked":["DemoMod:DirectionalPad","DemoMod:DoubleSwitch","DemoMod:HighKaliber"],"picked":"SKIP","floor":1.0},{"not_picked":["DemoMod:BattleInHaste","DemoMod:StickyCrossBow","DemoMod:ZorGun"],"picked":"SKIP","floor":3},{"not_picked":["DemoMod:MachoBrace","DemoMod:Unmoved","DemoMod:Casey"],"picked":"SKIP","floor":5},{"not_picked":["DemoMod:HardPowerCard","DemoMod:SAA","DemoMod:FastSwitch"],"picked":"SKIP","floor":7},{"not_picked":["DemoMod:ConditionalReflex","DemoMod:Unmoved","DemoMod:DirectionalPad"],"picked":"SKIP","floor":8},{"not_picked":["DemoMod:DirectionalPad","DemoMod:RadGun"],"picked":"DemoMod:TeaPot","floor":10},{"not_picked":["DemoMod:StickyCrossBow","DemoMod:ZorGun","DemoMod:SAA"],"picked":"SKIP","floor":11},{"not_picked":["DemoMod:SniperShot","DemoMod:ThirdPartyController","DemoMod:Replace"],"picked":"SKIP","floor":12},{"not_picked":["DemoMod:FastSwitch","DemoMod:DirectionalPad"],"picked":"DemoMod:FinishedGun","floor":14},{"not_picked":["DemoMod:BSG","DemoMod:Desperate"],"picked":"DemoMod:GunslingerForm","floor":16},{"not_picked":["DemoMod:Casey","DemoMod:MachoBrace","DemoMod:DirectionalPad"],"picked":"SKIP","floor":18},{"not_picked":["DemoMod:SpreadAmmo","DemoMod:HighKaliber","DemoMod:StickyCrossBow"],"picked":"SKIP","floor":19},{"not_picked":["DemoMod:AbyssalTentacle","DemoMod:SniperShot","DemoMod:FeignSurrender"],"picked":"SKIP","floor":21},{"not_picked":["DemoMod:Camera+1","DemoMod:JK47","DemoMod:DoubleSwitch+1"],"picked":"SKIP","floor":22},{"not_picked":["DemoMod:StickyCrossBow","DemoMod:Ejector","DemoMod:JK47"],"picked":"SKIP","floor":22},{"not_picked":["DemoMod:TableSutra","DemoMod:DoubleSwitch"],"picked":"DemoMod:DoubleVision","floor":23},{"not_picked":["DemoMod:BoxingGlove","DemoMod:DoubleSwitch+1","DemoMod:FastSwitch+1"],"picked":"Singing Bowl","floor":25},{"not_picked":["DemoMod:Ejector+1","DemoMod:ConditionalReflex+1"],"picked":"DemoMod:CursedBullets","floor":28},{"not_picked":["DemoMod:JK47","DemoMod:DoubleSwitch","DemoMod:EasyReloadBullets+1"],"picked":"Singing Bowl","floor":29},{"not_picked":["DemoMod:Slinger","DemoMod:BoxingGlove","DemoMod:ConditionalReflex"],"picked":"Singing Bowl","floor":30},{"not_picked":["DemoMod:Evolver","DemoMod:CombinedRifle"],"picked":"DemoMod:MachoBrace+1","floor":30},{"not_picked":["DemoMod:StickyCrossBow+1","DemoMod:SAA","DemoMod:AC15+1"],"picked":"Singing Bowl","floor":31},{"not_picked":["DemoMod:FastSwitch+1","DemoMod:BoxingGlove","DemoMod:SAA+1"],"picked":"Singing Bowl","floor":32},{"not_picked":["DemoMod:FullFirepower","DemoMod:BlackHoleGun"],"picked":"DemoMod:Gungine","floor":35},{"not_picked":["DemoMod:Elimentaler"],"picked":"Singing Bowl","floor":35},{"not_picked":["DemoMod:ZorGun+1","DemoMod:HuntsMan+1","DemoMod:Ejector"],"picked":"Singing Bowl","floor":36},{"not_picked":["DemoMod:TripleGun","DemoMod:ChanceBullets","DemoMod:PracticeMakesPerfect+1"],"picked":"Singing Bowl","floor":37},{"not_picked":["DemoMod:Replace","DemoMod:HuntsMan+1","DemoMod:AC15"],"picked":"Singing Bowl","floor":40},{"not_picked":["DemoMod:DoubleSwitch+1","DemoMod:HuntsMan","DemoMod:Ejector"],"picked":"Singing Bowl","floor":41},{"not_picked":["DemoMod:StickyCrossBow","DemoMod:Evolver","DemoMod:Purify"],"picked":"Singing Bowl","floor":42},{"not_picked":["DemoMod:HighKaliber+1","DemoMod:RadGun+1","DemoMod:Rummage+1"],"picked":"Singing Bowl","floor":44},{"not_picked":["DemoMod:DoubleSwitch+1","DemoMod:Evolver","DemoMod:StickyCrossBow"],"picked":"Singing Bowl","floor":49},{"not_picked":["DemoMod:BoxingGlove+1","DemoMod:Unity+1","DemoMod:BattleInHaste+1"],"picked":"Singing Bowl","floor":56}],"player_experience":1070128,"relics_obtained":[{"floor":8,"key":"Darkstone Periapt"},{"floor":9,"key":"DemoMod:PoisonVial"},{"floor":10,"key":"Anchor"},{"floor":12,"key":"DemoMod:WeirdEgg"},{"floor":23,"key":"Singing Bowl"},{"floor":25,"key":"Bag of Marbles"},{"floor":36,"key":"DemoMod:RatBoots"},{"floor":36,"key":"DemoMod:ResourcefulSack"},{"floor":36,"key":"DemoMod:PartiallyEatenCheese"},{"floor":36,"key":"Coffee Dripper"},{"floor":36,"key":"Fusion Hammer"},{"floor":42,"key":"DeathKnight:PutricidesVial"},{"floor":44,"key":"hubris:64BitClover"},{"floor":45,"key":"Orichalcum"},{"floor":49,"key":"hubris:Teleporter"},{"floor":56,"key":"Art of War"}],"event_choices":[{"damage_healed":0.0,"max_hp_gain":0.0,"max_hp_loss":0.0,"gold_gain":0.0,"event_name":"Accursed Blacksmith","player_choice":"Forge","floor":2.0,"gold_loss":0.0,"damage_taken":0.0,"cards_upgraded":["DemoMod:TableSutra"]},{"damage_healed":0,"gold_gain":0,"player_choice":"Upgraded","damage_taken":0,"max_hp_gain":0,"max_hp_loss":0,"event_name":"Upgrade Shrine","floor":39,"gold_loss":0,"cards_upgraded":["DemoMod:Gungine"]}],"is_beta":false,"boss_relics":[{"not_picked":["Philosopher\u0027s Stone","hubris:ScarierMask"],"picked":"hubris:CrackedHourglass"},{"not_picked":[]}],"items_purged_floors":[0,0,0,0,47,55],"is_endless":false,"potions_floor_spawned":[3,8,10,14,18,25,28,29,40,41,42],"ascension_level":1}}