{"host":"wbqphhziwa9rtntc","time":1609504299,"event":{"mods":["AchievementEnabler","Aspiration","BaseMod","Better Altar","Better Match","Better Note","Better Sensory Stone","Better Skull","Better Third Choice","BetterRewards","Clawfect","Colored Map","Conspire","Custom Start","Downfall","GifTheSpireLib","Gremlin Mod","Halation","Hermit","Highlight Path","Hubris","Infinite Spire","Mimic Mod","Minty Spire (QoL Compilation)","Permanent Neow","Replay The Spire","Shade Mod","Shop Mod","Spicy Shops","StSLib","Stuff the Spire","The Jungle","The Problem Sleuth","The Wild Card"],"gold_per_floor":[99,111,124,144,50,50,90,15,44,44,54,64,64,95,109,206,206,131,146,146,159,174,208,235,235,94,94,109,139,139,239,256,361,361,286,299,299,299,299,299,299,209,209,121,138,155,72,72,83,83],"floor_reached":51,"playtime":3198,"items_purged":["Guardian:Strike_Guardian"],"score":801,"play_id":"c7eb68c3-024c-4aba-834f-d8ba56adf84d","local_time":"20210101043139","is_ascension_mode":false,"campfire_choices":[{"floor":1,"key":"RECALL"},{"data":"Guardian:PrismaticBeam","floor":8,"key":"SMITH"},{"data":"Guardian:ArmoredProtocol","floor":10,"key":"SMITH"},{"data":"Guardian:SpikerProtocol","floor":18,"key":"SMITH"},{"data":"Guardian:BaubleBeam","floor":25,"key":"SMITH"},{"data":"Guardian:PrismaticBeam","floor":35,"key":"SMITH"},{"floor":43,"key":"REST"}],"circlet_count":0,"master_deck":["Guardian:Strike_Guardian","Guardian:Strike_Guardian","Guardian:Strike_Guardian+1","Guardian:Defend_Guardian","Guardian:Defend_Guardian","Guardian:Defend_Guardian","Guardian:Defend_Guardian","Guardian:CurlUp","Guardian:TwinSlam","Guardian:ArmoredProtocol+1","Guardian:CrystalBeam","Guardian:Planning","Guardian:PrismaticBeam+1","Guardian:BronzeOrb+1","Guardian:SpikerProtocol+1","Guardian:ShieldCharger","Guardian:BaubleBeam+1","Guardian:Reroute+1","Guardian:PrismaticBeam+1","Guardian:DonusPower","Guardian:BaubleBeam+1","infinitespire:Fortify","Guardian:SpikerProtocol+1","Guardian:WalkerClaw+1","infinitespire:Oblivion","Guardian:PiercingHide","Guardian:RefractedBeam+1","Guardian:RollAttack","Guardian:TimeCapacitor"],"relics":["Guardian:ModeShifter","Gremlin Food","Bottled Lightning","downfall:HeartBlessingRed","conspire:BottledYoYo","conspire:TopHat","hubris:TerracottaHorce","downfall:HeartBlessingBlue","infinitespire:PuzzleCube","Toy Ornithopter","StuffTheSpire:GrapeVine","Potion Belt","infinitespire:Cupcake","downfall:HeartBlessingGreen","hubris:KleinBottle","hubris:Macrotransations","Darkstone Periapt"],"acts_visited":["Exordium","TheCity","TheBeyond"],"potions_floor_usage":[15,16,16,16,22,26,31,32,33,33,33,50,50,50],"damage_taken":[{"damage":0,"enemies":"Cultist","floor":2,"turns":3},{"damage":2,"enemies":"Small Slimes","floor":3,"turns":4},{"damage":2,"enemies":"Jaw Worm","floor":4,"turns":6},{"damage":0,"enemies":"downfall:FleeingMerchant","floor":5,"turns":4},{"damage":10,"enemies":"2 Fungi Beasts","floor":7,"turns":9},{"damage":14,"enemies":"Gremlin Nob","floor":9,"turns":4},{"damage":0,"enemies":"2 Fungi Beasts","floor":11,"turns":2},{"damage":2,"enemies":"Blue Slaver","floor":12,"turns":3},{"damage":7,"enemies":"3 Sentries","floor":14,"turns":7},{"damage":0,"enemies":"Large Slime","floor":15,"turns":4},{"damage":29,"enemies":"downfall:Ironclad","floor":16,"turns":8},{"damage":0,"enemies":"Chosen","floor":19,"turns":4},{"damage":15,"enemies":"Shell Parasite","floor":21,"turns":5},{"damage":0,"enemies":"Cultist and Chosen","floor":22,"turns":6},{"damage":12,"enemies":"Slavers","floor":23,"turns":5},{"damage":0,"enemies":"downfall:FleeingMerchant","floor":26,"turns":4},{"damage":0,"enemies":"3 Cultists","floor":28,"turns":3},{"damage":13,"enemies":"Book of Stabbing","floor":29,"turns":4},{"damage":0,"enemies":"downfall:LadyInBlue","floor":31,"turns":4},{"damage":0,"enemies":"Centurion and Healer","floor":32,"turns":4},{"damage":0,"enemies":"downfall:Silent","floor":33,"turns":4},{"damage":9,"enemies":"3 Shapes","floor":36,"turns":3},{"damage":0,"enemies":"Orb Walker","floor":42,"turns":1},{"damage":0,"enemies":"Sphere and 2 Shapes","floor":44,"turns":1},{"damage":11,"enemies":"Transient","floor":45,"turns":5},{"damage":12,"enemies":"4 Shapes","floor":46,"turns":6},{"damage":0,"enemies":"Spire Growth","floor":47,"turns":1},{"damage":0,"enemies":"Transient","floor":49,"turns":5},{"damage":0,"enemies":"downfall:Watcher","floor":50,"turns":5}],"seed_played":"3592599344538264698","potions_obtained":[{"floor":2,"key":"SteroidPotion"},{"floor":9,"key":"Weak Potion"},{"floor":12,"key":"AttackPotion"},{"floor":14,"key":"Explosive Potion"},{"floor":15,"key":"Toxic Potion"},{"floor":21,"key":"Adrenaline Potion"},{"floor":22,"key":"FearPotion"},{"floor":23,"key":"ColorlessPotion"},{"floor":31,"key":"Block Potion"},{"floor":31,"key":"Reflective Coating"},{"floor":31,"key":"Languid Potion"},{"floor":32,"key":"Adrenaline Potion"},{"floor":44,"key":"DuplicationPotion"},{"floor":45,"key":"Strength Potion"},{"floor":46,"key":"Ancient Potion"},{"floor":49,"key":"Ancient Potion"}],"is_trial":false,"path_per_floor":["R_BF","M","M","M","$","?","MIM","R","E","R","M","M","?","E","M","B",null,"R","M","?","M","M","E","T","R","$","?","M","E","AVR","?","M","B",null,"R","M","?","?","$","?","T","M","R","M","M","M","M","?","M","B",null],"character_chosen":"GUARDIAN","items_purchased":["Guardian:PrismaticBeam","Guardian:Gem_Purple","hubris:KleinBottle","hubris:Macrotransations"],"campfire_rested":1,"item_purchase_floors":[5,26,39,39],"current_hp_per_floor":[80,80,78,76,76,76,66,66,52,52,52,50,55,48,48,19,69,79,79,79,64,64,52,52,52,57,57,57,44,44,49,54,69,89,89,80,80,80,42,42,42,42,70,70,59,47,47,47,47,62],"gold":83,"neow_bonus":"RANDOM_COMMON_RELIC","is_daily":false,"chose_seed":false,"campfire_upgraded":5,"win_rate":0.0,"timestamp":1609504299,"path_taken":["R_BF","M","?","M","$","?","MIM","R","E","R","M","M","?","E","M","BOSS","R","M","?","M","M","E","T","R","$","?","M","E","AVR","?","M","BOSS","R","M","?","?","?","?","T","?","R","M","M","M","M","?","M","BOSS"],"items_purchased_type":["Card","Card","Relic","Relic"],"build_version":"2020-12-22","purchased_purges":1,"victory":true,"max_hp_per_floor":[80,80,80,80,80,80,80,80,80,80,80,80,85,85,85,85,85,95,95,95,95,95,95,95,95,95,95,95,95,95,95,95,95,95,95,95,95,95,95,95,95,95,95,95,95,95,95,95,95,95],"card_choices":[{"not_picked":["Guardian:Planning","Guardian:ShieldCharger"],"picked":"Guardian:ArmoredProtocol","floor":2},{"not_picked":["Guardian:Gem_White","Guardian:Planning"],"picked":"Guardian:CrystalBeam","floor":3},{"not_picked":["Guardian:Gem_Red","Guardian:PiercingHide"],"picked":"Guardian:Gem_Lightblue","floor":4},{"not_picked":["Guardian:Gem_Crimson","Guardian:Gem_Lightblue"],"picked":"Guardian:Planning","floor":5},{"not_picked":["Guardian:VentSteam","Guardian:Gem_Green"],"picked":"Guardian:BronzeOrb","floor":7},{"not_picked":["Guardian:VentSteam","Guardian:Clone"],"picked":"Guardian:Gem_Crimson","floor":9},{"not_picked":["Guardian:Gem_Cyan","Guardian:Incinerate"],"picked":"Guardian:Gem_Orange","floor":11},{"not_picked":["Guardian:Gem_White","Guardian:VentSteam"],"picked":"Guardian:SpikerProtocol","floor":12},{"not_picked":["Guardian:Suspension","Guardian:TemporalStrike"],"picked":"Guardian:Gem_Green","floor":14},{"not_picked":["Guardian:Suspension","Guardian:RollAttack"],"picked":"Guardian:ShieldCharger","floor":15},{"not_picked":["Guardian:RevengeProtocol","Guardian:Gem_Orange"],"picked":"Guardian:BaubleBeam","floor":16},{"not_picked":["Guardian:BronzeOrb","Guardian:RefractedBeam"],"picked":"Guardian:Gem_Red","floor":19},{"not_picked":["Guardian:CrystalBeam","Guardian:VentSteam"],"picked":"Guardian:Reroute+1","floor":21},{"not_picked":["Guardian:VentSteam","Guardian:Recover+1"],"picked":"Guardian:PrismaticBeam","floor":22},{"not_picked":["Guardian:PiercingHide","Guardian:Preprogram"],"picked":"Guardian:Gem_Orange","floor":23},{"not_picked":["Guardian:Gem_Cyan","Guardian:Reroute"],"picked":"Guardian:DonusPower","floor":26},{"not_picked":["Guardian:SentryBeam","Guardian:PrimingBeam","Guardian:Recover"],"picked":"SKIP","floor":28},{"not_picked":["Guardian:RefractedBeam","Guardian:SentryBeam","Guardian:RollAttack"],"picked":"SKIP","floor":29},{"not_picked":["Guardian:Recover","Guardian:ChargeUp"],"picked":"Guardian:SpikerProtocol+1","floor":31},{"not_picked":["Guardian:DonusPower","Guardian:ChargeUp"],"picked":"Guardian:Gem_Cyan","floor":32},{"not_picked":["Guardian:ExploitGems","Guardian:StasisField"],"picked":"Guardian:Gem_Orange","floor":33},{"not_picked":["Guardian:Planning+1","Guardian:VentSteam+1"],"picked":"Guardian:WalkerClaw+1","floor":36},{"not_picked":["infinitespire:NeuralNetwork","infinitespire:FinalStrike"],"picked":"infinitespire:Oblivion","floor":39},{"not_picked":["Guardian:Gem_Red","Guardian:Recover+1"],"picked":"Guardian:Gem_Blue","floor":42},{"not_picked":["Guardian:Gem_Lightblue","Guardian:Recover"],"picked":"Guardian:PiercingHide","floor":44},{"not_picked":["Guardian:VentSteam+1","Guardian:TemporalStrike+1"],"picked":"Guardian:RefractedBeam+1","floor":45},{"not_picked":["Guardian:Recover+1","Guardian:Gem_Cyan"],"picked":"Guardian:RollAttack","floor":46},{"not_picked":["Guardian:WalkerClaw","Guardian:BronzeOrb"],"picked":"Guardian:Gem_Synthetic","floor":47},{"not_picked":["Guardian:Recover","Guardian:WalkerClaw+1"],"picked":"Guardian:TimeCapacitor","floor":49}],"player_experience":108670,"relics_obtained":[{"floor":6,"key":"Bottled Lightning"},{"floor":9,"key":"conspire:BottledYoYo"},{"floor":14,"key":"conspire:TopHat"},{"floor":23,"key":"infinitespire:PuzzleCube"},{"floor":24,"key":"Toy Ornithopter"},{"floor":29,"key":"StuffTheSpire:GrapeVine"},{"floor":31,"key":"Potion Belt"},{"floor":41,"key":"Darkstone Periapt"}],"event_choices":[{"damage_healed":0,"gold_gain":0,"player_choice":"Donut","damage_taken":0,"max_hp_gain":5,"max_hp_loss":0,"event_name":"Big Fish","floor":13,"gold_loss":0},{"damage_healed":0,"gold_gain":0,"player_choice":"Copied","damage_taken":0,"max_hp_gain":0,"max_hp_loss":0,"event_name":"Duplicator","floor":27,"gold_loss":0,"cards_obtained":["Guardian:BaubleBeam"]},{"damage_healed":0,"gold_gain":0,"player_choice":"Ignored","damage_taken":0,"max_hp_gain":0,"max_hp_loss":0,"event_name":"Mysterious Sphere","floor":37,"gold_loss":0}],"is_beta":false,"boss_relics":[{"not_picked":["Sozu","Guardian:StasisSlotReductionRelic"],"picked":"hubris:TerracottaHorce"},{"not_picked":["halation:LoveArrow","Tiny House"],"picked":"infinitespire:Cupcake"}],"items_purged_floors":[26],"is_endless":false,"potions_floor_spawned":[2,9,12,14,15,21,22,23,32,44,45,46,49],"ascension_level":0}}