{"host":"9tzam4717zt8ei1o","time":1609493466,"event":{"mods":["BaseMod","Colored Map","Keyboard Shortcuts","Minty Spire (QoL Compilation)","Quick Restart","StSLib","SuperFastMode"],"gold_per_floor":[10,22,42,52,52,52,67,67,67,80,90,90,118,1,1,1,1],"floor_reached":16,"playtime":760,"items_purged":[],"score":208,"play_id":"706af443-2b01-4c14-b28a-48ceb06eb847","local_time":"20210101183106","is_ascension_mode":true,"campfire_choices":[{"data":"Poisoned Stab","floor":6,"key":"SMITH"},{"floor":8,"key":"REST"},{"data":"Neutralize","floor":12,"key":"SMITH"},{"floor":15,"key":"REST"}],"circlet_count":0,"master_deck":["AscendersBane","Strike_G","Strike_G","Strike_G","Strike_G","Strike_G","Defend_G","Defend_G","Defend_G","Defend_G","Defend_G","Survivor","Neutralize+1","Poisoned Stab+1","Dagger Spray+1","Footwork+1","Blur","Backflip","Flechettes","Well Laid Plans"],"relics":["Ring of the Snake","Torii","Bird Faced Urn","Meat on the Bone"],"acts_visited":["Exordium"],"potions_floor_usage":[13,16,16],"damage_taken":[{"damage":7,"enemies":"Cultist","floor":1,"turns":5},{"damage":2,"enemies":"Jaw Worm","floor":2,"turns":5},{"damage":0,"enemies":"2 Louse","floor":3,"turns":4},{"damage":11,"enemies":"Large Slime","floor":4,"turns":8},{"damage":12,"enemies":"2 Fungi Beasts","floor":7,"turns":4},{"damage":1,"enemies":"Exordium Thugs","floor":10,"turns":4},{"damage":2,"enemies":"Large Slime","floor":11,"turns":6},{"damage":23,"enemies":"Gremlin Nob","floor":13,"turns":4},{"damage":29,"enemies":"Slime Boss","floor":16,"turns":10}],"seed_played":"-5668639687552914115","potions_obtained":[{"floor":3,"key":"GamblersBrew"},{"floor":4,"key":"Dexterity Potion"},{"floor":11,"key":"DuplicationPotion"},{"floor":13,"key":"LiquidMemories"}],"is_trial":false,"path_per_floor":["M","M","M","M","?","R","M","R","T","M","M","R","E","$","R","B"],"character_chosen":"THE_SILENT","items_purchased":["Flechettes","Well Laid Plans"],"campfire_rested":2,"item_purchase_floors":[14,14],"current_hp_per_floor":[52,50,50,39,19,19,7,26,26,27,27,27,6,6,25,0,0],"gold":1,"neow_bonus":"ONE_RARE_RELIC","is_daily":false,"chose_seed":false,"campfire_upgraded":2,"win_rate":0.0,"timestamp":1609493466,"path_taken":["M","?","?","M","?","R","M","R","T","M","M","R","E","$","R","BOSS"],"items_purchased_type":["Card","Card"],"build_version":"2020-12-22","purchased_purges":0,"victory":false,"max_hp_per_floor":[66,66,66,66,66,66,66,66,66,66,66,66,66,66,66,66,66],"card_choices":[{"not_picked":["Bane","Skewer","Underhanded Strike"],"picked":"SKIP","floor":1},{"not_picked":["Caltrops","Dagger Spray"],"picked":"Poisoned Stab","floor":2},{"not_picked":["Slice","Flechettes"],"picked":"Dagger Spray","floor":3},{"not_picked":["Expertise","Prepared"],"picked":"Footwork","floor":4},{"not_picked":["Dodge and Roll","Cloak And Dagger","Heel Hook"],"picked":"SKIP","floor":7},{"not_picked":["Malaise","Prepared"],"picked":"Blur","floor":10},{"not_picked":["Dodge and Roll","Poisoned Stab"],"picked":"Backflip","floor":11},{"not_picked":["Flying Knee","Flechettes","Bane"],"picked":"SKIP","floor":13}],"player_experience":135014,"relics_obtained":[{"floor":9,"key":"Bird Faced Urn"},{"floor":13,"key":"Meat on the Bone"}],"event_choices":[{"damage_healed":0,"gold_gain":0,"player_choice":"Entered Light","damage_taken":20,"max_hp_gain":0,"max_hp_loss":0,"event_name":"Shining Light","floor":5,"gold_loss":0,"cards_upgraded":["Dagger Spray","Footwork"]}],"is_beta":false,"boss_relics":[],"items_purged_floors":[],"is_endless":false,"potions_floor_spawned":[3,4,11,13],"killed_by":"Slime Boss","ascension_level":20}}