{"host":"0tg1gncob7yth7j0","time":1609524804,"event":{"mods":["BaseMod","Best Route Mod","Block Reminder","Disable Question Mark Monsters","Gold Saver","Minty Spire (QoL Compilation)","SacredBarkPlus","StSLib","Transform Curses"],"gold_per_floor":[1686,1081,1098,1114,1114,1114,1128,1128,1128,1128,788,788,799,816,816,893,893,877,896,702,702,702,702,702],"floor_reached":23,"playtime":1091,"items_purged":[],"score":404,"play_id":"59879bde-ee87-4a46-ba8d-f36889ec2462","local_time":"20210101131324","is_ascension_mode":true,"campfire_choices":[{"data":"Eruption","floor":6,"key":"SMITH"},{"data":"Crescendo","floor":8,"key":"SMITH"},{"data":"Vigilance","floor":10,"key":"SMITH"},{"data":"Protect","floor":12,"key":"SMITH"},{"floor":15,"key":"REST"}],"circlet_count":0,"master_deck":["AscendersBane","Strike_P","Strike_P","Strike_P","Strike_P","Defend_P","Defend_P","Defend_P","Defend_P","Eruption+1","Vigilance+1","Fasting2+1","Crescendo+1","TalkToTheHand","Protect+1","SashWhip","Judgement","ClearTheMind","EmptyFist","DeusExMachina","Necronomicurse","Writhe"],"relics":["PureWater","Ancient Tea Set","WingedGreaves","Orichalcum","ClockworkSouvenir","Pear","Question Card","SlaversCollar","Necronomicon","Toxic Egg 2"],"acts_visited":["Exordium","TheCity"],"potions_floor_usage":[4,16,19,19,23,23],"damage_taken":[{"damage":6,"enemies":"Jaw Worm","floor":1,"turns":4},{"damage":10,"enemies":"2 Louse","floor":3,"turns":2},{"damage":0,"enemies":"Small Slimes","floor":4,"turns":3},{"damage":8,"enemies":"3 Louse","floor":7,"turns":3},{"damage":25,"enemies":"Blue Slaver","floor":13,"turns":3},{"damage":0,"enemies":"Looter","floor":14,"turns":3},{"damage":0,"enemies":"Slime Boss","floor":16,"turns":5},{"damage":23,"enemies":"2 Thieves","floor":18,"turns":4},{"damage":2,"enemies":"Chosen","floor":19,"turns":4},{"damage":30,"enemies":"Gremlin Leader","floor":23,"turns":6}],"seed_played":"7666916133948656638","potions_obtained":[{"floor":4,"key":"Fruit Juice"},{"floor":7,"key":"DuplicationPotion"},{"floor":18,"key":"Swift Potion"},{"floor":19,"key":"EntropicBrew"}],"is_trial":false,"path_per_floor":["M","$","M","M","?","R","M","R","T","R","$","R","M","M","R","B",null,"M","M","$","?","?","E"],"character_chosen":"WATCHER","items_purchased":["WingedGreaves","Orichalcum","ClockworkSouvenir","TalkToTheHand","Question Card","Protect","EmptyFist","DeusExMachina"],"campfire_rested":1,"item_purchase_floors":[2,2,2,11,11,11,20,20],"current_hp_per_floor":[55,55,45,50,50,50,42,42,52,52,52,52,27,27,51,51,75,52,50,50,29,29,0,0],"gold":702,"neow_bonus":"RANDOM_COMMON_RELIC","is_daily":false,"chose_seed":false,"campfire_upgraded":4,"win_rate":0.0,"timestamp":1609524804,"path_taken":["M","$","M","M","?","R","M","R","T","R","$","R","M","M","R","BOSS","M","M","$","?","?","E"],"items_purchased_type":["Relic","Relic","Relic","Card","Relic","Card","Card","Card"],"build_version":"2020-12-22","purchased_purges":0,"victory":false,"max_hp_per_floor":[68,68,68,73,73,73,73,73,83,83,83,83,83,83,83,83,83,83,83,83,83,83,83,83],"card_choices":[{"not_picked":["JustLucky","EmptyBody","CrushJoints"],"picked":"SKIP","floor":1},{"not_picked":["Halt","Prostrate"],"picked":"Fasting2","floor":3},{"not_picked":["WreathOfFlame","Vengeance","ThirdEye"],"picked":"SKIP","floor":4},{"not_picked":["Vengeance","FlurryOfBlows"],"picked":"Crescendo","floor":7},{"not_picked":["JustLucky","Perseverance","PathToVictory"],"picked":"SashWhip","floor":13},{"not_picked":["Indignation","Vengeance","ThirdEye"],"picked":"Judgement","floor":14},{"not_picked":["Protect","ThirdEye","Wireheading","CutThroughFate"],"picked":"SKIP","floor":18},{"not_picked":["FollowUp","SashWhip","Prostrate"],"picked":"ClearTheMind","floor":19}],"player_experience":3619421,"relics_obtained":[{"floor":9,"key":"Pear"},{"floor":21,"key":"Necronomicon"}],"event_choices":[{"damage_healed":0,"gold_gain":0,"player_choice":"Grow","damage_taken":0,"max_hp_gain":0,"max_hp_loss":0,"event_name":"Living Wall","floor":5,"gold_loss":0,"cards_upgraded":["Fasting2"]},{"damage_healed":0,"gold_gain":0,"player_choice":"Obtained Book","damage_taken":21,"max_hp_gain":0,"max_hp_loss":0,"event_name":"Cursed Tome","floor":21,"gold_loss":0},{"damage_healed":0,"gold_gain":0,"player_choice":"Opened","damage_taken":0,"relics_obtained":["Toxic Egg 2"],"max_hp_gain":0,"max_hp_loss":0,"event_name":"The Mausoleum","floor":22,"gold_loss":0,"cards_obtained":["Writhe"]}],"is_beta":false,"boss_relics":[{"not_picked":["Runic Pyramid","Snecko Eye"],"picked":"SlaversCollar"}],"items_purged_floors":[],"is_endless":false,"potions_floor_spawned":[4,7,18,19],"killed_by":"Gremlin Leader","ascension_level":15}}