{"host":"5jn3rki867005t18","time":1609507322,"event":{"mods":["AchievementEnabler","BaseMod","Colored Map","DeckTracker","Highlight Path","Minty Spire (QoL Compilation)","Permanent Neow","Quick Restart","StSLib","SuperFastMode"],"gold_per_floor":[119,119,139,64,81,115,290,304,304,304,304,304,106,122,122,223,223,236,248,259,259,275,275,289,214,295,295,320,336,336,371,371,472,472,492,503,11,28,28,28,40,40,40,40,60,60,91,104,104,104,104],"floor_reached":50,"playtime":2307,"items_purged":["Strike_B","Strike_B","Strike_B"],"score":539,"play_id":"d5a501a5-6688-4208-be8e-11c9d81a3c46","local_time":"20210101222202","is_ascension_mode":false,"campfire_choices":[{"data":"Defragment","floor":10,"key":"SMITH"},{"data":"Redo","floor":12,"key":"SMITH"},{"floor":15,"key":"REST"},{"floor":23,"key":"REST"},{"floor":27,"key":"REST"},{"floor":32,"key":"REST"},{"floor":40,"key":"REST"},{"floor":42,"key":"REST"},{"floor":49,"key":"REST"}],"circlet_count":0,"master_deck":["Strike_B","Defend_B","Defend_B","Defend_B","Zap","Dualcast+1","Gash","Conserve Battery","Redo+1","Defragment+1","Cold Snap","Blind","Leap","Thunder Strike","Rebound","Conserve Battery+1","Leap","Leap+1","Electrodynamics","Ball Lightning","Defragment","Streamline+1","Core Surge","Cold Snap+1","Sunder+1","Finesse","Recycle+1","Compile Driver+1","Madness","Madness","Double Energy+1"],"relics":["Cracked Core","Lantern","Ornamental Fan","Fusion Hammer","Bottled Lightning","Mango","Gremlin Horn","White Beast Statue","Inserter","Mercury Hourglass","Smiling Mask","Sundial"],"acts_visited":["Exordium","TheCity","TheBeyond"],"potions_floor_usage":[6,18,24,28,38,41,41,45,47,48,50],"damage_taken":[{"damage":1,"enemies":"2 Louse","floor":1,"turns":3},{"damage":1,"enemies":"Cultist","floor":3,"turns":3},{"damage":2,"enemies":"Small Slimes","floor":5,"turns":4},{"damage":29,"enemies":"3 Sentries","floor":6,"turns":9},{"damage":9,"enemies":"Blue Slaver","floor":8,"turns":3},{"damage":15,"enemies":"Gremlin Gang","floor":14,"turns":4},{"damage":26,"enemies":"Hexaghost","floor":16,"turns":14},{"damage":8,"enemies":"Chosen","floor":18,"turns":8},{"damage":0,"enemies":"Shell Parasite","floor":19,"turns":5},{"damage":20,"enemies":"Sentry and Sphere","floor":20,"turns":7},{"damage":14,"enemies":"Centurion and Healer","floor":22,"turns":12},{"damage":19,"enemies":"3 Cultists","floor":24,"turns":7},{"damage":27,"enemies":"Gremlin Leader","floor":28,"turns":6},{"damage":8,"enemies":"Snake Plant","floor":29,"turns":4},{"damage":16,"enemies":"Slavers","floor":31,"turns":3},{"damage":41,"enemies":"Collector","floor":33,"turns":10},{"damage":0,"enemies":"3 Shapes","floor":35,"turns":2},{"damage":42,"enemies":"3 Darklings","floor":36,"turns":5},{"damage":13,"enemies":"Maw","floor":38,"turns":7},{"damage":16,"enemies":"Jaw Worm Horde","floor":41,"turns":4},{"damage":18,"enemies":"Spire Growth","floor":45,"turns":5},{"damage":41,"enemies":"Reptomancer","floor":47,"turns":8},{"damage":30,"enemies":"3 Darklings","floor":48,"turns":5},{"damage":66,"enemies":"Donu and Deca","floor":50,"turns":4}],"seed_played":"-4783127129913977835","potions_obtained":[{"floor":1,"key":"Ancient Potion"},{"floor":6,"key":"FairyPotion"},{"floor":16,"key":"LiquidBronze"},{"floor":22,"key":"Block Potion"},{"floor":24,"key":"DistilledChaos"},{"floor":28,"key":"SpeedPotion"},{"floor":31,"key":"GamblersBrew"},{"floor":33,"key":"DuplicationPotion"},{"floor":35,"key":"LiquidMemories"},{"floor":36,"key":"Explosive Potion"},{"floor":38,"key":"Energy Potion"},{"floor":41,"key":"Regen Potion"},{"floor":45,"key":"ColorlessPotion"},{"floor":47,"key":"PowerPotion"},{"floor":48,"key":"Weak Potion"}],"is_trial":false,"path_per_floor":["M","?","M","$","M","E","?","M","T","R","?","R","$","M","R","B",null,"M","M","M","?","M","R","M","?","T","R","E","M","T","E","R","B",null,"M","M","$","M","$","R","M","R","T","?","M","?","E","M","R","B"],"character_chosen":"DEFECT","items_purchased":["Blind","Mercury Hourglass","Finesse","Barrage"],"campfire_rested":7,"item_purchase_floors":[13,37,37,37],"current_hp_per_floor":[81,81,80,80,78,49,49,40,40,40,40,40,40,25,49,23,82,74,74,54,38,24,50,31,31,31,57,44,36,36,20,50,9,101,101,59,59,46,46,76,60,90,90,77,73,73,32,2,32,0,0],"gold":104,"neow_bonus":"TEN_PERCENT_HP_BONUS","is_daily":false,"chose_seed":false,"campfire_upgraded":2,"win_rate":0.0,"timestamp":1609507322,"path_taken":["M","?","M","?","?","E","?","M","T","R","?","R","$","M","R","BOSS","M","?","M","?","M","R","M","?","T","R","E","M","?","E","R","BOSS","M","M","$","M","$","R","M","R","T","?","M","?","E","M","R","BOSS"],"items_purchased_type":["Card","Relic","Card","Card"],"build_version":"2020-12-22","purchased_purges":3,"victory":false,"max_hp_per_floor":[82,82,82,82,82,82,82,82,82,82,82,82,82,82,82,82,82,82,82,82,87,87,87,87,87,87,87,101,101,101,101,101,101,101,101,101,101,101,101,101,101,101,101,101,101,101,101,101,101,101,101],"card_choices":[{"not_picked":["Darkness","Rebound"],"picked":"Gash","floor":1},{"not_picked":["Go for the Eyes","Steam"],"picked":"Conserve Battery","floor":3},{"not_picked":["Rebound","BootSequence"],"picked":"Redo","floor":5},{"not_picked":["Electrodynamics","Turbo"],"picked":"Defragment","floor":6},{"not_picked":["Beam Cell","Gash"],"picked":"Cold Snap","floor":8},{"not_picked":["White Noise","Rebound"],"picked":"Leap","floor":14},{"not_picked":["Buffer","Biased Cognition"],"picked":"Thunder Strike","floor":16},{"not_picked":["Hologram","Recycle"],"picked":"Rebound","floor":18},{"not_picked":["Storm","Double Energy"],"picked":"Conserve Battery+1","floor":19},{"not_picked":["Gash","Steam"],"picked":"Leap","floor":20},{"not_picked":["Aggregate","Streamline"],"picked":"Leap+1","floor":22},{"not_picked":["Barrage","Fusion"],"picked":"Electrodynamics","floor":24},{"not_picked":["Recycle","Steam"],"picked":"Ball Lightning","floor":28},{"not_picked":["Chaos","Recycle"],"picked":"Defragment","floor":29},{"not_picked":["Steam","Rebound+1"],"picked":"Streamline+1","floor":31},{"not_picked":["All For One","Buffer"],"picked":"Core Surge","floor":33},{"not_picked":["Steam Power","Recycle+1"],"picked":"Cold Snap+1","floor":35},{"not_picked":["BootSequence+1","Barrage"],"picked":"Sunder+1","floor":36},{"not_picked":["Rip and Tear+1","Genetic Algorithm+1"],"picked":"Recycle+1","floor":38},{"not_picked":["FTL","Go for the Eyes"],"picked":"Compile Driver+1","floor":41},{"not_picked":["Rebound","Steam"],"picked":"Double Energy+1","floor":45},{"not_picked":["Amplify","Self Repair","Fusion+1"],"picked":"SKIP","floor":47},{"not_picked":["Sweeping Beam","Steam+1","Compile Driver"],"picked":"SKIP","floor":48}],"player_experience":150035,"relics_obtained":[{"floor":6,"key":"Lantern"},{"floor":9,"key":"Ornamental Fan"},{"floor":26,"key":"Bottled Lightning"},{"floor":28,"key":"Mango"},{"floor":30,"key":"Gremlin Horn"},{"floor":31,"key":"White Beast Statue"},{"floor":43,"key":"Smiling Mask"},{"floor":47,"key":"Sundial"}],"event_choices":[{"damage_healed":0,"gold_gain":0,"player_choice":"Forge","damage_taken":0,"max_hp_gain":0,"max_hp_loss":0,"event_name":"Accursed Blacksmith","floor":2,"gold_loss":0,"cards_upgraded":["Dualcast"]},{"damage_healed":0,"gold_gain":175,"player_choice":"AGREE","damage_taken":0,"max_hp_gain":0,"max_hp_loss":0,"event_name":"Liars Game","floor":7,"gold_loss":0,"cards_obtained":["Doubt"]},{"cards_removed":["Doubt"],"damage_healed":0,"gold_gain":0,"player_choice":"Removed Curses","damage_taken":0,"max_hp_gain":0,"max_hp_loss":0,"event_name":"Fountain of Cleansing","floor":11,"gold_loss":0},{"damage_healed":0,"gold_gain":0,"player_choice":"Shed Blood","damage_taken":21,"max_hp_gain":5,"max_hp_loss":0,"event_name":"Forgotten Altar","floor":21,"gold_loss":0},{"cards_removed":["Defend_B"],"damage_healed":0,"gold_gain":0,"player_choice":"Gave Gold","damage_taken":0,"max_hp_gain":0,"max_hp_loss":0,"event_name":"Beggar","floor":25,"gold_loss":75},{"damage_healed":0,"gold_gain":0,"player_choice":"Embrace Madness","damage_taken":13,"max_hp_gain":0,"max_hp_loss":0,"event_name":"Winding Halls","floor":44,"gold_loss":0,"cards_obtained":["Madness","Madness"]},{"cards_removed":["Barrage"],"damage_healed":0,"gold_gain":0,"player_choice":"Removed Attack","damage_taken":0,"max_hp_gain":0,"max_hp_loss":0,"event_name":"Falling","floor":46,"gold_loss":0}],"is_beta":false,"boss_relics":[{"not_picked":["Coffee Dripper","Pandora\u0027s Box"],"picked":"Fusion Hammer"},{"not_picked":["FrozenCore","Empty Cage"],"picked":"Inserter"}],"items_purged_floors":[4,13,37],"is_endless":false,"potions_floor_spawned":[1,6,16,22,24,28,31,33,35,36,38,41,45,47,48],"killed_by":"Donu and Deca","ascension_level":0}}