{"host":"nn0usk9aafse27ii","time":1609540933,"event":{"mods":["BaseMod","Colored Map","Highlight Path","Minty Spire (QoL Compilation)","Shop Mod","StSLib","The Disciple"],"gold_per_floor":[109,34,34,34,34,64,83,83,83,100,115,115,125,136,136,235,235,253,352,352,366,381,381,407,407,407],"floor_reached":25,"playtime":3457,"items_purged":["Doubt"],"score":223,"play_id":"3bec4a86-b4e0-4888-977d-f65c30be4c68","local_time":"20210101144213","is_ascension_mode":false,"campfire_choices":[{"data":"Flay","floor":8.0,"key":"SMITH"},{"data":"BeatsPerMinute","floor":15,"key":"SMITH"},{"floor":23,"key":"REST"}],"circlet_count":0,"master_deck":["Allargando+1","Lento+1","Moderato+1","Moderato","Rallentando","Strike_Br","Defend_Br","Defend_Br","Defend_Br","Defend_Br","SecondHand","PatternShift","Flay+1","CrunchTime","BeatsPerMinute+1","OverTime","DaylightSavings","ReapSow","LockedThread","TiringSlam","LockedPlans","Keepsakes","LockedLightning","LockedMercury","LockedTornado","Keepsakes+1","ExoVibe"],"relics":["Chronograph","Pen Nib","Matryoshka","SpringShield"],"acts_visited":["Exordium","TheCity"],"potions_floor_usage":[13,16,16,16,22,25],"damage_taken":[{"damage":0.0,"enemies":"2 Louse","floor":1.0,"turns":4.0},{"damage":24.0,"enemies":"3 Sentries","floor":6.0,"turns":10.0},{"damage":0.0,"enemies":"Jaw Worm","floor":7.0,"turns":8.0},{"damage":0.0,"enemies":"Small Slimes","floor":10.0,"turns":3.0},{"damage":7,"enemies":"Gremlin Gang","floor":11,"turns":6},{"damage":2,"enemies":"Large Slime","floor":13,"turns":8},{"damage":0,"enemies":"3 Louse","floor":14,"turns":3},{"damage":9,"enemies":"Slime Boss","floor":16,"turns":10},{"damage":6,"enemies":"3 Byrds","floor":18,"turns":6},{"damage":35,"enemies":"2 Thieves","floor":21,"turns":4},{"damage":5,"enemies":"Chosen and Byrds","floor":22,"turns":4},{"damage":44,"enemies":"Book of Stabbing","floor":24,"turns":7},{"damage":2,"enemies":"Centurion and Healer","floor":25,"turns":5}],"seed_played":"3492316177999030325","potions_obtained":[{"floor":1.0,"key":"SkillPotion"},{"floor":5.0,"key":"DistilledChaos"},{"floor":5.0,"key":"Swift Potion"},{"floor":11,"key":"Weak Potion"},{"floor":13,"key":"FearPotion"},{"floor":14,"key":"Fire Potion"},{"floor":21,"key":"LiquidBronze"},{"floor":24,"key":"SkillPotion"}],"is_trial":false,"path_per_floor":["M","$","?","?","?","E","M","R","T","M","M","?","M","M","R","B",null,"M","?","?","M","M","R","E","M"],"character_chosen":"CHRONO_CLASS","items_purchased":[],"campfire_rested":1,"item_purchase_floors":[],"current_hp_per_floor":[65,65,70,70,70,46,46,46,46,46,39,39,37,37,37,28,70,64,64,64,29,24,45,1,0,0],"gold":407,"neow_bonus":"TRANSFORM_TWO_CARDS","is_daily":false,"chose_seed":false,"campfire_upgraded":2,"win_rate":0.0,"timestamp":1609540933,"path_taken":["M","$","?","?","?","E","M","R","T","M","?","?","M","M","R","BOSS","M","?","?","M","M","R","E","M"],"items_purchased_type":[],"build_version":"2020-12-22","purchased_purges":1,"victory":false,"max_hp_per_floor":[65,65,70,70,70,70,70,70,70,70,70,70,70,70,70,70,70,70,70,70,70,70,70,70,70,70],"card_choices":[{"not_picked":["AlternateTimeline","LockedUrn"],"picked":"BeatsPerMinute","floor":1.0},{"not_picked":["LockedTornado","ShortSighted"],"picked":"DaylightSavings","floor":6.0},{"not_picked":["Parity","EscortCommand"],"picked":"ReapSow","floor":7.0},{"not_picked":["ExoVibe","Tempo"],"picked":"LockedThread","floor":10.0},{"not_picked":["ResonantCall","PrimeTime"],"picked":"TiringSlam","floor":11},{"not_picked":["LockedOrichalcum","LockedBell"],"picked":"LockedPlans","floor":13},{"not_picked":["BeatsPerMinute","Echoward"],"picked":"Keepsakes","floor":14},{"not_picked":["Fragmentalize","OracleForm"],"picked":"LockedLightning","floor":16},{"not_picked":["ReapSow+1","BeatsPerMinute"],"picked":"LockedMercury","floor":18},{"not_picked":["AlternateTimeline","ExoVibe"],"picked":"Keepsakes+1","floor":21},{"not_picked":["Echoward","LockedAnchor","HandsUpC+1"],"picked":"SKIP","floor":22},{"not_picked":["EscortCommand","ReapSow+1"],"picked":"ExoVibe","floor":24}],"player_experience":367134,"relics_obtained":[{"floor":6.0,"key":"Pen Nib"},{"floor":9.0,"key":"Matryoshka"},{"floor":24,"key":"SpringShield"}],"event_choices":[{"damage_healed":0.0,"max_hp_gain":5.0,"max_hp_loss":0.0,"gold_gain":0.0,"event_name":"Big Fish","player_choice":"Donut","floor":3.0,"gold_loss":0.0,"damage_taken":0.0},{"damage_healed":0.0,"max_hp_gain":0.0,"max_hp_loss":0.0,"gold_gain":0.0,"cards_transformed":["Strike_Br"],"event_name":"Living Wall","player_choice":"Change","floor":4.0,"gold_loss":0.0,"damage_taken":0.0,"cards_obtained":["OverTime"]},{"damage_healed":0.0,"max_hp_gain":0.0,"max_hp_loss":0.0,"gold_gain":0.0,"event_name":"Lab","player_choice":"Got Potions","floor":5.0,"gold_loss":0.0,"damage_taken":0.0},{"damage_healed":0,"gold_gain":0,"player_choice":"Ignored","damage_taken":0,"max_hp_gain":0,"max_hp_loss":0,"event_name":"Liars Game","floor":12,"gold_loss":0},{"damage_healed":0,"gold_gain":99,"player_choice":"Stole From Cult","damage_taken":0,"max_hp_gain":0,"max_hp_loss":0,"event_name":"Nest","floor":19,"gold_loss":0},{"damage_healed":0,"gold_gain":0,"player_choice":"Read","damage_taken":0,"max_hp_gain":0,"max_hp_loss":0,"event_name":"The Library","floor":20,"gold_loss":0,"cards_obtained":["LockedTornado"]}],"is_beta":false,"boss_relics":[{"not_picked":["Cursed Key","SlaversCollar"],"picked":"Chronograph"}],"items_purged_floors":[2],"is_endless":false,"potions_floor_spawned":[1,11,13,14,21,24],"killed_by":"Centurion and Healer","ascension_level":0}}