{"host":"c1ih99nde5rm1bm8","time":1609495913,"event":{"mods":["Act Like it!","BaseMod","Gensokyo","Highlight Path","Marisa£®ÏF”Í°°ƒß¿Ì…≥£©","Minty Spire (QoL Compilation)","MostiFishMod","Railgun Mod","Reimu£®≤©¿ˆ¡È√Œ£©","Remilia_Scarlet Moed£®¿Ÿ√◊¿Ú—«°§Àπø®¿◊Ãÿ£©3.3.5","Remilia£®¿Ÿ√◊¿Ú—«£©","StSLib","The Servant 0.9.4","UnlockEverythingMod","Yakumo Yukari mod","Youmu£®ªÍ∆«—˝√Œ£©","Yuri Mod","Yuyuko","noobMod","°æ“≈ŒÔø®≈∆°øREMEMod"],"gold_per_floor":[110,110,110,131,131,165,16,16,42,61,96,119,119,138,138,269,269,288,303,323,67,105,105,140,140,140,159,172,172,210,225,225,348,348,372,594,594,608,628,961,961,961,961],"floor_reached":42,"playtime":1645,"items_purged":["Strike_YM","Strike_YM"],"score":723,"play_id":"ddd8d3cf-7a87-420b-b231-c85dce238cc1","local_time":"20210101181153","is_ascension_mode":false,"campfire_choices":[{"floor":8.0,"key":"RECALL"},{"floor":13.0,"key":"REST"},{"data":"DoubleWheelOfPain","floor":15.0,"key":"SMITH"},{"data":"GreatEnlightenmentAppearingAndDisappearing","floor":23.0,"key":"SMITH"},{"data":"VoidnessSword","floor":25.0,"key":"SMITH"},{"floor":32.0,"key":"REST"},{"floor":41,"key":"REST"}],"circlet_count":0,"master_deck":["Strike_YM","Strike_YM","Defend_YM","Defend_YM","Defend_YM","Defend_YM","SlashOfPresentWorld","WheelOfPainOfLivingAndDead","SpiderLilyBurial","TreasureHunter","Injury","EchoesOfTheInclemencyOfAllBeings","Regret","SuddenDivineSeveringOfKarmicWind+1","DoubleWheelOfPain+1","TenKingsRetributionOnThePreta+1","MatsuyoiReflectingSatelliteSlash+1","LotusPostureSlash+1","CrescentMoonSlash+1","GreatEnlightenmentAppearingAndDisappearing+1","MostiFishMod:SephirahHod","FiveSignsOfTheDyingDeva+1","SpiritMediumsBind","VoidnessSword+1","CherryBlossomFlashing+1","HellRealmSword+1","SlashOfMeditation+1","CherryBlossomFlashing+1","CherryBlossomSword","HellFireSword","SlashOfTheEternalFuture+1","LifeCuttingSword+1","HesitationCuttingSword+1","FourBirthsSword"],"relics":["HalfPhantom","DaveBox","ice","REME_ComplimentaryCards","NeowsBlessing","PatriotShield","SynthV:TestCard","TungstenRod","Molten Egg 2","Happy Flower","Du-Vu Doll","CrazyTorch:ReiMu","MostiFishMod:Hod","ChiLing","Chi","Ling","Red Mask","ChestCloth","Anchor","FencingExperience","White Beast Statue","ThornShield","ShadowXiaoBlade","StrikeDummy"],"acts_visited":["Exordium","TheCity","TheBeyond"],"potions_floor_usage":[42],"damage_taken":[{"damage":0.0,"enemies":"Small Slimes","floor":1.0,"turns":1.0},{"damage":0.0,"enemies":"Jaw Worm","floor":4.0,"turns":1.0},{"damage":0.0,"enemies":"3 Sentries","floor":6.0,"turns":2.0},{"damage":0.0,"enemies":"2 Louse","floor":10.0,"turns":1.0},{"damage":0.0,"enemies":"Gremlin Nob","floor":11.0,"turns":2.0},{"damage":2.0,"enemies":"2 Fungi Beasts","floor":12.0,"turns":2.0},{"damage":0.0,"enemies":"3 Louse","floor":14.0,"turns":1.0},{"damage":2.0,"enemies":"Slime Boss","floor":16.0,"turns":2.0},{"damage":1.0,"enemies":"Chosen","floor":18.0,"turns":3.0},{"damage":0.0,"enemies":"Spheric Guardian","floor":19.0,"turns":2.0},{"damage":0.0,"enemies":"Snecko","floor":20.0,"turns":1.0},{"damage":0.0,"enemies":"Masked Bandits","floor":22.0,"turns":1.0},{"damage":0.0,"enemies":"Gremlin Leader","floor":24.0,"turns":2.0},{"damage":0.0,"enemies":"Snake Plant","floor":27.0,"turns":1.0},{"damage":0.0,"enemies":"Sentry and Sphere","floor":28.0,"turns":1.0},{"damage":0.0,"enemies":"Slavers","floor":30.0,"turns":1.0},{"damage":0.0,"enemies":"Centurion and Healer","floor":31.0,"turns":2.0},{"damage":0,"enemies":"Collector","floor":33,"turns":1},{"damage":0,"enemies":"Orb Walker","floor":35,"turns":1},{"damage":0,"enemies":"3 Darklings","floor":38,"turns":1},{"damage":52,"enemies":"Transient","floor":39,"turns":5},{"damage":151,"enemies":"Remilia_Smww","floor":42,"turns":8}],"seed_played":"4241134489909460069","potions_obtained":[{"floor":1.0,"key":"PowerPotion"},{"floor":11.0,"key":"LiquidMemories"},{"floor":14.0,"key":"AttackPotion"},{"floor":27.0,"key":"ColorlessPotion"},{"floor":28.0,"key":"BlessingOfTheForge"},{"floor":30.0,"key":"Ancient Potion"},{"floor":31.0,"key":"Explosive Potion"},{"floor":35,"key":"Fire Potion"},{"floor":38,"key":"DistilledChaos"},{"floor":39,"key":"DuplicationPotion"}],"is_trial":false,"path_per_floor":["M","?","?","M","?","E","$","R","T","M","E","M","R","M","R","B",null,"M","M","M","$","?","R","E","R","T","M","M","?","E","M","R","B",null,"M","?","?","M","M","?","R","?"],"character_chosen":"YOUMU","items_purchased":["DoubleWheelOfPain","ChiLing"],"campfire_rested":3,"item_purchase_floors":[7,21],"current_hp_per_floor":[75,75,50,50,50,50,50,50,50,50,50,48,70,70,70,68,75,74,74,74,74,74,74,74,74,74,74,74,61,61,61,80,80,80,80,80,80,80,28,28,52,0,0],"gold":961,"neow_bonus":"THREE_ENEMY_KILL","is_daily":false,"chose_seed":false,"campfire_upgraded":3,"win_rate":0.0,"timestamp":1609495913,"path_taken":["M","?","?","M","?","E","?","R","T","?","E","M","R","M","R","BOSS","M","M","M","$","?","R","E","R","T","M","M","?","E","M","R","BOSS","M","?","?","M","?","?","R","?"],"items_purchased_type":["Card","Relic"],"build_version":"2020-12-22","purchased_purges":2,"victory":false,"max_hp_per_floor":[75,75,75,75,75,75,75,75,75,75,75,75,75,75,75,75,75,75,75,75,75,75,75,75,75,75,75,75,80,80,80,80,80,80,80,80,80,80,80,80,80,211,211],"card_choices":[{"not_picked":["TwoHundredYojanaInOneSlash","LotusPostureSlash"],"picked":"SpiderLilyBurial","floor":1.0},{"not_picked":["GhostSword","LotusPostureSlash","PhosphoricSlash","ConstancyOfTheConventionalTruth"],"picked":"EchoesOfTheInclemencyOfAllBeings","floor":4.0},{"not_picked":["SlashOfMeditation+1","HumanKnowledgeSword+1","ThreeKonsSevenHakus","HiganSword"],"picked":"SuddenDivineSeveringOfKarmicWind+1","floor":6.0},{"not_picked":["SpiderLilyBurial","FlashingScatteredFlowers+1","EchoesOfTheInclemencyOfAllBeings","CrescentMoonSlash+1"],"picked":"TenKingsRetributionOnThePreta+1","floor":10.0},{"not_picked":["SpiritCuttingSword","CherryBlossomFlashing+1","BloodOfAsura","FlashingScatteredFlowers+1"],"picked":"MatsuyoiReflectingSatelliteSlash+1","floor":11.0},{"not_picked":["LowerRealmReflectionSlash+1","FiveSignsOfTheDyingDeva+1","TwoHundredYojanaInOneSlash+1","FlashingScatteredFlowers+1"],"picked":"LotusPostureSlash+1","floor":12.0},{"not_picked":["IrresoluteSoul","ConstancyOfTheConventionalTruth","TwoHundredYojanaInOneSlash+1","SwordExtraction"],"picked":"CrescentMoonSlash+1","floor":14.0},{"not_picked":["HeavenGodSword+1","VoidnessSword","ReincarnationSword","AsuraSword"],"picked":"GreatEnlightenmentAppearingAndDisappearing","floor":16.0},{"not_picked":["SpiritCuttingSword","TwoHundredYojanaInOneSlash+1","LowerRealmReflectionSlash+1","ThreeKonsSevenHakus+1"],"picked":"FiveSignsOfTheDyingDeva+1","floor":18.0},{"not_picked":["CherryBlossomFlashing+1","SwordOfBindingDesires","ThreeKonsSevenHakus","PhosphoricSlash+1"],"picked":"SpiritMediumsBind","floor":19.0},{"not_picked":["ObsessionWithThePresentWorld","BloodOfAsura","FourBirthsSword+1","FlashingScatteredFlowers+1"],"picked":"VoidnessSword","floor":20.0},{"not_picked":["TwoHundredYojanaInOneSlash+1","PretaSword+1","SanzenSekai+1","SwordOfBindingDesires"],"picked":"CherryBlossomFlashing+1","floor":22.0},{"not_picked":["SwordExtraction","SpiritCuttingSword","LightFlashOfTheNetherworld+1","FlashingScatteredFlowers+1"],"picked":"HellRealmSword+1","floor":24.0},{"not_picked":["DispleasureOfTheSevenHakus+1","HumanKnowledgeSword+1","ThreeKonsSevenHakus","SpiritCuttingSword+1"],"picked":"SlashOfMeditation+1","floor":27.0},{"not_picked":["HumanKnowledgeSword+1","AsTheSilentNirvana","HiganSword","ConstancyOfTheConventionalTruth+1"],"picked":"CherryBlossomFlashing+1","floor":28.0},{"not_picked":["PhosphoricSlash+1","CherryBlossomFlashing+1","SpiritMediumsBind+1","LightFlashOfTheNetherworld+1"],"picked":"CherryBlossomSword","floor":30.0},{"not_picked":["HumanKnowledgeSword+1","HellGodSword+1","FlashingScatteredFlowers+1","CrescentMoonSlash+1"],"picked":"HellFireSword","floor":31.0},{"not_picked":["FastingOfTheYoungPreta","ReincarnationSword","DeadlyForm","WickedSoul"],"picked":"SlashOfTheEternalFuture+1","floor":33},{"not_picked":["HumanGodSword","SpiritCuttingSword","SlashOfMeditation+1","ThreeKonsSevenHakus"],"picked":"LifeCuttingSword+1","floor":35},{"not_picked":["SlashClearingTheSixSenses+1","CherryBlossomFlashing+1","ObsessionWithThePresentWorld+1","SwordOfBindingDesires"],"picked":"HesitationCuttingSword+1","floor":38},{"not_picked":["LotusPostureSlash+1","LowerRealmReflectionSlash+1","FlashingScatteredFlowers+1","LifeCuttingSword+1"],"picked":"FourBirthsSword","floor":39}],"player_experience":61750,"relics_obtained":[{"floor":1.0,"key":"SynthV:TestCard"},{"floor":6.0,"key":"Happy Flower"},{"floor":6.0,"key":"Du-Vu Doll"},{"floor":11.0,"key":"CrazyTorch:ReiMu"},{"floor":22.0,"key":"Red Mask"},{"floor":24.0,"key":"ChestCloth"},{"floor":24.0,"key":"Anchor"},{"floor":26.0,"key":"FencingExperience"},{"floor":30.0,"key":"White Beast Statue"},{"floor":33,"key":"ThornShield"}],"event_choices":[{"damage_healed":0.0,"max_hp_gain":0.0,"max_hp_loss":0.0,"gold_gain":0.0,"event_name":"Golden Idol","player_choice":"Take Wound","floor":2.0,"gold_loss":0.0,"damage_taken":0.0,"relics_obtained":["Golden Idol"],"cards_obtained":["Injury"]},{"damage_healed":0.0,"max_hp_gain":0.0,"max_hp_loss":0.0,"gold_gain":0.0,"event_name":"Scrap Ooze","player_choice":"Success","floor":3.0,"gold_loss":0.0,"damage_taken":25.0,"relics_obtained":["TungstenRod"]},{"damage_healed":0.0,"max_hp_gain":0.0,"max_hp_loss":0.0,"gold_gain":0.0,"event_name":"Big Fish","player_choice":"Box","floor":5.0,"gold_loss":0.0,"damage_taken":0.0,"relics_obtained":["Molten Egg 2"],"cards_obtained":["Regret"]},{"damage_healed":0.0,"max_hp_gain":0.0,"max_hp_loss":0.0,"gold_gain":0.0,"event_name":"Masked Bandits","player_choice":"Fought Bandits","floor":22.0,"gold_loss":0.0,"damage_taken":0.0},{"damage_healed":0.0,"max_hp_gain":5.0,"max_hp_loss":0.0,"gold_gain":0.0,"event_name":"Forgotten Altar","player_choice":"Shed Blood","floor":29.0,"gold_loss":0.0,"damage_taken":19.0},{"damage_healed":0,"gold_gain":222,"player_choice":"Wore Mask","damage_taken":0,"max_hp_gain":0,"max_hp_loss":0,"event_name":"Tomb of Lord Red Mask","floor":36,"gold_loss":0},{"damage_healed":0,"gold_gain":0,"player_choice":"Gave Potion","damage_taken":0,"relics_obtained":["StrikeDummy"],"max_hp_gain":0,"max_hp_loss":0,"event_name":"WeMeetAgain","floor":37,"gold_loss":0},{"damage_healed":0,"gold_gain":333,"player_choice":"Gave Idol","damage_taken":0,"max_hp_gain":0,"max_hp_loss":0,"event_name":"The Moai Head","floor":40,"relics_lost":["Golden Idol"],"gold_loss":0}],"is_beta":false,"boss_relics":[{"not_picked":["Black Star","Runic Pyramid"],"picked":"MostiFishMod:Hod"},{"not_picked":["REME_DemonsWealth","TakeMeEscape"],"picked":"ShadowXiaoBlade"}],"items_purged_floors":[7,21],"is_endless":false,"potions_floor_spawned":[1,11,14,27,28,30,31,33,35,38,39],"killed_by":"Remilia_Smww","ascension_level":0}}