{"host":"ljavmhyz2e552xgo","time":1609537387,"event":{"mods":["BaseMod","Better Third Choice","Downfall","Friendly Minions","GungeonMod","Minty Spire (QoL Compilation)","Permanent Neow","Spicy Shops","StSLib"],"gold_per_floor":[0,15,165,183,183,183,183,202,221,233,233,15,15,29,45,45,45],"floor_reached":16,"playtime":548,"items_purged":["Slimebound:Icky"],"score":94,"play_id":"f0dc6d0c-4df3-4b17-9843-ec733efe30b9","local_time":"20210101154307","is_ascension_mode":false,"campfire_choices":[{"data":"sneckomod:SnekBite","floor":1,"key":"SMITH"},{"data":"sneckomod:TailWhip","floor":6,"key":"SMITH"},{"data":"sneckomod:SoulDraw","floor":13,"key":"SMITH"}],"circlet_count":0,"master_deck":["sneckomod:Strike","sneckomod:Strike","sneckomod:Strike","sneckomod:Defend","sneckomod:Defend","sneckomod:Defend","sneckomod:TailWhip+1","sneckomod:SnekBite+1","sneckomod:Unknown","sneckomod:Unknown","sneckomod:UnknownRarePower","sneckomod:QuickMove","sneckomod:UnknownClassGREEN","sneckomod:SoulDraw+1","sneckomod:UnknownStrength","sneckomod:Unknown3Cost","sneckomod:UnknownStrength","sneckomod:IronFang","sneckomod:Unknown2Cost","sneckomod:Unknown2Cost"],"relics":["sneckomod:SneckoSoul","StrikeDummy","Shuriken","Membership Card"],"acts_visited":["Exordium"],"potions_floor_usage":[14,16],"damage_taken":[{"damage":7,"enemies":"Small Slimes","floor":2,"turns":2},{"damage":0,"enemies":"Jaw Worm","floor":4,"turns":2},{"damage":0,"enemies":"Cultist","floor":8,"turns":3},{"damage":13,"enemies":"Exordium Wildlife","floor":9,"turns":4},{"damage":0,"enemies":"Blue Slaver","floor":10,"turns":3},{"damage":0,"enemies":"downfall:FleeingMerchant","floor":12,"turns":4},{"damage":10,"enemies":"Gremlin Gang","floor":14,"turns":3},{"damage":7,"enemies":"Red Slaver","floor":15,"turns":3},{"damage":63,"enemies":"downfall:Defect","floor":16,"turns":6}],"seed_played":"-8894901088337178517","potions_obtained":[{"floor":8,"key":"AttackPotion"},{"floor":14,"key":"Fire Potion"},{"floor":15,"key":"Fire Potion"}],"is_trial":false,"path_per_floor":["R","M","?","M","?","R","T","M","M","M","T","$","R","M","M","B"],"character_chosen":"THE_SNECKO","items_purchased":["Membership Card","sneckomod:IronFang"],"campfire_rested":0,"item_purchase_floors":[12,12],"current_hp_per_floor":[91,84,84,85,85,85,85,85,73,74,74,75,75,66,60,0,0],"gold":45,"neow_bonus":"THREE_RARE_CARDS","is_daily":false,"chose_seed":false,"campfire_upgraded":3,"win_rate":0.0,"timestamp":1609537387,"path_taken":["R","M","?","M","?","R","T","M","M","?","?","$","R","M","M","BOSS"],"items_purchased_type":["Relic","Card"],"build_version":"2020-12-22","purchased_purges":1,"victory":false,"max_hp_per_floor":[91,91,91,92,92,92,92,92,93,94,94,95,95,94,95,95,95],"card_choices":[{"not_picked":["sneckomod:UnknownColorless","sneckomod:Restock"],"picked":"sneckomod:UnknownRarePower","floor":0},{"not_picked":["sneckomod:UnknownWeak","sneckomod:UnknownCommonSkill"],"picked":"sneckomod:QuickMove","floor":2},{"not_picked":["sneckomod:QuickBite","sneckomod:UnknownClassTHE_CHAMP_GRAY"],"picked":"sneckomod:UnknownClassGREEN","floor":4},{"not_picked":["sneckomod:UnknownEthereal","sneckomod:QuickBite"],"picked":"sneckomod:SoulDraw","floor":8},{"not_picked":["sneckomod:SoulDraw","sneckomod:SoulCleanse"],"picked":"sneckomod:UnknownStrength","floor":9},{"not_picked":["sneckomod:RainOfDice","sneckomod:DiceCrush"],"picked":"sneckomod:Unknown3Cost","floor":10},{"not_picked":["sneckomod:SoulRoll","sneckomod:DiceCrush"],"picked":"sneckomod:UnknownStrength","floor":12},{"not_picked":["sneckomod:UnknownStrike","DemoMod:Spice"],"picked":"sneckomod:Unknown2Cost","floor":14},{"not_picked":["sneckomod:RainOfDice","sneckomod:UnknownVulnerable"],"picked":"sneckomod:Unknown2Cost","floor":15}],"player_experience":1455178,"relics_obtained":[{"floor":7,"key":"StrikeDummy"},{"floor":11,"key":"Shuriken"}],"event_choices":[{"damage_healed":0,"gold_gain":0,"player_choice":"Ignored","damage_taken":0,"max_hp_gain":0,"max_hp_loss":0,"event_name":"NoteForYourself","floor":5,"gold_loss":0}],"is_beta":false,"boss_relics":[],"items_purged_floors":[12],"is_endless":false,"potions_floor_spawned":[8,14,15],"killed_by":"downfall:Defect","ascension_level":0}}