{"host":"fjaupvxe7fzqrf4j","time":1609507604,"event":{"mods":["ATMod(°¢èªMod)","BaseMod","Minty Spire (QoL Compilation)","StSLib"],"gold_per_floor":[109,34,109,34,61,93,123,149,173,206,233,267,267,288,288,363,363,381,98,13,13,25,52,84,109,133,161,192,219,245,245,245,321,321,335,335,154,154,154,185,210,237,237,268,268,299,316,341,341,341,341,341,341,40,75,75],"floor_reached":57,"playtime":1344,"items_purged":["Quick Slash","Underhanded Strike","Acrobatics","Acrobatics"],"score":4825,"play_id":"0f9255f8-435c-4f7d-8046-e4bd4daac5bc","local_time":"20210101212644","daily_mods":["SealedDeck","Heirloom","Time Dilation","Flight","Elite Swarm"],"is_ascension_mode":true,"campfire_choices":[{"data":"AT_WindRun","floor":13.0,"key":"SMITH"},{"data":"AT_KingSlayer","floor":15.0,"key":"SMITH"},{"data":"AT_Desolate","floor":32.0,"key":"SMITH"},{"floor":45.0,"key":"DIG"},{"floor":49.0,"key":"RECALL"},{"data":"Tactician","floor":53.0,"key":"SMITH"}],"circlet_count":0,"master_deck":["AscendersBane","AT_WindRun+1","Backflip","Tactician+1","AT_KingSlayer+1","After Image","Grand Finale","AT_Desolate+1","Prepared+1","Doppelganger+1","Acrobatics+1","Malaise+1","Purity+1"],"relics":["Ring of the Snake","AT_ATBox","Shovel","AT_EbonyIvory","Gambling Chip","Calipers","Akabeko","AT_ChloranthyRing","White Beast Statue","Toxic Egg 2","Odd Mushroom","Busted Crown","Chemical X","AT_BladeRuinedKing","AT_RedTearstoneRing","Mango","The Specimen","Anchor","AT_ArchangelStaff","Tingsha","Unceasing Top","Toy Ornithopter","Coffee Dripper","Vajra","Smiling Mask","InkBottle","Peace Pipe","Ice Cream","Pear","Mercury Hourglass","Molten Egg 2","OrangePellets","AT_DeathDance"],"acts_visited":["Exordium","TheCity","TheBeyond","TheEnding"],"potions_floor_usage":[56,56],"damage_taken":[{"damage":0.0,"enemies":"Small Slimes","floor":1.0,"turns":1.0},{"damage":0.0,"enemies":"3 Sentries","floor":6.0,"turns":1.0},{"damage":0.0,"enemies":"Gremlin Nob","floor":7.0,"turns":1.0},{"damage":0.0,"enemies":"Lagavulin","floor":8.0,"turns":1.0},{"damage":0.0,"enemies":"Gremlin Nob","floor":10.0,"turns":1.0},{"damage":0.0,"enemies":"Lagavulin","floor":11.0,"turns":2.0},{"damage":0.0,"enemies":"Gremlin Nob","floor":12.0,"turns":1.0},{"damage":0.0,"enemies":"The Mushroom Lair","floor":14.0,"turns":1.0},{"damage":0.0,"enemies":"Hexaghost","floor":16.0,"turns":1.0},{"damage":0.0,"enemies":"2 Thieves","floor":18.0,"turns":1.0},{"damage":0.0,"enemies":"Chosen","floor":22.0,"turns":1.0},{"damage":0.0,"enemies":"Book of Stabbing","floor":23.0,"turns":1.0},{"damage":0.0,"enemies":"Gremlin Leader","floor":24.0,"turns":1.0},{"damage":0.0,"enemies":"Slavers","floor":25.0,"turns":1.0},{"damage":0.0,"enemies":"Gremlin Leader","floor":27.0,"turns":1.0},{"damage":0.0,"enemies":"Book of Stabbing","floor":28.0,"turns":1.0},{"damage":0.0,"enemies":"Gremlin Leader","floor":29.0,"turns":1.0},{"damage":0.0,"enemies":"Slavers","floor":30.0,"turns":1.0},{"damage":0.0,"enemies":"Champ","floor":33.0,"turns":1.0},{"damage":0.0,"enemies":"3 Shapes","floor":35.0,"turns":1.0},{"damage":0.0,"enemies":"Nemesis","floor":40.0,"turns":1.0},{"damage":0.0,"enemies":"Giant Head","floor":41.0,"turns":1.0},{"damage":0.0,"enemies":"Reptomancer","floor":42.0,"turns":1.0},{"damage":0.0,"enemies":"Giant Head","floor":44.0,"turns":1.0},{"damage":0.0,"enemies":"Nemesis","floor":46.0,"turns":1.0},{"damage":0.0,"enemies":"3 Darklings","floor":47.0,"turns":1.0},{"damage":0.0,"enemies":"Reptomancer","floor":48.0,"turns":1.0},{"damage":0.0,"enemies":"Time Eater","floor":50.0,"turns":1.0},{"damage":0.0,"enemies":"Donu and Deca","floor":51.0,"turns":1.0},{"damage":0,"enemies":"Shield and Spear","floor":55,"turns":2},{"damage":0,"enemies":"The Heart","floor":56,"turns":4}],"seed_played":"6731813686242070640","potions_obtained":[{"floor":1.0,"key":"AttackPotion"},{"floor":7.0,"key":"AttackPotion"},{"floor":14.0,"key":"PowerPotion"},{"floor":18.0,"key":"DuplicationPotion"}],"is_trial":true,"path_per_floor":["M","$","?","?","T","E","E","E","T","E","E","E","R","?","R","B",null,"M","$","?","?","M","E","E","E","T","E","E","E","E","?","R","B",null,"M","?","$","?","?","E","E","E","T","E","R","E","M","E","R","B","B",null,"R","$","E","B",null],"character_chosen":"THE_SILENT","items_purchased":["Prepared+1","Chemical X","Acrobatics+1","OrangePellets","Purity+1"],"campfire_rested":0,"item_purchase_floors":[19,19,37,54,54],"current_hp_per_floor":[59,59,48,48,48,48,48,48,48,48,48,48,48,48,48,48,62,62,62,62,62,62,62,76,76,76,76,76,76,76,72,72,72,78,78,80,80,76,76,76,76,76,76,76,86,86,86,86,86,86,86,86,86,86,86,86],"gold":75,"neow_bonus":"","is_daily":false,"chose_seed":false,"campfire_upgraded":4,"win_rate":0.0,"timestamp":1609507604,"path_taken":["M","$","?","?","?","E","E","E","T","E","E","E","R","?","R","BOSS","M","$","?","?","?","E","E","E","T","E","E","E","E","?","R","BOSS","M","?","?","?","?","E","E","E","T","E","R","E","M","E","R","BOSS","BOSS","R","$","E","BOSS"],"items_purchased_type":["Card","Relic","Card","Relic","Card"],"build_version":"2020-12-22","purchased_purges":4,"victory":true,"max_hp_per_floor":[66,66,66,66,66,66,66,66,66,66,66,66,66,66,66,66,66,66,66,66,66,66,66,80,80,80,80,80,80,80,80,80,80,80,80,80,80,76,76,76,76,76,76,76,86,86,86,86,86,86,86,86,86,86,86,86],"card_choices":[{"not_picked":["Poisoned Stab","Blade Dance","Sucker Punch"],"picked":"SKIP","floor":1.0},{"not_picked":["Doppelganger","Burst"],"picked":"AT_KingSlayer","floor":6.0},{"not_picked":["A Thousand Cuts","AT_KingSlayer","Malaise"],"picked":"SKIP","floor":7.0},{"not_picked":["Doppelganger","A Thousand Cuts"],"picked":"After Image","floor":8.0},{"not_picked":["Bullet Time","Corpse Explosion"],"picked":"Grand Finale","floor":10.0},{"not_picked":["Wraith Form v2","Night Terror","Venomology"],"picked":"SKIP","floor":11.0},{"not_picked":["Phantasmal Killer+1","Die Die Die","Envenom"],"picked":"SKIP","floor":12.0},{"not_picked":["Underhanded Strike","Footwork"],"picked":"AT_Desolate","floor":14.0},{"not_picked":["Predator"],"picked":"SKIP","floor":18.0},{"not_picked":["Deflect+1"],"picked":"SKIP","floor":22.0},{"not_picked":["Unload"],"picked":"SKIP","floor":23.0},{"not_picked":["Phantasmal Killer+1"],"picked":"SKIP","floor":24.0},{"not_picked":[],"picked":"Doppelganger+1","floor":25.0},{"not_picked":["Corpse Explosion+1"],"picked":"SKIP","floor":27.0},{"not_picked":["Venomology+1"],"picked":"SKIP","floor":28.0},{"not_picked":["AT_MyraUnstableElement+1"],"picked":"SKIP","floor":29.0},{"not_picked":["Tools of the Trade"],"picked":"SKIP","floor":30.0},{"not_picked":["Cloak And Dagger+1"],"picked":"SKIP","floor":35.0},{"not_picked":["Unload"],"picked":"SKIP","floor":40.0},{"not_picked":[],"picked":"Malaise+1","floor":41.0},{"not_picked":["Burst+1"],"picked":"SKIP","floor":42.0},{"not_picked":["Die Die Die"],"picked":"SKIP","floor":44.0},{"not_picked":["After Image"],"picked":"SKIP","floor":46.0},{"not_picked":["PiercingWail+1"],"picked":"SKIP","floor":47.0},{"not_picked":["AT_EssenceShift"],"picked":"SKIP","floor":48.0},{"not_picked":["Corpse Explosion+1"],"picked":"SKIP","floor":55}],"player_experience":314223,"relics_obtained":[{"floor":5.0,"key":"AT_EbonyIvory"},{"floor":6.0,"key":"Gambling Chip"},{"floor":7.0,"key":"Calipers"},{"floor":8.0,"key":"Akabeko"},{"floor":10.0,"key":"AT_ChloranthyRing"},{"floor":11.0,"key":"White Beast Statue"},{"floor":12.0,"key":"Toxic Egg 2"},{"floor":14.0,"key":"Odd Mushroom"},{"floor":23.0,"key":"AT_RedTearstoneRing"},{"floor":24.0,"key":"Mango"},{"floor":25.0,"key":"The Specimen"},{"floor":26.0,"key":"Anchor"},{"floor":27.0,"key":"AT_ArchangelStaff"},{"floor":28.0,"key":"Tingsha"},{"floor":29.0,"key":"Unceasing Top"},{"floor":30.0,"key":"Toy Ornithopter"},{"floor":40.0,"key":"Vajra"},{"floor":41.0,"key":"Smiling Mask"},{"floor":42.0,"key":"InkBottle"},{"floor":43.0,"key":"Peace Pipe"},{"floor":44.0,"key":"Ice Cream"},{"floor":45.0,"key":"Pear"},{"floor":46.0,"key":"Mercury Hourglass"},{"floor":48.0,"key":"Molten Egg 2"},{"floor":55,"key":"AT_DeathDance"}],"event_choices":[{"damage_healed":0.0,"max_hp_gain":0.0,"max_hp_loss":0.0,"gold_gain":75.0,"event_name":"World of Goop","player_choice":"Gather Gold","floor":3.0,"gold_loss":0.0,"damage_taken":11.0},{"cards_removed":["Quick Slash"],"damage_healed":0.0,"max_hp_gain":0.0,"max_hp_loss":0.0,"gold_gain":0.0,"event_name":"The Cleric","player_choice":"Card Removal","floor":4.0,"gold_loss":75.0,"damage_taken":0.0},{"damage_healed":0.0,"max_hp_gain":0.0,"max_hp_loss":0.0,"gold_gain":0.0,"event_name":"Mushrooms","player_choice":"Fought Mushrooms","floor":14.0,"gold_loss":0.0,"damage_taken":0.0},{"damage_healed":0.0,"max_hp_gain":0.0,"max_hp_loss":0.0,"gold_gain":0.0,"event_name":"Addict","player_choice":"Obtained Relic","floor":20.0,"gold_loss":85.0,"damage_taken":0.0,"relics_obtained":["AT_BladeRuinedKing"]},{"cards_removed":["Blade Dance"],"damage_healed":0.0,"max_hp_gain":0.0,"max_hp_loss":0.0,"gold_gain":0.0,"event_name":"Purifier","player_choice":"Purged","floor":21.0,"gold_loss":0.0,"damage_taken":0.0},{"damage_healed":0.0,"max_hp_gain":0.0,"max_hp_loss":0.0,"gold_gain":0.0,"event_name":"The Woman in Blue","player_choice":"Bought 0 Potions","floor":31.0,"gold_loss":0.0,"damage_taken":0.0},{"cards_removed":["Deflect"],"damage_healed":5.0,"max_hp_gain":0.0,"max_hp_loss":0.0,"gold_gain":0.0,"event_name":"Bonfire Elementals","player_choice":"Offered Common","floor":36.0,"gold_loss":0.0,"damage_taken":0.0},{"cards_removed":["Deflect"],"damage_healed":5.0,"max_hp_gain":0.0,"max_hp_loss":0.0,"gold_gain":0.0,"event_name":"Bonfire Elementals","player_choice":"Offered Special","floor":36.0,"gold_loss":0.0,"damage_taken":0.0},{"damage_healed":0.0,"max_hp_gain":0.0,"max_hp_loss":4.0,"gold_gain":0.0,"event_name":"Winding Halls","player_choice":"Max HP","floor":38.0,"gold_loss":0.0,"damage_taken":0.0},{"damage_healed":0.0,"max_hp_gain":0.0,"max_hp_loss":0.0,"gold_gain":0.0,"event_name":"Tomb of Lord Red Mask","player_choice":"Ignored","floor":39.0,"gold_loss":0.0,"damage_taken":0.0}],"is_beta":false,"boss_relics":[{"not_picked":["Velvet Choker","AT_MortalBlade"],"picked":"Busted Crown"},{"not_picked":["HoveringKite","WristBlade"],"picked":"Coffee Dripper"}],"items_purged_floors":[2,19,37,54],"is_endless":false,"potions_floor_spawned":[1,7,12,14,16,18,22,23,24,25,27,28,29,30,33,35,40,41,42,44,46,47,48,55],"ascension_level":20}}