{"host":"iml8x8es9od4zowg","time":1609499295,"event":{"mods":["BaseMod","Hermit","Minty Spire (QoL Compilation)","StSLib","The Jungle","¡¼?Úª?ø«¡½REMEMod"],"gold_per_floor":[117,132,151,151,151,224,224,259,313,386,386,420,448,464,464,587,587,632,632,658,658,83,83,102,141,213,263,269,269],"floor_reached":28,"playtime":1979,"items_purged":["hermit:Covet"],"score":290,"play_id":"1065d3f4-c828-4101-b4ee-7c4ca0157c98","local_time":"20210101200815","is_ascension_mode":true,"campfire_choices":[{"data":"LessonLearned","floor":7,"key":"SMITH"},{"floor":11,"key":"REST"},{"data":"hermit:Maintenance","floor":15,"key":"SMITH"},{"floor":23,"key":"RECALL"}],"circlet_count":0,"master_deck":["hermit:Strike_Hermit+1","hermit:Strike_Hermit","hermit:Strike_Hermit+1","hermit:Strike_Hermit+1","hermit:Defend_Hermit+1","hermit:Defend_Hermit","hermit:Defend_Hermit+1","hermit:Defend_Hermit+1","hermit:Snapshot+1","LessonLearned+1","hermit:Dive+1","hermit:Glare+1","hermit:DeadMansHand+1","hermit:Gambit+1","hermit:LoneWolf+1","hermit:Dive","hermit:Maintenance+1","hermit:OverwhelmingPower","REME_Flogging","hermit:Strike_Hermit","hermit:GhostlyPresence","Secret Technique+1","hermit:FullyLoaded+1"],"relics":["hermit:Momento","REME_ComplimentaryCards","NeowsBlessing","REME_ArchaeologicalTools","Bag of Marbles","Juzu Bracelet","MealTicket","Pear","Potion Belt","REME_LowDesire","Nunchaku","Lantern","Toxic Egg 2","Gremlin Horn","StrikeDummy","Sundial","Calipers"],"acts_visited":["Exordium","Exordium"],"potions_floor_usage":[6,8,8,10,12,27,28],"damage_taken":[{"damage":0,"enemies":"Small Slimes","floor":1,"turns":2},{"damage":0,"enemies":"Cultist","floor":2,"turns":1},{"damage":0,"enemies":"2 Louse","floor":3,"turns":2},{"damage":20,"enemies":"Lagavulin","floor":6,"turns":4},{"damage":18,"enemies":"Gremlin Nob","floor":8,"turns":4},{"damage":12,"enemies":"Gremlin Nob","floor":10,"turns":4},{"damage":18,"enemies":"Lagavulin","floor":12,"turns":4},{"damage":4,"enemies":"2 Fungi Beasts","floor":13,"turns":4},{"damage":0,"enemies":"Blue Slaver","floor":14,"turns":2},{"damage":34,"enemies":"The Guardian","floor":16,"turns":10},{"damage":31,"enemies":"theJungle:Flameango_and_Byrd","floor":18,"turns":8},{"damage":18,"enemies":"theJungle:5_Spyders","floor":20,"turns":8},{"damage":2,"enemies":"theJungle:Lyon","floor":24,"turns":4},{"damage":14,"enemies":"theJungle:Cassacara","floor":25,"turns":8},{"damage":16,"enemies":"theJungle:2_Phrogs","floor":27,"turns":8},{"damage":24,"enemies":"theJungle:2_Snecko_Cultists","floor":28,"turns":3}],"seed_played":"8654190917517803239","potions_obtained":[{"floor":1,"key":"DistilledChaos"},{"floor":2,"key":"Block Potion"},{"floor":3,"key":"hermit:BlackBile"},{"floor":8,"key":"AttackPotion"},{"floor":10,"key":"Regen Potion"},{"floor":13,"key":"SpeedPotion"},{"floor":25,"key":"hermit:Tonic"},{"floor":27,"key":"Weak Potion"}],"is_trial":false,"path_per_floor":["M","M","M","?","?","E","R","E","T","?","R","E","M","M","R","B",null,"M","?","M","?","$","R","M","E","T","E","M"],"character_chosen":"HERMIT","items_purchased":["Toxic Egg 2","Gremlin Horn"],"campfire_rested":1,"item_purchase_floors":[22,22],"current_hp_per_floor":[75,75,75,75,75,55,55,37,37,35,60,54,50,50,50,16,85,54,54,36,36,51,51,49,35,35,19,0,0],"gold":269,"neow_bonus":"THREE_ENEMY_KILL","is_daily":false,"chose_seed":false,"campfire_upgraded":2,"win_rate":0.0,"timestamp":1609499295,"path_taken":["M","M","M","?","?","E","R","E","T","?","R","E","M","M","R","BOSS","M","?","M","?","$","R","M","E","T","E","M"],"items_purchased_type":["Relic","Relic"],"build_version":"2020-12-22","purchased_purges":1,"victory":false,"max_hp_per_floor":[75,75,75,75,75,75,75,75,75,85,85,85,85,85,85,85,85,85,85,85,85,85,85,85,85,85,85,85,85],"card_choices":[{"not_picked":["hermit:HighCaliber","hermit:Quickdraw"],"picked":"hermit:Dive","floor":1},{"not_picked":["hermit:LowProfile","hermit:Dive"],"picked":"hermit:Glare","floor":2},{"not_picked":["hermit:EyeOfTheStorm","hermit:HoleUp"],"picked":"hermit:DeadMansHand","floor":3},{"not_picked":["hermit:Combo","hermit:TakeAim","hermit:SprayPray"],"picked":"SKIP","floor":6},{"not_picked":["hermit:Misfire","hermit:GhostlyPresence"],"picked":"hermit:Gambit","floor":8},{"not_picked":["hermit:Misfire","hermit:ItchyTrigger"],"picked":"hermit:LoneWolf","floor":12},{"not_picked":["hermit:Misfire","hermit:ItchyTrigger"],"picked":"hermit:Dive","floor":13},{"not_picked":["hermit:PistolWhip","hermit:Scavenge"],"picked":"hermit:Maintenance","floor":14},{"not_picked":["hermit:Dissolve","hermit:FinalCanter"],"picked":"hermit:OverwhelmingPower","floor":16},{"not_picked":["hermit:Deadeye+1","hermit:Quickdraw","hermit:BodyArmor+1"],"picked":"REME_Flogging","floor":18},{"not_picked":["hermit:EyeOfTheStorm","hermit:ItchyTrigger+1","The Bomb"],"picked":"hermit:GhostlyPresence","floor":20},{"not_picked":["hermit:HighCaliber","hermit:Quickdraw","hermit:Misfire","Discovery+1"],"picked":"SKIP","floor":24},{"not_picked":["hermit:Headshot","hermit:Midnight+1","hermit:SprayPray"],"picked":"Secret Technique+1","floor":25},{"not_picked":["hermit:Dissolve+1","hermit:Spite","REME_ShortnessOfBreath+1"],"picked":"hermit:FullyLoaded+1","floor":27}],"player_experience":509683,"relics_obtained":[{"floor":6,"key":"Bag of Marbles"},{"floor":8,"key":"Juzu Bracelet"},{"floor":9,"key":"MealTicket"},{"floor":10,"key":"Pear"},{"floor":12,"key":"Potion Belt"},{"floor":17,"key":"Nunchaku"},{"floor":17,"key":"Lantern"},{"floor":25,"key":"StrikeDummy"},{"floor":26,"key":"Sundial"},{"floor":27,"key":"Calipers"}],"event_choices":[{"damage_healed":0,"gold_gain":0,"player_choice":"Box","damage_taken":0,"relics_obtained":["REME_ArchaeologicalTools"],"max_hp_gain":0,"max_hp_loss":0,"event_name":"Big Fish","floor":4,"gold_loss":0,"cards_obtained":["Regret"]},{"cards_removed":["Regret"],"damage_healed":0,"gold_gain":0,"player_choice":"Removed Curses","damage_taken":0,"max_hp_gain":0,"max_hp_loss":0,"event_name":"Fountain of Cleansing","floor":5,"gold_loss":0},{"damage_healed":0,"gold_gain":0,"player_choice":"Searched \u00271\u0027 times","damage_taken":0,"max_hp_gain":0,"max_hp_loss":0,"event_name":"Dead Adventurer","floor":10,"gold_loss":0},{"damage_healed":0,"gold_gain":0,"player_choice":"1 cards matched","damage_taken":0,"max_hp_gain":0,"max_hp_loss":0,"event_name":"Match and Keep!","floor":19,"gold_loss":0,"cards_obtained":["hermit:Strike_Hermit"]}],"is_beta":false,"boss_relics":[{"not_picked":["Calling Bell","REME_DemonsWealth"],"picked":"REME_LowDesire"}],"items_purged_floors":[22],"is_endless":false,"potions_floor_spawned":[1,2,3,8,10,13,25,27],"killed_by":"theJungle:2_Snecko_Cultists","ascension_level":1}}