{"host":"3jjxuhjpio8e4zkv","time":1609468684,"event":{"mods":["BaseMod","Colored Map","Highlight Path","Minty Spire (QoL Compilation)","Permanent Neow","Relic Stats","StSLib"],"gold_per_floor":[367,383,15,27,60,86,86,86,157,212,212,277,340,265,265,342,342,362,429,473,473,23,23,49,49,125,169,194,194],"floor_reached":28,"playtime":1027,"items_purged":["Strike_G"],"score":525,"play_id":"0d7bdbe4-3d44-4a27-b370-280dd2a56aa9","local_time":"20201231213804","is_ascension_mode":true,"campfire_choices":[{"data":"HandOfGreed","floor":8,"key":"SMITH"},{"data":"Glass Knife","floor":11,"key":"SMITH"},{"floor":15,"key":"REST"},{"data":"Wraith Form v2","floor":23,"key":"SMITH"},{"data":"Catalyst","floor":25,"key":"SMITH"}],"circlet_count":0,"master_deck":["AscendersBane","Strike_G","Defend_G","Defend_G","Defend_G","Defend_G","Defend_G","Survivor","Neutralize","Poisoned Stab","Sucker Punch","HandOfGreed+1","Slice","Backflip","Catalyst+1","Glass Knife+1","PiercingWail","Crippling Poison","Wraith Form v2+1","Catalyst+1","Setup+1","Deadly Poison+1","Backflip","Terror","HandOfGreed+1","Venomology","PiercingWail","Burst"],"relics":["Ring of the Snake","TwistedFunnel","Ginger","InkBottle","Oddly Smooth Stone","Astrolabe","Vajra","DollysMirror","Centennial Puzzle"],"acts_visited":["Exordium","TheCity"],"potions_floor_usage":[16,16,18,28,28],"damage_taken":[{"damage":4.0,"enemies":"Small Slimes","floor":1.0,"turns":4.0},{"damage":0.0,"enemies":"Cultist","floor":2.0,"turns":4.0},{"damage":2.0,"enemies":"Jaw Worm","floor":4.0,"turns":5.0},{"damage":0.0,"enemies":"Blue Slaver","floor":5.0,"turns":4.0},{"damage":7.0,"enemies":"Lagavulin","floor":6.0,"turns":5.0},{"damage":27,"enemies":"3 Sentries","floor":10,"turns":8},{"damage":0,"enemies":"Lots of Slimes","floor":12,"turns":4},{"damage":7,"enemies":"Large Slime","floor":13,"turns":6},{"damage":28,"enemies":"Hexaghost","floor":16,"turns":9},{"damage":12,"enemies":"Spheric Guardian","floor":18,"turns":4},{"damage":4,"enemies":"2 Thieves","floor":19,"turns":5},{"damage":0,"enemies":"Centurion and Healer","floor":20,"turns":7},{"damage":10,"enemies":"Gremlin Leader","floor":24,"turns":5},{"damage":19,"enemies":"Cultist and Chosen","floor":27,"turns":7},{"damage":5,"enemies":"3 Cultists","floor":28,"turns":3}],"seed_played":"3599260105038835218","potions_obtained":[{"floor":1.0,"key":"Block Potion"},{"floor":4.0,"key":"Strength Potion"},{"floor":5.0,"key":"AttackPotion"},{"floor":12,"key":"Energy Potion"},{"floor":16,"key":"Swift Potion"},{"floor":19,"key":"SteroidPotion"},{"floor":24,"key":"LiquidBronze"},{"floor":27,"key":"FearPotion"}],"is_trial":false,"path_per_floor":["M","M","$","M","M","E","?","R","T","E","R","M","M","?","R","B",null,"M","M","M","?","$","R","E","R","T","M","M"],"character_chosen":"THE_SILENT","items_purchased":["HandOfGreed","TwistedFunnel","DollysMirror","Venomology","PiercingWail"],"campfire_rested":1,"item_purchase_floors":[3,3,22,22,22],"current_hp_per_floor":[55,55,55,53,53,46,46,46,46,19,19,19,12,12,31,3,50,38,34,34,34,34,34,24,24,24,5,0,0],"gold":194,"neow_bonus":"TWO_FIFTY_GOLD","is_daily":false,"chose_seed":false,"campfire_upgraded":4,"win_rate":0.0,"timestamp":1609468684,"path_taken":["M","M","$","M","M","E","?","R","T","E","R","M","?","?","R","BOSS","M","M","M","?","$","R","E","R","T","M","M"],"items_purchased_type":["Card","Relic","Relic","Card","Card"],"build_version":"2020-12-22","purchased_purges":1,"victory":false,"max_hp_per_floor":[66,66,66,66,66,66,66,66,66,66,66,66,66,66,66,66,66,66,66,66,66,66,66,66,66,66,66,66,66],"relic_stats":{"Centennial Puzzle":[3],"counters":[15,80],"Astrolabe":["Catalyst","Setup","Deadly Poison"],"Ginger":[10],"obtain_stats":[{"TwistedFunnel":3,"Centennial Puzzle":24,"DollysMirror":22,"Astrolabe":17,"Oddly Smooth Stone":10,"Vajra":21,"Ginger":6,"InkBottle":9,"Ring of the Snake":0},{"TwistedFunnel":2,"Centennial Puzzle":13,"DollysMirror":12,"Astrolabe":9,"Oddly Smooth Stone":6,"Vajra":12,"Ginger":5,"InkBottle":5,"Ring of the Snake":0},{"TwistedFunnel":8,"Centennial Puzzle":70,"DollysMirror":65,"Astrolabe":49,"Oddly Smooth Stone":30,"Vajra":65,"Ginger":22,"InkBottle":22,"Ring of the Snake":0}],"InkBottle":[15],"Ring of the Snake":[30]},"card_choices":[{"not_picked":["Acrobatics","Prepared"],"picked":"Poisoned Stab","floor":1.0},{"not_picked":["Dodge and Roll","Backflip"],"picked":"Sucker Punch","floor":2.0},{"not_picked":["Poisoned Stab","Blur"],"picked":"Slice","floor":4.0},{"not_picked":["Acrobatics","Bouncing Flask"],"picked":"Backflip","floor":5.0},{"not_picked":["Storm of Steel","Acrobatics"],"picked":"Catalyst","floor":6.0},{"not_picked":["Choke","Poisoned Stab"],"picked":"PiercingWail","floor":10},{"not_picked":["Dagger Throw","Dagger Spray","Deflect"],"picked":"SKIP","floor":12},{"not_picked":["Prepared","Outmaneuver"],"picked":"Crippling Poison","floor":13},{"not_picked":["Bullet Time","Glass Knife"],"picked":"Wraith Form v2","floor":16},{"not_picked":["Distraction","Acrobatics"],"picked":"Backflip","floor":18},{"not_picked":["Catalyst","PiercingWail"],"picked":"Terror","floor":19},{"not_picked":["Backflip","Finisher","Predator"],"picked":"SKIP","floor":20},{"not_picked":["Slice+1","Dagger Throw"],"picked":"Burst","floor":24},{"not_picked":["Poisoned Stab+1","Blade Dance+1","Outmaneuver"],"picked":"SKIP","floor":27}],"player_experience":1154134,"relics_obtained":[{"floor":6.0,"key":"Ginger"},{"floor":9,"key":"InkBottle"},{"floor":10,"key":"Oddly Smooth Stone"},{"floor":24,"key":"Centennial Puzzle"}],"event_choices":[{"damage_healed":0,"gold_gain":0,"player_choice":"1 cards matched","damage_taken":0,"max_hp_gain":0,"max_hp_loss":0,"event_name":"Match and Keep!","floor":7,"gold_loss":0,"cards_obtained":["Glass Knife"]},{"cards_removed":["Writhe"],"damage_healed":0,"gold_gain":0,"player_choice":"Card Removal","damage_taken":0,"max_hp_gain":0,"max_hp_loss":0,"event_name":"The Cleric","floor":14,"gold_loss":75},{"damage_healed":0,"gold_gain":0,"player_choice":"Gave Potion","damage_taken":0,"relics_obtained":["Vajra"],"max_hp_gain":0,"max_hp_loss":0,"event_name":"WeMeetAgain","floor":21,"gold_loss":0}],"is_beta":false,"boss_relics":[{"not_picked":["Pandora\u0027s Box","Empty Cage"],"picked":"Astrolabe"}],"items_purged_floors":[22],"is_endless":false,"potions_floor_spawned":[1,4,5,12,16,19,24,27],"killed_by":"3 Cultists","ascension_level":20}}