{"host":"i0avyit1s6jb1siw","time":1609487840,"event":{"mods":["BaseMod","DeckTracker","Dota2Spire","Highlight Path","Minty Spire (QoL Compilation)","Quick Restart","Replay The Spire","StSLib","SuperFastMode"],"gold_per_floor":[212,212,230,249,96,96,109,122,122,136,175,175,219,294,369,455,455,476,401,52,52,102,102,102],"floor_reached":23,"playtime":564,"items_purged":["Strike_P","Strike_P"],"score":398,"play_id":"2c4f1350-ed47-4f06-892a-fb91077be430","local_time":"20210101085720","is_ascension_mode":true,"campfire_choices":[{"data":"Eruption","floor":6.0,"key":"SMITH"},{"floor":12,"key":"REST"}],"circlet_count":0,"master_deck":["AscendersBane","Strike_P+1","Strike_P","Defend_P","Defend_P+1","Defend_P+1","Eruption+1","Vigilance","ForeignInfluence","InnerPeace+1","FearNoEvil","EmptyFist","DeusExMachina","Scrawl","CrushJoints","TalkToTheHand"],"relics":["PureWater","War Paint","CeramicFish","Pantograph","VioletLotus","Medical Kit"],"acts_visited":["Exordium","TheCity"],"potions_floor_usage":[12,16],"damage_taken":[{"damage":0.0,"enemies":"Jaw Worm","floor":1.0,"turns":4.0},{"damage":0.0,"enemies":"Small Slimes","floor":3.0,"turns":3.0},{"damage":0.0,"enemies":"2 Louse","floor":4.0,"turns":4.0},{"damage":0.0,"enemies":"Large Slime","floor":7.0,"turns":2.0},{"damage":12.0,"enemies":"Exordium Wildlife","floor":8.0,"turns":4.0},{"damage":2.0,"enemies":"Red Slaver","floor":10.0,"turns":2.0},{"damage":23.0,"enemies":"3 Sentries","floor":11.0,"turns":7.0},{"damage":16,"enemies":"Gremlin Nob","floor":13,"turns":3},{"damage":20,"enemies":"Slime Boss","floor":16,"turns":8},{"damage":36,"enemies":"Chosen","floor":18,"turns":6},{"damage":26,"enemies":"Gremlin Leader","floor":23,"turns":9}],"seed_played":"-376602363738462443","potions_obtained":[{"floor":1.0,"key":"Fruit Juice"},{"floor":3.0,"key":"Dota2Spire:HealingSalve"},{"floor":13,"key":"Elixir"}],"is_trial":false,"path_per_floor":["M","?","M","M","$","R","M","M","T","M","E","R","E","?","R","B",null,"M","?","$","?","?","E"],"character_chosen":"WATCHER","items_purchased":["FearNoEvil","Medical Kit","TalkToTheHand"],"campfire_rested":1,"item_purchase_floors":[5,20,20],"current_hp_per_floor":[61,41,41,41,41,41,41,29,29,27,22,48,32,21,21,26,61,25,25,25,25,25,0,0],"gold":102,"neow_bonus":"HUNDRED_GOLD","is_daily":false,"chose_seed":false,"campfire_upgraded":1,"win_rate":0.0,"timestamp":1609487840,"path_taken":["M","?","M","M","$","R","M","M","T","M","E","R","E","?","R","BOSS","M","?","$","?","?","E"],"items_purchased_type":["Card","Relic","Card"],"build_version":"2020-12-22","purchased_purges":2,"victory":false,"max_hp_per_floor":[68,68,68,68,68,68,68,68,68,68,68,73,73,73,73,73,73,73,73,73,73,73,73,73],"card_choices":[{"not_picked":["FlurryOfBlows","Replay:Anticipation"],"picked":"ForeignInfluence","floor":1.0},{"not_picked":["JustLucky","SashWhip"],"picked":"InnerPeace","floor":3.0},{"not_picked":["FlurryOfBlows","Replay:AtTheReady","Halt"],"picked":"SKIP","floor":4.0},{"not_picked":["Replay:Vibes","ClearTheMind","Replay:ManipulateFuture"],"picked":"SKIP","floor":7.0},{"not_picked":["Protect","BowlingBash","Pray"],"picked":"SKIP","floor":8.0},{"not_picked":["ThirdEye","Crescendo","BowlingBash"],"picked":"SKIP","floor":10.0},{"not_picked":["Weave","Replay:ManipulateFuture"],"picked":"EmptyFist","floor":11.0},{"not_picked":["SashWhip","CutThroughFate"],"picked":"DeusExMachina","floor":13},{"not_picked":["MasterReality","Brilliance"],"picked":"Scrawl","floor":16},{"not_picked":["Swivel","CutThroughFate"],"picked":"CrushJoints","floor":18}],"player_experience":2150983,"relics_obtained":[{"floor":9.0,"key":"War Paint"},{"floor":11.0,"key":"CeramicFish"},{"floor":13,"key":"Pantograph"}],"event_choices":[{"damage_healed":0.0,"max_hp_gain":0.0,"max_hp_loss":0.0,"gold_gain":0.0,"event_name":"Shining Light","player_choice":"Entered Light","floor":2.0,"gold_loss":0.0,"damage_taken":20.0,"cards_upgraded":["Strike_P","Defend_P"]},{"damage_healed":0,"gold_gain":75,"player_choice":"Gather Gold","damage_taken":11,"max_hp_gain":0,"max_hp_loss":0,"event_name":"World of Goop","floor":14,"gold_loss":0},{"cards_removed":["Defend_P"],"damage_healed":0,"gold_gain":0,"player_choice":"Gave Gold","damage_taken":0,"max_hp_gain":0,"max_hp_loss":0,"event_name":"Beggar","floor":19,"gold_loss":75},{"damage_healed":0,"gold_gain":50,"player_choice":"Stole From Cult","damage_taken":0,"max_hp_gain":0,"max_hp_loss":0,"event_name":"Nest","floor":22,"gold_loss":0}],"is_beta":false,"boss_relics":[{"not_picked":["SacredBark","Cursed Key"],"picked":"VioletLotus"}],"items_purged_floors":[5,20],"is_endless":false,"potions_floor_spawned":[1,3,7,13],"killed_by":"Gremlin Leader","ascension_level":20}}