{"host":"m9i7qe3hvz6jihjh","time":1609523677,"event":{"mods":["BaseMod","Colored Powertips","Infinite Spire","Minty Spire (QoL Compilation)","Quick Restart","StSLib","The Animator","Waifu the Spire"],"gold_per_floor":[125,37,37,56,30,30,45,1,1,1,33,33,97,120,120,216,216,237,256,355,355,265,265,10,32,59,98,98,128,142,169,169,286,286,303,327,361,21,43,43,71,93,93,93,93,113,113,38,38,46,46],"floor_reached":50,"playtime":2737,"items_purged":["animator:Souei"],"score":531,"play_id":"2c60593c-9f03-49ab-a5e8-d5b757cde835","local_time":"20210101185437","is_ascension_mode":false,"campfire_choices":[{"data":"animator:Benimaru","floor":6,"key":"SMITH"},{"data":"animator:GazelDwargon","floor":12,"key":"SMITH"},{"floor":15,"key":"REST"},{"floor":23,"key":"REST"},{"floor":32,"key":"REST"},{"floor":40,"key":"REST"},{"floor":45,"key":"REST"},{"data":"animator:KyokoSakura","floor":49,"key":"SMITH"}],"circlet_count":0,"master_deck":["animator:Benimaru+1","animator:Shuna","animator:Magilou","animator:Add","infinitespire:Gouge","animator:Ara","animator:GazelDwargon+1","animator:YachiyoNanami+1","animator:Jibril","animator:Shiro","animator:NarberalGamma","animator:Shuna","animator:Shigure","animator:PinaCoLada","animator:Demiurge","animator:Chris","animator:PandorasActor","animator:KyokoSakura+1","animator:Chung+1","animator:Elesis","animator:IrohaTamaki","animator:Rena","CurseOfTheBell","animator:Evileye","animator:IrohaTamaki","animator:Biyorigo","animator:Hakurou","animator:PandorasActor+1","animator:Millim","animator:Bozes","animator:Yoichi+1","animator:Rena+1","animator:Vesta"],"relics":["animator:TheMissingPiece","animator:TheMissingPiece","animator:PurgingStone","Darkstone Periapt","infinitespire:Cubic Diamond","InkBottle","Pandora\u0027s Box","infinitespire:EmpoweringShard","Bronze Scales","Calling Bell","Lantern","Mummified Hand","Ice Cream","HornCleat","animator:HolyGrailRelic","Blood Vial","Centennial Puzzle"],"acts_visited":["Exordium","TheCity","TheBeyond"],"potions_floor_usage":[13,14,29,29,31,37,37,38,39,46,50],"damage_taken":[{"damage":0,"enemies":"Small Slimes","floor":1,"turns":3},{"damage":7,"enemies":"Jaw Worm","floor":4,"turns":3},{"damage":0,"enemies":"2 Louse","floor":7,"turns":3},{"damage":3,"enemies":"Large Slime","floor":11,"turns":6},{"damage":14,"enemies":"Lagavulin Event","floor":13,"turns":5},{"damage":11,"enemies":"2 Fungi Beasts","floor":14,"turns":4},{"damage":0,"enemies":"Slime Boss","floor":16,"turns":11},{"damage":20,"enemies":"Chosen","floor":18,"turns":6},{"damage":10,"enemies":"Spheric Guardian","floor":19,"turns":4},{"damage":8,"enemies":"Snecko","floor":25,"turns":5},{"damage":14,"enemies":"Cultist and Chosen","floor":27,"turns":6},{"damage":0,"enemies":"Book of Stabbing","floor":29,"turns":5},{"damage":8,"enemies":"Centurion and Healer","floor":30,"turns":7},{"damage":17,"enemies":"Snake Plant","floor":31,"turns":4},{"damage":62,"enemies":"Collector","floor":33,"turns":12},{"damage":25,"enemies":"Orb Walker","floor":35,"turns":4},{"damage":5,"enemies":"3 Shapes","floor":36,"turns":6},{"damage":30,"enemies":"Sphere and 2 Shapes","floor":37,"turns":7},{"damage":29,"enemies":"Transient","floor":39,"turns":5},{"damage":20,"enemies":"Writhing Mass","floor":41,"turns":6},{"damage":8,"enemies":"Jaw Worm Horde","floor":42,"turns":5},{"damage":12,"enemies":"Transient","floor":46,"turns":5},{"damage":81,"enemies":"Awakened One","floor":50,"turns":6}],"seed_played":"7161670242325223815","potions_obtained":[{"floor":1,"key":"FairyPotion"},{"floor":7,"key":"AttackPotion"},{"floor":13,"key":"SkillPotion"},{"floor":14,"key":"SteroidPotion"},{"floor":19,"key":"PowerPotion"},{"floor":30,"key":"SpeedPotion"},{"floor":33,"key":"Block Potion"},{"floor":36,"key":"Block Potion"},{"floor":42,"key":"Swift Potion"},{"floor":46,"key":"Ancient Potion"}],"is_trial":false,"path_per_floor":["M","?","?","M","$","R","M","?","T","?","M","R","?","M","R","B",null,"M","M","?","?","?","R","$","M","T","M","AVR","E","M","M","R","B",null,"M","M","M","$","M","R","M","M","T","?","R","M","?","$","R","B"],"character_chosen":"THE_ANIMATOR","items_purchased":["animator:Ara","animator:Elesis","animator:Souei","Strength Potion","animator:Bozes","Fruit Juice","Blood Vial","Swift Potion"],"campfire_rested":5,"item_purchase_floors":[5,24,24,24,38,38,38,38],"current_hp_per_floor":[66,66,50,43,43,43,43,43,43,43,40,40,26,15,34,35,67,47,38,38,38,38,58,58,50,50,36,42,42,34,17,39,4,82,60,55,25,30,3,30,12,6,6,6,33,24,80,80,80,0,0],"gold":46,"neow_bonus":"RANDOM_COLORLESS","is_daily":false,"chose_seed":false,"campfire_upgraded":3,"win_rate":0.0,"timestamp":1609523677,"path_taken":["M","?","?","M","$","R","M","?","T","?","M","R","?","M","R","BOSS","M","M","?","?","?","R","$","M","T","M","AVR","E","M","M","R","BOSS","M","?","M","?","M","R","M","M","T","?","R","?","?","$","R","BOSS"],"items_purchased_type":["Card","Card","Card","Potion","Card","Potion","Relic","Potion"],"build_version":"2020-12-22","purchased_purges":1,"victory":false,"max_hp_per_floor":[66,66,66,66,66,66,66,66,66,66,66,66,66,66,66,67,67,67,68,68,68,68,68,68,68,68,68,74,74,74,74,74,74,82,85,85,85,90,90,90,90,90,90,90,90,91,80,80,80,80,80],"card_choices":[{"not_picked":["animator:Shimakaze","animator:MisaKurobane"],"picked":"animator:Magilou","floor":0},{"not_picked":["animator:AcuraAkari","animator:ElricEdward"],"picked":"animator:Add","floor":1},{"not_picked":["infinitespire:DeathsTouch","infinitespire:Menacing"],"picked":"infinitespire:Gouge","floor":3},{"not_picked":["animator:Shichika","animator:MaesHughes","animator:Alexander"],"picked":"SKIP","floor":4},{"not_picked":["animator:DwarfShaman","animator:Kazuma","animator:Layla"],"picked":"SKIP","floor":7},{"not_picked":["animator:Shion","animator:Vesta"],"picked":"animator:GazelDwargon","floor":11},{"not_picked":["animator:DolaStephanie","animator:Guy"],"picked":"animator:YachiyoNanami","floor":13},{"not_picked":["animator:WinryRockbell","animator:Archer"],"picked":"animator:Jibril","floor":14},{"not_picked":["animator:ChaikaTrabant","animator:Greed"],"picked":"animator:Shiro","floor":16},{"not_picked":["animator:Shion","animator:Benimaru"],"picked":"animator:KyokoSakura","floor":18},{"not_picked":["animator:Aisha","animator:Ara"],"picked":"animator:Chung","floor":19},{"not_picked":["animator:Biyorigo","animator:Shalltear"],"picked":"animator:IrohaTamaki","floor":25},{"not_picked":["animator:Genos+1","animator:CowGirl"],"picked":"animator:Rena","floor":27},{"not_picked":["animator:LizardPriest","animator:Sloth","animator:Genos"],"picked":"SKIP","floor":29},{"not_picked":["animator:PandorasActor","animator:Sebas"],"picked":"animator:Evileye","floor":30},{"not_picked":["animator:Chris","animator:Arpeggio"],"picked":"animator:IrohaTamaki","floor":31},{"not_picked":["animator:Father","animator:Wiz"],"picked":"animator:Biyorigo","floor":33},{"not_picked":["animator:FielNirvalen+1","animator:Shuna"],"picked":"animator:Hakurou","floor":35},{"not_picked":["animator:AcuraTooru","animator:DolaRiku+1"],"picked":"animator:PandorasActor+1","floor":36},{"not_picked":["animator:Souei","animator:Shuna"],"picked":"animator:Millim","floor":37},{"not_picked":["animator:YaoHaDucy+1","animator:Vanir"],"picked":"animator:Eris","floor":39},{"not_picked":["animator:Illya","animator:Kuribayashi"],"picked":"animator:Yoichi+1","floor":41},{"not_picked":["animator:Chung+1","animator:DolaStephanie"],"picked":"animator:Rena+1","floor":42},{"not_picked":["animator:Shion","animator:Souei"],"picked":"animator:Vesta","floor":46}],"player_experience":890385,"relics_obtained":[{"floor":9,"key":"Darkstone Periapt"},{"floor":13,"key":"InkBottle"},{"floor":26,"key":"Bronze Scales"},{"floor":28,"key":"Lantern"},{"floor":28,"key":"Mummified Hand"},{"floor":28,"key":"Ice Cream"},{"floor":29,"key":"HornCleat"},{"floor":43,"key":"Centennial Puzzle"}],"event_choices":[{"damage_healed":0,"gold_gain":0,"player_choice":"Left Gold","damage_taken":0,"max_hp_gain":0,"max_hp_loss":0,"event_name":"World of Goop","floor":8,"gold_loss":44},{"damage_healed":0,"gold_gain":0,"player_choice":"Searched \u00271\u0027 times","damage_taken":0,"max_hp_gain":0,"max_hp_loss":0,"event_name":"Dead Adventurer","floor":13,"gold_loss":0},{"damage_healed":0,"gold_gain":99,"player_choice":"Stole From Cult","damage_taken":0,"max_hp_gain":0,"max_hp_loss":0,"event_name":"Nest","floor":20,"gold_loss":0},{"damage_healed":0,"gold_gain":0,"player_choice":"Opened","damage_taken":0,"relics_obtained":["infinitespire:EmpoweringShard"],"max_hp_gain":0,"max_hp_loss":0,"event_name":"The Mausoleum","floor":21,"gold_loss":0},{"cards_removed":["animator:AcuraShin"],"damage_healed":0,"gold_gain":0,"player_choice":"Upgrade and Remove","damage_taken":0,"max_hp_gain":0,"max_hp_loss":0,"event_name":"Designer","floor":22,"gold_loss":90,"cards_upgraded":["animator:Chung"]},{"damage_healed":0,"gold_gain":0,"player_choice":"Upgraded","damage_taken":0,"max_hp_gain":0,"max_hp_loss":0,"event_name":"Upgrade Shrine","floor":44,"gold_loss":0,"cards_upgraded":["animator:YachiyoNanami"]},{"damage_healed":80,"gold_gain":0,"player_choice":"Heal","damage_taken":0,"max_hp_gain":0,"max_hp_loss":11,"event_name":"The Moai Head","floor":47,"gold_loss":0}],"is_beta":false,"boss_relics":[{"not_picked":["Coffee Dripper","Busted Crown"],"picked":"Pandora\u0027s Box"},{"not_picked":["Philosopher\u0027s Stone","Black Star"],"picked":"animator:HolyGrailRelic"}],"items_purged_floors":[48],"is_endless":false,"potions_floor_spawned":[1,7,13,14,19,27,30,33,36,42,46],"killed_by":"Awakened One","ascension_level":0}}