{"host":"foq4mrde4mssg7vt","time":1609502266,"event":{"mods":["AchievementEnabler","BaseMod","Colored Map","Colored Powertips","Highlight Path","Minty Spire (QoL Compilation)","Relic Stats","everything is the same but u backflip on backflip"],"gold_per_floor":[119,135,152,170,170,170,198,209,209,209,239,250,277,291,291,365,365,383,401,401,451,467,467,357,357,403,403,421,421,421],"floor_reached":29,"playtime":1027,"items_purged":[],"score":612,"play_id":"e50b33e7-9f23-4093-bce5-a33b2c41e65c","local_time":"20210101195746","is_ascension_mode":true,"campfire_choices":[{"data":"WindmillStrike","floor":6.0,"key":"SMITH"},{"floor":10,"key":"REST"},{"floor":15,"key":"REST"},{"floor":23,"key":"REST"},{"data":"TalkToTheHand","floor":25,"key":"SMITH"},{"data":"Eruption","floor":27,"key":"SMITH"}],"circlet_count":0,"master_deck":["AscendersBane","Eruption+1","Vigilance","Protect","CutThroughFate+1","WindmillStrike+1","Blasphemy+1","FollowUp","ReachHeaven","FlurryOfBlows","TalkToTheHand+1","FearNoEvil+1","DeusExMachina+1","ClearTheMind+1","Vengeance+1","FearNoEvil","EmptyFist","Brilliance","EmptyBody+1","DeusExMachina+1","Meditate+1"],"relics":["PureWater","Thread and Needle","Toxic Egg 2","Letter Opener","Ice Cream","InkBottle","Pandora\u0027s Box","White Beast Statue","Pen Nib"],"acts_visited":["Exordium","TheCity"],"potions_floor_usage":[19],"damage_taken":[{"damage":0.0,"enemies":"Jaw Worm","floor":1.0,"turns":2.0},{"damage":0.0,"enemies":"Cultist","floor":2.0,"turns":6.0},{"damage":0.0,"enemies":"Small Slimes","floor":3.0,"turns":2.0},{"damage":19.0,"enemies":"Exordium Thugs","floor":4.0,"turns":6.0},{"damage":19,"enemies":"3 Sentries","floor":7,"turns":12},{"damage":1,"enemies":"Blue Slaver","floor":8,"turns":2},{"damage":0,"enemies":"Lagavulin","floor":11,"turns":4},{"damage":13,"enemies":"Gremlin Gang","floor":12,"turns":4},{"damage":17,"enemies":"Gremlin Nob","floor":13,"turns":4},{"damage":0,"enemies":"Exordium Thugs","floor":14,"turns":1},{"damage":0,"enemies":"Hexaghost","floor":16,"turns":5},{"damage":21,"enemies":"2 Thieves","floor":18,"turns":3},{"damage":3,"enemies":"Shell Parasite","floor":19,"turns":3},{"damage":13,"enemies":"Snake Plant","floor":22,"turns":3},{"damage":14,"enemies":"Snecko","floor":28,"turns":4},{"damage":30,"enemies":"Slavers","floor":29,"turns":1}],"seed_played":"8866429901680852727","potions_obtained":[{"floor":2.0,"key":"Strength Potion"},{"floor":11,"key":"Dexterity Potion"},{"floor":12,"key":"Block Potion"},{"floor":22,"key":"Dexterity Potion"}],"is_trial":false,"path_per_floor":["M","M","M","M","?","R","E","M","T","R","E","M","E","M","R","B",null,"M","M","T","?","M","R","?","R","T","R","M","E"],"character_chosen":"WATCHER","items_purchased":[],"campfire_rested":3,"item_purchase_floors":[],"current_hp_per_floor":[61,61,61,42,42,42,23,22,22,40,40,27,10,10,28,28,54,33,30,30,30,17,35,35,35,35,35,21,0,0],"gold":421,"neow_bonus":"ONE_RARE_RELIC","is_daily":false,"chose_seed":false,"campfire_upgraded":3,"win_rate":0.0,"timestamp":1609502266,"path_taken":["M","M","M","M","?","R","E","M","T","R","E","M","E","M","R","BOSS","M","M","?","?","?","R","?","R","T","R","?","E"],"items_purchased_type":[],"build_version":"2020-12-22","purchased_purges":0,"victory":false,"max_hp_per_floor":[62,62,62,62,62,62,62,62,62,62,62,62,62,62,62,62,62,62,62,62,62,62,62,62,62,62,62,62,62,62],"relic_stats":{"counters":[16,62],"Pandora\u0027s Box":["ClearTheMind","Vengeance","FearNoEvil","EmptyFist","Brilliance","Alpha","EmptyBody","DeusExMachina"],"Pen Nib":[1],"Letter Opener":[27],"obtain_stats":[{"Ice Cream":11,"Thread and Needle":0,"Pandora\u0027s Box":17,"Pen Nib":26,"Letter Opener":9,"PureWater":0,"Toxic Egg 2":7,"InkBottle":13,"White Beast Statue":20},{"Ice Cream":7,"Thread and Needle":0,"Pandora\u0027s Box":11,"Pen Nib":14,"Letter Opener":6,"PureWater":0,"Toxic Egg 2":5,"InkBottle":9,"White Beast Statue":13},{"Ice Cream":34,"Thread and Needle":0,"Pandora\u0027s Box":48,"Pen Nib":57,"Letter Opener":30,"PureWater":0,"Toxic Egg 2":28,"InkBottle":42,"White Beast Statue":54}],"InkBottle":[8]},"card_choices":[{"not_picked":["Perseverance","Consecrate"],"picked":"Protect","floor":1.0},{"not_picked":["Study","WheelKick"],"picked":"CutThroughFate","floor":2.0},{"not_picked":["DeceiveReality","Swivel","PathToVictory"],"picked":"SKIP","floor":3.0},{"not_picked":["DeceiveReality","ClearTheMind"],"picked":"WindmillStrike","floor":4.0},{"not_picked":["FlyingSleeves","DeceiveReality+1"],"picked":"Blasphemy+1","floor":7},{"not_picked":["EmptyFist","Consecrate"],"picked":"FollowUp","floor":8},{"not_picked":["PathToVictory+1","Protect+1"],"picked":"ReachHeaven","floor":11},{"not_picked":["Sanctity+1","Protect+1"],"picked":"FlurryOfBlows","floor":12},{"not_picked":["Crescendo+1","FollowUp"],"picked":"TalkToTheHand","floor":13},{"not_picked":["PathToVictory+1","WindmillStrike"],"picked":"FearNoEvil","floor":14},{"not_picked":["DevaForm","Devotion"],"picked":"DeusExMachina+1","floor":16},{"not_picked":["EmptyFist","JustLucky"],"picked":"Meditate+1","floor":18},{"not_picked":["SandsOfTime","Swivel+1","LikeWater"],"picked":"SKIP","floor":19},{"not_picked":["Prostrate+1","EmptyFist","BowlingBash"],"picked":"SKIP","floor":22},{"not_picked":["Meditate+1","Sanctity+1","JustLucky"],"picked":"SKIP","floor":28}],"player_experience":355381,"relics_obtained":[{"floor":7,"key":"Toxic Egg 2"},{"floor":9,"key":"Letter Opener"},{"floor":11,"key":"Ice Cream"},{"floor":13,"key":"InkBottle"},{"floor":20,"key":"White Beast Statue"},{"floor":26,"key":"Pen Nib"}],"event_choices":[{"damage_healed":0.0,"max_hp_gain":0.0,"max_hp_loss":0.0,"gold_gain":0.0,"event_name":"Upgrade Shrine","player_choice":"Upgraded","floor":5.0,"gold_loss":0.0,"damage_taken":0.0,"cards_upgraded":["CutThroughFate"]},{"damage_healed":0,"gold_gain":50,"player_choice":"Pray","damage_taken":0,"max_hp_gain":0,"max_hp_loss":0,"event_name":"Golden Shrine","floor":21,"gold_loss":0},{"cards_removed":["Alpha"],"damage_healed":0,"gold_gain":0,"player_choice":"Upgrade and Remove","damage_taken":0,"max_hp_gain":0,"max_hp_loss":0,"event_name":"Designer","floor":24,"gold_loss":110,"cards_upgraded":["FearNoEvil"]}],"is_beta":false,"boss_relics":[{"not_picked":["Calling Bell","Runic Dome"],"picked":"Pandora\u0027s Box"}],"items_purged_floors":[],"is_endless":false,"potions_floor_spawned":[2,11,12,13,14,16,18,22,28],"killed_by":"Slavers","ascension_level":18}}