{"host":"qfskrnw3pl1q86j0","time":1609512279,"event":{"mods":["BaseMod","Block Reminder","Hermit","Marisa????????","Minty Spire (QoL Compilation)","Quick Restart","Random Character Button","Relic Stats","StSLib","The Poker Player","slay the spire mod where everything is the same but ironclad has a cowboy hat"],"gold_per_floor":[115,115,133,8,24,24,38,38,65,84,115,115,132,34,34,129,129,147,147,57,71,71,71,71,71,140,152,184,184,184],"floor_reached":29,"playtime":763,"items_purged":["Shame","Strike_P"],"score":268,"play_id":"72e12300-7c50-4300-b680-4dea63979d80","local_time":"20210101154439","is_ascension_mode":false,"campfire_choices":[{"data":"Eruption","floor":6.0,"key":"SMITH"},{"data":"SashWhip","floor":8.0,"key":"SMITH"},{"data":"EmptyFist","floor":15.0,"key":"SMITH"},{"data":"Devotion","floor":23,"key":"SMITH"},{"data":"EmptyFist","floor":25,"key":"SMITH"}],"circlet_count":0,"master_deck":["Strike_P+1","Strike_P","Defend_P","Defend_P","Defend_P","Defend_P","Eruption+1","Vigilance+1","Indignation","EmptyFist+1","FollowUp","Conclude","SashWhip+1","Meditate","Halt","ThirdEye+1","EmptyFist+1","Devotion+1","Meditate","FearNoEvil","EmptyBody"],"relics":["HolyWater","Du-Vu Doll","Ancient Tea Set","Smiling Mask","Frozen Egg 2","Ornamental Fan"],"acts_visited":["Exordium","TheCity"],"potions_floor_usage":[18,28,28],"damage_taken":[{"damage":0.0,"enemies":"2 Louse","floor":1.0,"turns":2.0},{"damage":0.0,"enemies":"Small Slimes","floor":3.0,"turns":2.0},{"damage":3.0,"enemies":"Jaw Worm","floor":5.0,"turns":2.0},{"damage":0.0,"enemies":"Blue Slaver","floor":7.0,"turns":3.0},{"damage":0.0,"enemies":"Red Slaver","floor":10.0,"turns":1.0},{"damage":0.0,"enemies":"Lagavulin","floor":11.0,"turns":3.0},{"damage":0.0,"enemies":"3 Louse","floor":13.0,"turns":2.0},{"damage":31.0,"enemies":"The Guardian","floor":16.0,"turns":7.0},{"damage":8,"enemies":"Spheric Guardian","floor":18,"turns":4},{"damage":8,"enemies":"3 Byrds","floor":21,"turns":6},{"damage":16,"enemies":"Snake Plant","floor":27,"turns":4},{"damage":4,"enemies":"Book of Stabbing","floor":28,"turns":4},{"damage":11,"enemies":"Shelled Parasite and Fungi","floor":29,"turns":1}],"seed_played":"-5986489862154734187","potions_obtained":[{"floor":5.0,"key":"BottledMiracle"},{"floor":7.0,"key":"SteroidPotion"},{"floor":11.0,"key":"Ancient Potion"},{"floor":21,"key":"PowerPotion"},{"floor":27,"key":"AttackPotion"},{"floor":28,"key":"SneckoOil"}],"is_trial":false,"path_per_floor":["M","?","M","$","M","R","M","R","T","M","E","?","M","$","R","B",null,"M","?","?","M","?","R","?","R","T","M","E","M"],"character_chosen":"WATCHER","items_purchased":["FollowUp","EmptyFist"],"campfire_rested":0,"item_purchase_floors":[4,14],"current_hp_per_floor":[72,77,77,77,74,74,74,74,74,74,74,59,59,59,59,28,77,69,53,53,45,31,31,31,31,31,15,11,0,0],"gold":184,"neow_bonus":"ONE_RARE_RELIC","is_daily":false,"chose_seed":false,"campfire_upgraded":5,"win_rate":0.0,"timestamp":1609512279,"path_taken":["M","?","M","$","M","R","M","R","T","M","E","?","M","$","R","BOSS","M","?","?","?","?","R","?","R","T","M","E","M"],"items_purchased_type":["Card","Card"],"build_version":"2020-12-22","purchased_purges":2,"victory":false,"max_hp_per_floor":[72,77,77,77,77,77,77,77,77,77,77,77,77,77,77,77,77,77,77,77,77,82,82,82,82,82,82,82,82,82],"relic_stats":{"counters":[13,41],"Ornamental Fan":[4],"Smiling Mask":50,"obtain_stats":[{"Du-Vu Doll":0,"Ornamental Fan":28,"HolyWater":17,"PureWater":0,"Frozen Egg 2":26,"Ancient Tea Set":9,"Smiling Mask":11},{"Du-Vu Doll":0,"Ornamental Fan":12,"HolyWater":8,"PureWater":0,"Frozen Egg 2":10,"Ancient Tea Set":4,"Smiling Mask":6},{"Du-Vu Doll":0,"Ornamental Fan":40,"HolyWater":22,"PureWater":0,"Frozen Egg 2":32,"Ancient Tea Set":9,"Smiling Mask":13}]},"card_choices":[{"not_picked":["PathToVictory","EmptyMind"],"picked":"Indignation","floor":1.0},{"not_picked":["EmptyBody","ThirdEye"],"picked":"EmptyFist","floor":3.0},{"not_picked":["Vengeance","FlurryOfBlows"],"picked":"Conclude","floor":5.0},{"not_picked":["ClearTheMind","Consecrate"],"picked":"SashWhip","floor":7.0},{"not_picked":["Vengeance","TalkToTheHand"],"picked":"Meditate","floor":10.0},{"not_picked":["Meditate","ThirdEye"],"picked":"Halt","floor":11.0},{"not_picked":["Study","Crescendo"],"picked":"ThirdEye","floor":13.0},{"not_picked":["Ragnarok","DeusExMachina"],"picked":"Devotion","floor":16.0},{"not_picked":["ClearTheMind","SandsOfTime"],"picked":"Meditate","floor":18},{"not_picked":["DeceiveReality+1","PathToVictory+1","ClearTheMind"],"picked":"SKIP","floor":21},{"not_picked":["Consecrate","Protect"],"picked":"FearNoEvil","floor":27},{"not_picked":["Worship","SandsOfTime"],"picked":"EmptyBody","floor":28}],"player_experience":894594,"relics_obtained":[{"floor":9.0,"key":"Ancient Tea Set"},{"floor":11.0,"key":"Smiling Mask"},{"floor":26,"key":"Frozen Egg 2"},{"floor":28,"key":"Ornamental Fan"}],"event_choices":[{"damage_healed":0.0,"max_hp_gain":5.0,"max_hp_loss":0.0,"gold_gain":0.0,"event_name":"Big Fish","player_choice":"Donut","floor":2.0,"gold_loss":0.0,"damage_taken":0.0},{"damage_healed":0.0,"max_hp_gain":0.0,"max_hp_loss":0.0,"gold_gain":0.0,"event_name":"Shining Light","player_choice":"Entered Light","floor":12.0,"gold_loss":0.0,"damage_taken":15.0,"cards_upgraded":["Vigilance","Strike_P"]},{"damage_healed":0,"gold_gain":0,"player_choice":"Obtained Book","damage_taken":16,"max_hp_gain":0,"max_hp_loss":0,"event_name":"Cursed Tome","floor":19,"gold_loss":0},{"cards_removed":["Strike_P"],"damage_healed":0,"gold_gain":0,"player_choice":"Upgrade and Remove","damage_taken":0,"max_hp_gain":0,"max_hp_loss":0,"event_name":"Designer","floor":20,"gold_loss":90,"cards_upgraded":["ThirdEye"]},{"damage_healed":0,"gold_gain":0,"player_choice":"Shed Blood","damage_taken":19,"max_hp_gain":5,"max_hp_loss":0,"event_name":"Forgotten Altar","floor":22,"gold_loss":0}],"is_beta":false,"boss_relics":[{"not_picked":["Philosopher\u0027s Stone","Cursed Key"],"picked":"HolyWater"}],"items_purged_floors":[4,14],"is_endless":false,"potions_floor_spawned":[5,7,11,21,27,28],"killed_by":"Shelled Parasite and Fungi","ascension_level":0}}