{"host":"8f5cu9y0fpol72qs","time":1609539970,"event":{"mods":["BaseMod","Colored Map","Colored Powertips","Curses Come First","Highlight Path","Key Reminder","Keyboard Shortcuts","Minty Spire (QoL Compilation)","StSLib"],"gold_per_floor":[110,126,126,138,150,195,207,238,273,318,351,363,389,401,413,553,565,600,527,560,872,903,915,548,548,616,616,629,809,246,270,270,270,270,284,284,307,25,25,25,60,73,73,107,107,127,140,158,158,158],"floor_reached":51,"playtime":10111,"items_purged":["Strike_B","Writhe","Strike_B"],"score":1212,"play_id":"86acf2d6-2b53-42ac-8b25-7e6623dc9c26","local_time":"20210101142610","is_ascension_mode":true,"campfire_choices":[{"data":"Static Discharge","floor":7.0,"key":"SMITH"},{"floor":12.0,"key":"REST"},{"data":"Barrage","floor":15.0,"key":"SMITH"},{"floor":23.0,"key":"REST"},{"data":"Zap","floor":25.0,"key":"SMITH"},{"data":"Panacea","floor":27.0,"key":"SMITH"},{"data":"Dualcast","floor":32.0,"key":"SMITH"},{"data":"Sweeping Beam","floor":40.0,"key":"SMITH"},{"data":"Glacier","floor":45.0,"key":"SMITH"},{"data":"Barrage","floor":49,"key":"SMITH"}],"circlet_count":0,"master_deck":["AscendersBane","Strike_B","Defend_B+1","Defend_B","Defend_B","Defend_B","Zap+1","Dualcast+1","Panacea+1","Glacier+1","Barrage+1","Static Discharge+1","Reinforced Body+1","Sweeping Beam+1","Cold Snap","Seek","Recycle+1","Beam Cell+1","Coolheaded+1","Buffer+1","Static Discharge+1","Defragment+1","Multi-Cast","Barrage+1"],"relics":["Cracked Core","MawBank","Golden Idol","Happy Flower","Oddly Smooth Stone","Calipers","Runic Pyramid","Frozen Egg 2","Old Coin","War Paint","Chemical X","StrikeDummy","Lee\u0027s Waffle","FossilizedHelix","Cursed Key","Question Card","Unceasing Top"],"acts_visited":["Exordium","TheCity","TheBeyond"],"potions_floor_usage":[46,50],"damage_taken":[{"damage":7.0,"enemies":"Small Slimes","floor":1.0,"turns":3.0},{"damage":4.0,"enemies":"Jaw Worm","floor":2.0,"turns":5.0},{"damage":15.0,"enemies":"3 Sentries","floor":6.0,"turns":11.0},{"damage":1.0,"enemies":"2 Louse","floor":8.0,"turns":4.0},{"damage":18.0,"enemies":"Lagavulin","floor":10.0,"turns":8.0},{"damage":5.0,"enemies":"Looter","floor":11.0,"turns":3.0},{"damage":0.0,"enemies":"Exordium Wildlife","floor":13.0,"turns":4.0},{"damage":9.0,"enemies":"Hexaghost","floor":16.0,"turns":11.0},{"damage":8.0,"enemies":"Chosen","floor":18.0,"turns":7.0},{"damage":9.0,"enemies":"3 Byrds","floor":20.0,"turns":3.0},{"damage":20.0,"enemies":"Sentry and Sphere","floor":22.0,"turns":10.0},{"damage":4.0,"enemies":"Snecko","floor":28.0,"turns":5.0},{"damage":1.0,"enemies":"Shelled Parasite and Fungi","floor":31.0,"turns":7.0},{"damage":0.0,"enemies":"Champ","floor":33.0,"turns":19.0},{"damage":0.0,"enemies":"Orb Walker","floor":35.0,"turns":5.0},{"damage":0.0,"enemies":"3 Darklings","floor":37.0,"turns":9.0},{"damage":9.0,"enemies":"Reptomancer","floor":41.0,"turns":11.0},{"damage":0.0,"enemies":"Spire Growth","floor":42.0,"turns":7.0},{"damage":0.0,"enemies":"Giant Head","floor":44.0,"turns":9.0},{"damage":0,"enemies":"Writhing Mass","floor":46,"turns":11},{"damage":0,"enemies":"Transient","floor":47,"turns":5},{"damage":0,"enemies":"4 Shapes","floor":48,"turns":9},{"damage":41,"enemies":"Donu and Deca","floor":50,"turns":10}],"seed_played":"-8573833304904735812","potions_obtained":[{"floor":10.0,"key":"CultistPotion"},{"floor":13.0,"key":"Strength Potion"},{"floor":16.0,"key":"Explosive Potion"},{"floor":18.0,"key":"Energy Potion"},{"floor":41.0,"key":"PowerPotion"},{"floor":44.0,"key":"Block Potion"},{"floor":46,"key":"Energy Potion"}],"is_trial":false,"path_per_floor":["M","M","?","$","?","E","R","M","T","E","M","R","M","?","R","B",null,"M","?","M","?","M","R","$","R","T","R","M","?","$","M","R","B",null,"M","?","M","$","?","R","E","M","T","E","R","M","M","M","R","B",null],"character_chosen":"DEFECT","items_purchased":["War Paint","Chemical X","Lee\u0027s Waffle","FossilizedHelix","Buffer+1"],"campfire_rested":2,"item_purchase_floors":[24,24,30,30,38],"current_hp_per_floor":[61,57,45,45,45,30,30,29,29,11,6,26,26,26,26,17,56,48,48,39,39,19,39,39,39,39,39,35,16,76,75,75,75,76,76,72,72,72,72,72,63,63,63,63,63,63,63,63,63,22],"gold":158,"neow_bonus":"RANDOM_COLORLESS","is_daily":false,"chose_seed":false,"campfire_upgraded":8,"win_rate":0.0,"timestamp":1609539970,"path_taken":["M","M","?","$","?","E","R","M","T","E","M","R","M","?","R","BOSS","M","?","M","?","M","R","?","R","T","R","?","?","$","M","R","BOSS","M","?","M","$","?","R","E","M","T","E","R","M","M","?","R","BOSS"],"items_purchased_type":["Relic","Relic","Relic","Relic","Card"],"build_version":"2020-12-22","purchased_purges":3,"victory":true,"max_hp_per_floor":[75,75,75,75,69,69,69,69,69,69,69,69,69,69,69,69,69,69,69,69,69,69,69,69,69,69,69,69,69,76,76,76,76,76,76,72,72,72,72,72,72,72,72,72,72,72,72,72,72,72],"card_choices":[{"not_picked":["Deep Breath","Enlightenment"],"picked":"Panacea","floor":0.0},{"not_picked":["Leap","Compile Driver"],"picked":"Glacier","floor":1.0},{"not_picked":["Darkness","Consume"],"picked":"Barrage","floor":2.0},{"not_picked":["Rip and Tear","Stack"],"picked":"Static Discharge","floor":6.0},{"not_picked":["Conserve Battery","Go for the Eyes"],"picked":"Reinforced Body","floor":8.0},{"not_picked":["Leap","Go for the Eyes"],"picked":"Sweeping Beam","floor":10.0},{"not_picked":["Machine Learning","White Noise"],"picked":"Cold Snap","floor":11.0},{"not_picked":["Sweeping Beam","Lockon","Doom and Gloom"],"picked":"SKIP","floor":13.0},{"not_picked":["Amplify","Rainbow"],"picked":"Seek","floor":16.0},{"not_picked":["Reinforced Body","Barrage","Steam"],"picked":"SKIP","floor":18.0},{"not_picked":["Undo","Lockon","Doom and Gloom"],"picked":"SKIP","floor":20.0},{"not_picked":["Turbo","Gash","Beam Cell"],"picked":"SKIP","floor":22.0},{"not_picked":["Turbo","Gash","Beam Cell"],"picked":"SKIP","floor":22.0},{"not_picked":["Genetic Algorithm","Leap","Rebound"],"picked":"SKIP","floor":28.0},{"not_picked":["Undo","All For One"],"picked":"Recycle+1","floor":31.0},{"not_picked":["Redo","Sweeping Beam+1"],"picked":"Beam Cell+1","floor":35.0},{"not_picked":["Double Energy","Lockon"],"picked":"Coolheaded+1","floor":37.0},{"not_picked":["Skim","Force Field","Beam Cell"],"picked":"SKIP","floor":41.0},{"not_picked":["Cold Snap+1","Gash","Turbo+1","Chill"],"picked":"SKIP","floor":42.0},{"not_picked":["Cold Snap","Reboot","Go for the Eyes"],"picked":"Static Discharge+1","floor":44.0},{"not_picked":["Redo","Turbo","Coolheaded+1"],"picked":"Defragment+1","floor":46},{"not_picked":["Redo","Steam","Stack"],"picked":"Multi-Cast","floor":47},{"not_picked":["Consume","Stack+1","Steam"],"picked":"Barrage","floor":48}],"player_experience":770978,"relics_obtained":[{"floor":6.0,"key":"Happy Flower"},{"floor":9.0,"key":"Oddly Smooth Stone"},{"floor":10.0,"key":"Calipers"},{"floor":26.0,"key":"StrikeDummy"},{"floor":41.0,"key":"Question Card"},{"floor":44.0,"key":"Unceasing Top"}],"event_choices":[{"damage_healed":0.0,"max_hp_gain":0.0,"max_hp_loss":0.0,"gold_gain":0.0,"event_name":"Scrap Ooze","player_choice":"Success","floor":3.0,"gold_loss":0.0,"damage_taken":12.0,"relics_obtained":["MawBank"]},{"damage_healed":0.0,"max_hp_gain":0.0,"max_hp_loss":6.0,"gold_gain":0.0,"event_name":"Golden Idol","player_choice":"Lose Max HP","floor":5.0,"gold_loss":0.0,"damage_taken":0.0,"relics_obtained":["Golden Idol"]},{"damage_healed":0.0,"max_hp_gain":0.0,"max_hp_loss":0.0,"gold_gain":0.0,"event_name":"Liars Game","player_choice":"Ignored","floor":14.0,"gold_loss":0.0,"damage_taken":0.0},{"damage_healed":0.0,"max_hp_gain":0.0,"max_hp_loss":0.0,"gold_gain":0.0,"event_name":"Addict","player_choice":"Obtained Relic","floor":19.0,"gold_loss":85.0,"damage_taken":0.0,"relics_obtained":["Frozen Egg 2"]},{"damage_healed":0.0,"max_hp_gain":0.0,"max_hp_loss":0.0,"gold_gain":0.0,"event_name":"The Mausoleum","player_choice":"Opened","floor":21.0,"gold_loss":0.0,"damage_taken":0.0,"relics_obtained":["Old Coin"],"cards_obtained":["Writhe"]},{"damage_healed":0.0,"max_hp_gain":0.0,"max_hp_loss":0.0,"gold_gain":180.0,"event_name":"Knowing Skull","player_choice":"GOLD GOLD ","floor":29.0,"potions_obtained":[],"gold_loss":0.0,"damage_taken":19.0,"cards_obtained":[]},{"damage_healed":0.0,"max_hp_gain":0.0,"max_hp_loss":4.0,"gold_gain":0.0,"event_name":"Winding Halls","player_choice":"Max HP","floor":36.0,"gold_loss":0.0,"damage_taken":0.0},{"cards_removed":["Strike_B"],"damage_healed":0.0,"max_hp_gain":0.0,"max_hp_loss":0.0,"gold_gain":0.0,"event_name":"Purifier","player_choice":"Purged","floor":39.0,"gold_loss":0.0,"damage_taken":0.0}],"is_beta":false,"boss_relics":[{"not_picked":["Snecko Eye","SacredBark"],"picked":"Runic Pyramid"},{"not_picked":["Philosopher\u0027s Stone","Black Star"],"picked":"Cursed Key"}],"items_purged_floors":[24,30,38],"is_endless":false,"potions_floor_spawned":[10,13,16,18,41,44,46,47],"ascension_level":12}}