{"host":"coame8l8goqx0svj","time":1609500558,"event":{"mods":["BaseMod","Downfall","Minty Spire (QoL Compilation)","StSLib"],"gold_per_floor":[99,118,133,146,78,105,105,105,30,30,15,28,28,13,33,33,33,33],"floor_reached":16,"playtime":872,"items_purged":[],"score":150,"play_id":"74e475b2-8a6d-4d5d-bf26-92a643378e99","local_time":"20210101122918","is_ascension_mode":true,"campfire_choices":[{"data":"Slimebound:Split","floor":1,"key":"SMITH"},{"floor":9,"key":"RECALL"},{"floor":13,"key":"REST"}],"circlet_count":0,"master_deck":["AscendersBane","Slimebound:Strike_Slimebound","Slimebound:Strike_Slimebound","Slimebound:Tackle","Slimebound:Defend_Slimebound","Slimebound:Defend_Slimebound","Slimebound:Defend_Slimebound","Slimebound:Defend_Slimebound","Slimebound:Split+1","Slimebound:CorrosiveSpit","Slimebound:Recollect","Slimebound:SpikyOuterGoop","Slimebound:AcidTongue","Slimebound:SplitBruiser","Slimebound:RainOfGoop+1","Slimebound:AcidTongue","Slimebound:Repurpose","Slimebound:RainOfGoop","Slimebound:LivingWall"],"relics":["Slimebound:AbsorbEndCombat","Slimebound:SlimedSkullRelic","Bottled Lightning","downfall:HeartBlessingGreen"],"acts_visited":["Exordium"],"potions_floor_usage":[6,6,6,6,6,6],"damage_taken":[{"damage":9,"enemies":"Small Slimes","floor":2,"turns":3},{"damage":16,"enemies":"2 Louse","floor":3,"turns":3},{"damage":11,"enemies":"Cultist","floor":4,"turns":5},{"damage":16,"enemies":"downfall:FleeingMerchant","floor":5,"turns":4},{"damage":43,"enemies":"Gremlin Nob","floor":6,"turns":5},{"damage":20,"enemies":"downfall:FleeingMerchant","floor":11,"turns":4},{"damage":13,"enemies":"Exordium Wildlife","floor":12,"turns":4},{"damage":20,"enemies":"downfall:FleeingMerchant","floor":14,"turns":4},{"damage":50,"enemies":"Gremlin Gang","floor":15,"turns":4},{"damage":52,"enemies":"downfall:Silent","floor":16,"turns":4}],"seed_played":"-7693405809104831388","potions_obtained":[{"floor":2,"key":"SpeedPotion"},{"floor":3,"key":"EntropicBrew"},{"floor":4,"key":"Ancient Potion"}],"is_trial":false,"path_per_floor":["R","M","M","M","$","E","T","?","R","?","$","M","R","$","M","B"],"character_chosen":"SLIMEBOUND","items_purchased":["Slimebound:SplitBruiser"],"campfire_rested":1,"item_purchase_floors":[5],"current_hp_per_floor":[51,56,54,57,59,30,30,30,30,30,38,39,60,64,38,0,0,0],"gold":33,"neow_bonus":"TWENTY_PERCENT_HP_BONUS","is_daily":false,"chose_seed":false,"campfire_upgraded":1,"win_rate":0.0,"timestamp":1609500558,"path_taken":["R","M","M","M","$","E","T","?","R","?","$","M","R","$","M","BOSS"],"items_purchased_type":["Card"],"build_version":"2020-12-22","purchased_purges":0,"victory":false,"max_hp_per_floor":[72,72,72,72,72,72,72,72,72,72,72,72,72,72,72,72,72,72],"card_choices":[{"not_picked":["Slimebound:HauntingLick","Slimebound:Replication"],"picked":"Slimebound:Recollect","floor":2},{"not_picked":["Slimebound:LeechingTouch","Slimebound:FinishingTackle"],"picked":"Slimebound:SpikyOuterGoop","floor":3},{"not_picked":["Slimebound:Gluttony","Slimebound:Chomp"],"picked":"Slimebound:AcidTongue","floor":4},{"not_picked":["Slimebound:LeechingTouch","Slimebound:AcidTongue","Slimebound:PressTheAttack"],"picked":"SKIP","floor":5},{"not_picked":["Slimebound:DisruptingSlam","Slimebound:FlameTackle"],"picked":"Slimebound:RainOfGoop","floor":6},{"not_picked":["Slimebound:MegaLick","Slimebound:TagTeam"],"picked":"Slimebound:AcidTongue","floor":11},{"not_picked":["Slimebound:BestDefense","Slimebound:HungryTackle"],"picked":"Slimebound:Repurpose","floor":12},{"not_picked":["Slimebound:SlimeBarrage","Slimebound:FinishingTackle"],"picked":"Slimebound:RainOfGoop","floor":14},{"not_picked":["Slimebound:RollThrough","Slimebound:SlimeSpikes"],"picked":"Slimebound:LivingWall","floor":15}],"player_experience":1730614,"relics_obtained":[{"floor":6,"key":"Slimebound:SlimedSkullRelic"},{"floor":7,"key":"Bottled Lightning"}],"event_choices":[{"damage_healed":0,"gold_gain":0,"player_choice":"Grow","damage_taken":0,"max_hp_gain":0,"max_hp_loss":0,"event_name":"Living Wall","floor":10,"gold_loss":0,"cards_upgraded":["Slimebound:RainOfGoop"]}],"is_beta":false,"boss_relics":[],"items_purged_floors":[],"is_endless":false,"potions_floor_spawned":[2,3,4],"killed_by":"downfall:Silent","ascension_level":10}}