{"host":"7k2a2omxz3voj5ax","time":1609514095,"event":{"mods":["BaseMod","Marisa£¨ìFÓê¡¡Ä§ÀíÉ³£©","Minty Spire (QoL Compilation)","Quick Restart","Spicy Shops","StSLib","Starting Relic: Pandora\u0027s Box","óô»ðÖ¸ÄÏ"],"gold_per_floor":[114,114,132,57,57,84,102,128,128,144,160,160,11,41,41,120,120,130,147,166,198,98,133,133,158,158,158,158],"floor_reached":27,"playtime":928,"items_purged":[],"score":642,"play_id":"4b72eda2-bdf4-44dc-a702-2cd6b42a08fb","local_time":"20210102001455","is_ascension_mode":true,"campfire_choices":[{"data":"Whirlwind","floor":12.0,"key":"SMITH"},{"data":"Armaments","floor":15.0,"key":"SMITH"},{"data":"Sentinel","floor":24,"key":"SMITH"}],"circlet_count":0,"master_deck":["AscendersBane","Anger","Flex","Shrug It Off","Metallicize","Sentinel+1","Thunderclap","Armaments+1","True Grit","Burning Pact","Whirlwind+1","Brutality","Second Wind","Thunderclap","Feel No Pain","Offering","Metallicize","Dark Embrace"],"relics":["Pandora\u0027s Box","NeowsBlessing","Sundial","Ice Cream","Du-Vu Doll","Sling","Lantern","Coffee Dripper","Red Mask","Oddly Smooth Stone","Singing Bowl"],"acts_visited":["Exordium","TheCity"],"potions_floor_usage":[16,23],"damage_taken":[{"damage":0.0,"enemies":"2 Louse","floor":1.0,"turns":1.0},{"damage":0.0,"enemies":"Jaw Worm","floor":3.0,"turns":1.0},{"damage":0.0,"enemies":"3 Sentries","floor":6.0,"turns":1.0},{"damage":1.0,"enemies":"Cultist","floor":7.0,"turns":5.0},{"damage":5.0,"enemies":"Gremlin Nob","floor":8.0,"turns":3.0},{"damage":6.0,"enemies":"Lots of Slimes","floor":10.0,"turns":2.0},{"damage":0.0,"enemies":"2 Fungi Beasts","floor":11.0,"turns":1.0},{"damage":1.0,"enemies":"Lagavulin","floor":14.0,"turns":3.0},{"damage":12,"enemies":"The Guardian","floor":16,"turns":6},{"damage":6,"enemies":"Spheric Guardian","floor":18,"turns":1},{"damage":6,"enemies":"3 Byrds","floor":19,"turns":3},{"damage":15,"enemies":"Snecko","floor":20,"turns":3},{"damage":0,"enemies":"Masked Bandits","floor":21,"turns":2},{"damage":10,"enemies":"Slavers","floor":23,"turns":2},{"damage":15,"enemies":"Book of Stabbing","floor":25,"turns":4},{"damage":22,"enemies":"Slavers","floor":27,"turns":3}],"seed_played":"6947150923015186686","potions_obtained":[{"floor":6.0,"key":"AttackPotion"},{"floor":10.0,"key":"Energy Potion"},{"floor":14.0,"key":"DuplicationPotion"},{"floor":16,"key":"BlessingOfTheForge"},{"floor":18,"key":"Block Potion"},{"floor":25,"key":"ElixirPotion"}],"is_trial":false,"path_per_floor":["M","?","M","?","?","E","M","E","T","M","M","R","$","E","R","B",null,"M","M","M","?","$","E","R","E","T","E"],"character_chosen":"IRONCLAD","items_purchased":["Sling","Thunderclap","Metallicize"],"campfire_rested":0,"item_purchase_floors":[13,13,22],"current_hp_per_floor":[68,68,68,68,73,73,72,67,67,61,61,61,61,60,60,48,72,66,60,45,45,45,35,35,20,20,0,0],"gold":158,"neow_bonus":"THREE_ENEMY_KILL","is_daily":false,"chose_seed":false,"campfire_upgraded":3,"win_rate":0.0,"timestamp":1609514095,"path_taken":["M","?","M","?","?","E","M","E","T","M","?","R","$","E","R","BOSS","M","?","?","?","$","E","R","E","T","E"],"items_purchased_type":["Relic","Card","Card"],"build_version":"2020-12-22","purchased_purges":0,"victory":false,"max_hp_per_floor":[75,75,75,75,80,80,80,80,80,80,80,80,80,80,80,80,80,80,80,80,80,80,80,80,80,80,80,80],"card_choices":[{"not_picked":["Iron Wave","Anger"],"picked":"Burning Pact","floor":1.0},{"not_picked":["Fire Breathing","Havoc","Perfected Strike"],"picked":"SKIP","floor":3.0},{"not_picked":["Whirlwind","Shockwave","Thunderclap"],"picked":"SKIP","floor":6.0},{"not_picked":["Pommel Strike","Heavy Blade","Anger"],"picked":"SKIP","floor":7.0},{"not_picked":["Perfected Strike","Havoc"],"picked":"Brutality","floor":8.0},{"not_picked":["Disarm","Armaments","Perfected Strike"],"picked":"SKIP","floor":10.0},{"not_picked":["Dropkick","Searing Blow"],"picked":"Second Wind","floor":11.0},{"not_picked":["Pummel","Second Wind"],"picked":"Feel No Pain","floor":14.0},{"not_picked":["Demon Form","Berserk"],"picked":"Offering","floor":16},{"not_picked":["Wild Strike","Cleave+1","Shockwave"],"picked":"SKIP","floor":18},{"not_picked":["Fire Breathing","Thunderclap","Whirlwind"],"picked":"SKIP","floor":19},{"not_picked":["Flex","True Grit","Wild Strike"],"picked":"SKIP","floor":20},{"not_picked":["Body Slam","Cleave","True Grit"],"picked":"SKIP","floor":23},{"not_picked":["Iron Wave+1","Hemokinesis"],"picked":"Dark Embrace","floor":25}],"player_experience":399113,"relics_obtained":[{"floor":6.0,"key":"Sundial"},{"floor":8.0,"key":"Ice Cream"},{"floor":9.0,"key":"Du-Vu Doll"},{"floor":14.0,"key":"Lantern"},{"floor":21,"key":"Red Mask"},{"floor":23,"key":"Oddly Smooth Stone"},{"floor":25,"key":"Singing Bowl"}],"event_choices":[{"damage_healed":0.0,"max_hp_gain":0.0,"max_hp_loss":0.0,"gold_gain":0.0,"cards_transformed":["Bash"],"event_name":"Living Wall","player_choice":"Change","floor":2.0,"gold_loss":0.0,"damage_taken":0.0,"cards_obtained":["Whirlwind"]},{"cards_removed":["Sever Soul"],"damage_healed":0.0,"max_hp_gain":0.0,"max_hp_loss":0.0,"gold_gain":0.0,"event_name":"The Cleric","player_choice":"Card Removal","floor":4.0,"gold_loss":75.0,"damage_taken":0.0},{"damage_healed":0.0,"max_hp_gain":5.0,"max_hp_loss":0.0,"gold_gain":0.0,"event_name":"Big Fish","player_choice":"Donut","floor":5.0,"gold_loss":0.0,"damage_taken":0.0},{"damage_healed":0,"gold_gain":0,"player_choice":"Fought Bandits","damage_taken":0,"max_hp_gain":0,"max_hp_loss":0,"event_name":"Masked Bandits","floor":21,"gold_loss":0}],"is_beta":false,"boss_relics":[{"not_picked":["Runic Dome","Busted Crown"],"picked":"Coffee Dripper"}],"items_purged_floors":[],"is_endless":false,"potions_floor_spawned":[6,10,14,16,18,25],"killed_by":"Slavers","ascension_level":20}}