{"host":"5f3w3xqo483bhjcu","time":1609493901,"event":{"mods":["Act Like it!","BaseMod","Koishi","Marisa£®ÏF”Í°°ƒß¿Ì…≥£©","Minty Spire (QoL Compilation)","Reimu£®≤©¿ˆ¡È√Œ£©","Remilia£®¿Ÿ√◊¿Ú—«£©","StSLib","The Animator","Youmu£®ªÍ∆«—˝√Œ£©","Yuyuko"],"gold_per_floor":[117,97,110,128,8,8,33,49,49,49,63,28,28,47,47,148,148,166,166,178,178,13,13,48,48,48,65,65,143,170,184,184,285,285,304,351,401,3,22,50,50,75,98,98,98,118,118,118,118,98],"floor_reached":51,"playtime":4721,"items_purged":["Stagnation:ReiMu","MikOfLucky:ReiMu"],"score":828,"play_id":"278eb41d-66c1-49f9-988b-5d5828eb47fd","local_time":"20210101173821","is_ascension_mode":true,"campfire_choices":[{"data":"SafetyPray:ReiMu","floor":6.0,"key":"SMITH"},{"floor":10.0,"key":"REST"},{"floor":15.0,"key":"REST"},{"data":"Apotheosis","floor":23.0,"key":"SMITH"},{"data":"Defend_Lin:ReiMu","floor":25.0,"key":"PURGE"},{"data":"InherentArray:ReiMu","floor":28.0,"key":"SMITH"},{"data":"KyokaiOfKami:ReiMu","floor":32.0,"key":"SMITH"},{"data":"KamiRite:ReiMu","floor":45,"key":"SMITH"},{"data":"Authority:ReiMu","floor":49,"key":"SMITH"}],"circlet_count":0,"master_deck":["Strike_Lin:ReiMu","Strike_Lin:ReiMu","Defend_Lin:ReiMu","NB:ReiMu+1","SafetyPray:ReiMu+1","SafetyPray:ReiMu+1","ManaGlint:ReiMu","OrbThrow:ReiMu","InherentArray:ReiMu+1","PrayRite:ReiMu","ManaGlint:ReiMu","KyokaiOfKami:ReiMu+1","Envy_TH","Apotheosis+1","LovePray:ReiMu+1","KamiSacrifice:ReiMu","Dreaming:ReiMu","Authority:ReiMu+1","FantasyMoon:ReiMu+1","SpringWay:ReiMu+1","KamiRite:ReiMu+1"],"relics":["FlyPower:ReiMu","NeowsBlessing","Peace Pipe","AntiCross","Empty Cage","MutagenicStrength","BodyOfKamiR:ReiMu","Letter Opener","Blue Candle","FadedRune:ReiMu","Coffee Dripper","Dead Branch","Mango","Lee\u0027s Waffle","Turnip","StoneCalendar","Orichalcum","Pear"],"acts_visited":["Exordium","TheCity","TheBeyond"],"potions_floor_usage":[50],"damage_taken":[{"damage":0.0,"enemies":"2 Louse","floor":1.0,"turns":1.0},{"damage":0.0,"enemies":"Cultist","floor":3.0,"turns":1.0},{"damage":0.0,"enemies":"Jaw Worm","floor":4.0,"turns":1.0},{"damage":131.0,"enemies":"Gremlin Nob","floor":7.0,"turns":9.0},{"damage":9.0,"enemies":"3 Louse","floor":8.0,"turns":5.0},{"damage":3.0,"enemies":"Blue Slaver","floor":11.0,"turns":3.0},{"damage":2.0,"enemies":"Exordium Thugs","floor":14.0,"turns":3.0},{"damage":9.0,"enemies":"Hexaghost","floor":16.0,"turns":7.0},{"damage":2.0,"enemies":"Shell Parasite","floor":18.0,"turns":3.0},{"damage":10.0,"enemies":"3 Byrds","floor":20.0,"turns":5.0},{"damage":17.0,"enemies":"Slavers","floor":24.0,"turns":4.0},{"damage":0.0,"enemies":"Sentry and Sphere","floor":27.0,"turns":3.0},{"damage":0.0,"enemies":"Gremlin Leader","floor":30.0,"turns":5.0},{"damage":0.0,"enemies":"3 Cultists","floor":31.0,"turns":2.0},{"damage":48.0,"enemies":"Collector","floor":33.0,"turns":8.0},{"damage":0,"enemies":"3 Darklings","floor":35,"turns":2},{"damage":35,"enemies":"2 Orb Walkers","floor":36,"turns":3},{"damage":5,"enemies":"Mind Bloom Boss Battle","floor":37,"turns":5},{"damage":10,"enemies":"Orb Walker","floor":39,"turns":2},{"damage":22,"enemies":"Reptomancer","floor":40,"turns":6},{"damage":2,"enemies":"Giant Head","floor":42,"turns":4},{"damage":10,"enemies":"Sphere and 2 Shapes","floor":46,"turns":2},{"damage":21,"enemies":"Donu and Deca","floor":50,"turns":6}],"seed_played":"-9147630602882314042","potions_obtained":[{"floor":2.0,"key":"Block Potion"},{"floor":4.0,"key":"FairyPotion"},{"floor":7.0,"key":"Fire Potion"},{"floor":11.0,"key":"Block Potion"},{"floor":16.0,"key":"CultistPotion"},{"floor":20.0,"key":"Fire Potion"},{"floor":24.0,"key":"SmokeBomb"},{"floor":27.0,"key":"FairyPotion"},{"floor":37,"key":"EssenceOfSteel"},{"floor":40,"key":"SpeedPotion"}],"is_trial":false,"path_per_floor":["M","?","M","M","$","R","E","M","T","R","M","$","?","M","R","B",null,"M","?","M","?","$","R","E","R","T","M","R","T","E","M","R","B",null,"M","?","?","$","M","E","$","E","T","T","R","M","$","?","R","B",null],"character_chosen":"REIMU","items_purchased":["OrbThrow:ReiMu","ManaGlint:ReiMu","Apotheosis","Authority:ReiMu","Lee\u0027s Waffle"],"campfire_rested":2,"item_purchase_floors":[5,12,22,38,38],"current_hp_per_floor":[65,65,65,65,65,65,19,10,10,29,26,26,13,11,30,21,65,63,63,53,53,53,53,36,36,36,36,36,36,36,36,36,11,65,65,30,39,86,76,54,54,52,52,62,62,52,52,52,52,31],"gold":98,"neow_bonus":"THREE_ENEMY_KILL","is_daily":false,"chose_seed":false,"campfire_upgraded":6,"win_rate":0.0,"timestamp":1609493901,"path_taken":["M","?","?","M","$","R","E","?","T","R","M","$","?","M","R","BOSS","M","?","M","?","$","R","E","R","T","M","R","?","E","M","R","BOSS","M","?","?","$","M","E","$","E","T","?","R","?","$","?","R","BOSS"],"items_purchased_type":["Card","Card","Card","Card","Relic"],"build_version":"2020-12-22","purchased_purges":2,"victory":true,"max_hp_per_floor":[65,65,65,65,65,65,65,65,65,65,65,65,65,65,65,65,65,65,65,65,65,65,65,65,65,65,65,65,65,65,65,65,65,65,65,65,79,86,86,86,86,86,86,96,96,96,96,96,96,96],"card_choices":[{"not_picked":["AlertArray:ReiMu","TightArray:ReiMu"],"picked":"SafetyPray:ReiMu","floor":1.0},{"not_picked":["TakeOff:ReiMu","SubAcupoint:ReiMu"],"picked":"SafetyPray:ReiMu","floor":3.0},{"not_picked":["Amulet:ReiMu","DoubleButterfly:ReiMu"],"picked":"ManaGlint:ReiMu","floor":4.0},{"not_picked":["Enchanting:ReiMu","FantasyBorder:ReiMu"],"picked":"InherentArray:ReiMu","floor":7.0},{"not_picked":["Enchanting:ReiMu","AirStrike:ReiMu","SubcavityInstant:ReiMu"],"picked":"SKIP","floor":8.0},{"not_picked":["BarrageOfMoneybags:ReiMu","SpreadBorder2:ReiMu"],"picked":"PrayRite:ReiMu","floor":11.0},{"not_picked":["SpreadBorder2:ReiMu","Intuition:ReiMu"],"picked":"MikOfLucky:ReiMu","floor":14.0},{"not_picked":["CeremonyResonance:ReiMu","CleanRite:ReiMu"],"picked":"KyokaiOfKami:ReiMu","floor":16.0},{"not_picked":["SafetyPray:ReiMu","SpreadBorder2:ReiMu","Amulet:ReiMu"],"picked":"SKIP","floor":18.0},{"not_picked":["Amulet:ReiMu","Dreaming2:ReiMu","YinYangSign:ReiMu"],"picked":"SKIP","floor":20.0},{"not_picked":["SpreadBorder2:ReiMu","WonderfulDomain:ReiMu"],"picked":"LovePray:ReiMu+1","floor":24.0},{"not_picked":["Crusade:ReiMu","CollectionFlower2:ReiMu+1","YinYangSign:ReiMu"],"picked":"SKIP","floor":27.0},{"not_picked":["LovePray:ReiMu","Meditation:ReiMu","SubAcupoint:ReiMu"],"picked":"SKIP","floor":30.0},{"not_picked":["TightArray:ReiMu","Crusade:ReiMu"],"picked":"KamiSacrifice:ReiMu","floor":31.0},{"not_picked":["Free:ReiMu","RunawayExorcism:ReiMu"],"picked":"Dreaming:ReiMu","floor":33.0},{"not_picked":["MountainWay:ReiMu+1","AirStrike:ReiMu+1","ManaGlint:ReiMu+1"],"picked":"SKIP","floor":35},{"not_picked":["PassingAway:ReiMu","Amulet:ReiMu+1"],"picked":"FantasyMoon:ReiMu+1","floor":39},{"not_picked":["SafetyPray:ReiMu+1","Amulet:ReiMu"],"picked":"SpringWay:ReiMu+1","floor":40},{"not_picked":["WonderfulDomain:ReiMu","PhosphorusFlame:ReiMu+1"],"picked":"KamiRite:ReiMu","floor":42},{"not_picked":["Conquer:ReiMu","MountainWay:ReiMu","OrbThrow:ReiMu+1"],"picked":"SKIP","floor":46}],"player_experience":374115,"relics_obtained":[{"floor":7.0,"key":"Peace Pipe"},{"floor":9.0,"key":"AntiCross"},{"floor":24.0,"key":"BodyOfKamiR:ReiMu"},{"floor":26.0,"key":"Letter Opener"},{"floor":29.0,"key":"Blue Candle"},{"floor":30.0,"key":"FadedRune:ReiMu"},{"floor":36,"key":"Dead Branch"},{"floor":37,"key":"Mango"},{"floor":40,"key":"Turnip"},{"floor":42,"key":"StoneCalendar"},{"floor":43,"key":"Orichalcum"},{"floor":44,"key":"Pear"}],"event_choices":[{"damage_healed":0.0,"max_hp_gain":0.0,"max_hp_loss":0.0,"gold_gain":0.0,"event_name":"The Woman in Blue","player_choice":"Bought 1 Potion","floor":2.0,"gold_loss":0.0,"damage_taken":0.0},{"damage_healed":0.0,"max_hp_gain":0.0,"max_hp_loss":0.0,"gold_gain":0.0,"event_name":"Shining Light","player_choice":"Entered Light","floor":13.0,"gold_loss":0.0,"damage_taken":13.0,"cards_upgraded":["SafetyPray:ReiMu","NB:ReiMu"]},{"damage_healed":0.0,"max_hp_gain":0.0,"max_hp_loss":0.0,"gold_gain":0.0,"event_name":"Drug Dealer","player_choice":"Inject Mutagens","floor":19.0,"gold_loss":0.0,"damage_taken":0.0,"relics_obtained":["MutagenicStrength"]},{"damage_healed":0,"gold_gain":0,"player_choice":"Fight","damage_taken":0,"max_hp_gain":0,"max_hp_loss":0,"event_name":"Mysterious Sphere","floor":36,"gold_loss":0},{"damage_healed":0,"gold_gain":0,"player_choice":"Fight","damage_taken":0,"max_hp_gain":0,"max_hp_loss":0,"event_name":"MindBloom","floor":37,"gold_loss":0},{"damage_healed":0,"gold_gain":0,"player_choice":"Ignored","damage_taken":0,"max_hp_gain":0,"max_hp_loss":0,"event_name":"SecretPortal","floor":48,"gold_loss":0}],"is_beta":false,"boss_relics":[{"not_picked":["SlaversCollar","Calling Bell"],"picked":"Empty Cage"},{"not_picked":["Pandora\u0027s Box","Snecko Eye"],"picked":"Coffee Dripper"}],"items_purged_floors":[5,38],"is_endless":false,"potions_floor_spawned":[4,7,11,16,20,24,27,31,37,40],"ascension_level":1}}