{"host":"Finnegan","time":1609522176,"event":{"mods":["AchievementEnabler","BaseMod","Colored Map","Colored Powertips","Highlight Path","Minty Spire (QoL Compilation)","Permanent Neow","Quick Restart","Rare Cards Sparkle","Relic Stats","Slay-I","StSLib","everything is the same but u backflip on backflip","slay the spire mod where everything is the same but ironclad has a cowboy hat"],"gold_per_floor":[10,27,27,38,88,113,113,133,133,133,145,157,157,191,191,265,265,284,298,298,298,10,10,42,42,89,89,105,123,123,123],"floor_reached":30,"playtime":1140,"items_purged":[],"score":455,"play_id":"0b3c808c-7428-4b8f-a2af-8c3f28c3c145","local_time":"20210101182936","is_ascension_mode":true,"campfire_choices":[{"data":"Neutralize","floor":7,"key":"SMITH"},{"data":"Footwork","floor":10,"key":"SMITH"},{"data":"Noxious Fumes","floor":13,"key":"SMITH"},{"floor":15,"key":"REST"},{"floor":23,"key":"DIG"},{"floor":25,"key":"DIG"}],"circlet_count":0,"master_deck":["AscendersBane","Strike_G","Strike_G","Strike_G","Strike_G","Strike_G","Defend_G","Defend_G","Defend_G","Defend_G","Defend_G","Survivor","Neutralize+1","Noxious Fumes+1","Sucker Punch","Dagger Throw","Footwork+1","Bane+1","Grand Finale+1","Grand Finale+1","Ghostly","Ghostly","Ghostly","Decay","Terror+1","Leg Sweep+1","Blur+1"],"relics":["Ring of the Snake","FossilizedHelix","Molten Egg 2","Meat on the Bone","Prayer Wheel","Busted Crown","Shovel","Torii","Blood Vial","Toxic Egg 2","Dream Catcher"],"acts_visited":["Exordium","TheCity"],"potions_floor_usage":[6,12,14,30],"damage_taken":[{"damage":0,"enemies":"Jaw Worm","floor":1,"turns":7},{"damage":0,"enemies":"Cultist","floor":2,"turns":5},{"damage":0,"enemies":"Small Slimes","floor":4,"turns":4},{"damage":15,"enemies":"Gremlin Nob","floor":6,"turns":5},{"damage":6,"enemies":"3 Louse","floor":8,"turns":4},{"damage":0,"enemies":"Exordium Wildlife","floor":11,"turns":5},{"damage":0,"enemies":"2 Fungi Beasts","floor":12,"turns":3},{"damage":20,"enemies":"Lagavulin","floor":14,"turns":9},{"damage":15,"enemies":"The Guardian","floor":16,"turns":11},{"damage":16,"enemies":"Spheric Guardian","floor":18,"turns":5},{"damage":6,"enemies":"Shell Parasite","floor":19,"turns":7},{"damage":2,"enemies":"Slavers","floor":24,"turns":4},{"damage":30,"enemies":"Snake Plant","floor":28,"turns":7},{"damage":12,"enemies":"Snecko","floor":29,"turns":8},{"damage":16,"enemies":"Chosen and Byrds","floor":30,"turns":6}],"seed_played":"-294147322238529589","potions_obtained":[{"floor":1,"key":"AttackPotion"},{"floor":2,"key":"SpeedPotion"},{"floor":8,"key":"Block Potion"},{"floor":12,"key":"SneckoOil"},{"floor":28,"key":"EssenceOfSteel"}],"is_trial":false,"path_per_floor":["M","M","$","M","?","E","R","M","T","R","M","M","R","E","R","B",null,"M","M","?","?","$","R","E","R","T","?","M","M","M"],"character_chosen":"THE_SILENT","items_purchased":["Shovel"],"campfire_rested":1,"item_purchase_floors":[22],"current_hp_per_floor":[59,59,59,59,59,44,44,38,38,38,38,38,38,30,49,34,58,42,36,36,33,33,33,31,31,31,31,15,17,3,3],"gold":123,"neow_bonus":"ONE_RARE_RELIC","is_daily":false,"chose_seed":false,"campfire_upgraded":3,"win_rate":0.0,"timestamp":1609522176,"path_taken":["M","M","$","M","?","E","R","M","T","R","?","M","R","E","R","BOSS","M","M","?","?","?","R","E","R","T","?","M","M","M"],"items_purchased_type":["Relic"],"build_version":"2020-12-18","purchased_purges":0,"victory":false,"max_hp_per_floor":[66,66,66,66,66,66,66,66,66,66,66,66,66,66,66,66,66,66,66,66,33,33,33,33,33,33,33,33,33,33,33],"relic_stats":{"Blood Vial":6,"Dream Catcher":0,"Busted Crown":18,"Shovel":2,"Torii":4,"counters":[15,90],"Prayer Wheel":4,"obtain_stats":[{"Blood Vial":24,"Dream Catcher":26,"Busted Crown":17,"Shovel":22,"Torii":23,"Molten Egg 2":6,"Prayer Wheel":14,"Toxic Egg 2":25,"FossilizedHelix":0,"Ring of the Snake":0,"Meat on the Bone":9},{"Blood Vial":12,"Dream Catcher":12,"Busted Crown":9,"Shovel":11,"Torii":11,"Molten Egg 2":4,"Prayer Wheel":8,"Toxic Egg 2":12,"FossilizedHelix":0,"Ring of the Snake":0,"Meat on the Bone":5},{"Blood Vial":69,"Dream Catcher":69,"Busted Crown":53,"Shovel":65,"Torii":65,"Molten Egg 2":21,"Prayer Wheel":42,"Toxic Egg 2":69,"FossilizedHelix":0,"Ring of the Snake":0,"Meat on the Bone":25}],"Ring of the Snake":[30],"Meat on the Bone":36},"card_choices":[{"not_picked":["Skewer","Heel Hook"],"picked":"Noxious Fumes","floor":1},{"not_picked":["Noxious Fumes","Dodge and Roll"],"picked":"Sucker Punch","floor":2},{"not_picked":["Blade Dance","PiercingWail"],"picked":"Dagger Throw","floor":4},{"not_picked":["Dodge and Roll","Dagger Throw+1"],"picked":"Footwork","floor":6},{"not_picked":["Cloak And Dagger","Sucker Punch+1"],"picked":"Bane+1","floor":8},{"not_picked":["Dodge and Roll","Choke+1"],"picked":"Grand Finale+1","floor":11},{"not_picked":["Underhanded Strike+1","Poisoned Stab+1","Dagger Throw+1"],"picked":"SKIP","floor":12},{"not_picked":["Envenom","Crippling Poison","Grand Finale+1"],"picked":"SKIP","floor":14},{"not_picked":["Tools of the Trade","Malaise"],"picked":"Grand Finale+1","floor":16},{"not_picked":["Cloak And Dagger"],"picked":"SKIP","floor":18},{"not_picked":["Reflex+1"],"picked":"SKIP","floor":18},{"not_picked":["Dodge and Roll"],"picked":"SKIP","floor":19},{"not_picked":["Dodge and Roll"],"picked":"SKIP","floor":19},{"not_picked":["Heel Hook+1"],"picked":"SKIP","floor":24},{"not_picked":[],"picked":"Terror+1","floor":28},{"not_picked":[],"picked":"Leg Sweep+1","floor":28},{"not_picked":[],"picked":"Blur+1","floor":29},{"not_picked":["Dagger Throw+1"],"picked":"SKIP","floor":29}],"player_experience":912655,"relics_obtained":[{"floor":6,"key":"Molten Egg 2"},{"floor":9,"key":"Meat on the Bone"},{"floor":14,"key":"Prayer Wheel"},{"floor":23,"key":"Torii"},{"floor":24,"key":"Blood Vial"},{"floor":25,"key":"Toxic Egg 2"},{"floor":26,"key":"Dream Catcher"}],"event_choices":[{"damage_healed":0,"gold_gain":50,"player_choice":"Pray","damage_taken":0,"max_hp_gain":0,"max_hp_loss":0,"event_name":"Golden Shrine","floor":5,"gold_loss":0},{"damage_healed":0,"gold_gain":0,"player_choice":"Ignored","damage_taken":0,"max_hp_gain":0,"max_hp_loss":0,"event_name":"The Mausoleum","floor":20,"gold_loss":0},{"damage_healed":0,"gold_gain":0,"player_choice":"Became a Ghost","damage_taken":0,"max_hp_gain":0,"max_hp_loss":33,"event_name":"Ghosts","floor":21,"gold_loss":0,"cards_obtained":["Ghostly","Ghostly","Ghostly"]},{"damage_healed":0,"gold_gain":0,"player_choice":"Cursed","damage_taken":0,"max_hp_gain":0,"max_hp_loss":0,"event_name":"Wheel of Change","floor":27,"gold_loss":0,"cards_obtained":["Decay"]}],"is_beta":true,"boss_relics":[{"not_picked":["Runic Pyramid","Ring of the Serpent"],"picked":"Busted Crown"}],"items_purged_floors":[],"is_endless":false,"potions_floor_spawned":[1,2,8,11,12,28,29],"killed_by":"Chosen and Byrds","ascension_level":15}}