{"host":"BK","time":1609467834,"event":{"mods":["BaseMod","Highlight Path","Minty Spire (QoL Compilation)","StSLib"],"gold_per_floor":[109,127,127,139,156,156,189,189,189,189,208,221,50,84,84,161,161,181,191,191,205,13,13,13,13,13,33,33,67,67,78,78,78,78],"floor_reached":33,"playtime":1976,"items_purged":["Decay"],"score":654,"play_id":"9a14a407-2aa0-4c23-afe2-8609ea966374","local_time":"20201231192354","is_ascension_mode":true,"campfire_choices":[{"data":"SandsOfTime","floor":6.0,"key":"SMITH"},{"data":"WheelKick","floor":8.0,"key":"SMITH"},{"data":"Vigilance","floor":10.0,"key":"SMITH"},{"data":"WaveOfTheHand","floor":15.0,"key":"SMITH"},{"data":"Conclude","floor":23.0,"key":"SMITH"},{"floor":28.0,"key":"REST"},{"floor":32.0,"key":"REST"}],"circlet_count":0,"master_deck":["AscendersBane","Strike_P","Defend_P","Defend_P","Defend_P","Defend_P","Eruption","Vigilance+1","SandsOfTime+1","BowlingBash","Blasphemy","WheelKick+1","WaveOfTheHand+1","CutThroughFate","Wireheading","Finesse","SpiritShield","Crescendo+1","Conclude+1","Protect","ThirdEye+1","FearNoEvil"],"relics":["Cursed Key","Bronze Scales","Ornamental Fan","Incense Burner","Empty Cage","Membership Card","Centennial Puzzle"],"acts_visited":["Exordium","TheCity"],"potions_floor_usage":[33],"damage_taken":[{"damage":4.0,"enemies":"2 Louse","floor":1.0,"turns":4.0},{"damage":0.0,"enemies":"Cultist","floor":2.0,"turns":2.0},{"damage":7.0,"enemies":"Jaw Worm","floor":4.0,"turns":4.0},{"damage":0.0,"enemies":"Exordium Wildlife","floor":5.0,"turns":2.0},{"damage":0.0,"enemies":"Lagavulin","floor":7.0,"turns":2.0},{"damage":0.0,"enemies":"Looter","floor":11.0,"turns":2.0},{"damage":6.0,"enemies":"Blue Slaver","floor":12.0,"turns":3.0},{"damage":0.0,"enemies":"3 Sentries","floor":14.0,"turns":7.0},{"damage":17.0,"enemies":"The Guardian","floor":16.0,"turns":9.0},{"damage":13.0,"enemies":"Chosen","floor":18.0,"turns":3.0},{"damage":15.0,"enemies":"2 Thieves","floor":19.0,"turns":3.0},{"damage":0.0,"enemies":"Cultist and Chosen","floor":21.0,"turns":4.0},{"damage":26.0,"enemies":"Snake Plant","floor":27.0,"turns":3.0},{"damage":11.0,"enemies":"Book of Stabbing","floor":29.0,"turns":5.0},{"damage":5.0,"enemies":"Centurion and Healer","floor":31.0,"turns":4.0},{"damage":51,"enemies":"Collector","floor":33,"turns":8}],"seed_played":"5921700591206494484","potions_obtained":[{"floor":2.0,"key":"Fire Potion"},{"floor":4.0,"key":"PowerPotion"},{"floor":11.0,"key":"StancePotion"},{"floor":31.0,"key":"Ancient Potion"}],"is_trial":false,"path_per_floor":["M","M","?","M","M","R","E","R","T","R","M","M","$","E","R","B",null,"M","M","?","M","$","R","?","$","T","M","R","E","?","M","R","B"],"character_chosen":"WATCHER","items_purchased":["Finesse","Membership Card","Protect"],"campfire_rested":2,"item_purchase_floors":[13,22,22],"current_hp_per_floor":[57,57,57,50,50,50,50,50,50,50,50,44,44,44,44,27,58,45,30,30,30,30,30,30,30,30,4,24,13,27,22,42,0,0],"gold":78,"neow_bonus":"BOSS_RELIC","is_daily":false,"chose_seed":false,"campfire_upgraded":5,"win_rate":0.0,"timestamp":1609467834,"path_taken":["M","M","?","M","M","R","E","R","T","R","?","?","$","E","R","BOSS","M","M","?","M","$","R","?","?","T","M","R","E","?","?","R","BOSS"],"items_purchased_type":["Card","Relic","Card"],"build_version":"2020-12-18","purchased_purges":1,"victory":false,"max_hp_per_floor":[68,68,68,68,68,68,68,68,68,68,68,68,68,68,68,68,68,68,68,68,68,68,68,68,68,68,68,68,68,68,68,68,68,68],"card_choices":[{"not_picked":["Protect","ClearTheMind"],"picked":"SandsOfTime","floor":1.0},{"not_picked":["Protect","Nirvana"],"picked":"BowlingBash","floor":2.0},{"not_picked":["Pray","Worship"],"picked":"Blasphemy","floor":4.0},{"not_picked":["ThirdEye","Prostrate"],"picked":"WheelKick","floor":5.0},{"not_picked":["MentalFortress","FlyingSleeves"],"picked":"WaveOfTheHand","floor":7.0},{"not_picked":["Study","ThirdEye"],"picked":"CutThroughFate","floor":11.0},{"not_picked":["WreathOfFlame","Sanctity"],"picked":"Wireheading","floor":12.0},{"not_picked":["SashWhip","MasterReality","JustLucky"],"picked":"SKIP","floor":14.0},{"not_picked":["DeusExMachina","Devotion"],"picked":"SpiritShield","floor":16.0},{"not_picked":["Protect","Evaluate"],"picked":"Crescendo+1","floor":18.0},{"not_picked":["Crescendo","WheelKick","JustLucky"],"picked":"SKIP","floor":19.0},{"not_picked":["Prostrate","CutThroughFate"],"picked":"Conclude","floor":21.0},{"not_picked":["Collect","BowlingBash","Evaluate"],"picked":"SKIP","floor":27.0},{"not_picked":["Devotion","CrushJoints+1"],"picked":"ThirdEye+1","floor":29.0},{"not_picked":["MentalFortress","Evaluate"],"picked":"FearNoEvil","floor":31.0}],"player_experience":2490129,"relics_obtained":[{"floor":7.0,"key":"Bronze Scales"},{"floor":9.0,"key":"Ornamental Fan"},{"floor":14.0,"key":"Incense Burner"},{"floor":29.0,"key":"Centennial Puzzle"}],"event_choices":[{"cards_removed":["Strike_P"],"damage_healed":0.0,"max_hp_gain":0.0,"max_hp_loss":0.0,"gold_gain":0.0,"event_name":"Bonfire Elementals","player_choice":"Offered Basic","floor":3.0,"gold_loss":0.0,"damage_taken":0.0},{"damage_healed":0.0,"max_hp_gain":0.0,"max_hp_loss":0.0,"gold_gain":0.0,"event_name":"Cursed Tome","player_choice":"Ignored","floor":20.0,"gold_loss":0.0,"damage_taken":0.0},{"damage_healed":0.0,"max_hp_gain":0.0,"max_hp_loss":0.0,"gold_gain":0.0,"event_name":"The Mausoleum","player_choice":"Ignored","floor":24.0,"gold_loss":0.0,"damage_taken":0.0},{"damage_healed":14.0,"max_hp_gain":0.0,"max_hp_loss":0.0,"gold_gain":0.0,"event_name":"The Library","player_choice":"Heal","floor":30.0,"gold_loss":0.0,"damage_taken":0.0}],"is_beta":true,"boss_relics":[{"not_picked":["Velvet Choker","Pandora\u0027s Box"],"picked":"Empty Cage"}],"items_purged_floors":[13],"is_endless":false,"potions_floor_spawned":[2,4,11,12,16,18,19,31],"killed_by":"Collector","ascension_level":20}}