{"host":"fmwbmnqnrup981we","time":1609542674,"event":{"mods":["AchievementEnabler","Act Like it!","BaseMod","Better Match","Better Note","Better Skull","Better Synergies","Better Third Choice","Better Vampires","Block Reminder","Curses Come First","Downfall","Duelist Mod","Elementarium","GungeonMod","HexUI Lib","HornydragonMod","Marked Mod","Minty Spire (QoL Compilation)","Pikachu Mod","Quick Restart","Relic Stats","SIMod","StSLib","The Bug Knight","The Death Knight","The Forsaken","The Marked","The Necromancer","The Runesmith","The Servant 0.9.4","The Wild Card","TheHero","TheVacant","TheVelvet","Transform Curses","Waifu the Spire","Yuri Mod","everything is the same but u backflip on backflip"],"gold_per_floor":[112,112,124,189,314,339,351,401,425,536,550,550,584,599,599,697,697,710,498,548,568,578,607,657,707,707,721,155,187,336,354,354,450,450,462,512,562,572,622,622,672,688,688,738,788,799,238,249,249,249,249,249,35,66,66,66],"floor_reached":55,"playtime":2004,"items_purged":["Strike_B","Defend_B","Cold Snap"],"score":792,"play_id":"3fb8cc44-096f-430a-b5fd-573e80057af8","local_time":"20210101231114","is_ascension_mode":false,"campfire_choices":[{"floor":12,"key":"REST"},{"floor":15,"key":"REST"},{"floor":32,"key":"REST"},{"floor":40,"key":"RECALL"},{"data":"Creative AI","floor":49,"key":"SMITH"},{"data":"Seek","floor":52,"key":"SMITH"}],"circlet_count":0,"master_deck":["Zap+1","Dualcast","Hyperbeam","Steam","Gash","Steam","Heatsinks","Seek+1","FTL","Darkness","Go for the Eyes","Machine Learning+1","Static Discharge+1","White Noise+1","Electrodynamics+1","Storm+1","FTL","Storm+1","Bite","Defragment+1","Turbo+1","Reboot+1","Steam","Hello World+1","BootSequence","Chill","Force Field","Amplify+1","Melter","Loop+1","Gash+1","Madness","Madness","Flash of Steel","Self Repair+1","Flash of Steel","Flash of Steel","Chaos+1","Creative AI+1","Aggregate","Heatsinks"],"relics":["Cracked Core","SsserpentHead","Juzu Bracelet","White Beast Statue","DemoMod:MemoryAlloy","Astrolabe","Oddly Smooth Stone","InkBottle","Pear","Sling","Toy Ornithopter","Eternal Feather","Pandora\u0027s Box","DemoMod:OrangeGuonStone","DeathKnight:PutricidesVial","DollysMirror","War Paint"],"acts_visited":["TheCity","TheBeyond","TheEnding"],"potions_floor_usage":[16,16,16,29,33,33,50,50,50,55,55,55],"damage_taken":[{"damage":2,"enemies":"2 Louse","floor":1,"turns":2},{"damage":0,"enemies":"Cultist","floor":3,"turns":3},{"damage":0,"enemies":"Small Slimes","floor":4,"turns":2},{"damage":24,"enemies":"Gremlin Nob","floor":6,"turns":4},{"damage":10,"enemies":"Looter","floor":7,"turns":2},{"damage":10,"enemies":"3 Sentries","floor":10,"turns":6},{"damage":0,"enemies":"Lots of Slimes","floor":11,"turns":1},{"damage":14,"enemies":"3 Sentries","floor":13,"turns":5},{"damage":0,"enemies":"Exordium Thugs","floor":14,"turns":4},{"damage":28,"enemies":"The Guardian","floor":16,"turns":8},{"damage":20,"enemies":"Shell Parasite","floor":18,"turns":4},{"damage":0,"enemies":"Chosen","floor":21,"turns":4},{"damage":9,"enemies":"Sentry and Sphere","floor":22,"turns":3},{"damage":10,"enemies":"HollowMod:Nosk","floor":23,"turns":4},{"damage":11,"enemies":"Centurion and Healer","floor":27,"turns":2},{"damage":0,"enemies":"Book of Stabbing","floor":29,"turns":3},{"damage":11,"enemies":"Snake Plant","floor":31,"turns":2},{"damage":2,"enemies":"Collector","floor":33,"turns":5},{"damage":0,"enemies":"3 Darklings","floor":35,"turns":4},{"damage":4,"enemies":"3 Shapes","floor":38,"turns":2},{"damage":13,"enemies":"Jaw Worm Horde","floor":42,"turns":2},{"damage":0,"enemies":"Maw","floor":46,"turns":5},{"damage":8,"enemies":"3 Darklings","floor":48,"turns":2},{"damage":27,"enemies":"Donu and Deca","floor":50,"turns":5},{"damage":49,"enemies":"Shield and Spear","floor":54,"turns":4},{"damage":77,"enemies":"The Heart","floor":55,"turns":3}],"seed_played":"-9110443022175883670","potions_obtained":[{"floor":1,"key":"Dexterity Potion"},{"floor":3,"key":"champ:CounterPotion"},{"floor":6,"key":"AttackPotion"},{"floor":13,"key":"FocusPotion"},{"floor":16,"key":"hexamod:EctoCoolerPotion"},{"floor":18,"key":"FocusPotion"},{"floor":21,"key":"Weak Potion"},{"floor":22,"key":"CultistPotion"},{"floor":31,"key":"Explosive Potion"},{"floor":33,"key":"DuplicationPotion"},{"floor":35,"key":"EssenceOfSteel"},{"floor":38,"key":"SkillPotion"},{"floor":54,"key":"ColorlessPotion"}],"is_trial":false,"path_per_floor":["M","?","M","M","?","E","M","?","T","?","M","R","E","M","R","B",null,"M","$","?","M","M","E","T","?","T","M","$","E","?","M","R","B",null,"M","?","?","M","?","R","?","M","T","?","?","M","$","M","R","B",null,"R","$","E","B"],"character_chosen":"DEFECT","items_purchased":["FTL","Storm","Sling","Hello World","BootSequence","Toy Ornithopter","Flash of Steel","DeathKnight:PutricidesVial","DollysMirror","Chaos","Aggregate","Heatsinks","PowerPotion","ColorlessPotion"],"campfire_rested":3,"item_purchase_floors":[19,19,28,28,28,28,47,47,47,47,53,53,53,53],"current_hp_per_floor":[73,73,73,73,62,38,28,28,28,18,18,40,26,26,48,20,75,55,55,55,57,48,40,40,19,29,18,18,23,23,12,54,66,80,80,80,56,52,42,63,63,50,50,50,50,62,62,54,75,53,80,80,80,31,0,0],"gold":66,"neow_bonus":"ONE_RANDOM_RARE_CARD","is_daily":false,"chose_seed":false,"campfire_upgraded":2,"win_rate":0.0,"timestamp":1609542674,"path_taken":["M","?","M","?","?","E","M","?","T","?","M","R","E","M","R","BOSS","M","$","?","M","M","E","?","?","T","M","$","E","?","M","R","BOSS","M","?","?","M","?","R","?","M","T","?","?","M","$","M","R","BOSS","R","$","E","BOSS"],"items_purchased_type":["Card","Card","Relic","Card","Card","Relic","Card","Relic","Relic","Card","Card","Card","Potion","Potion"],"build_version":"2020-12-22","purchased_purges":3,"victory":false,"max_hp_per_floor":[75,75,75,75,75,75,75,75,75,75,75,75,75,75,75,75,75,75,75,70,70,70,70,70,70,80,80,80,80,80,80,80,80,80,80,80,80,80,80,80,80,80,80,80,80,80,80,80,80,80,80,80,80,80,80,80],"relic_stats":{"SsserpentHead":700,"counters":[26,91],"Astrolabe":["Static Discharge","White Noise","Electrodynamics"],"Eternal Feather":60,"Pandora\u0027s Box":["Melter","Cold Snap"],"Juzu Bracelet":2,"War Paint":["Chaos","Zap"],"obtain_stats":[{"Pear":26,"DemoMod:MemoryAlloy":13,"Astrolabe":17,"DemoMod:OrangeGuonStone":43,"Oddly Smooth Stone":23,"Eternal Feather":29,"DemoMod:GlassGuonStoneRelic":1,"Juzu Bracelet":6,"War Paint":54,"Sling":28,"White Beast Statue":10,"SsserpentHead":2,"DollysMirror":47,"DeathKnight:PutricidesVial":47,"Pandora\u0027s Box":34,"Cracked Core":0,"InkBottle":24,"Toy Ornithopter":28},{"Pear":14,"DemoMod:MemoryAlloy":8,"Astrolabe":10,"DemoMod:OrangeGuonStone":21,"Oddly Smooth Stone":14,"Eternal Feather":16,"DemoMod:GlassGuonStoneRelic":1,"Juzu Bracelet":4,"War Paint":25,"Sling":15,"White Beast Statue":6,"SsserpentHead":1,"DollysMirror":22,"DeathKnight:PutricidesVial":22,"Pandora\u0027s Box":18,"Cracked Core":0,"InkBottle":14,"Toy Ornithopter":15},{"Pear":52,"DemoMod:MemoryAlloy":25,"Astrolabe":37,"DemoMod:OrangeGuonStone":72,"Oddly Smooth Stone":52,"Eternal Feather":57,"DemoMod:GlassGuonStoneRelic":2,"Juzu Bracelet":11,"War Paint":88,"Sling":54,"White Beast Statue":19,"SsserpentHead":2,"DollysMirror":77,"DeathKnight:PutricidesVial":77,"Pandora\u0027s Box":64,"Cracked Core":0,"InkBottle":52,"Toy Ornithopter":54}],"InkBottle":[26],"Toy Ornithopter":35},"card_choices":[{"not_picked":["Capacitor","Sunder"],"picked":"Steam","floor":1},{"not_picked":["Barrage","Stack","Leap"],"picked":"SKIP","floor":3},{"not_picked":["Glacier","Undo"],"picked":"Gash","floor":4},{"not_picked":["Streamline","Stack"],"picked":"Steam","floor":6},{"not_picked":["Self Repair","Defragment"],"picked":"Heatsinks","floor":7},{"not_picked":["Streamline","Melter"],"picked":"Conserve Battery","floor":10},{"not_picked":["Double Energy","Rebound"],"picked":"FTL","floor":11},{"not_picked":["Doom and Gloom","Echo Form"],"picked":"Darkness","floor":13},{"not_picked":["Lockon","Streamline"],"picked":"Go for the Eyes","floor":14},{"not_picked":["Rainbow","Meteor Strike"],"picked":"Machine Learning","floor":16},{"not_picked":["Rebound","Leap"],"picked":"Storm+1","floor":18},{"not_picked":["Rebound","Hologram"],"picked":"Defragment","floor":21},{"not_picked":["Auto Shields","Leap"],"picked":"Turbo+1","floor":22},{"not_picked":["Double Energy","Compile Driver+1"],"picked":"Reboot","floor":23},{"not_picked":["Conserve Battery","Streamline+1"],"picked":"Steam","floor":27},{"not_picked":["Compile Driver+1","Static Discharge"],"picked":"Chill","floor":29},{"not_picked":["Streamline","Recycle"],"picked":"Force Field","floor":31},{"not_picked":["Fission","Echo Form"],"picked":"Amplify","floor":33},{"not_picked":["Leap+1","Conserve Battery+1"],"picked":"Loop+1","floor":35},{"not_picked":["Compile Driver+1","Melter+1"],"picked":"Gash+1","floor":38},{"not_picked":["Metamorphosis","HandOfGreed"],"picked":"Flash of Steel","floor":41},{"not_picked":["Gash+1","Sweeping Beam"],"picked":"Self Repair+1","floor":42},{"not_picked":["Steam","Coolheaded","Conserve Battery+1"],"picked":"SKIP","floor":46},{"not_picked":["Gash+1","Undo"],"picked":"Creative AI","floor":48},{"not_picked":["Conserve Battery+1","Compile Driver","Reinforced Body+1"],"picked":"SKIP","floor":54}],"player_experience":421837,"relics_obtained":[{"floor":6,"key":"Juzu Bracelet"},{"floor":10,"key":"White Beast Statue"},{"floor":13,"key":"DemoMod:MemoryAlloy"},{"floor":23,"key":"Oddly Smooth Stone"},{"floor":24,"key":"InkBottle"},{"floor":26,"key":"Pear"},{"floor":29,"key":"Eternal Feather"},{"floor":43,"key":"DemoMod:OrangeGuonStone"},{"floor":54,"key":"War Paint"}],"event_choices":[{"damage_healed":0,"gold_gain":0,"player_choice":"Trade","damage_taken":0,"relics_obtained":["SsserpentHead"],"max_hp_gain":0,"max_hp_loss":0,"event_name":"FaceTrader","floor":2,"gold_loss":0},{"damage_healed":0,"gold_gain":75,"player_choice":"Gold","damage_taken":11,"max_hp_gain":0,"max_hp_loss":0,"event_name":"betterThird:BetterGoop","floor":5,"gold_loss":0},{"cards_removed":["Zap"],"damage_healed":0,"gold_gain":0,"player_choice":"Take \u0026 Give","damage_taken":0,"max_hp_gain":0,"max_hp_loss":0,"event_name":"betterNote:BetterNote","floor":8,"gold_loss":0,"cards_obtained":["Seek"]},{"damage_healed":0,"gold_gain":0,"player_choice":"Searched \u00271\u0027 times","damage_taken":0,"max_hp_gain":0,"max_hp_loss":0,"event_name":"Dead Adventurer","floor":10,"gold_loss":0},{"damage_healed":0,"gold_gain":0,"player_choice":"Became a vampire","damage_taken":0,"max_hp_gain":0,"max_hp_loss":5,"event_name":"Vampires","floor":20,"gold_loss":0,"cards_obtained":["Bite"]},{"damage_healed":0,"gold_gain":99,"player_choice":"Steal","damage_taken":0,"max_hp_gain":0,"max_hp_loss":0,"event_name":"betterThird:BetterNest","floor":30,"gold_loss":0},{"damage_healed":0,"gold_gain":0,"player_choice":"Embrace Madness","damage_taken":10,"max_hp_gain":0,"max_hp_loss":0,"event_name":"Winding Halls","floor":39,"gold_loss":0,"cards_obtained":["Madness","Madness"]},{"damage_healed":0,"gold_gain":0,"player_choice":"Memory 1","damage_taken":0,"max_hp_gain":0,"max_hp_loss":0,"event_name":"SensoryStone","floor":41,"gold_loss":0},{"cards_removed":["Conserve Battery"],"damage_healed":0,"gold_gain":0,"player_choice":"Removed Skill","damage_taken":0,"max_hp_gain":0,"max_hp_loss":0,"event_name":"Falling","floor":45,"gold_loss":0}],"is_beta":false,"boss_relics":[{"not_picked":["Busted Crown","Coffee Dripper"],"picked":"Astrolabe"},{"not_picked":["Sozu","Runesmith:UraniumAnvil"],"picked":"Pandora\u0027s Box"}],"items_purged_floors":[19,28,47],"is_endless":false,"potions_floor_spawned":[1,3,6,7,11,13,14,16,18,21,22,23,27,31,33,35,38,42,46,48,54],"killed_by":"The Heart","ascension_level":0}}