{"host":"56ghxnzsglgdq727","time":1609487941,"event":{"mods":["AchievementEnabler","BaseMod","Minty Spire (QoL Compilation)"],"gold_per_floor":[117,129,129,147,2,2,29,29,29,60,235,254,12,27,27,132,132,142,142,153,9,9,9,29,48,74,12,25,37,37,63,63,166,216,232,68,87,102,102,134,134,150,196,210,262,262,262],"floor_reached":46,"playtime":1696,"items_purged":["Clumsy","Doubt","Electrodynamics"],"score":531,"play_id":"c22205b6-9c9f-4a9d-b1fb-dcf7d3a21eee","local_time":"20210101025901","is_ascension_mode":true,"campfire_choices":[{"data":"Gash","floor":6.0,"key":"SMITH"},{"data":"Gash","floor":8.0,"key":"SMITH"},{"floor":15.0,"key":"REST"},{"data":"Scrape","floor":23.0,"key":"SMITH"},{"floor":30.0,"key":"REST"},{"data":"Zap","floor":32.0,"key":"SMITH"},{"floor":41.0,"key":"REST"}],"circlet_count":0,"master_deck":["Strike_B+1","Strike_B","Strike_B","Strike_B","Defend_B","Defend_B","Defend_B","Zap+1","Dualcast","Gash+1","Gash+1","Scrape+1","Self Repair","Coolheaded","Machine Learning","Echo Form+1","Chill+1","Gash","Gash","Beam Cell+1","Blizzard","Gash","Beam Cell+1","Reboot","Streamline+1","Chill","Go for the Eyes","Gash","Coolheaded+1","Scrape","Go for the Eyes+1","Gash"],"relics":["Cracked Core","Gambling Chip","Kunai","Centennial Puzzle","Orichalcum","Inserter","Membership Card","Potion Belt","Vajra","Tiny House","Whetstone","Mercury Hourglass","Art of War","Unceasing Top"],"acts_visited":["Exordium","TheCity","TheBeyond"],"potions_floor_usage":[],"damage_taken":[{"damage":5.0,"enemies":"2 Louse","floor":1.0,"turns":3.0},{"damage":0.0,"enemies":"Cultist","floor":2.0,"turns":3.0},{"damage":3.0,"enemies":"Jaw Worm","floor":4.0,"turns":3.0},{"damage":22.0,"enemies":"3 Sentries","floor":7.0,"turns":6.0},{"damage":29.0,"enemies":"Lagavulin","floor":10.0,"turns":4.0},{"damage":0.0,"enemies":"Large Slime","floor":12.0,"turns":4.0},{"damage":0.0,"enemies":"2 Fungi Beasts","floor":14.0,"turns":2.0},{"damage":23.0,"enemies":"Hexaghost","floor":16.0,"turns":9.0},{"damage":27.0,"enemies":"2 Thieves","floor":18.0,"turns":3.0},{"damage":3.0,"enemies":"3 Byrds","floor":20.0,"turns":2.0},{"damage":4.0,"enemies":"Centurion and Healer","floor":24.0,"turns":5.0},{"damage":23.0,"enemies":"Snake Plant","floor":25.0,"turns":4.0},{"damage":5.0,"enemies":"Chosen and Byrds","floor":28.0,"turns":5.0},{"damage":6.0,"enemies":"3 Cultists","floor":29.0,"turns":4.0},{"damage":16.0,"enemies":"Gremlin Leader","floor":31.0,"turns":6.0},{"damage":30.0,"enemies":"Collector","floor":33.0,"turns":5.0},{"damage":5.0,"enemies":"3 Darklings","floor":35.0,"turns":4.0},{"damage":11.0,"enemies":"3 Shapes","floor":37.0,"turns":4.0},{"damage":18.0,"enemies":"Maw","floor":38.0,"turns":6.0},{"damage":28.0,"enemies":"Reptomancer","floor":40.0,"turns":5.0},{"damage":9.0,"enemies":"Sphere and 2 Shapes","floor":42.0,"turns":4.0},{"damage":19.0,"enemies":"4 Shapes","floor":44.0,"turns":3.0},{"damage":25.0,"enemies":"2 Orb Walkers","floor":45.0,"turns":4.0},{"damage":0,"enemies":"Nemesis","floor":46,"turns":2}],"seed_played":"6575204959962084721","potions_obtained":[{"floor":7.0,"key":"SteroidPotion"},{"floor":10.0,"key":"EssenceOfDarkness"},{"floor":14.0,"key":"SpeedPotion"},{"floor":18.0,"key":"DistilledChaos"},{"floor":24.0,"key":"Swift Potion"},{"floor":31.0,"key":"CultistPotion"},{"floor":33.0,"key":"AttackPotion"},{"floor":34.0,"key":"BlessingOfTheForge"},{"floor":35.0,"key":"PotionOfCapacity"},{"floor":38.0,"key":"Explosive Potion"},{"floor":45.0,"key":"Dexterity Potion"}],"is_trial":false,"path_per_floor":["M","M","?","M","$","R","E","R","T","E","?","M","$","M","R","B",null,"M","?","M","$","?","R","M","M","T","$","M","M","R","E","R","B",null,"M","$","M","M","?","E","R","M","T","M","?","E"],"character_chosen":"DEFECT","items_purchased":["Scrape","Machine Learning","Membership Card","Blizzard","Gash","Go for the Eyes","Whetstone"],"campfire_rested":3,"item_purchase_floors":[5,13,21,27,27,36,36],"current_hp_per_floor":[70,70,70,67,67,67,45,45,45,23,23,23,23,30,52,36,75,55,55,59,59,59,59,55,32,32,32,34,28,50,41,41,18,80,75,75,64,53,53,25,49,40,40,28,10,10,10],"gold":262,"neow_bonus":"ONE_RARE_RELIC","is_daily":false,"chose_seed":false,"campfire_upgraded":4,"win_rate":0.0,"timestamp":1609487941,"path_taken":["M","M","?","?","$","R","E","R","T","E","?","M","$","M","R","BOSS","M","?","M","$","?","R","M","?","T","?","M","M","R","E","R","BOSS","M","$","M","M","?","E","R","M","T","M","?","E"],"items_purchased_type":["Card","Card","Relic","Card","Card","Card","Relic"],"build_version":"2020-12-22","purchased_purges":3,"victory":false,"max_hp_per_floor":[75,75,75,75,75,75,75,75,75,75,75,75,75,75,75,75,75,75,75,75,75,75,75,75,75,75,75,75,75,75,75,75,75,80,80,80,80,80,80,80,80,80,80,80,80,80,80],"card_choices":[{"not_picked":["Go for the Eyes","Coolheaded"],"picked":"Gash","floor":1.0},{"not_picked":["Rebound","Force Field","Stack"],"picked":"SKIP","floor":2.0},{"not_picked":["Hologram","Consume"],"picked":"Gash","floor":4.0},{"not_picked":["Compile Driver","Doom and Gloom"],"picked":"Self Repair","floor":7.0},{"not_picked":["Recycle","Chaos"],"picked":"Coolheaded","floor":10.0},{"not_picked":["Rebound","Tempest","Compile Driver"],"picked":"SKIP","floor":12.0},{"not_picked":["Turbo","Sweeping Beam"],"picked":"Electrodynamics","floor":14.0},{"not_picked":["Meteor Strike","Thunder Strike"],"picked":"Echo Form","floor":16.0},{"not_picked":["Reprogram","Hologram"],"picked":"Chill+1","floor":18.0},{"not_picked":["Lockon","Coolheaded"],"picked":"Gash","floor":20.0},{"not_picked":["Rebound","Skim","Cold Snap"],"picked":"SKIP","floor":24.0},{"not_picked":["Compile Driver+1","Recycle"],"picked":"Beam Cell","floor":25.0},{"not_picked":["Sweeping Beam","Undo"],"picked":"Beam Cell+1","floor":28.0},{"not_picked":["Fusion","Storm","Rebound+1"],"picked":"SKIP","floor":29.0},{"not_picked":["Thunder Strike","Turbo","Sunder"],"picked":"SKIP","floor":31.0},{"not_picked":["Buffer","Amplify"],"picked":"Reboot","floor":33.0},{"not_picked":["Blizzard","Defragment+1"],"picked":"Streamline+1","floor":34.0},{"not_picked":["Streamline","Storm"],"picked":"Chill","floor":35.0},{"not_picked":["Coolheaded","Rip and Tear"],"picked":"Gash","floor":37.0},{"not_picked":["Force Field","Leap"],"picked":"Coolheaded+1","floor":38.0},{"not_picked":["Hello World+1","Ball Lightning+1","Storm"],"picked":"SKIP","floor":40.0},{"not_picked":["Steam+1","Redo+1"],"picked":"Scrape","floor":42.0},{"not_picked":["Auto Shields+1","Rip and Tear"],"picked":"Go for the Eyes+1","floor":44.0},{"not_picked":["BootSequence+1","Cold Snap+1"],"picked":"Gash","floor":45.0}],"player_experience":75677,"relics_obtained":[{"floor":7.0,"key":"Kunai"},{"floor":9.0,"key":"Centennial Puzzle"},{"floor":10.0,"key":"Orichalcum"},{"floor":26.0,"key":"Potion Belt"},{"floor":31.0,"key":"Vajra"},{"floor":40.0,"key":"Mercury Hourglass"},{"floor":43.0,"key":"Art of War"},{"floor":45.0,"key":"Unceasing Top"}],"event_choices":[{"damage_healed":0.0,"max_hp_gain":0.0,"max_hp_loss":0.0,"gold_gain":0.0,"event_name":"The Woman in Blue","player_choice":"Bought 0 Potions","floor":3.0,"gold_loss":0.0,"damage_taken":0.0},{"damage_healed":0.0,"max_hp_gain":0.0,"max_hp_loss":0.0,"gold_gain":175.0,"event_name":"Liars Game","player_choice":"AGREE","floor":11.0,"gold_loss":0.0,"damage_taken":0.0,"cards_obtained":["Doubt"]},{"damage_healed":0.0,"max_hp_gain":0.0,"max_hp_loss":0.0,"gold_gain":0.0,"event_name":"The Library","player_choice":"Read","floor":19.0,"gold_loss":0.0,"damage_taken":0.0,"cards_obtained":["Gash"]},{"damage_healed":0.0,"max_hp_gain":0.0,"max_hp_loss":0.0,"gold_gain":0.0,"event_name":"Accursed Blacksmith","player_choice":"Forge","floor":22.0,"gold_loss":0.0,"damage_taken":0.0,"cards_upgraded":["Echo Form"]},{"cards_removed":["Defend_B"],"damage_healed":0.0,"max_hp_gain":0.0,"max_hp_loss":0.0,"gold_gain":0.0,"event_name":"Falling","player_choice":"Removed Skill","floor":39.0,"gold_loss":0.0,"damage_taken":0.0},{"damage_healed":0.0,"max_hp_gain":0.0,"max_hp_loss":0.0,"gold_gain":0.0,"event_name":"Mysterious Sphere","player_choice":"Fight","floor":45.0,"gold_loss":0.0,"damage_taken":0.0}],"is_beta":false,"boss_relics":[{"not_picked":["Runic Pyramid","Runic Dome"],"picked":"Inserter"},{"not_picked":["Fusion Hammer","Sozu"],"picked":"Tiny House"}],"items_purged_floors":[5,13,36],"is_endless":false,"potions_floor_spawned":[7,10,14,18,24,31,33,35,38,45],"killed_by":"Nemesis","ascension_level":1}}