{"host":"z028tbimoao97v47","time":1609508461,"event":{"mods":["AchievementEnabler","BaseMod","Colored Map","Colored Powertips","Minty Spire (QoL Compilation)","Permanent Neow","Rare Cards Sparkle","SuperFastMode","everything is the same but u backflip on backflip"],"gold_per_floor":[110,110,128,148,166,166,193,211,258,258,275,36,36,69,69,173,173,192,192,192,192,192,192,53,65,147,147,158,158,158,170,170,274,274,284,36,52,97,97,126,138,167,167,167,0,28,28,28,28,28],"floor_reached":51,"playtime":1962,"items_purged":[],"score":1357,"play_id":"c85a32e1-c1d3-4625-8174-dfd6089fbbe4","local_time":"20210101224101","is_ascension_mode":true,"campfire_choices":[{"data":"Strike_G","floor":6.0,"key":"PURGE"},{"data":"Strike_G","floor":10.0,"key":"PURGE"},{"data":"Strike_G","floor":15.0,"key":"PURGE"},{"data":"Footwork","floor":23.0,"key":"SMITH"},{"data":"Noxious Fumes","floor":27.0,"key":"SMITH"},{"data":"Noxious Fumes","floor":29.0,"key":"SMITH"},{"data":"Grand Finale","floor":32.0,"key":"PURGE"},{"data":"Strike_G+1","floor":44.0,"key":"PURGE"},{"data":"Dagger Spray","floor":47.0,"key":"PURGE"},{"data":"Underhanded Strike","floor":49.0,"key":"PURGE"}],"circlet_count":0,"master_deck":["Defend_G+1","Defend_G+1","Defend_G+1","Defend_G+1","Defend_G+1","Survivor","Neutralize+1","Bouncing Flask","Heel Hook","PiercingWail+1","Footwork+1","Noxious Fumes+1","Acrobatics+1","Burst+1","Noxious Fumes+1","Bandage Up+1","Deflect+1","Escape Plan+1","Deadly Poison+1","Deadly Poison+1","Bullet Time+1","CurseOfTheBell","Deflect+1","Deadly Poison+1","Leg Sweep+1","Apotheosis+1","Jack Of All Trades+1","Deadly Poison+1","Backflip+1","Backflip+1","Adrenaline+1"],"relics":["Ring of the Snake","Peace Pipe","Meat on the Bone","War Paint","Toxic Egg 2","Pear","Bronze Scales","Philosopher\u0027s Stone","MutagenicStrength","Mercury Hourglass","Ornamental Fan","Calling Bell","Oddly Smooth Stone","Question Card","Thread and Needle","Matryoshka","Prayer Wheel","Bottled Lightning","Sundial","Singing Bowl","Incense Burner","Red Mask","TungstenRod"],"acts_visited":["Exordium","TheCity","TheBeyond"],"potions_floor_usage":[50,50,50],"damage_taken":[{"damage":1.0,"enemies":"2 Louse","floor":1.0,"turns":3.0},{"damage":2.0,"enemies":"Cultist","floor":3.0,"turns":4.0},{"damage":2.0,"enemies":"Jaw Worm","floor":4.0,"turns":5.0},{"damage":1.0,"enemies":"Blue Slaver","floor":5.0,"turns":3.0},{"damage":25.0,"enemies":"Gremlin Nob","floor":7.0,"turns":5.0},{"damage":3.0,"enemies":"Looter","floor":8.0,"turns":3.0},{"damage":0.0,"enemies":"2 Fungi Beasts","floor":11.0,"turns":2.0},{"damage":23.0,"enemies":"Lagavulin","floor":14.0,"turns":7.0},{"damage":30.0,"enemies":"The Guardian","floor":16.0,"turns":10.0},{"damage":2.0,"enemies":"Chosen","floor":18.0,"turns":5.0},{"damage":18.0,"enemies":"Spheric Guardian","floor":25.0,"turns":4.0},{"damage":0.0,"enemies":"Snake Plant","floor":28.0,"turns":4.0},{"damage":10.0,"enemies":"Shelled Parasite and Fungi","floor":31.0,"turns":5.0},{"damage":1.0,"enemies":"Automaton","floor":33.0,"turns":9.0},{"damage":0.0,"enemies":"3 Shapes","floor":35.0,"turns":4.0},{"damage":0.0,"enemies":"Orb Walker","floor":37.0,"turns":4.0},{"damage":19.0,"enemies":"2 Orb Walkers","floor":38.0,"turns":4.0},{"damage":3.0,"enemies":"Nemesis","floor":40.0,"turns":7.0},{"damage":0.0,"enemies":"4 Shapes","floor":41.0,"turns":6.0},{"damage":0.0,"enemies":"Giant Head","floor":42.0,"turns":8.0},{"damage":13.0,"enemies":"Nemesis","floor":46.0,"turns":7.0},{"damage":40,"enemies":"Time Eater","floor":50,"turns":10}],"seed_played":"-7502056355011023228","potions_obtained":[{"floor":3.0,"key":"DuplicationPotion"},{"floor":7.0,"key":"EssenceOfSteel"},{"floor":11.0,"key":"Dexterity Potion"},{"floor":14.0,"key":"GhostInAJar"},{"floor":28.0,"key":"Poison Potion"},{"floor":33.0,"key":"BlessingOfTheForge"},{"floor":35.0,"key":"Swift Potion"},{"floor":40.0,"key":"Strength Potion"}],"is_trial":false,"path_per_floor":["M","?","M","M","M","R","E","M","T","R","M","$","?","E","R","B",null,"M","?","?","?","T","R","$","M","T","R","M","R","?","M","R","B",null,"M","$","M","?","?","E","M","E","T","R","?","E","R","?","R","B",null],"character_chosen":"THE_SILENT","items_purchased":["Toxic Egg 2","Bandage Up+1","Deflect+1","Matryoshka"],"campfire_rested":0,"item_purchase_floors":[12,24,24,36],"current_hp_per_floor":[62,62,60,58,57,57,32,41,41,41,41,41,51,40,40,22,60,58,58,58,45,45,45,45,45,45,45,51,51,51,47,47,58,73,73,73,78,59,54,57,63,69,69,69,69,64,64,64,64,36],"gold":28,"neow_bonus":"ONE_RARE_RELIC","is_daily":false,"chose_seed":false,"campfire_upgraded":3,"win_rate":0.0,"timestamp":1609508461,"path_taken":["M","?","M","M","?","R","E","M","T","R","M","$","?","E","R","BOSS","M","?","?","?","?","R","$","M","T","R","M","R","?","?","R","BOSS","M","$","?","?","?","E","M","E","T","R","?","E","R","?","R","BOSS"],"items_purchased_type":["Relic","Card","Card","Relic"],"build_version":"2020-12-22","purchased_purges":0,"victory":true,"max_hp_per_floor":[63,63,63,63,63,63,63,63,63,63,63,63,73,73,73,73,73,73,73,73,78,78,78,78,78,78,78,78,78,78,78,78,78,78,78,78,78,78,78,78,78,78,78,78,78,80,80,76,76,76],"card_choices":[{"not_picked":["Acrobatics","Infinite Blades"],"picked":"Underhanded Strike","floor":1.0},{"not_picked":["Sucker Punch","Acrobatics"],"picked":"Dagger Spray","floor":3.0},{"not_picked":["Dagger Throw","Accuracy"],"picked":"Bouncing Flask","floor":4.0},{"not_picked":["Slice","Infinite Blades"],"picked":"Heel Hook","floor":5.0},{"not_picked":["Dagger Spray","Sucker Punch"],"picked":"PiercingWail","floor":7.0},{"not_picked":["Outmaneuver","Underhanded Strike"],"picked":"Footwork","floor":8.0},{"not_picked":["Flying Knee","Calculated Gamble"],"picked":"Noxious Fumes","floor":11.0},{"not_picked":["Slice","Unload"],"picked":"Acrobatics+1","floor":14.0},{"not_picked":["A Thousand Cuts","Die Die Die"],"picked":"Burst+1","floor":16.0},{"not_picked":["Heel Hook+1","Setup+1"],"picked":"Noxious Fumes","floor":18.0},{"not_picked":["PiercingWail+1","Leg Sweep+1"],"picked":"Escape Plan+1","floor":25.0},{"not_picked":["Setup+1","Expertise+1"],"picked":"Deadly Poison+1","floor":28.0},{"not_picked":["Bane","Cloak And Dagger+1"],"picked":"Deadly Poison+1","floor":31.0},{"not_picked":["A Thousand Cuts","Glass Knife"],"picked":"Bullet Time+1","floor":33.0},{"not_picked":["Concentrate+1","Sucker Punch+1","Dash"],"picked":"Deflect+1","floor":35.0},{"not_picked":["Deflect+1","Endless Agony","Dagger Throw"],"picked":"Deadly Poison+1","floor":37.0},{"not_picked":["Reflex+1","Deflect+1","Unload"],"picked":"Leg Sweep+1","floor":38.0},{"not_picked":["Transmutation+1","Jack Of All Trades+1","Mayhem"],"picked":"Apotheosis+1","floor":39.0},{"not_picked":["Dark Shackles+1","Madness+1","Good Instincts+1"],"picked":"Jack Of All Trades+1","floor":39.0},{"not_picked":["Infinite Blades","Slice","Sucker Punch"],"picked":"Deadly Poison+1","floor":40.0},{"not_picked":["Cloak And Dagger+1","Dagger Spray+1","Underhanded Strike"],"picked":"Backflip+1","floor":41.0},{"not_picked":["Crippling Poison+1","Backstab+1","Well Laid Plans"],"picked":"Backflip+1","floor":41.0},{"not_picked":["Noxious Fumes+1","Bane","Deflect+1"],"picked":"Adrenaline+1","floor":42.0},{"not_picked":["Deflect+1","Dagger Spray+1","Reflex+1","Underhanded Strike"],"picked":"Singing Bowl","floor":46.0}],"player_experience":110422,"relics_obtained":[{"floor":7.0,"key":"Meat on the Bone"},{"floor":9.0,"key":"War Paint"},{"floor":14.0,"key":"Bronze Scales"},{"floor":22.0,"key":"Mercury Hourglass"},{"floor":26.0,"key":"Ornamental Fan"},{"floor":34.0,"key":"Oddly Smooth Stone"},{"floor":34.0,"key":"Question Card"},{"floor":34.0,"key":"Thread and Needle"},{"floor":38.0,"key":"Prayer Wheel"},{"floor":40.0,"key":"Bottled Lightning"},{"floor":42.0,"key":"Sundial"},{"floor":43.0,"key":"Singing Bowl"},{"floor":43.0,"key":"Incense Burner"},{"floor":46.0,"key":"TungstenRod"}],"event_choices":[{"damage_healed":0.0,"max_hp_gain":0.0,"max_hp_loss":0.0,"gold_gain":0.0,"event_name":"Upgrade Shrine","player_choice":"Upgraded","floor":2.0,"gold_loss":0.0,"damage_taken":0.0,"cards_upgraded":["Neutralize"]},{"damage_healed":0.0,"max_hp_gain":0.0,"max_hp_loss":0.0,"gold_gain":0.0,"event_name":"Dead Adventurer","player_choice":"Searched \u00271\u0027 times","floor":13.0,"gold_loss":0.0,"damage_taken":0.0,"relics_obtained":["Pear"]},{"damage_healed":0.0,"max_hp_gain":0.0,"max_hp_loss":0.0,"gold_gain":0.0,"event_name":"Back to Basics","player_choice":"Simplicity","floor":19.0,"gold_loss":0.0,"damage_taken":0.0,"cards_upgraded":["Strike_G","Strike_G","Defend_G","Defend_G","Defend_G","Defend_G"]},{"damage_healed":0.0,"max_hp_gain":0.0,"max_hp_loss":0.0,"gold_gain":0.0,"event_name":"Drug Dealer","player_choice":"Inject Mutagens","floor":20.0,"gold_loss":0.0,"damage_taken":0.0,"relics_obtained":["MutagenicStrength"]},{"damage_healed":0.0,"max_hp_gain":5.0,"max_hp_loss":0.0,"gold_gain":0.0,"event_name":"Forgotten Altar","player_choice":"Shed Blood","floor":21.0,"gold_loss":0.0,"damage_taken":18.0},{"damage_healed":0.0,"max_hp_gain":0.0,"max_hp_loss":0.0,"gold_gain":0.0,"cards_transformed":["Strike_G"],"event_name":"Transmorgrifier","player_choice":"Transformed","floor":30.0,"gold_loss":0.0,"damage_taken":0.0,"cards_obtained":["Grand Finale"]},{"damage_healed":0.0,"max_hp_gain":0.0,"max_hp_loss":0.0,"gold_gain":0.0,"event_name":"Mysterious Sphere","player_choice":"Fight","floor":38.0,"gold_loss":0.0,"damage_taken":0.0},{"damage_healed":0.0,"max_hp_gain":0.0,"max_hp_loss":0.0,"gold_gain":0.0,"event_name":"SensoryStone","player_choice":"Memory 2","floor":39.0,"gold_loss":0.0,"damage_taken":5.0},{"damage_healed":0.0,"max_hp_gain":0.0,"max_hp_loss":0.0,"gold_gain":0.0,"event_name":"Tomb of Lord Red Mask","player_choice":"Paid","floor":45.0,"gold_loss":167.0,"damage_taken":0.0,"relics_obtained":["Red Mask"]},{"damage_healed":0.0,"max_hp_gain":0.0,"max_hp_loss":4.0,"gold_gain":0.0,"event_name":"Winding Halls","player_choice":"Max HP","floor":48.0,"gold_loss":0.0,"damage_taken":0.0}],"is_beta":false,"boss_relics":[{"not_picked":["Runic Pyramid","Tiny House"],"picked":"Philosopher\u0027s Stone"},{"not_picked":["Fusion Hammer","Astrolabe"],"picked":"Calling Bell"}],"items_purged_floors":[],"is_endless":false,"potions_floor_spawned":[3,7,11,14,28,33,35,37,40,42],"ascension_level":8}}