{"host":"mytek2nu1hrzdnew","time":1609471474,"event":{"mods":["Aspiration","BaseMod","Conspire","Evolution","GifTheSpireLib","Gold Saver","Hubris","Minty Spire (QoL Compilation)","Replay The Spire","StSLib","Stuff the Spire","Uncapped"],"gold_per_floor":[771,54,54,71,71,100,112,112,192,192,225,225,254,3,3,104,104,123,137,157,173,183,183,60,80,128,155,155,155,168,187,187,282,282,296,296,306,93,104,104,104,114,138,138,138],"floor_reached":44,"playtime":2973,"items_purged":["Strike_G","Strike_G","Bane"],"score":550,"play_id":"04162897-5382-451c-b4c5-34210c2916a0","local_time":"20201231222434","is_ascension_mode":false,"campfire_choices":[{"data":"StuffTheSpire:Incantation","floor":8,"key":"SMITH"},{"data":"Cloak And Dagger","floor":10,"key":"SMITH"},{"floor":12,"key":"REST"},{"floor":15,"key":"REST"},{"floor":23,"key":"REST"},{"data":"Prepared","floor":32,"key":"SMITH"},{"data":"StuffTheSpire:Shiver","floor":40,"key":"SMITH"}],"circlet_count":0,"master_deck":["Bane","Bane","Defend_G","Defend_G","Defend_G","Defend_G","Defend_G","Survivor","Neutralize","Caltrops+1","Caltrops+1","Cloak And Dagger+1","Envenom","Dagger Spray","StuffTheSpire:Incantation+1","Cloak And Dagger","Deflect","Envenom+1","StuffTheSpire:Shiver+1","ReplayTheSpireMod:Scrap Shanks+1","conspire:DoublingDagger+1","Storm of Steel+1","All Out Attack","Prepared+1","Hidden Blade","A Thousand Cuts+1","Chill"],"relics":["Ring of the Snake","EVO:Axolotl","Ice Cream","Akabeko","Guide Book","Golden Egg","StuffTheSpire:PointBlank","aspiration:FetidBarrel","StuffTheSpire:Experiment12","conspire:DeflatedDodgeball","Membership Card","aspiration:PoetsPen_weak","Ancient Tea Set","StuffTheSpire:Barrel","Blood Vial","hubris:BottledHeart","aspiration:DefectSkillbook","Juzu Bracelet","Strange Spoon","Blue Doll"],"acts_visited":["Exordium","TheCity","TheBeyond"],"potions_floor_usage":[11,21,27,35,39],"damage_taken":[{"damage":0,"enemies":"2 Louse","floor":1,"turns":3},{"damage":0,"enemies":"Cultist","floor":4,"turns":2},{"damage":15,"enemies":"Gremlin Nob","floor":6,"turns":4},{"damage":7,"enemies":"Small Slimes","floor":7,"turns":4},{"damage":18,"enemies":"Lagavulin","floor":11,"turns":5},{"damage":25,"enemies":"Gremlin Nob","floor":13,"turns":4},{"damage":34,"enemies":"Fading Forest","floor":16,"turns":11},{"damage":6,"enemies":"Chosen","floor":18,"turns":4},{"damage":23,"enemies":"Shell Parasite","floor":19,"turns":4},{"damage":0,"enemies":"3 Cultists","floor":20,"turns":3},{"damage":0,"enemies":"Snecko","floor":21,"turns":4},{"damage":15,"enemies":"Cultist and Chosen","floor":22,"turns":4},{"damage":0,"enemies":"Snake Plant","floor":25,"turns":2},{"damage":15,"enemies":"Book of Stabbing","floor":27,"turns":4},{"damage":0,"enemies":"Shelled Parasite and Fungi","floor":30,"turns":3},{"damage":0,"enemies":"Cultist and Chosen","floor":31,"turns":2},{"damage":0,"enemies":"hubris:MusketHawk","floor":33,"turns":5},{"damage":0,"enemies":"3 Darklings","floor":35,"turns":3},{"damage":0,"enemies":"3 Shapes","floor":37,"turns":2},{"damage":0,"enemies":"Transient","floor":39,"turns":5},{"damage":0,"enemies":"Jaw Worm Horde","floor":42,"turns":3}],"seed_played":"7262690322974822794","potions_obtained":[{"floor":1,"key":"Swift Potion"},{"floor":4,"key":"ColorlessPotion"},{"floor":7,"key":"Dexterity Potion"},{"floor":18,"key":"GamblersBrew"},{"floor":19,"key":"Poison Potion"},{"floor":25,"key":"Adrenaline Potion"},{"floor":29,"key":"DuplicationPotion"},{"floor":35,"key":"LiquidBronze"}],"is_trial":false,"path_per_floor":["M","$","?","M","T","E","M","R","T","R","E","R","E","$","R","B",null,"M","M","M","M","M","R","$","M","T","E","?","?","M","M","R","B",null,"M","?","M","$","M","R","?","M","T","?"],"character_chosen":"THE_SILENT","items_purchased":["Ice Cream","Caltrops","Cloak And Dagger","Akabeko","Guide Book","Membership Card","ReplayTheSpireMod:Scrap Shanks","conspire:DoublingDagger","Ancient Tea Set","Juzu Bracelet","Strange Spoon"],"campfire_rested":3,"item_purchase_floors":[2,2,2,2,2,14,14,14,24,38,38],"current_hp_per_floor":[77,77,77,77,77,62,55,55,55,55,37,60,35,35,58,34,77,71,48,48,48,33,56,56,56,56,41,1,1,1,1,1,1,1,1,1,1,1,1,1,1,1,1,0,0],"gold":138,"neow_bonus":"TEN_PERCENT_HP_BONUS","is_daily":false,"chose_seed":false,"campfire_upgraded":4,"win_rate":0.0,"timestamp":1609471474,"path_taken":["M","$","?","?","?","E","M","R","T","R","E","R","E","$","R","BOSS","M","M","M","M","M","R","$","M","T","E","?","?","M","M","R","BOSS","M","?","M","$","M","R","?","M","T","?"],"items_purchased_type":["Relic","Card","Card","Relic","Relic","Relic","Card","Card","Relic","Relic","Relic"],"build_version":"2020-12-22","purchased_purges":3,"victory":false,"max_hp_per_floor":[77,77,77,77,77,77,77,77,77,77,77,77,77,77,77,77,77,77,77,77,77,77,77,77,77,77,77,1,1,1,1,1,1,1,1,1,1,1,1,1,1,1,1,1,1],"card_choices":[{"not_picked":["Backflip","Predator","Sucker Punch"],"picked":"SKIP","floor":1},{"not_picked":["StuffTheSpire:MirrorStance","Terror"],"picked":"StuffTheSpire:Incantation","floor":4},{"not_picked":["Slice","Bouncing Flask"],"picked":"Cloak And Dagger","floor":6},{"not_picked":["Bane","Fluid Movement"],"picked":"Deflect","floor":7},{"not_picked":["Underhanded Strike","Backflip"],"picked":"Envenom","floor":11},{"not_picked":["Noxious Fumes","Sneak Up"],"picked":"StuffTheSpire:Shiver","floor":13},{"not_picked":["ReplayTheSpireMod:Necrosis","Envenom"],"picked":"Storm of Steel","floor":16},{"not_picked":["StuffTheSpire:MirrorStance+1","Backflip+1","hubris:TrickCloak"],"picked":"SKIP","floor":18},{"not_picked":["Deadly Poison","Deflect"],"picked":"All Out Attack","floor":19},{"not_picked":["Setup+1","Blade Dance+1","Fluid Movement+1"],"picked":"SKIP","floor":20},{"not_picked":["Outmaneuver+1","Dagger Throw","hubris:SlightOfHand"],"picked":"SKIP","floor":21},{"not_picked":["PiercingWail+1","Poison Darts","Deadly Poison"],"picked":"SKIP","floor":22},{"not_picked":["Skewer","StuffTheSpire:BumpUp","Backflip"],"picked":"SKIP","floor":25},{"not_picked":["Poisoned Stab+1","Predator+1"],"picked":"Prepared","floor":27},{"not_picked":["Blur+1","Deflect+1"],"picked":"Hidden Blade","floor":30},{"not_picked":["Acrobatics","Outmaneuver+1","StuffTheSpire:ReptileScales"],"picked":"SKIP","floor":31},{"not_picked":["Burst","Corpse Explosion"],"picked":"A Thousand Cuts","floor":33},{"not_picked":["StuffTheSpire:LoadUp+1","Backflip","Leap","Go for the Eyes"],"picked":"SKIP","floor":35},{"not_picked":["Steam","Envenom","Backstab"],"picked":"Chill","floor":37},{"not_picked":["Poisoned Stab","Flying Knee+1","Steam","Gash+1"],"picked":"SKIP","floor":39},{"not_picked":["Streamline+1","Dagger Spray+1","Scrape","Lockon+1"],"picked":"SKIP","floor":42}],"player_experience":963567,"relics_obtained":[{"floor":5,"key":"Golden Egg"},{"floor":6,"key":"StuffTheSpire:PointBlank"},{"floor":9,"key":"aspiration:FetidBarrel"},{"floor":11,"key":"StuffTheSpire:Experiment12"},{"floor":13,"key":"conspire:DeflatedDodgeball"},{"floor":26,"key":"StuffTheSpire:Barrel"},{"floor":27,"key":"Blood Vial"},{"floor":43,"key":"Blue Doll"}],"event_choices":[{"damage_healed":0,"gold_gain":0,"player_choice":"2 cards matched","damage_taken":0,"max_hp_gain":0,"max_hp_loss":0,"event_name":"Match and Keep!","floor":3,"gold_loss":0,"cards_obtained":["Envenom","Dagger Spray"]},{"damage_healed":0,"gold_gain":0,"player_choice":"Got Potions","damage_taken":0,"max_hp_gain":0,"max_hp_loss":0,"event_name":"Lab","floor":29,"gold_loss":0},{"damage_healed":0,"gold_gain":0,"player_choice":"Ignored","damage_taken":0,"max_hp_gain":0,"max_hp_loss":0,"event_name":"Tomb of Lord Red Mask","floor":36,"gold_loss":0},{"damage_healed":0,"gold_gain":0,"player_choice":"Max HP","damage_taken":0,"max_hp_gain":0,"max_hp_loss":0,"event_name":"Winding Halls","floor":41,"gold_loss":0},{"damage_healed":0,"gold_gain":0,"player_choice":"Memory 2","damage_taken":5,"max_hp_gain":0,"max_hp_loss":0,"event_name":"SensoryStone","floor":44,"gold_loss":0}],"is_beta":false,"boss_relics":[{"not_picked":["Replay:Grab Bag","Philosopher\u0027s Stone"],"picked":"aspiration:PoetsPen_weak"},{"not_picked":["Ring of the Serpent","hubris:GrandSneckoEye"],"picked":"aspiration:DefectSkillbook"}],"items_purged_floors":[14,24,38],"is_endless":false,"potions_floor_spawned":[1,4,7,16,18,19,25,30,31,35],"ascension_level":0}}