{"host":"nlbr7nnijupf3yfg","time":1609530480,"event":{"mods":["AchievementEnabler","BaseMod","Colored Powertips","DeckTracker","Downfall","Minty Spire (QoL Compilation)","Replay The Spire","StSLib","SuperFastMode"],"gold_per_floor":[119,119,139,139,157,182,201,218,267,281,281,281,260,288,288,389,389,402,327,327,333,451,498,498,539,539,587,83,95,116,136,136,239,239,253,253,269,25,44,73,121,121,121,150,150,0,0,24,24],"floor_reached":48,"playtime":1224,"items_purged":["Strike_R","Strike_R","Sword Boomerang","ReplayTheSpireMod:Splinters"],"score":916,"play_id":"e6febd49-3837-4739-8522-993fd1e5d336","local_time":"20210101144800","is_ascension_mode":true,"campfire_choices":[{"floor":12,"key":"REST"},{"floor":15,"key":"REST"},{"data":"Fire Breathing","floor":24,"key":"SMITH"},{"data":"Fire Breathing","floor":24,"key":"SMITH"},{"floor":32,"key":"REST"},{"data":"Demon Form","floor":42,"key":"SMITH"},{"data":"ReplayTheSpireMod:Strike From Hell","floor":42,"key":"SMITH"},{"data":"Dark Embrace","floor":45,"key":"SMITH"},{"data":"Exhume","floor":45,"key":"SMITH"}],"circlet_count":0,"master_deck":["Strike_R","Defend_R","Defend_R","Defend_R","Defend_R","Bash","ReplayTheSpireMod:Strike From Hell+1","Looming Evil","Clothesline","Pommel Strike","Shrug It Off","Fire Breathing+1","Exhume+1","Demon Form+1","Body Slam+1","ReplayTheSpireMod:IOU","ReplayTheSpireMod:IOU","ReplayTheSpireMod:IOU","ReplayTheSpireMod:IOU","ReplayTheSpireMod:IOU","ReplayTheSpireMod:IOU","ReplayTheSpireMod:IOU","ReplayTheSpireMod:IOU","ReplayTheSpireMod:IOU","ReplayTheSpireMod:IOU","ReplayTheSpireMod:IOU","ReplayTheSpireMod:IOU","ReplayTheSpireMod:IOU","ReplayTheSpireMod:IOU","Inflame+1","Fire Breathing+1","Combust+1","ReplayTheSpireMod:IOU","ReplayTheSpireMod:IOU","Dark Embrace+1","Armaments+1","Slimebound:SlimeSpikes+1","Slimebound:SplitMire+1","Replay:SS_fish_1+1","Armaments+1","hexamod:NightmareGuise+1","ReplayTheSpireMod:IOU","ReplayTheSpireMod:IOU","ReplayTheSpireMod:IOU","Guardian:PolyBeam+1"],"relics":["Runic Cube","Ring of Peace","Ring of Hypnosis","Eternal Feather","Orichalcum","Pet Ghost","Mercury Hourglass","Replay:Ringing Soul","Ring of Chaos","Replay:Wax Seal","Replay:Bandana","HandDrill","Replay:Arrowhead","Meat on the Bone","Lee\u0027s Waffle","Kunai","Nunchaku","Bag of Marbles","ReplayTheSpireMod:Spearhead","Replay:Bottled Snecko","Potion Belt","PrismaticShard","Honey Jar","Bottled Lightning","Pantograph","Regal Pillow","Omamori","Molten Egg 2","Toy Ornithopter","Red Mask","Calipers"],"acts_visited":["Exordium","TheCity","TheBeyond"],"potions_floor_usage":[16,25,48,48,48],"damage_taken":[{"damage":18.0,"enemies":"Jaw Worm","floor":1.0,"turns":4.0},{"damage":0.0,"enemies":"Cultist","floor":3.0,"turns":4.0},{"damage":2.0,"enemies":"Small Slimes","floor":5.0,"turns":5.0},{"damage":14.0,"enemies":"Gremlin Nob","floor":6.0,"turns":5.0},{"damage":3.0,"enemies":"Looter","floor":7.0,"turns":4.0},{"damage":8,"enemies":"Blue Slaver","floor":8,"turns":5},{"damage":13,"enemies":"3 Louse","floor":10,"turns":4},{"damage":4,"enemies":"Replay:BlueRogue","floor":14,"turns":5},{"damage":52,"enemies":"Hexaghost","floor":16,"turns":12},{"damage":26,"enemies":"Spheric Guardian","floor":18,"turns":6},{"damage":14,"enemies":"Gremlin Leader","floor":23,"turns":6},{"damage":16,"enemies":"Slavers","floor":25,"turns":4},{"damage":0,"enemies":"3 Byrds","floor":29,"turns":2},{"damage":15,"enemies":"Cultist and Chosen","floor":30,"turns":4},{"damage":14,"enemies":"Snake Plant","floor":31,"turns":4},{"damage":42,"enemies":"Champ","floor":33,"turns":9},{"damage":16,"enemies":"3 Darklings","floor":35,"turns":3},{"damage":10,"enemies":"Orb Walker","floor":37,"turns":4},{"damage":24,"enemies":"Sphere and 2 Shapes","floor":39,"turns":3},{"damage":22,"enemies":"Nemesis","floor":40,"turns":5},{"damage":22,"enemies":"R_Hoarder","floor":44,"turns":6},{"damage":147,"enemies":"Giant Head","floor":48,"turns":8}],"seed_played":"-1022697931140749153","potions_obtained":[{"floor":3.0,"key":"FearPotion"},{"floor":8,"key":"EssenceOfSteel"},{"floor":14,"key":"Block Potion"},{"floor":16,"key":"Fire Potion"},{"floor":25,"key":"BlessingOfTheForge"},{"floor":27,"key":"Reflective Coating"},{"floor":31,"key":"sneckomod:MuddlingPotion"},{"floor":33,"key":"Dexterity Potion"},{"floor":37,"key":"CultistPotion"},{"floor":39,"key":"AttackPotion"},{"floor":44,"key":"Toxic Potion"}],"is_trial":false,"path_per_floor":["M","?","M","T","M","E","M","M","T","M","?","R","?","E","R","B",null,"M","?","?","$","$","E","R","E","T","?","$","M","M","M","R","B",null,"M","?","M","$","M","E","$","R","T","E","R","?","T","E"],"character_chosen":"IRONCLAD","items_purchased":["Replay:Wax Seal","Replay:Bandana","HandDrill","Replay:Arrowhead","Meat on the Bone","Lee\u0027s Waffle","Inflame+1","Replay:Bottled Snecko","Potion Belt","PrismaticShard","Dark Embrace","Bottled Lightning","Regal Pillow","Omamori"],"campfire_rested":3,"item_purchase_floors":[21,21,21,22,22,22,22,28,28,28,28,38,41,41],"current_hp_per_floor":[62,62,62,62,60,46,43,35,35,22,4,37,37,36,69,20,86,63,63,63,66,102,91,105,92,92,95,98,101,86,75,120,78,120,107,107,104,104,87,76,79,103,103,88,115,115,115,0,0],"gold":24,"neow_bonus":"BOSS_RELIC","is_daily":false,"chose_seed":false,"campfire_upgraded":6,"win_rate":0.0,"timestamp":1609530480,"path_taken":["M","?","M","?","M","E","M","?","T","M","?","R","?","E","R","BOSS","M","?","?","?","$","E","R","E","T","?","$","M","?","M","R","BOSS","M","?","M","$","M","E","$","R","T","E","R","?","?","E"],"items_purchased_type":["Relic","Relic","Relic","Relic","Relic","Relic","Card","Relic","Relic","Relic","Card","Relic","Relic","Relic"],"build_version":"2020-12-22","purchased_purges":4,"victory":false,"max_hp_per_floor":[80,80,80,80,80,80,80,80,80,80,80,80,80,83,83,86,86,89,89,89,92,102,105,105,108,108,111,114,117,117,120,120,120,120,123,123,126,126,129,132,135,135,135,138,138,138,138,138,138],"card_choices":[{"not_picked":["Feel No Pain","Warcry"],"picked":"ReplayTheSpireMod:Strike From Hell","floor":1.0},{"not_picked":["Shrug It Off","Warcry"],"picked":"Clothesline","floor":3.0},{"not_picked":["Anger","Corruption"],"picked":"Sword Boomerang","floor":5.0},{"not_picked":["Power Through","Flame Barrier"],"picked":"Pommel Strike","floor":6.0},{"not_picked":["Rupture","Ghostly Armor","Headbutt"],"picked":"SKIP","floor":7.0},{"not_picked":["Pommel Strike","Iron Wave"],"picked":"Shrug It Off","floor":8},{"not_picked":["Flex","Second Wind"],"picked":"Fire Breathing","floor":10},{"not_picked":["Fiend Fire","Massacre"],"picked":"Exhume","floor":14},{"not_picked":["Berserk","Impervious"],"picked":"Demon Form","floor":16},{"not_picked":["Pommel Strike","ReplayTheSpireMod:Stacked"],"picked":"Body Slam+1","floor":18},{"not_picked":["Combust+1","Heavy Blade"],"picked":"Fire Breathing","floor":23},{"not_picked":["ReplayTheSpireMod:Strike From Hell+1","Burning Pact"],"picked":"Combust+1","floor":25},{"not_picked":["Fasting2+1","Guardian:ConstructionForm"],"picked":"Armaments+1","floor":29},{"not_picked":["champ:TornadoPunch","Consume+1","hexamod:GhostLash"],"picked":"SKIP","floor":30},{"not_picked":["CrushJoints","Crescendo"],"picked":"Slimebound:SlimeSpikes+1","floor":31},{"not_picked":["Slimebound:LeechEnergy","Slimebound:SlimeBarrage","Guardian:GuardianWhirl+1"],"picked":"Slimebound:SplitMire+1","floor":35},{"not_picked":["champ:GladiatorsShout","sneckomod:SoulDraw","hexamod:Incineration"],"picked":"Replay:SS_fish_1+1","floor":37},{"not_picked":["Slimebound:LeechingTouch","Well Laid Plans","Guardian:Reroute"],"picked":"Armaments+1","floor":39},{"not_picked":["ReplayRNGCard","hexamod:NightmareStrike+1","sneckomod:DiceCrush"],"picked":"hexamod:NightmareGuise+1","floor":40},{"not_picked":["Dash+1","Guardian:Gem_Purple","Slimebound:SplitBruiser"],"picked":"Guardian:PolyBeam+1","floor":44}],"player_experience":21771,"relics_obtained":[{"floor":2.0,"key":"Ring of Peace"},{"floor":2.0,"key":"Ring of Hypnosis"},{"floor":4.0,"key":"Eternal Feather"},{"floor":6.0,"key":"Orichalcum"},{"floor":9,"key":"Pet Ghost"},{"floor":14,"key":"Replay:Ringing Soul"},{"floor":23,"key":"Kunai"},{"floor":25,"key":"Nunchaku"},{"floor":26,"key":"Bag of Marbles"},{"floor":27,"key":"ReplayTheSpireMod:Spearhead"},{"floor":40,"key":"Pantograph"},{"floor":43,"key":"Molten Egg 2"},{"floor":44,"key":"Toy Ornithopter"},{"floor":47,"key":"Calipers"}],"event_choices":[{"damage_healed":0,"gold_gain":0,"player_choice":"Success","damage_taken":18,"relics_obtained":["Mercury Hourglass"],"max_hp_gain":0,"max_hp_loss":0,"event_name":"Scrap Ooze","floor":11,"gold_loss":0},{"damage_healed":0,"gold_gain":0,"player_choice":"Left Gold","damage_taken":0,"max_hp_gain":0,"max_hp_loss":0,"event_name":"World of Goop","floor":13,"gold_loss":21},{"cards_removed":["Strike_R"],"damage_healed":0,"gold_gain":0,"player_choice":"Gave Gold","damage_taken":0,"max_hp_gain":0,"max_hp_loss":0,"event_name":"Beggar","floor":19,"gold_loss":75},{"cards_removed":["Strike_R"],"damage_healed":0,"gold_gain":0,"player_choice":"Removed Attack","damage_taken":0,"max_hp_gain":0,"max_hp_loss":0,"event_name":"Falling","floor":36,"gold_loss":0},{"damage_healed":0,"gold_gain":0,"player_choice":"Paid","damage_taken":0,"relics_obtained":["Red Mask"],"max_hp_gain":0,"max_hp_loss":0,"event_name":"Tomb of Lord Red Mask","floor":46,"gold_loss":150}],"is_beta":false,"boss_relics":[{"not_picked":["Black Star","Busted Crown"],"picked":"Ring of Chaos"},{"not_picked":["Runic Pyramid","Fusion Hammer"],"picked":"Honey Jar"}],"items_purged_floors":[21,22,28,41],"is_endless":false,"potions_floor_spawned":[3,8,14,16,18,25,31,33,37,39,44],"killed_by":"Giant Head","ascension_level":3}}