{"host":"tq7pufgtqftqw8yr","time":1609493323,"event":{"mods":["BaseMod","Downfall","Minty Spire (QoL Compilation)","StSLib"],"gold_per_floor":[99,109,128,228,228,100,100,110,260,260,110,129,129,229,239,334,334,334,334,354,374,10,26,26,61,75,89,107,4,4,40,58,162,162,162,162,162],"floor_reached":36,"playtime":3221,"items_purged":["sneckomod:Unknown","Slimebound:Icky"],"score":426,"play_id":"aed8072f-6f68-45d4-b4ca-fbc62e5295a1","local_time":"20210101172843","is_ascension_mode":false,"campfire_choices":[{"floor":1.0,"key":"RECALL"},{"floor":11.0,"key":"REST"},{"data":"sneckomod:SnekBite","floor":13.0,"key":"SMITH"},{"data":"sneckomod:MorePower","floor":18.0,"key":"SMITH"},{"floor":30.0,"key":"REST"},{"data":"Apotheosis","floor":35.0,"key":"SMITH"}],"circlet_count":0,"master_deck":["sneckomod:Defend","sneckomod:Defend","sneckomod:Defend","sneckomod:TailWhip","sneckomod:SnekBite+1","sneckomod:Mudshield","sneckomod:UnknownBlock","sneckomod:IronFang","sneckomod:UnknownStrike","sneckomod:UnknownUncommonAttack","sneckomod:UnknownVulnerable","sneckomod:UnknownExhaust+1","sneckomod:SnekBeam","sneckomod:MorePower+1","hexamod:Strike","sneckomod:UnknownRareAttack+1","sneckomod:DiceBlock","sneckomod:UnknownRarePower+1","sneckomod:QuickBite+1","sneckomod:Unknown2Cost+1","sneckomod:Unknown3Cost+1","sneckomod:UnknownRareAttack+1","sneckomod:UnknownClassGREEN+1","sneckomod:SoulRoll","sneckomod:UnknownUncommonSkill+1","sneckomod:Unknown0Cost+1","sneckomod:SoulRoll","sneckomod:SoulRoll+1","sneckomod:Cheat","sneckomod:UnknownExhaust+1","Apotheosis+1","sneckomod:UnknownRareAttack+1","sneckomod:UnknownExhaust+1","sneckomod:UnknownRareSkill+1","sneckomod:QuickMove+1","sneckomod:Unknown3Cost+1","sneckomod:Mudshield+1","sneckomod:SoulCleanse+1","sneckomod:UnknownClassHEXA_GHOST_PURPLE+1","sneckomod:Rotation+1"],"relics":["sneckomod:SneckoSoul","downfall:ShatteredFragment","sneckomod:UnknownEgg","downfall:HeartBlessingRed","downfall:HeartBlessingBlue","Black Star","Membership Card","Art of War","Pantograph","Bronze Scales","Frozen Egg 2","Astrolabe"],"acts_visited":["Exordium","TheCity","TheBeyond"],"potions_floor_usage":[],"damage_taken":[{"damage":7.0,"enemies":"Small Slimes","floor":2.0,"turns":4.0},{"damage":6.0,"enemies":"Jaw Worm","floor":3.0,"turns":4.0},{"damage":0.0,"enemies":"downfall:FleeingMerchant","floor":6.0,"turns":4.0},{"damage":0.0,"enemies":"2 Louse","floor":8.0,"turns":2.0},{"damage":14.0,"enemies":"Exordium Thugs","floor":12.0,"turns":2.0},{"damage":4.0,"enemies":"Red Slaver","floor":15.0,"turns":2.0},{"damage":37.0,"enemies":"downfall:Ironclad","floor":16.0,"turns":10.0},{"damage":17.0,"enemies":"Spheric Guardian","floor":20.0,"turns":4.0},{"damage":21.0,"enemies":"3 Byrds","floor":21.0,"turns":5.0},{"damage":0.0,"enemies":"downfall:FleeingMerchant","floor":22.0,"turns":4.0},{"damage":0.0,"enemies":"3 Cultists","floor":23.0,"turns":2.0},{"damage":34.0,"enemies":"Book of Stabbing","floor":25.0,"turns":5.0},{"damage":34.0,"enemies":"Snake Plant","floor":26.0,"turns":3.0},{"damage":14.0,"enemies":"Chosen and Byrds","floor":27.0,"turns":3.0},{"damage":1.0,"enemies":"Centurion and Healer","floor":28.0,"turns":2.0},{"damage":4.0,"enemies":"downfall:FleeingMerchant","floor":29.0,"turns":4.0},{"damage":0.0,"enemies":"Sentry and Sphere","floor":31.0,"turns":3.0},{"damage":28.0,"enemies":"Snake Plant","floor":32.0,"turns":5.0},{"damage":69.0,"enemies":"downfall:Watcher","floor":33.0,"turns":8.0},{"damage":0,"enemies":"Orb Walker","floor":36,"turns":1}],"seed_played":"-5820273109281553685","potions_obtained":[{"floor":8.0,"key":"FairyPotion"},{"floor":12.0,"key":"Regen Potion"},{"floor":16.0,"key":"Fire Potion"},{"floor":21.0,"key":"sneckomod:DiceRollPotion"},{"floor":23.0,"key":"Energy Potion"},{"floor":28.0,"key":"EssenceOfSteel"},{"floor":31.0,"key":"FearPotion"},{"floor":32.0,"key":"Swift Potion"}],"is_trial":false,"path_per_floor":["R","M","M","?","?","$","T","M","?","?","R","M","R","?","M","B",null,"R","?","M","M","$","M","T","E","M","M","M","$","R","M","M","B",null,"R","M"],"character_chosen":"THE_SNECKO","items_purchased":["sneckomod:UnknownUncommonAttack","Membership Card","sneckomod:UnknownRareAttack+1","Art of War","Apotheosis"],"campfire_rested":2,"item_purchase_floors":[6,22,22,22,29],"current_hp_per_floor":[90,84,78,78,57,59,59,60,60,60,101,88,88,88,84,47,105,105,105,89,83,86,87,87,55,21,15,14,11,45,47,20,33,119,119,119,119],"gold":162,"neow_bonus":"TRANSFORM_CARD","is_daily":false,"chose_seed":false,"campfire_upgraded":3,"win_rate":0.0,"timestamp":1609493323,"path_taken":["R","M","M","?","?","$","T","M","?","?","R","?","R","?","M","BOSS","R","?","M","M","?","M","T","E","M","?","M","$","R","M","M","BOSS","R","M"],"items_purchased_type":["Card","Relic","Card","Relic","Card"],"build_version":"2020-12-22","purchased_purges":2,"victory":false,"max_hp_per_floor":[90,91,91,91,91,93,93,94,94,94,104,105,105,105,105,105,105,105,105,106,107,110,111,111,113,113,113,113,114,114,116,117,118,119,119,119,119],"card_choices":[{"not_picked":["sneckomod:UnknownVulnerable","sneckomod:UnknownWeak"],"picked":"sneckomod:UnknownBlock","floor":2.0},{"not_picked":["sneckomod:WideSting","sneckomod:UnknownVulnerable"],"picked":"sneckomod:IronFang","floor":3.0},{"not_picked":["sneckomod:QuickBite","sneckomod:SoulCleanse"],"picked":"sneckomod:UnknownStrike","floor":6.0},{"not_picked":["sneckomod:CheapStock","sneckomod:ImprovisedGuard"],"picked":"sneckomod:UnknownVulnerable","floor":8.0},{"not_picked":["sneckomod:DefensiveFlair","sneckomod:PureSnecko"],"picked":"sneckomod:UnknownExhaust+1","floor":12.0},{"not_picked":["sneckomod:UnknownClassGREEN+1","sneckomod:RainOfDice"],"picked":"sneckomod:SnekBeam","floor":15.0},{"not_picked":["sneckomod:Cheat","sneckomod:SoulExchange"],"picked":"sneckomod:MorePower","floor":16.0},{"not_picked":["sneckomod:UnknownCommonSkill+1","sneckomod:Unknown0Cost+1"],"picked":"sneckomod:UnknownRareAttack+1","floor":20.0},{"not_picked":["sneckomod:UnknownCommonAttack+1","sneckomod:PureSnecko"],"picked":"sneckomod:DiceBlock","floor":20.0},{"not_picked":["sneckomod:UnknownClassGREEN+1","sneckomod:UnknownCommonAttack+1"],"picked":"sneckomod:UnknownRarePower+1","floor":21.0},{"not_picked":["sneckomod:Nope+1","sneckomod:SoulDraw+1"],"picked":"sneckomod:QuickBite+1","floor":21.0},{"not_picked":["sneckomod:UnknownUncommonPower+1","sneckomod:UnknownClassTHE_CHAMP_GRAY+1"],"picked":"sneckomod:Unknown2Cost+1","floor":22.0},{"not_picked":["sneckomod:MasterEye","sneckomod:DiceBlock"],"picked":"sneckomod:Unknown3Cost+1","floor":22.0},{"not_picked":["sneckomod:UnknownX+1","sneckomod:UnknownRarePower+1"],"picked":"sneckomod:UnknownClassGREEN+1","floor":23.0},{"not_picked":["sneckomod:Nope","sneckomod:SerpentMind"],"picked":"sneckomod:SoulRoll","floor":23.0},{"not_picked":["sneckomod:UnknownVulnerable+1","sneckomod:UnknownRarePower+1"],"picked":"sneckomod:UnknownUncommonSkill+1","floor":25.0},{"not_picked":["sneckomod:WideSting","sneckomod:SlitherStrike+1"],"picked":"sneckomod:Unknown0Cost+1","floor":25.0},{"not_picked":["sneckomod:DiceCrush","sneckomod:UnknownStrike+1"],"picked":"sneckomod:SoulRoll","floor":26.0},{"not_picked":["sneckomod:DiceBlock","sneckomod:TrashToTreasure"],"picked":"sneckomod:SoulRoll+1","floor":27.0},{"not_picked":["sneckomod:CheapStock+1","sneckomod:SlitherStrike"],"picked":"sneckomod:Cheat","floor":28.0},{"not_picked":["sneckomod:UnknownCommonAttack+1","sneckomod:UnknownClassHEXA_GHOST_PURPLE+1"],"picked":"sneckomod:UnknownExhaust+1","floor":29.0},{"not_picked":["sneckomod:UnknownWeak+1","sneckomod:SnakeSap","sneckomod:WideSting"],"picked":"SKIP","floor":29.0},{"not_picked":["sneckomod:Unknown2Cost+1","sneckomod:UnknownVulnerable+1"],"picked":"sneckomod:UnknownRareAttack+1","floor":31.0},{"not_picked":["sneckomod:UnknownEthereal+1","sneckomod:WideSting+1"],"picked":"sneckomod:UnknownExhaust+1","floor":31.0},{"not_picked":["sneckomod:UnknownWeak+1","sneckomod:UnknownClassSLIMEBOUND+1"],"picked":"sneckomod:UnknownRareSkill+1","floor":32.0},{"not_picked":["sneckomod:DiceBlock","sneckomod:UnknownCommonAttack+1"],"picked":"sneckomod:QuickMove+1","floor":32.0},{"not_picked":["sneckomod:Unknown1Cost+1","sneckomod:Unknown2Cost+1"],"picked":"sneckomod:Unknown3Cost+1","floor":33.0},{"not_picked":["sneckomod:SerpentMind+1","sneckomod:Restock"],"picked":"sneckomod:Mudshield+1","floor":33.0}],"player_experience":796258,"relics_obtained":[{"floor":24.0,"key":"Pantograph"},{"floor":25.0,"key":"Bronze Scales"},{"floor":25.0,"key":"Frozen Egg 2"}],"event_choices":[{"damage_healed":0.0,"max_hp_gain":0.0,"max_hp_loss":0.0,"gold_gain":0.0,"event_name":"Big Fish","player_choice":"Box","floor":10.0,"gold_loss":0.0,"damage_taken":0.0,"relics_obtained":["sneckomod:UnknownEgg"],"cards_obtained":["Regret"]},{"cards_removed":["Regret"],"damage_healed":0.0,"max_hp_gain":0.0,"max_hp_loss":0.0,"gold_gain":0.0,"event_name":"NoteForYourself","player_choice":"Took Card","floor":19.0,"gold_loss":0.0,"damage_taken":0.0,"cards_obtained":["hexamod:Strike"]}],"is_beta":false,"boss_relics":[{"not_picked":["Pandora\u0027s Box","Runic Pyramid"],"picked":"Black Star"},{"not_picked":["Velvet Choker","Runic Dome"],"picked":"Astrolabe"}],"items_purged_floors":[6,22],"is_endless":false,"potions_floor_spawned":[8,12,16,21,23,28,31,32],"killed_by":"Orb Walker","ascension_level":0}}