{"host":"J","time":1609470744,"event":{"mods":["AchievementEnabler","BaseMod","Block Reminder","Highlight Path","Minty Spire (QoL Compilation)","Permanent Neow","Quick Restart","Relic Stats","UnlockEverythingMod"],"gold_per_floor":[119,139,155,168,243,243,262,293,347,372,45,45,71,89,89,89,89],"floor_reached":16,"playtime":2184,"items_purged":["Strike_G"],"score":177,"play_id":"d83f6e75-8a09-4a7c-afb6-65d912c008ab","local_time":"20210101041224","is_ascension_mode":true,"campfire_choices":[{"data":"Footwork","floor":6.0,"key":"SMITH"},{"data":"Burst","floor":12,"key":"SMITH"},{"data":"Poisoned Stab","floor":15,"key":"SMITH"}],"circlet_count":0,"master_deck":["Strike_G","Strike_G","Strike_G","Strike_G","Defend_G","Defend_G","Defend_G","Defend_G","Defend_G","Survivor","Neutralize","CurseOfTheBell","Burst+1","Footwork+1","PiercingWail","Dash","Dagger Spray","Poisoned Stab+1","Deadly Poison","Footwork","Deadly Poison"],"relics":["Calling Bell","Vajra","Sundial","Thread and Needle","Boot","PreservedInsect","White Beast Statue","Anchor","Potion Belt"],"acts_visited":["Exordium"],"potions_floor_usage":[8,10,13,16],"damage_taken":[{"damage":2.0,"enemies":"2 Louse","floor":1.0,"turns":3.0},{"damage":0.0,"enemies":"Cultist","floor":2.0,"turns":4.0},{"damage":1.0,"enemies":"Small Slimes","floor":3.0,"turns":6.0},{"damage":4.0,"enemies":"3 Louse","floor":4.0,"turns":5.0},{"damage":0.0,"enemies":"Large Slime","floor":7.0,"turns":8.0},{"damage":22,"enemies":"3 Sentries","floor":8,"turns":24},{"damage":6,"enemies":"Gremlin Nob","floor":10,"turns":4},{"damage":6,"enemies":"3 Sentries","floor":13,"turns":5},{"damage":0,"enemies":"2 Fungi Beasts","floor":14,"turns":4},{"damage":16,"enemies":"Slime Boss","floor":16,"turns":15}],"seed_played":"7625926169789051838","potions_obtained":[{"floor":2.0,"key":"CultistPotion"},{"floor":3.0,"key":"Poison Potion"},{"floor":4.0,"key":"PowerPotion"},{"floor":13,"key":"Ancient Potion"},{"floor":14,"key":"Explosive Potion"}],"is_trial":false,"path_per_floor":["M","M","M","M","?","R","M","E","T","E","$","R","E","M","R","B"],"character_chosen":"THE_SILENT","items_purchased":["Anchor","Poisoned Stab","Deadly Poison"],"campfire_rested":0,"item_purchase_floors":[11,11,11],"current_hp_per_floor":[61,61,60,56,49,49,49,27,27,21,21,21,15,15,15,0,0],"gold":89,"neow_bonus":"BOSS_RELIC","is_daily":false,"chose_seed":false,"campfire_upgraded":3,"win_rate":0.0,"timestamp":1609470744,"path_taken":["M","M","M","M","?","R","M","E","T","E","$","R","E","M","R","BOSS"],"items_purchased_type":["Relic","Card","Card"],"build_version":"2020-12-18","purchased_purges":1,"victory":false,"max_hp_per_floor":[70,70,70,70,70,70,70,70,70,70,70,70,70,70,70,70,70],"relic_stats":{"counters":[10,78],"Sundial":[10],"PreservedInsect":54,"Boot":[6],"obtain_stats":[{"Calling Bell":0,"Potion Belt":13,"Anchor":11,"Sundial":0,"Vajra":0,"Thread and Needle":0,"PreservedInsect":9,"Boot":8,"White Beast Statue":10,"Ring of the Snake":0},{"Calling Bell":0,"Potion Belt":8,"Anchor":7,"Sundial":0,"Vajra":0,"Thread and Needle":0,"PreservedInsect":6,"Boot":6,"White Beast Statue":7,"Ring of the Snake":0},{"Calling Bell":0,"Potion Belt":59,"Anchor":54,"Sundial":0,"Vajra":0,"Thread and Needle":0,"PreservedInsect":50,"Boot":50,"White Beast Statue":54,"Ring of the Snake":0}]},"card_choices":[{"not_picked":["Slice","Finisher","Dodge and Roll"],"picked":"SKIP","floor":1.0},{"not_picked":["Flechettes","Bane"],"picked":"Burst","floor":2.0},{"not_picked":["Acrobatics","Prepared"],"picked":"Footwork","floor":3.0},{"not_picked":["Setup","Outmaneuver"],"picked":"PiercingWail","floor":4.0},{"not_picked":["PiercingWail","Prepared","Outmaneuver"],"picked":"SKIP","floor":7.0},{"not_picked":["A Thousand Cuts","Terror"],"picked":"Dash","floor":8},{"not_picked":["Prepared","Blade Dance"],"picked":"Dagger Spray","floor":10},{"not_picked":["Cloak And Dagger","Expertise"],"picked":"Footwork","floor":13},{"not_picked":["Outmaneuver","Poisoned Stab"],"picked":"Deadly Poison","floor":14}],"player_experience":246553,"relics_obtained":[{"floor":0.0,"key":"Vajra"},{"floor":0.0,"key":"Sundial"},{"floor":0.0,"key":"Thread and Needle"},{"floor":8,"key":"Boot"},{"floor":9,"key":"PreservedInsect"},{"floor":10,"key":"White Beast Statue"},{"floor":13,"key":"Potion Belt"}],"event_choices":[{"damage_healed":0.0,"max_hp_gain":0.0,"max_hp_loss":0.0,"gold_gain":75.0,"event_name":"FaceTrader","player_choice":"Touch","floor":5.0,"gold_loss":0.0,"damage_taken":7.0}],"is_beta":true,"boss_relics":[],"items_purged_floors":[11],"is_endless":false,"potions_floor_spawned":[2,3,4,13,14],"killed_by":"Slime Boss","ascension_level":9}}