{"host":"sfkslwp4t49i7lrt","time":1609507011,"event":{"mods":["Act Like it!","Astrologer","BaseMod","Bestiary","Block Reminder","Downfall","Friendly Minions","Gensokyo","Hermit","Highlight Path","Jorbs\u0027s Wanderer Trilogy","Mari Mod (Legacy)","Mari\u0027s V1 Patch","Marisa????????","Minty Spire (QoL Compilation)","Reimu??????","Relic Stats","Robot Space Explorer","StSLib","The Disciple","The Florist","The Gatherer","The Hierophant","The Mystic","The Poker Player","The Runesmith","The Servant 0.9.4","Yohane!","Yuri Mod","everything is the same but u backflip on backflip","slay the spire mod where everything is the same but ironclad has a cowboy hat"],"gold_per_floor":[120,120,139,20,20,54,54,69,69,395,413,128,143,161,161,257,257,271,253,269,287,302,302,330,348,426,460,385,385,216,226,226,321,321,338,354,130,143,143,174,185,185,233,233,233,233,250,267,267,267],"floor_reached":51,"playtime":2152,"items_purged":["yuri:yuriStrike","yuri:yuriStrike"],"score":933,"play_id":"51954506-c0e4-4fd2-9059-b851f528a5ed","local_time":"20210101201651","is_ascension_mode":false,"campfire_choices":[{"data":"yuri:BlackTea","floor":7.0,"key":"SMITH"},{"data":"yuri:InduceGlitch","floor":15.0,"key":"SMITH"},{"data":"yuri:NerfBat","floor":23.0,"key":"SMITH"},{"floor":32.0,"key":"REST"},{"floor":42.0,"key":"REST"},{"data":"yuri:ArmBrace","floor":46.0,"key":"SMITH"},{"data":"yuri:TPose","floor":49.0,"key":"SMITH"}],"circlet_count":0,"master_deck":["yuri:yuriStrike+1","yuri:yuriStrike+1","yuri:yuriDefend","yuri:yuriDefend","yuri:yuriDefend","yuri:yuriDefend","yuri:yuriDefend","yuri:Oolong","yuri:yuriStab","yuri:ThrowingKnives","yuri:NerfBat+1","yuri:Stare","yuri:ChibiInvasion","yuri:BlackTea+1","yuri:CalmingAura","yuri:SturdyUniform","yuri:Parry","yuri:InduceGlitch+1","yuri:Parry","yuri:ArmBrace+1","yuri:JumpScare","yuri:BookGreen+1","yuri:Spin","yuri:MPose+1","yuri:TPose+1","yuri:GreenTea","yuri:MarkovCurse","yuri:yuriHeavyStrike+1","yuri:BookBlue+1","yuri:DisableStrike"],"relics":["yuri:yuriKnife","NeowsBlessing","Bottled Lightning","Anchor","Old Coin","Membership Card","yuri:BookOfBooks","Bronze Scales","Matryoshka","Art of War","HornCleat","yuri:PortraitOfMarkov","Frozen Eye","Darkstone Periapt","PreservedInsect","Vajra","Gensokyo:EmptyGrave","Pen Nib","Du-Vu Doll"],"acts_visited":["Exordium","TheCity","Gensokyo:Gensokyoest"],"potions_floor_usage":[50,50],"damage_taken":[{"damage":0.0,"enemies":"Small Slimes","floor":1.0,"turns":1.0},{"damage":0.0,"enemies":"Jaw Worm","floor":3.0,"turns":1.0},{"damage":0.0,"enemies":"Lagavulin","floor":6.0,"turns":1.0},{"damage":1.0,"enemies":"Cultist","floor":8.0,"turns":2.0},{"damage":0.0,"enemies":"3 Sentries","floor":10.0,"turns":6.0},{"damage":0.0,"enemies":"Looter","floor":11.0,"turns":2.0},{"damage":0.0,"enemies":"Large Slime","floor":13.0,"turns":2.0},{"damage":0.0,"enemies":"Blue Slaver","floor":14.0,"turns":3.0},{"damage":1.0,"enemies":"The Guardian","floor":16.0,"turns":12.0},{"damage":22.0,"enemies":"Spheric Guardian","floor":18.0,"turns":6.0},{"damage":0.0,"enemies":"2 Thieves","floor":19.0,"turns":4.0},{"damage":0.0,"enemies":"Cultist and Chosen","floor":20.0,"turns":3.0},{"damage":37.0,"enemies":"Snecko","floor":21.0,"turns":6.0},{"damage":0.0,"enemies":"Sentry and Sphere","floor":22.0,"turns":4.0},{"damage":31.0,"enemies":"Slavers","floor":24.0,"turns":3.0},{"damage":4.0,"enemies":"Snake Plant","floor":25.0,"turns":3.0},{"damage":0.0,"enemies":"Book of Stabbing","floor":27.0,"turns":6.0},{"damage":1.0,"enemies":"3 Cultists","floor":31.0,"turns":5.0},{"damage":31.0,"enemies":"Collector","floor":33.0,"turns":8.0},{"damage":41.0,"enemies":"Gensokyo:AncientGuardian","floor":35.0,"turns":11.0},{"damage":2.0,"enemies":"Gensokyo:3_Boulders","floor":36.0,"turns":5.0},{"damage":20.0,"enemies":"Gensokyo:SeedOfUnknown","floor":38.0,"turns":5.0},{"damage":46.0,"enemies":"Gensokyo:Marisa","floor":40.0,"turns":7.0},{"damage":10.0,"enemies":"Gensokyo:Sharpion","floor":41.0,"turns":6.0},{"damage":3.0,"enemies":"Gensokyo:3_Boulders","floor":47.0,"turns":3.0},{"damage":5.0,"enemies":"Gensokyo:Dusk_and_Dawn","floor":48.0,"turns":3.0},{"damage":7,"enemies":"Gensokyo:Yuyuko","floor":50,"turns":6}],"seed_played":"-5251495769499427533","potions_obtained":[{"floor":3.0,"key":"GamblersBrew"},{"floor":11.0,"key":"Strength Potion"},{"floor":19.0,"key":"EssenceOfSteel"},{"floor":48.0,"key":"SteroidPotion"}],"is_trial":false,"path_per_floor":["M","?","M","$","?","E","R","M","T","E","M","$","M","M","R","B",null,"M","M","M","M","M","R","E","M","T","E","?","?","$","M","R","B",null,"M","M","COS","M","?","E","M","R","T","?","?","R","M","M","R","B",null],"character_chosen":"YURI","items_purchased":["yuri:Stare","yuri:ChibiInvasion","yuri:InduceGlitch","Membership Card","yuri:Parry","HornCleat"],"campfire_rested":2,"item_purchase_floors":[4,4,12,12,12,30],"current_hp_per_floor":[80,64,64,64,64,64,64,67,67,71,75,75,79,80,80,80,80,62,66,66,33,37,37,6,2,2,6,6,6,6,15,39,12,80,41,49,49,39,39,3,3,27,27,27,27,27,67,62,62,62],"gold":267,"neow_bonus":"THREE_ENEMY_KILL","is_daily":false,"chose_seed":false,"campfire_upgraded":5,"win_rate":0.0,"timestamp":1609507011,"path_taken":["M","?","M","$","?","E","R","M","T","E","M","$","M","M","R","BOSS","M","?","M","M","M","R","E","M","T","E","?","?","$","M","R","BOSS","M","M","COS","M","?","E","M","R","T","?","?","R","M","M","R","BOSS"],"items_purchased_type":["Card","Card","Card","Relic","Card","Relic"],"build_version":"2020-12-22","purchased_purges":2,"victory":true,"max_hp_per_floor":[80,80,80,80,80,80,80,80,80,80,80,80,80,80,80,80,80,80,80,80,80,80,80,80,80,80,80,80,80,80,80,80,80,80,80,80,80,80,80,80,80,80,80,74,74,74,74,74,74,74],"relic_stats":{"Darkstone Periapt":0,"counters":[27,124],"Bronze Scales":[198],"PreservedInsect":0,"Pen Nib":[1],"Art of War":[7],"obtain_stats":[{"yuri:BookOfBooks":17,"Darkstone Periapt":40,"NeowsBlessing":0,"yuri:yuriKnife":0,"Vajra":43,"PreservedInsect":43,"Pen Nib":45,"Old Coin":10,"Du-Vu Doll":48,"Frozen Eye":37,"Gensokyo:EmptyGrave":44,"Anchor":9,"Matryoshka":26,"HornCleat":30,"yuri:PortraitOfMarkov":34,"Bronze Scales":24,"Art of War":27,"Bottled Lightning":6,"Membership Card":12},{"yuri:BookOfBooks":9,"Darkstone Periapt":23,"NeowsBlessing":0,"yuri:yuriKnife":0,"Vajra":24,"PreservedInsect":24,"Pen Nib":24,"Old Coin":5,"Du-Vu Doll":26,"Frozen Eye":21,"Gensokyo:EmptyGrave":24,"Anchor":4,"Matryoshka":16,"HornCleat":17,"yuri:PortraitOfMarkov":19,"Bronze Scales":15,"Art of War":17,"Bottled Lightning":3,"Membership Card":6},{"yuri:BookOfBooks":30,"Darkstone Periapt":106,"NeowsBlessing":0,"yuri:yuriKnife":0,"Vajra":112,"PreservedInsect":112,"Pen Nib":112,"Old Coin":11,"Du-Vu Doll":117,"Frozen Eye":94,"Gensokyo:EmptyGrave":112,"Anchor":5,"Matryoshka":59,"HornCleat":65,"yuri:PortraitOfMarkov":78,"Bronze Scales":56,"Art of War":65,"Bottled Lightning":3,"Membership Card":13}]},"card_choices":[{"not_picked":["yuri:ThrowBook","yuri:InsanityDefense"],"picked":"yuri:ThrowingKnives","floor":1.0},{"not_picked":["yuri:yuriHeavyStrike","yuri:GreenTea"],"picked":"yuri:NerfBat","floor":3.0},{"not_picked":["yuri:UnstableStrike","yuri:UntestedCode"],"picked":"yuri:CalmingAura","floor":6.0},{"not_picked":["yuri:ThrowingKnives","yuri:MPose","yuri:ThrowBook"],"picked":"SKIP","floor":8.0},{"not_picked":["yuri:GreenTea","yuri:Stare"],"picked":"yuri:SturdyUniform","floor":10.0},{"not_picked":["yuri:DebugCard","yuri:Spin"],"picked":"yuri:Parry","floor":11.0},{"not_picked":["yuri:Stare","yuri:DebugCard"],"picked":"yuri:ArmBrace","floor":13.0},{"not_picked":["yuri:SeeingDouble","yuri:UntestedCode","yuri:BookPurple"],"picked":"SKIP","floor":14.0},{"not_picked":["yuri:DisableStrike","yuri:BlackTea"],"picked":"yuri:JumpScare","floor":16.0},{"not_picked":["yuri:BookRed+1","yuri:BookBlue+1","yuri:BookPurple+1"],"picked":"yuri:BookGreen+1","floor":17.0},{"not_picked":["yuri:ThrowBook+1","yuri:SturdyUniform","yuri:DebugCard"],"picked":"SKIP","floor":18.0},{"not_picked":["yuri:yuriHeavyStrike","yuri:ThrowingKnives"],"picked":"yuri:Spin","floor":19.0},{"not_picked":["yuri:DebugCard","yuri:ThrowBook","yuri:Stare"],"picked":"SKIP","floor":20.0},{"not_picked":["yuri:Skip","yuri:ThrowingKnives+1"],"picked":"yuri:MPose+1","floor":21.0},{"not_picked":["yuri:yuriHeavyStrike","yuri:ThrowBook","yuri:Skip"],"picked":"SKIP","floor":22.0},{"not_picked":["yuri:MPose","yuri:ExploitStrike","yuri:TeaSet+1"],"picked":"SKIP","floor":24.0},{"not_picked":["yuri:Spin","yuri:ThrowingKnives+1"],"picked":"yuri:TPose","floor":25.0},{"not_picked":["yuri:SelfHarm","yuri:AdaptiveAI"],"picked":"yuri:GreenTea","floor":27.0},{"not_picked":["yuri:MultiDip","yuri:RecklessStrike","yuri:TPose"],"picked":"SKIP","floor":31.0},{"not_picked":["yuri:Skip+1","yuri:HeavierStrike+1","yuri:ChibiInvasion+1"],"picked":"SKIP","floor":35.0},{"not_picked":["yuri:GrowingInsanity+1","yuri:SelfHarm"],"picked":"yuri:yuriHeavyStrike+1","floor":36.0},{"not_picked":["yuri:TPose+1","yuri:ThrowingKnives","yuri:Stalk+1"],"picked":"SKIP","floor":38.0},{"not_picked":["yuri:ThrowBook","yuri:MPose+1","yuri:StealPen+1"],"picked":"SKIP","floor":40.0},{"not_picked":["yuri:yuriHeavyStrike+1","yuri:StealPen+1"],"picked":"yuri:BookBlue+1","floor":41.0},{"not_picked":["yuri:UnstableStrike+1","yuri:yuriQuickStrike","yuri:DeepBreathing+1"],"picked":"SKIP","floor":47.0},{"not_picked":["yuri:HoldBack","yuri:DebugCard"],"picked":"yuri:DisableStrike","floor":48.0}],"player_experience":496832,"relics_obtained":[{"floor":6.0,"key":"Bottled Lightning"},{"floor":9.0,"key":"Anchor"},{"floor":10.0,"key":"Old Coin"},{"floor":24.0,"key":"Bronze Scales"},{"floor":26.0,"key":"Matryoshka"},{"floor":27.0,"key":"Art of War"},{"floor":40.0,"key":"Darkstone Periapt"},{"floor":43.0,"key":"PreservedInsect"},{"floor":43.0,"key":"Vajra"}],"event_choices":[{"damage_healed":0.0,"max_hp_gain":0.0,"max_hp_loss":0.0,"gold_gain":0.0,"event_name":"Shining Light","player_choice":"Entered Light","floor":2.0,"gold_loss":0.0,"damage_taken":16.0,"cards_upgraded":["yuri:yuriStrike","yuri:yuriStrike"]},{"damage_healed":0.0,"max_hp_gain":0.0,"max_hp_loss":0.0,"gold_gain":0.0,"event_name":"Match and Keep!","player_choice":"1 cards matched","floor":5.0,"gold_loss":0.0,"damage_taken":0.0,"cards_obtained":["yuri:BlackTea"]},{"cards_removed":["yuri:yuriStrike"],"damage_healed":0.0,"max_hp_gain":0.0,"max_hp_loss":0.0,"gold_gain":0.0,"event_name":"Beggar","player_choice":"Gave Gold","floor":28.0,"gold_loss":75.0,"damage_taken":0.0},{"damage_healed":0.0,"max_hp_gain":0.0,"max_hp_loss":0.0,"gold_gain":0.0,"event_name":"The Mausoleum","player_choice":"Ignored","floor":29.0,"gold_loss":0.0,"damage_taken":0.0}],"is_beta":false,"boss_relics":[{"not_picked":["Ectoplasm","Coffee Dripper","Empty Cage"]},{"not_picked":["yuri:BookOfBooks","Sozu","bronze:MakeshiftBattery"]}],"items_purged_floors":[12,30],"is_endless":false,"potions_floor_spawned":[3,11,19,22,27,31,33,36,38,48],"ascension_level":0}}