{"host":"Kdaddybrian","time":1609541367,"event":{"mods":["AchievementEnabler","BaseMod","Bestiary","Colored Powertips","Minty Spire (QoL Compilation)","Potion Indicator Mod","Quick Restart","Rare Cards Sparkle","Relic Stats","StSLib","Uncapped"],"gold_per_floor":[118,133,151,167,6,6,31,31,31,65,65,65,89,164,164,238,238,248,262,262,262,312,312,322,322,322,356,372,352,174,18,18,18,18],"floor_reached":33,"playtime":1679,"items_purged":["Strike_G","Decay"],"score":474,"play_id":"8318c716-ecb3-4865-aad9-8ac9051b4d78","local_time":"20210101174927","is_ascension_mode":true,"campfire_choices":[{"floor":6,"key":"REST"},{"data":"Burst","floor":8,"key":"SMITH"},{"floor":12,"key":"REST"},{"floor":15,"key":"REST"},{"floor":23,"key":"REST"},{"floor":25,"key":"REST"},{"floor":32,"key":"REST"}],"circlet_count":0,"master_deck":["AscendersBane","Strike_G+1","Strike_G","Defend_G","Defend_G","Defend_G","Defend_G","Defend_G","Survivor","Neutralize+1","Skewer","Crippling Poison","Leg Sweep","Backflip","Bouncing Flask","Burst+1","Cloak And Dagger","Deadly Poison","After Image","Caltrops","Footwork","Concentrate+1","Backstab+1","Catalyst","Caltrops","Noxious Fumes","Dark Shackles"],"relics":["Ring of the Snake","Whetstone","Centennial Puzzle","Mummified Hand","Odd Mushroom","Empty Cage","Ninja Scroll","Orichalcum"],"acts_visited":["Exordium","TheCity"],"potions_floor_usage":[4,10,13,27,27,33,33],"damage_taken":[{"damage":2,"enemies":"2 Louse","floor":1,"turns":3},{"damage":4,"enemies":"Small Slimes","floor":2,"turns":3},{"damage":0,"enemies":"Jaw Worm","floor":3,"turns":6},{"damage":30,"enemies":"Large Slime","floor":4,"turns":12},{"damage":11,"enemies":"Lagavulin","floor":7,"turns":8},{"damage":20,"enemies":"3 Sentries","floor":10,"turns":13},{"damage":12,"enemies":"The Mushroom Lair","floor":13,"turns":4},{"damage":21,"enemies":"Hexaghost","floor":16,"turns":10},{"damage":25,"enemies":"3 Byrds","floor":18,"turns":8},{"damage":4,"enemies":"Chosen","floor":19,"turns":5},{"damage":34,"enemies":"3 Cultists","floor":24,"turns":7},{"damage":15,"enemies":"Book of Stabbing","floor":27,"turns":7},{"damage":19,"enemies":"Shelled Parasite and Fungi","floor":28,"turns":6},{"damage":49,"enemies":"Collector","floor":33,"turns":5}],"seed_played":"633043040362289216","potions_obtained":[{"floor":0,"key":"SteroidPotion"},{"floor":0,"key":"Regen Potion"},{"floor":1,"key":"Energy Potion"},{"floor":7,"key":"AttackPotion"},{"floor":13,"key":"Swift Potion"},{"floor":24,"key":"ColorlessPotion"},{"floor":27,"key":"SpeedPotion"},{"floor":29,"key":"Swift Potion"}],"is_trial":false,"path_per_floor":["M","M","M","M","$","R","E","R","T","E","$","R","?","?","R","B",null,"M","M","?","?","?","R","M","R","T","E","M","?","$","$","R","B"],"character_chosen":"THE_SILENT","items_purchased":["Backflip","Bouncing Flask","Caltrops","Noxious Fumes","Dark Shackles"],"campfire_rested":6,"item_purchase_floors":[5,5,30,31,31],"current_hp_per_floor":[57,53,53,38,38,57,46,46,46,26,26,45,33,22,41,20,55,30,26,39,39,39,58,24,43,43,28,9,9,9,9,28,0,0],"gold":18,"neow_bonus":"THREE_SMALL_POTIONS","is_daily":false,"chose_seed":false,"campfire_upgraded":1,"win_rate":0.0,"timestamp":1609541367,"path_taken":["M","M","M","M","$","R","E","R","T","E","$","R","?","?","R","BOSS","M","M","?","?","?","R","M","R","T","E","?","?","?","$","R","BOSS"],"items_purchased_type":["Card","Card","Card","Card","Card"],"build_version":"2020-12-18","purchased_purges":2,"victory":false,"max_hp_per_floor":[66,66,66,66,66,66,66,66,66,66,66,66,66,66,66,66,66,66,66,66,66,66,66,66,66,66,66,66,66,66,66,66,66,66],"relic_stats":{"Centennial Puzzle":[27],"counters":[14,97],"Mummified Hand":[16],"Whetstone":["Neutralize","Strike_G"],"Orichalcum":[0],"obtain_stats":[{"Centennial Puzzle":9,"Mummified Hand":10,"Ninja Scroll":26,"Whetstone":7,"Odd Mushroom":13,"Orichalcum":27,"Empty Cage":17,"Ring of the Snake":0},{"Centennial Puzzle":5,"Mummified Hand":6,"Ninja Scroll":11,"Whetstone":5,"Odd Mushroom":7,"Orichalcum":12,"Empty Cage":8,"Ring of the Snake":0},{"Centennial Puzzle":32,"Mummified Hand":45,"Ninja Scroll":79,"Whetstone":32,"Odd Mushroom":49,"Orichalcum":86,"Empty Cage":59,"Ring of the Snake":0}],"Ring of the Snake":[28]},"card_choices":[{"not_picked":["Deadly Poison","Accuracy"],"picked":"Skewer","floor":1},{"not_picked":["Backflip","Distraction"],"picked":"Crippling Poison","floor":2},{"not_picked":["PiercingWail","Cloak And Dagger"],"picked":"Leg Sweep","floor":3},{"not_picked":["Backflip","Acrobatics","Outmaneuver"],"picked":"SKIP","floor":4},{"not_picked":["Calculated Gamble","Acrobatics"],"picked":"Burst","floor":7},{"not_picked":["Finisher","Deflect"],"picked":"Cloak And Dagger","floor":10},{"not_picked":["Underhanded Strike","Slice"],"picked":"Deadly Poison","floor":13},{"not_picked":["Phantasmal Killer","Venomology"],"picked":"After Image","floor":16},{"not_picked":["Quick Slash","Eviscerate"],"picked":"Caltrops","floor":18},{"not_picked":["Cloak And Dagger","Predator"],"picked":"Footwork","floor":19},{"not_picked":["Slice","Leg Sweep"],"picked":"Concentrate+1","floor":24},{"not_picked":["Sucker Punch","Riddle With Holes"],"picked":"Backstab+1","floor":27},{"not_picked":["Expertise","Masterful Stab"],"picked":"Catalyst","floor":28}],"player_experience":2915332,"relics_obtained":[{"floor":7,"key":"Whetstone"},{"floor":9,"key":"Centennial Puzzle"},{"floor":10,"key":"Mummified Hand"},{"floor":13,"key":"Odd Mushroom"},{"floor":26,"key":"Ninja Scroll"},{"floor":27,"key":"Orichalcum"}],"event_choices":[{"damage_healed":0,"gold_gain":0,"player_choice":"Fought Mushrooms","damage_taken":0,"max_hp_gain":0,"max_hp_loss":0,"event_name":"Mushrooms","floor":13,"gold_loss":0},{"damage_healed":0,"gold_gain":75,"player_choice":"Gather Gold","damage_taken":11,"max_hp_gain":0,"max_hp_loss":0,"event_name":"World of Goop","floor":14,"gold_loss":0},{"damage_healed":13,"gold_gain":0,"player_choice":"Heal","damage_taken":0,"max_hp_gain":0,"max_hp_loss":0,"event_name":"The Library","floor":20,"gold_loss":0},{"damage_healed":0,"gold_gain":0,"player_choice":"Smashed Altar","damage_taken":0,"max_hp_gain":0,"max_hp_loss":0,"event_name":"Forgotten Altar","floor":21,"gold_loss":0,"cards_obtained":["Decay"]},{"damage_healed":0,"gold_gain":50,"player_choice":"Pray","damage_taken":0,"max_hp_gain":0,"max_hp_loss":0,"event_name":"Golden Shrine","floor":22,"gold_loss":0},{"damage_healed":0,"gold_gain":0,"player_choice":"Bought 1 Potion","damage_taken":0,"max_hp_gain":0,"max_hp_loss":0,"event_name":"The Woman in Blue","floor":29,"gold_loss":0}],"is_beta":true,"boss_relics":[{"not_picked":["Calling Bell","Tiny House"],"picked":"Empty Cage"}],"items_purged_floors":[5,30],"is_endless":false,"potions_floor_spawned":[1,3,7,13,24,27],"killed_by":"Collector","ascension_level":15}}