{"host":"2lrkmsuh7nz013qb","time":1609488578,"event":{"mods":["BaseMod","Colored Map","DeckTracker","Minty Spire (QoL Compilation)","SuperFastMode","everything is the same but u backflip on backflip"],"gold_per_floor":[113,113,26,26,43,73,86,117,190,215,180,180,34,47,47,146,146,157,157,157,57,75,75,104,114,196,43,63,63,94,105,105,209,209,225,240,240,240,250,283,294,311,311,0,18,32,32,50,50,50,50,50,50,76,76,76],"floor_reached":55,"playtime":3679,"items_purged":["Defend_P","Strike_P","EmptyFist"],"score":1058,"play_id":"82367dae-0ca1-4ce7-aceb-9d5500e550b3","local_time":"20210101170938","is_ascension_mode":true,"campfire_choices":[{"data":"Eruption","floor":12,"key":"SMITH"},{"data":"Adaptation","floor":15,"key":"SMITH"},{"data":"Scrawl","floor":23,"key":"SMITH"},{"data":"Evaluate","floor":29,"key":"SMITH"},{"data":"FearNoEvil","floor":32,"key":"SMITH"},{"floor":49,"key":"RECALL"},{"data":"Purity","floor":52,"key":"SMITH"}],"circlet_count":0,"master_deck":["Defend_P+1","Defend_P+1","Defend_P+1","Eruption+1","Vigilance+1","FollowUp","Flash of Steel","CutThroughFate","Evaluate+1","Adaptation+1","Scrawl+1","FearNoEvil+1","Flash of Steel","Purity+1"],"relics":["PureWater","Incense Burner","Lantern","Torii","SacredBark","Ancient Tea Set","Meat on the Bone","Membership Card","Happy Flower","Busted Crown","War Paint","Regal Pillow","Kunai","ClockworkSouvenir","Unceasing Top"],"acts_visited":["Exordium","TheCity","TheBeyond","TheEnding"],"potions_floor_usage":[16,33,40,55,55],"damage_taken":[{"damage":0.0,"enemies":"Small Slimes","floor":1.0,"turns":3.0},{"damage":0.0,"enemies":"2 Louse","floor":5.0,"turns":2.0},{"damage":10.0,"enemies":"Gremlin Nob","floor":6.0,"turns":3.0},{"damage":0.0,"enemies":"Jaw Worm","floor":7.0,"turns":3.0},{"damage":13.0,"enemies":"Lagavulin","floor":8.0,"turns":6.0},{"damage":14,"enemies":"Gremlin Nob","floor":10,"turns":3},{"damage":0,"enemies":"Blue Slaver","floor":14,"turns":3},{"damage":12,"enemies":"The Guardian","floor":16,"turns":8},{"damage":8,"enemies":"3 Byrds","floor":18,"turns":4},{"damage":0,"enemies":"Spheric Guardian","floor":22,"turns":1},{"damage":22,"enemies":"Book of Stabbing","floor":24,"turns":4},{"damage":0,"enemies":"Chosen and Byrds","floor":25,"turns":5},{"damage":9,"enemies":"Snake Plant","floor":28,"turns":2},{"damage":2,"enemies":"Gremlin Leader","floor":30,"turns":4},{"damage":6,"enemies":"3 Cultists","floor":31,"turns":3},{"damage":13,"enemies":"Automaton","floor":33,"turns":6},{"damage":14,"enemies":"3 Darklings","floor":35,"turns":3},{"damage":1,"enemies":"Orb Walker","floor":36,"turns":2},{"damage":32,"enemies":"Writhing Mass","floor":39,"turns":3},{"damage":15,"enemies":"Reptomancer","floor":40,"turns":5},{"damage":18,"enemies":"Transient","floor":41,"turns":5},{"damage":0,"enemies":"Maw","floor":42,"turns":5},{"damage":0,"enemies":"Spire Growth","floor":45,"turns":2},{"damage":8,"enemies":"Sphere and 2 Shapes","floor":46,"turns":4},{"damage":0,"enemies":"Jaw Worm Horde","floor":48,"turns":2},{"damage":0,"enemies":"Donu and Deca","floor":50,"turns":3},{"damage":30,"enemies":"Shield and Spear","floor":54,"turns":4},{"damage":69,"enemies":"The Heart","floor":55,"turns":5}],"seed_played":"-1560685861179380144","potions_obtained":[{"floor":1.0,"key":"Block Potion"},{"floor":10,"key":"StancePotion"},{"floor":16,"key":"ColorlessPotion"},{"floor":18,"key":"Explosive Potion"},{"floor":22,"key":"Regen Potion"},{"floor":24,"key":"CultistPotion"},{"floor":36,"key":"PowerPotion"},{"floor":41,"key":"AttackPotion"},{"floor":48,"key":"Block Potion"}],"is_trial":false,"path_per_floor":["M","?","$","?","M","E","M","E","T","E","?","R","$","M","R","B",null,"M","?","?","$","M","R","E","M","T","$","M","R","E","M","R","B",null,"M","M","?","?","M","E","M","M","T","$","M","M","$","M","R","B",null,"R","$","E","B"],"character_chosen":"WATCHER","items_purchased":["Flash of Steel","Adaptation","Membership Card","Kunai","Purity","ClockworkSouvenir"],"campfire_rested":0,"item_purchase_floors":[3,13,27,44,44,44],"current_hp_per_floor":[72,65,65,49,49,39,39,26,26,12,31,31,31,31,31,19,64,56,56,56,56,56,56,34,34,34,34,37,37,47,41,41,40,69,55,54,44,44,24,43,37,49,49,49,49,41,41,41,41,41,70,70,70,40,0,0],"gold":76,"neow_bonus":"TEN_PERCENT_HP_BONUS","is_daily":false,"chose_seed":false,"campfire_upgraded":6,"win_rate":0.0,"timestamp":1609488578,"path_taken":["M","?","$","?","M","E","M","E","T","E","?","R","$","M","R","BOSS","M","?","?","?","M","R","E","M","T","$","M","R","E","M","R","BOSS","M","M","?","?","?","E","M","M","T","$","M","M","?","M","R","BOSS","R","$","E","BOSS"],"items_purchased_type":["Card","Card","Relic","Relic","Card","Relic"],"build_version":"2020-12-22","purchased_purges":3,"victory":false,"max_hp_per_floor":[79,79,79,79,79,79,79,79,79,79,79,79,79,79,79,79,79,79,79,79,79,79,79,79,79,79,79,79,79,79,79,79,79,79,79,79,79,79,79,79,79,79,79,79,79,79,79,79,79,79,79,79,79,79,79,79],"card_choices":[{"not_picked":["Perseverance","Prostrate"],"picked":"FollowUp","floor":1.0},{"not_picked":["FlyingSleeves","Protect"],"picked":"CutThroughFate","floor":5.0},{"not_picked":["Consecrate","FollowUp"],"picked":"Evaluate","floor":6.0},{"not_picked":["PathToVictory","CutThroughFate"],"picked":"EmptyFist","floor":7.0},{"not_picked":["Establishment","WaveOfTheHand","BowlingBash"],"picked":"SKIP","floor":8.0},{"not_picked":["EmptyBody","Judgement","JustLucky"],"picked":"SKIP","floor":10},{"not_picked":["EmptyBody","Judgement","JustLucky"],"picked":"SKIP","floor":10},{"not_picked":["WaveOfTheHand","CutThroughFate","Consecrate"],"picked":"SKIP","floor":14},{"not_picked":["Establishment","Blasphemy"],"picked":"Scrawl","floor":16},{"not_picked":["Consecrate+1","Wallop+1","ForeignInfluence"],"picked":"SKIP","floor":18},{"not_picked":["Conclude+1","LikeWater","ThirdEye"],"picked":"SKIP","floor":22},{"not_picked":["Conclude+1","LikeWater","ThirdEye"],"picked":"SKIP","floor":22},{"not_picked":["Wish","WreathOfFlame+1","DeceiveReality"],"picked":"SKIP","floor":24},{"not_picked":["EmptyFist","Wireheading"],"picked":"FearNoEvil","floor":25},{"not_picked":["SignatureMove","Protect","Consecrate"],"picked":"SKIP","floor":28},{"not_picked":["ThirdEye","PathToVictory","Evaluate+1"],"picked":"SKIP","floor":30},{"not_picked":["FlurryOfBlows","Adaptation","Conclude"],"picked":"SKIP","floor":31},{"not_picked":["ThirdEye"],"picked":"SKIP","floor":35},{"not_picked":["WindmillStrike"],"picked":"SKIP","floor":36},{"not_picked":[],"picked":"Flash of Steel","floor":37},{"not_picked":["BowlingBash+1"],"picked":"SKIP","floor":39},{"not_picked":["FlurryOfBlows"],"picked":"SKIP","floor":40},{"not_picked":["FollowUp"],"picked":"SKIP","floor":41},{"not_picked":["EmptyFist+1"],"picked":"SKIP","floor":42},{"not_picked":["CutThroughFate"],"picked":"SKIP","floor":45},{"not_picked":["Protect"],"picked":"SKIP","floor":46},{"not_picked":["JustLucky+1"],"picked":"SKIP","floor":48},{"not_picked":["LikeWater"],"picked":"SKIP","floor":54}],"player_experience":716144,"relics_obtained":[{"floor":6.0,"key":"Incense Burner"},{"floor":8.0,"key":"Lantern"},{"floor":10,"key":"Torii"},{"floor":24,"key":"Ancient Tea Set"},{"floor":26,"key":"Meat on the Bone"},{"floor":30,"key":"Happy Flower"},{"floor":40,"key":"War Paint"},{"floor":43,"key":"Regal Pillow"},{"floor":54,"key":"Unceasing Top"}],"event_choices":[{"cards_removed":["Strike_P"],"damage_healed":0.0,"max_hp_gain":0.0,"max_hp_loss":0.0,"gold_gain":0.0,"event_name":"Golden Wing","player_choice":"Card Removal","floor":2.0,"gold_loss":0.0,"damage_taken":7.0},{"damage_healed":0.0,"max_hp_gain":0.0,"max_hp_loss":0.0,"gold_gain":0.0,"event_name":"Shining Light","player_choice":"Entered Light","floor":4.0,"gold_loss":0.0,"damage_taken":16.0,"cards_upgraded":["Defend_P","Defend_P"]},{"damage_healed":19,"gold_gain":0,"player_choice":"Healed","damage_taken":0,"max_hp_gain":0,"max_hp_loss":0,"event_name":"The Cleric","floor":11,"gold_loss":35},{"cards_removed":["Strike_P"],"damage_healed":0,"gold_gain":0,"player_choice":"Elegance","damage_taken":0,"max_hp_gain":0,"max_hp_loss":0,"event_name":"Back to Basics","floor":19,"gold_loss":0},{"damage_healed":0,"gold_gain":0,"player_choice":"Ignored","damage_taken":0,"max_hp_gain":0,"max_hp_loss":0,"event_name":"Ghosts","floor":20,"gold_loss":0},{"damage_healed":0,"gold_gain":0,"player_choice":"Memory 3","damage_taken":10,"max_hp_gain":0,"max_hp_loss":0,"event_name":"SensoryStone","floor":37,"gold_loss":0},{"cards_removed":["Strike_P"],"damage_healed":0,"gold_gain":0,"player_choice":"Removed Attack","damage_taken":0,"max_hp_gain":0,"max_hp_loss":0,"event_name":"Falling","floor":38,"gold_loss":0}],"is_beta":false,"boss_relics":[{"not_picked":["Runic Dome","Snecko Eye"],"picked":"SacredBark"},{"not_picked":["Black Star","Cursed Key"],"picked":"Busted Crown"}],"items_purged_floors":[13,21,44],"is_endless":false,"potions_floor_spawned":[1,10,16,18,22,24,31,36,41,42,48],"killed_by":"The Heart","ascension_level":7}}