{"host":"dftyqn972q7tuon4","time":1609464633,"event":{"mods":["AchievementEnabler","BaseMod","Better Altar","Better Match","Better Note","Better Sensory Stone","Better Skull","Better Third Choice","Colored Powertips","Highlight Path","Minty Spire (QoL Compilation)","Permanent Neow","Quick Restart","StSLib"],"gold_per_floor":[363,9,0,12,0,35,35,50,122,122,122,122,138,29,29,157,157,177,201,48,64,64,105,15,15,15,53,66,66,110,2,2,128,428,441,462,462,462,525,525,301,301,301,226,246,10,10,34,34,34,34,34,11,54,54],"floor_reached":56,"playtime":5427,"items_purged":["Writhe","Injury","Strike_P","Defend_P+1","Strike_P+1"],"score":1249,"play_id":"aebaf44e-261c-490b-8ffd-7b8a3804dd6e","local_time":"20210101023033","is_ascension_mode":false,"campfire_choices":[{"floor":11.0,"key":"REST"},{"data":"Enlightenment","floor":15.0,"key":"SMITH"},{"floor":29.0,"key":"REST"},{"floor":32.0,"key":"REST"},{"floor":40.0,"key":"RECALL"},{"floor":42.0,"key":"REST"},{"floor":47.0,"key":"REST"},{"floor":49.0,"key":"DIG"},{"floor":52.0,"key":"DIG"}],"circlet_count":0,"master_deck":["Eruption","Vigilance","WheelKick","Enlightenment+1","Crescendo","Protect","Consecrate+1","ClearTheMind+1","EmptyBody+1","ConjureBlade+1","Ragnarok","Halt+1","InnerPeace+1","Protect+1","ThirdEye+1","Study+1","Sanctity+1","Worship+1","SignatureMove","Brilliance","CurseOfTheBell","WaveOfTheHand+1","DevaForm+1","Wallop","EmptyMind+1","LikeWater+1","SpiritShield+1","Ragnarok","Prostrate+1","LikeWater+1"],"relics":["PureWater","Membership Card","Frozen Egg 2","betterThird:SlimedRelic","Pen Nib","Toxic Egg 2","Golden Idol","Black Star","Peace Pipe","Whetstone","Potion Belt","Bottled Flame","Sundial","Blood Vial","Shovel","White Beast Statue","Medical Kit","Calling Bell","Happy Flower","Singing Bowl","Old Coin","Incense Burner","HandDrill","Bronze Scales","Kunai","Pear","Ornamental Fan","Boot"],"acts_visited":["Exordium","TheCity","TheBeyond","TheEnding"],"potions_floor_usage":[55,55],"damage_taken":[{"damage":1.0,"enemies":"2 Louse","floor":1.0,"turns":4.0},{"damage":0.0,"enemies":"Small Slimes","floor":4.0,"turns":2.0},{"damage":23.0,"enemies":"3 Sentries","floor":6.0,"turns":5.0},{"damage":0.0,"enemies":"Jaw Worm","floor":8.0,"turns":3.0},{"damage":1.0,"enemies":"Large Slime","floor":13.0,"turns":4.0},{"damage":18.0,"enemies":"The Guardian","floor":16.0,"turns":6.0},{"damage":7.0,"enemies":"Shell Parasite","floor":18.0,"turns":5.0},{"damage":8.0,"enemies":"3 Byrds","floor":19.0,"turns":6.0},{"damage":0.0,"enemies":"Snecko","floor":21.0,"turns":4.0},{"damage":18.0,"enemies":"Book of Stabbing","floor":23.0,"turns":4.0},{"damage":23.0,"enemies":"Gremlin Leader","floor":27.0,"turns":3.0},{"damage":8.0,"enemies":"Centurion and Healer","floor":28.0,"turns":5.0},{"damage":4.0,"enemies":"Book of Stabbing","floor":30.0,"turns":6.0},{"damage":29.0,"enemies":"Collector","floor":33.0,"turns":11.0},{"damage":31.0,"enemies":"3 Darklings","floor":35.0,"turns":5.0},{"damage":2.0,"enemies":"Orb Walker","floor":36.0,"turns":3.0},{"damage":9.0,"enemies":"Mind Bloom Boss Battle","floor":39.0,"turns":6.0},{"damage":12.0,"enemies":"Spire Growth","floor":45.0,"turns":5.0},{"damage":18.0,"enemies":"Jaw Worm Horde","floor":48.0,"turns":5.0},{"damage":30.0,"enemies":"Awakened One","floor":50.0,"turns":13.0},{"damage":0.0,"enemies":"Shield and Spear","floor":54.0,"turns":6.0},{"damage":85,"enemies":"The Heart","floor":55,"turns":13}],"seed_played":"1527431123796007114","potions_obtained":[{"floor":1.0,"key":"AttackPotion"},{"floor":8.0,"key":"PowerPotion"},{"floor":19.0,"key":"BlessingOfTheForge"},{"floor":23.0,"key":"EssenceOfSteel"},{"floor":33.0,"key":"PowerPotion"},{"floor":35.0,"key":"BottledMiracle"},{"floor":36.0,"key":"BottledMiracle"},{"floor":39.0,"key":"Strength Potion"},{"floor":45.0,"key":"DistilledChaos"},{"floor":48.0,"key":"Strength Potion"},{"floor":54.0,"key":"Fire Potion"}],"is_trial":false,"path_per_floor":["M","$","?","M","?","E","?","M","T","?","R","?","M","$","R","B",null,"M","M","$","M","?","E","?","?","T","E","M","R","E","$","R","B",null,"M","M","?","?","?","R","$","R","T","$","M","$","R","M","R","B",null,"R","$","E","B",null],"character_chosen":"WATCHER","items_purchased":["Membership Card","Frozen Egg 2","EmptyBody+1","ConjureBlade+1","Peace Pipe","Medical Kit","SignatureMove","Wallop","EmptyMind+1","LikeWater+1","HandDrill","Ragnarok","Bronze Scales","Prostrate+1"],"campfire_rested":5,"item_purchase_floors":[2,2,14,14,20,31,31,41,41,41,41,46,46,53],"current_hp_per_floor":[71,71,77,77,66,43,43,43,43,36,59,59,58,58,58,40,78,71,63,63,63,63,45,45,45,45,22,16,39,37,37,60,33,78,49,49,49,33,28,28,28,52,52,52,42,42,66,52,52,24,84,94,94,94,9],"gold":54,"neow_bonus":"TWO_FIFTY_GOLD","is_daily":false,"chose_seed":false,"campfire_upgraded":1,"win_rate":0.0,"timestamp":1609464633,"path_taken":["M","$","?","M","?","E","?","?","T","?","R","?","M","?","R","BOSS","M","M","$","M","?","E","?","?","T","E","M","R","E","$","R","BOSS","M","M","?","?","?","R","$","R","T","?","M","$","R","M","R","BOSS","R","$","E","BOSS"],"items_purchased_type":["Relic","Relic","Card","Card","Relic","Relic","Card","Card","Card","Card","Relic","Card","Relic","Card"],"build_version":"2020-12-22","purchased_purges":5,"victory":true,"max_hp_per_floor":[72,72,78,78,78,78,78,78,78,78,78,78,78,78,78,78,78,78,78,78,78,78,78,78,78,78,78,78,78,78,78,78,78,78,80,80,80,80,82,82,82,82,82,82,82,82,82,84,84,84,84,94,94,94,94],"card_choices":[{"not_picked":["Halt","ThirdEye"],"picked":"WheelKick","floor":1.0},{"not_picked":["Halt","Evaluate"],"picked":"Crescendo","floor":4.0},{"not_picked":["JustLucky","Crescendo"],"picked":"Protect","floor":6.0},{"not_picked":["ThirdEye","FlyingSleeves"],"picked":"Consecrate","floor":8.0},{"not_picked":["TalkToTheHand","CrushJoints"],"picked":"ClearTheMind+1","floor":13.0},{"not_picked":["SpiritShield+1","Devotion+1"],"picked":"Ragnarok","floor":16.0},{"not_picked":["FlyingSleeves","ClearTheMind+1"],"picked":"Halt+1","floor":18.0},{"not_picked":["FlurryOfBlows","ClearTheMind+1"],"picked":"InnerPeace+1","floor":19.0},{"not_picked":["Conclude+1","Halt+1"],"picked":"Protect+1","floor":21.0},{"not_picked":["FollowUp","Nirvana+1"],"picked":"ThirdEye+1","floor":23.0},{"not_picked":["Tantrum","ReachHeaven"],"picked":"Study+1","floor":27.0},{"not_picked":["DeusExMachina+1","ThirdEye+1"],"picked":"Sanctity+1","floor":28.0},{"not_picked":["SandsOfTime","Nirvana+1"],"picked":"Worship+1","floor":30.0},{"not_picked":["Omniscience+1","MasterReality+1"],"picked":"Brilliance","floor":33.0},{"not_picked":["EmptyBody+1","SignatureMove+1","ClearTheMind+1"],"picked":"Singing Bowl","floor":35.0},{"not_picked":["Evaluate+1","Prostrate+1"],"picked":"WaveOfTheHand+1","floor":36.0},{"not_picked":["CutThroughFate","ThirdEye+1","Collect+1"],"picked":"Singing Bowl","floor":39.0},{"not_picked":["ClearTheMind+1","WreathOfFlame+1"],"picked":"SpiritShield+1","floor":45.0},{"not_picked":["Evaluate+1","JustLucky+1","WreathOfFlame+1"],"picked":"Singing Bowl","floor":48.0},{"not_picked":["Halt+1","DeceiveReality+1"],"picked":"LikeWater+1","floor":54.0}],"player_experience":576149,"relics_obtained":[{"floor":6.0,"key":"Pen Nib"},{"floor":9.0,"key":"Toxic Egg 2"},{"floor":23.0,"key":"Whetstone"},{"floor":23.0,"key":"Potion Belt"},{"floor":26.0,"key":"Bottled Flame"},{"floor":27.0,"key":"Sundial"},{"floor":27.0,"key":"Blood Vial"},{"floor":30.0,"key":"Shovel"},{"floor":30.0,"key":"White Beast Statue"},{"floor":34.0,"key":"Happy Flower"},{"floor":34.0,"key":"Singing Bowl"},{"floor":34.0,"key":"Old Coin"},{"floor":39.0,"key":"Incense Burner"},{"floor":49.0,"key":"Kunai"},{"floor":52.0,"key":"Pear"},{"floor":54.0,"key":"Ornamental Fan"},{"floor":54.0,"key":"Boot"}],"event_choices":[{"damage_healed":0.0,"max_hp_gain":0.0,"max_hp_loss":0.0,"gold_gain":0.0,"event_name":"betterThird:BetterSerpent","player_choice":"RENOUNCE","floor":3.0,"gold_loss":9.0,"damage_taken":9.0,"cards_obtained":["Enlightenment"]},{"damage_healed":0.0,"max_hp_gain":0.0,"max_hp_loss":0.0,"gold_gain":0.0,"event_name":"betterThird:BetterGoop","player_choice":"Slimed","floor":5.0,"gold_loss":12.0,"damage_taken":11.0},{"cards_removed":["Strike_P"],"damage_healed":0.0,"max_hp_gain":0.0,"max_hp_loss":0.0,"gold_gain":0.0,"event_name":"Living Wall","player_choice":"Forget","floor":7.0,"gold_loss":0.0,"damage_taken":0.0},{"cards_removed":["Strike_P"],"damage_healed":0.0,"max_hp_gain":0.0,"max_hp_loss":0.0,"gold_gain":0.0,"event_name":"Golden Wing","player_choice":"Card Removal","floor":10.0,"gold_loss":0.0,"damage_taken":7.0},{"damage_healed":0.0,"max_hp_gain":0.0,"max_hp_loss":0.0,"gold_gain":0.0,"event_name":"Golden Idol","player_choice":"Take Wound","floor":12.0,"gold_loss":0.0,"damage_taken":0.0,"relics_obtained":["Golden Idol"],"cards_obtained":["Injury"]},{"cards_removed":["Defend_P"],"damage_healed":0.0,"max_hp_gain":0.0,"max_hp_loss":0.0,"gold_gain":0.0,"event_name":"Purifier","player_choice":"Purged","floor":22.0,"gold_loss":0.0,"damage_taken":0.0},{"cards_removed":["Defend_P"],"damage_healed":0.0,"max_hp_gain":0.0,"max_hp_loss":0.0,"gold_gain":0.0,"event_name":"Designer","player_choice":"Upgrade and Remove","floor":24.0,"gold_loss":90.0,"damage_taken":0.0,"cards_upgraded":["Defend_P"]},{"cards_removed":["Defend_P"],"damage_healed":0.0,"max_hp_gain":0.0,"max_hp_loss":0.0,"gold_gain":0.0,"event_name":"Bonfire Elementals","player_choice":"Offered Basic","floor":25.0,"gold_loss":0.0,"damage_taken":0.0},{"damage_healed":0.0,"max_hp_gain":0.0,"max_hp_loss":0.0,"gold_gain":0.0,"event_name":"Tomb of Lord Red Mask","player_choice":"Ignored","floor":37.0,"gold_loss":0.0,"damage_taken":0.0},{"damage_healed":0.0,"max_hp_gain":0.0,"max_hp_loss":16.0,"gold_gain":3.0,"event_name":"betterStone:BetterStone","player_choice":"2","floor":38.0,"gold_loss":0.0,"damage_taken":0.0},{"damage_healed":0.0,"max_hp_gain":0.0,"max_hp_loss":0.0,"gold_gain":0.0,"event_name":"MindBloom","player_choice":"Fight","floor":39.0,"gold_loss":0.0,"damage_taken":0.0}],"is_beta":false,"boss_relics":[{"not_picked":["Astrolabe","Coffee Dripper"],"picked":"Black Star"},{"not_picked":["Sozu","Philosopher\u0027s Stone"],"picked":"Calling Bell"}],"items_purged_floors":[2,14,41,44,46],"is_endless":false,"potions_floor_spawned":[1,8,19,23,33,35,36,39,45,48,54],"ascension_level":0}}