{"host":"qswkx8hggytna0kc","time":1609474919,"event":{"mods":["Aspiration","BaseMod","BetterRewards","Colored Map","Colored Powertips","Highlight Path","Hubris","Mimic Mod","Minty Spire (QoL Compilation)","Quick Restart","Replay The Spire","StSLib","SuperFastMode"],"gold_per_floor":[116,127,138,88,88,119,119,151,233,251,355,355,374,389,389,485,485,501,512,512,462,475,475,475],"floor_reached":23,"playtime":590,"items_purged":[],"score":254,"play_id":"1f185698-55b6-45aa-8e84-9c6f0411d48d","local_time":"20210101122159","is_ascension_mode":true,"campfire_choices":[{"data":"Zap","floor":7,"key":"SMITH"},{"floor":12,"key":"REST"}],"circlet_count":0,"master_deck":["Strike_B","Defend_B","Defend_B","Defend_B","Defend_B","Zap+1","Dualcast","Leap","Gash","Crystallizer+1","All For One","Chaos","Genetic Algorithm","Force Field+1","Self Repair","ReplaySolidLightProjector","Chill","Core Surge","Redo","Doom and Gloom+1","Echo Form","ReplayTheSpireMod:System Scan"],"relics":["Cracked Core","NeowsBlessing","Torii","Orichalcum","StrikeDummy","aspiration:EnhancedActuators","aspiration:RandomNobGenerator"],"acts_visited":["Exordium","TheCity"],"potions_floor_usage":[6,19,23],"damage_taken":[{"damage":0,"enemies":"Cultist","floor":1,"turns":1},{"damage":0,"enemies":"Jaw Worm","floor":2,"turns":1},{"damage":0,"enemies":"2 Louse","floor":3,"turns":1},{"damage":24,"enemies":"Gremlin Nob","floor":6,"turns":4},{"damage":13,"enemies":"3 Sentries","floor":8,"turns":6},{"damage":15,"enemies":"Large Slime","floor":10,"turns":5},{"damage":6,"enemies":"3 Louse","floor":13,"turns":3},{"damage":2,"enemies":"Red Slaver","floor":14,"turns":4},{"damage":27,"enemies":"Slime Boss","floor":16,"turns":13},{"damage":19,"enemies":"3 Byrds","floor":18,"turns":7},{"damage":6,"enemies":"2 Thieves","floor":19,"turns":5},{"damage":17,"enemies":"Snake Plant","floor":22,"turns":4},{"damage":55,"enemies":"Slavers","floor":23,"turns":2}],"seed_played":"4903801056704862263","potions_obtained":[{"floor":1,"key":"Weak Potion"},{"floor":8,"key":"Cursed Concoction"},{"floor":13,"key":"Toxic Potion"},{"floor":14,"key":"Strength Potion"},{"floor":19,"key":"SkillPotion"}],"is_trial":false,"path_per_floor":["M","M","M","?","?","E","R","E","T","M","?","R","M","M","R_BF","B",null,"M","M","?","?","M","E"],"character_chosen":"DEFECT","items_purchased":[],"campfire_rested":1,"item_purchase_floors":[],"current_hp_per_floor":[75,75,75,75,75,51,51,38,38,23,23,45,46,51,73,53,70,58,59,59,59,49,0,0],"gold":475,"neow_bonus":"THREE_ENEMY_KILL","is_daily":false,"chose_seed":false,"campfire_upgraded":1,"win_rate":0.0,"timestamp":1609474919,"path_taken":["M","?","M","?","?","E","R","E","T","M","?","R","M","?","R_BF","BOSS","M","M","?","?","M","E"],"items_purchased_type":[],"build_version":"2020-12-22","purchased_purges":0,"victory":false,"max_hp_per_floor":[75,75,75,75,75,75,75,75,75,75,75,75,75,75,75,75,75,75,75,75,75,75,75,75],"card_choices":[{"not_picked":["Blizzard","Turbo"],"picked":"Leap","floor":1},{"not_picked":["Turbo","Barrage"],"picked":"Gash","floor":2},{"not_picked":["Beam Cell","Machine Learning"],"picked":"Crystallizer","floor":3},{"not_picked":["Redo","Panic Button"],"picked":"All For One","floor":6},{"not_picked":["Panic Button","ReplayTheSpireMod:Reroute Power"],"picked":"Chaos","floor":8},{"not_picked":["Hologram","BasicCrystalCard"],"picked":"Genetic Algorithm","floor":10},{"not_picked":["Redo","Steam Power"],"picked":"Force Field","floor":11},{"not_picked":["Streamline","Rebound"],"picked":"Self Repair","floor":11},{"not_picked":["Compile Driver","Melter"],"picked":"ReplaySolidLightProjector","floor":13},{"not_picked":["Streamline","Static Discharge"],"picked":"Chill","floor":14},{"not_picked":["hubris:DoWhile","Meteor Strike"],"picked":"Core Surge","floor":16},{"not_picked":["Conserve Battery+1","Hologram"],"picked":"Redo","floor":18},{"not_picked":["Streamline","Rebound+1"],"picked":"Doom and Gloom+1","floor":19},{"not_picked":["Sweeping Beam","Leap","Multi-Cast"],"picked":"SKIP","floor":22}],"player_experience":197840,"relics_obtained":[{"floor":6,"key":"Torii"},{"floor":8,"key":"Orichalcum"},{"floor":9,"key":"StrikeDummy"},{"floor":11,"key":"aspiration:EnhancedActuators"}],"event_choices":[{"cards_removed":["Strike_B"],"damage_healed":0,"gold_gain":0,"player_choice":"Card Removal","damage_taken":0,"max_hp_gain":0,"max_hp_loss":0,"event_name":"The Cleric","floor":4,"gold_loss":50},{"damage_healed":0,"gold_gain":0,"cards_transformed":["Strike_B","Strike_B"],"player_choice":"Became Test Subject","damage_taken":0,"max_hp_gain":0,"max_hp_loss":0,"event_name":"Drug Dealer","floor":20,"gold_loss":0,"cards_obtained":["Echo Form","ReplayTheSpireMod:System Scan"]},{"damage_healed":0,"gold_gain":0,"player_choice":"Bet on Murderer","damage_taken":0,"max_hp_gain":0,"max_hp_loss":0,"event_name":"The Joust","floor":21,"gold_loss":50}],"is_beta":false,"boss_relics":[{"not_picked":["Busted Crown","Calling Bell"],"picked":"aspiration:RandomNobGenerator"}],"items_purged_floors":[],"is_endless":false,"potions_floor_spawned":[1,8,13,14,19],"killed_by":"Slavers","ascension_level":5}}