{"host":"dspt33cocqddda7q","time":1609494571,"event":{"mods":["Act Like it!","BaseMod","Downfall","Gensokyo","Hallownest","Koishi","LagranYue(¿≠∏Ò¿ °§‘¬)","Marisa£®ÏF”Í°°ƒß¿Ì…≥£©","Minty Spire (QoL Compilation)","Pale of the Ancients","Reimu£®≤©¿ˆ¡È√Œ£©","Remilia£®¿Ÿ√◊¿Ú—«£©","Replay The Spire","StSLib","The Administrix","The Construct","The Cursed","The Gatherer","The Servant 0.9.4","Waifu the Spire","Youmu£®ªÍ∆«—˝√Œ£©","Yuri Mod","Yuyuko","vexMod"],"gold_per_floor":[114,129,129,2,17,47,77,92,92,92,92,107,137,167,167,267,267,282,297,297,297],"floor_reached":20,"playtime":2219,"items_purged":["Strike_RM"],"score":329,"play_id":"02f222ee-af05-4384-8034-62d89bec9c66","local_time":"20210101184931","daily_mods":["Specialized","Flight","Night Terrors"],"is_ascension_mode":false,"campfire_choices":[],"circlet_count":0,"master_deck":["Strike_RM","Defend_RM","Defend_RM","Defend_RM","Defend_RM","RedMoon","ScarletShoot+1","BombardNight","BombardNight+1","BombardNight","BombardNight+1","BombardNight+1","BloodHunter","MillenniumVampire","RedNightlessCastle+1","CharismaGuard","ScarletCoffin","VampireClaw","RedRainbow","DiffusionOfMisfortune","ScarletDevil","MastersStateliness","DemonKingCradle","BlasphemousPunishment+1","BloodHunter"],"relics":["ScarletHat","LagranYue:RandomDrawCardRelic","Hallownest:DreamNailRelic","Strawberry","vexMod:ScavengeHelm","Whetstone","vexMod:MemoryStick","MealTicket","construct:ClawGrip","hexamod:BolsterEngine"],"acts_visited":[],"potions_floor_usage":[],"damage_taken":[{"damage":0.0,"enemies":"2_ Uuma","floor":1.0,"turns":2.0},{"damage":0.0,"enemies":"Hallownest:2_MossCreeps","floor":2.0,"turns":1.0},{"damage":0.0,"enemies":"Hallownest:monsterHuskGuard","floor":5.0,"turns":2.0},{"damage":0.0,"enemies":"Hallownest:eliteMossKnight","floor":6.0,"turns":10.0},{"damage":0.0,"enemies":"Hallownest:eliteCrystalGuardian","floor":7.0,"turns":7.0},{"damage":5.0,"enemies":"Hallownest:Guard_and_Warrior","floor":8.0,"turns":3.0},{"damage":14.0,"enemies":"Hallownest:monsterMarmu","floor":11.0,"turns":7.0},{"damage":0.0,"enemies":"Hallownest:monsterAspidMother","floor":12.0,"turns":2.0},{"damage":0.0,"enemies":"Hallownest:eliteMossKnight","floor":13.0,"turns":4.0},{"damage":0.0,"enemies":"Hallownest:eliteVengeflyKing","floor":14.0,"turns":6.0},{"damage":15.0,"enemies":"Hallownest:BossFalseKnight","floor":16.0,"turns":6.0},{"damage":6.0,"enemies":"Hallownest:Guard_and_Sentry","floor":18.0,"turns":4.0},{"damage":5.0,"enemies":"Hallownest:Flukemon_and_Top","floor":19.0,"turns":4.0},{"damage":0,"enemies":"Hallownest:2_Flukemon","floor":20,"turns":1}],"seed_played":"-8452381558514634500","potions_obtained":[{"floor":5.0,"key":"Elixir"},{"floor":6.0,"key":"SkillPotion"},{"floor":8.0,"key":"Weak Potion"},{"floor":12.0,"key":"construct:ShiftPotion"},{"floor":13.0,"key":"Fire Potion"},{"floor":18.0,"key":"Elixir"},{"floor":19.0,"key":"Guardian:BlockOnCardUsePotion"}],"is_trial":false,"path_per_floor":["M","M","?","$","M","E","E","M","T","?","?","M","E","E","R","B",null,"M","M","M"],"character_chosen":"REMILIA","items_purchased":["RedNightlessCastle+1"],"campfire_rested":0,"item_purchase_floors":[4],"current_hp_per_floor":[75,75,75,75,75,82,82,77,77,77,67,67,68,69,77,67,77,71,68,68,68],"gold":297,"neow_bonus":"","is_daily":true,"chose_seed":false,"campfire_upgraded":0,"win_rate":0.0,"timestamp":1609494571,"path_taken":["M","M","?","?","M","E","E","?","T","?","?","?","E","E","R","BOSS","M","M","M"],"items_purchased_type":["Card"],"build_version":"2020-12-22","purchased_purges":1,"victory":false,"max_hp_per_floor":[75,75,75,75,75,82,82,82,82,82,82,82,82,82,77,77,77,77,77,77,77],"card_choices":[{"not_picked":["FavorOfDestiny","CharismaGuard"],"picked":"BloodHunter","floor":1.0},{"not_picked":["BloodyMagicSquare","ChaoticDestiny"],"picked":"MillenniumVampire","floor":2.0},{"not_picked":["EmergencyRegeneration","BloodyTrap"],"picked":"CharismaGuard","floor":5.0},{"not_picked":["EmergencyRegeneration","BlasphemousPunishment"],"picked":"ScarletCoffin","floor":6.0},{"not_picked":["ScarletImprint","Maim"],"picked":"VampireClaw","floor":7.0},{"not_picked":["VampireClaw","MillenniumVampire"],"picked":"RedRainbow","floor":8.0},{"not_picked":["MastersStateliness","ReincarnationDial"],"picked":"DiffusionOfMisfortune","floor":12.0},{"not_picked":["DiffusionOfMisfortune","RedRainbow"],"picked":"ScarletDevil","floor":13.0},{"not_picked":["StarOfDavid","BloodHunter"],"picked":"MastersStateliness","floor":14.0},{"not_picked":["BloodyCatastrophe","TransientEternity"],"picked":"DemonKingCradle","floor":16.0},{"not_picked":["RedMagic","FavorOfDestiny"],"picked":"BlasphemousPunishment+1","floor":18.0},{"not_picked":["Maim","VampireSweep"],"picked":"BloodHunter","floor":19.0}],"player_experience":261043,"relics_obtained":[{"floor":6.0,"key":"Strawberry"},{"floor":7.0,"key":"vexMod:ScavengeHelm"},{"floor":9.0,"key":"Whetstone"},{"floor":13.0,"key":"vexMod:MemoryStick"},{"floor":14.0,"key":"MealTicket"},{"floor":18.0,"key":"hexamod:BolsterEngine"}],"event_choices":[],"is_beta":false,"boss_relics":[{"not_picked":["vexMod:EndlessSickness","Runic Pyramid"],"picked":"construct:ClawGrip"}],"items_purged_floors":[4],"is_endless":false,"potions_floor_spawned":[5,6,8,11,13,14,16,18,19],"killed_by":"Hallownest:2_Flukemon","ascension_level":0}}