{"host":"k5r1bw2xsm891wjv","time":1609466399,"event":{"mods":["Act Like it!","BaseMod","Downfall","Minty Spire (QoL Compilation)","StSLib"],"gold_per_floor":[99,110,123,143,143,173,173,188,215,234,263,278,378,9,20,117,117,42,57,57,68,68,19,66,51,76,76,76,105,105,115,127,222,222,222,237,237,253,13,42,42,42,115,129,146,146,163,163,182,182],"floor_reached":51,"playtime":7896,"items_purged":["Writhe"],"score":864,"play_id":"2e9a3fe9-493f-40da-9950-e068b55ffc12","local_time":"20201231205959","is_ascension_mode":false,"campfire_choices":[{"data":"Guardian:ConstructionForm","floor":1,"key":"SMITH"},{"data":"Guardian:SentryBeam","floor":18,"key":"SMITH"},{"data":"Guardian:DonusPower","floor":35,"key":"SMITH"},{"floor":46,"key":"RECALL"}],"circlet_count":0,"master_deck":["Guardian:Strike_Guardian","Guardian:Strike_Guardian","Guardian:Strike_Guardian","Guardian:Strike_Guardian","Guardian:Defend_Guardian+1","Guardian:Defend_Guardian","Guardian:Defend_Guardian+1","Guardian:Defend_Guardian","Guardian:CurlUp","Guardian:TwinSlam","Guardian:ConstructionForm+1","Guardian:SentryBeam+1","Guardian:PrimingBeam","Guardian:Harden","Guardian:PrimingBeam","Guardian:PiercingHide","Guardian:ArmoredProtocol","Guardian:ShieldCharger","Guardian:CrystalBeam","Guardian:DonusPower+1","Guardian:VentSteam+1","Guardian:EvasiveProtocol+1","Guardian:ExploitGems","Parasite","expansioncontent:HyperBeam"],"relics":["Guardian:ModeShifter","Kunai","White Beast Statue","Toy Ornithopter","Lizard Tail","TungstenRod","Guardian:StasisSlotReductionRelic","downfall:HeartBlessingGreen","Juzu Bracelet","Meat on the Bone","downfall:RedIOU","Letter Opener","Nilry\u0027s Codex","Philosopher\u0027s Stone","Toolbox","FossilizedHelix","Singing Bowl","Frozen Egg 2"],"acts_visited":["Exordium","TheCity","TheBeyond"],"potions_floor_usage":[8,9,10,11,11,15,16,25,26,29,29,33,33,33,40,44,45,45,45,50],"damage_taken":[{"damage":0,"enemies":"2 Louse","floor":2,"turns":6},{"damage":0,"enemies":"Small Slimes","floor":3,"turns":7},{"damage":0,"enemies":"Jaw Worm","floor":4,"turns":6},{"damage":0,"enemies":"Lagavulin","floor":6,"turns":10},{"damage":0,"enemies":"Exordium Wildlife","floor":8,"turns":8},{"damage":14,"enemies":"Gremlin Nob","floor":9,"turns":6},{"damage":0,"enemies":"3 Louse","floor":10,"turns":5},{"damage":1,"enemies":"3 Sentries","floor":11,"turns":9},{"damage":2,"enemies":"Large Slime","floor":12,"turns":10},{"damage":0,"enemies":"downfall:FleeingMerchant","floor":14,"turns":4},{"damage":0,"enemies":"2 Fungi Beasts","floor":15,"turns":3},{"damage":2,"enemies":"downfall:Watcher","floor":16,"turns":16},{"damage":0,"enemies":"3 Byrds","floor":19,"turns":4},{"damage":0,"enemies":"Shell Parasite","floor":21,"turns":7},{"damage":0,"enemies":"downfall:FleeingMerchant","floor":23,"turns":4},{"damage":1,"enemies":"downfall:FleeingMerchant","floor":25,"turns":4},{"damage":0,"enemies":"Book of Stabbing","floor":26,"turns":5},{"damage":38,"enemies":"Gremlin Leader","floor":29,"turns":8},{"damage":0,"enemies":"Centurion and Healer","floor":31,"turns":7},{"damage":8,"enemies":"Chosen and Byrds","floor":32,"turns":5},{"damage":23,"enemies":"downfall:Silent","floor":33,"turns":9},{"damage":13,"enemies":"3 Darklings","floor":36,"turns":4},{"damage":0,"enemies":"Orb Walker","floor":38,"turns":7},{"damage":0,"enemies":"downfall:FleeingMerchant","floor":39,"turns":4},{"damage":0,"enemies":"Giant Head","floor":40,"turns":8},{"damage":9,"enemies":"Jaw Worm Horde","floor":44,"turns":5},{"damage":0,"enemies":"Writhing Mass","floor":45,"turns":8},{"damage":7,"enemies":"4 Shapes","floor":47,"turns":6},{"damage":0,"enemies":"Sphere and 2 Shapes","floor":49,"turns":3},{"damage":0,"enemies":"downfall:Ironclad","floor":50,"turns":12}],"seed_played":"-4088125297873124906","potions_obtained":[{"floor":2,"key":"Ancient Potion"},{"floor":4,"key":"Fire Potion"},{"floor":8,"key":"Strength Potion"},{"floor":9,"key":"Fruit Juice"},{"floor":10,"key":"SkillPotion"},{"floor":11,"key":"Slimebound:ThreeZeroPotion"},{"floor":12,"key":"EssenceOfSteel"},{"floor":14,"key":"SpeedPotion"},{"floor":15,"key":"champ:CounterPotion"},{"floor":16,"key":"Fire Potion"},{"floor":20,"key":"CultistPotion"},{"floor":25,"key":"Fruit Juice"},{"floor":26,"key":"Weak Potion"},{"floor":29,"key":"Energy Potion"},{"floor":31,"key":"ColorlessPotion"},{"floor":32,"key":"SkillPotion"},{"floor":33,"key":"champ:CounterPotion"},{"floor":36,"key":"Block Potion"},{"floor":37,"key":"downfall:CursedFountainPotion"},{"floor":39,"key":"Energy Potion"},{"floor":40,"key":"Fire Potion"},{"floor":44,"key":"sneckomod:MuddlingPotion"},{"floor":45,"key":"Fruit Juice"},{"floor":47,"key":"champ:CounterPotion"},{"floor":49,"key":"champ:CounterPotion"}],"is_trial":false,"path_per_floor":["R","M","M","M","?","E","T","M","E","M","E","M","?","$","M","B",null,"R","M","?","M","?","$","T","$","E","?","?","E","?","M","M","B",null,"R","M","?","M","$","E","T","?","T","M","M","R","M","?","M","B",null],"character_chosen":"GUARDIAN","items_purchased":["TungstenRod","Guardian:ShieldCharger","Guardian:Gem_Crimson","Toolbox"],"campfire_rested":0,"item_purchase_floors":[14,14,23,39],"current_hp_per_floor":[80,80,80,80,85,85,85,85,71,81,90,88,88,88,90,88,90,90,90,90,90,73,73,73,82,87,87,87,59,44,56,60,52,100,100,87,87,87,87,92,92,92,92,90,109,109,104,104,106,111],"gold":182,"neow_bonus":"ONE_RANDOM_RARE_CARD","is_daily":false,"chose_seed":false,"campfire_upgraded":3,"win_rate":0.0,"timestamp":1609466399,"path_taken":["R","M","M","M","?","E","T","M","E","M","E","M","?","$","M","BOSS","R","M","?","M","?","$","T","?","E","?","?","E","?","M","M","BOSS","R","M","?","M","$","E","T","?","?","M","M","R","M","?","M","BOSS"],"items_purchased_type":["Relic","Card","Card","Relic"],"build_version":"2020-12-22","purchased_purges":1,"victory":true,"max_hp_per_floor":[80,80,80,80,85,85,85,85,85,90,90,90,90,90,90,90,90,90,90,90,90,95,95,95,100,100,100,100,100,100,100,100,100,100,100,100,100,100,100,100,100,100,100,102,109,109,111,111,113,113],"card_choices":[{"not_picked":["Guardian:TemporalShield","Guardian:Gem_Red"],"picked":"Guardian:SentryBeam","floor":2},{"not_picked":["Guardian:Suspension","Guardian:WalkerClaw"],"picked":"Guardian:PrimingBeam","floor":3},{"not_picked":["Guardian:WalkerClaw","Guardian:Repulse"],"picked":"Guardian:Gem_Red","floor":4},{"not_picked":["Guardian:Preprogram","Guardian:StasisField"],"picked":"Guardian:Harden","floor":6},{"not_picked":["Guardian:Gem_Lightblue","Guardian:PrimingBeam"],"picked":"Guardian:Gem_Cyan","floor":8},{"not_picked":["Guardian:Gem_White","Guardian:ConstructionForm"],"picked":"Guardian:PrimingBeam","floor":9},{"not_picked":["Guardian:PrismaticBarrier","Guardian:Gem_Fragmented"],"picked":"Guardian:Gem_Green","floor":10},{"not_picked":["Guardian:Reroute","Guardian:WalkerClaw"],"picked":"Guardian:PiercingHide","floor":11},{"not_picked":["Guardian:WalkerClaw","Guardian:EvasiveProtocol"],"picked":"Guardian:ArmoredProtocol","floor":12},{"not_picked":["Guardian:Recover","Guardian:Gem_Fragmented","Guardian:VentSteam"],"picked":"SKIP","floor":14},{"not_picked":["Guardian:RollAttack","Guardian:ChargeCore","Guardian:Emergency"],"picked":"SKIP","floor":15},{"not_picked":["Guardian:BaubleBeam","Guardian:ConstructionForm"],"picked":"Guardian:TimeSifter","floor":16},{"not_picked":["Guardian:Gem_Green","Guardian:RefractedBeam+1"],"picked":"Guardian:CrystalBeam","floor":19},{"not_picked":["Guardian:RollAttack","Guardian:Recover"],"picked":"Guardian:DonusPower","floor":21},{"not_picked":["Guardian:Suspension","Guardian:SphericShield","Guardian:Gem_Green"],"picked":"SKIP","floor":23},{"not_picked":["Guardian:PiercingHide","Guardian:PrimingBeam"],"picked":"Guardian:VentSteam+1","floor":25},{"not_picked":["Guardian:ArmoredProtocol","Guardian:PrimingBeam"],"picked":"Guardian:Gem_Cyan","floor":26},{"not_picked":["Guardian:SpikerProtocol","Guardian:Recover"],"picked":"Guardian:Gem_Synthetic","floor":29},{"not_picked":["Guardian:RollAttack+1","Guardian:Reroute","Guardian:Recover"],"picked":"SKIP","floor":31},{"not_picked":["Guardian:CrystalBeam+1","Guardian:TemporalShield","Guardian:Planning"],"picked":"SKIP","floor":32},{"not_picked":["Guardian:TimeSifter","Guardian:StasisStrike"],"picked":"Guardian:Gem_Synthetic","floor":33},{"not_picked":["Guardian:Gem_Fragmented","Guardian:ChargeCore"],"picked":"Guardian:EvasiveProtocol+1","floor":36},{"not_picked":["Guardian:Gem_Red","Guardian:Gem_Blue","Guardian:WalkerClaw"],"picked":"SKIP","floor":38},{"not_picked":["Guardian:Planning+1","Guardian:WalkerClaw"],"picked":"Guardian:ExploitGems","floor":39},{"not_picked":["Guardian:Gem_Cyan","Guardian:Gem_Blue","Guardian:Recover"],"picked":"SKIP","floor":40},{"not_picked":["Guardian:RollAttack+1","Guardian:TemporalShield+1","Guardian:Gem_Red"],"picked":"Singing Bowl","floor":44},{"not_picked":["Guardian:RefractedBeam","Guardian:PrismaticBeam","Guardian:Repulse+1"],"picked":"Singing Bowl","floor":45},{"not_picked":["Guardian:VentSteam","Guardian:ExploitGems","Guardian:PrimingBeam+1"],"picked":"Singing Bowl","floor":47},{"not_picked":["expansioncontent:GoopSpray","expansioncontent:DonusPower"],"picked":"expansioncontent:HyperBeam","floor":48},{"not_picked":["Guardian:TemporalStrike","Guardian:TemporalShield","Guardian:ShieldCharger+1"],"picked":"Singing Bowl","floor":49}],"player_experience":264321,"relics_obtained":[{"floor":6,"key":"Kunai"},{"floor":7,"key":"White Beast Statue"},{"floor":9,"key":"Toy Ornithopter"},{"floor":11,"key":"Lizard Tail"},{"floor":24,"key":"Juzu Bracelet"},{"floor":26,"key":"War Paint"},{"floor":29,"key":"Letter Opener"},{"floor":30,"key":"Nilry\u0027s Codex"},{"floor":40,"key":"FossilizedHelix"},{"floor":41,"key":"Singing Bowl"},{"floor":43,"key":"Frozen Egg 2"}],"event_choices":[{"damage_healed":0,"gold_gain":0,"player_choice":"Donut","damage_taken":0,"max_hp_gain":5,"max_hp_loss":0,"event_name":"Big Fish","floor":5,"gold_loss":0},{"cards_removed":["Guardian:TimeSifter"],"damage_healed":0,"gold_gain":0,"player_choice":"Card Removal","damage_taken":0,"max_hp_gain":0,"max_hp_loss":0,"event_name":"Wheel of Change","floor":42,"gold_loss":0}],"is_beta":false,"boss_relics":[{"not_picked":["Velvet Choker","Black Star"],"picked":"Guardian:StasisSlotReductionRelic"},{"not_picked":["Calling Bell","Coffee Dripper"],"picked":"Philosopher\u0027s Stone"}],"items_purged_floors":[39],"is_endless":false,"potions_floor_spawned":[2,4,8,9,10,11,12,14,15,16,19,21,23,25,26,29,31,32,33,36,38,39,40,44,45,47,49],"ascension_level":0}}