{"host":"dhyczjm99amxd3qx","time":1609528275,"event":{"mods":["BaseMod","Colored Map","Googly Eyes","Highlight Path","Minty Spire (QoL Compilation)","Quick Restart","StSLib"],"gold_per_floor":[114,114,64,80,5,30,30,41,64,78,78,78,106,116,116,213,213,232,132,147,164,180,210,221,253,253,266,266,291,390,424,424,524,524,543,597,21,71,71,71,71],"floor_reached":40,"playtime":3016,"items_purged":["Defend_R","Strike_R","Strike_R"],"score":689,"play_id":"4aa5e62c-34a5-4592-8d35-7150d277def0","local_time":"20210101141115","is_ascension_mode":true,"campfire_choices":[{"data":"Intimidate","floor":7.0,"key":"SMITH"},{"data":"Iron Wave","floor":12.0,"key":"SMITH"},{"data":"Clothesline","floor":15.0,"key":"SMITH"},{"floor":32,"key":"REST"}],"circlet_count":0,"master_deck":["Strike_R","Strike_R","Defend_R","Defend_R","Bash","Intimidate+1","Iron Wave","Iron Wave+1","Clothesline+1","Metallicize","Immolate","Impervious","Thunderclap+1","Body Slam+1","Rage+1","Disarm","Corruption","Offering","CurseOfTheBell","Metallicize+1","Iron Wave"],"relics":["Burning Blood","Regal Pillow","Dream Catcher","Centennial Puzzle","Fusion Hammer","Art of War","Mango","Self Forming Clay","Kunai","MealTicket","Red Skull","Calling Bell","Vajra","White Beast Statue","TungstenRod","Thread and Needle","Anchor","HornCleat","Champion Belt"],"acts_visited":["Exordium","TheCity","TheBeyond"],"potions_floor_usage":[16,16,24,24,29,31,36,38,40],"damage_taken":[{"damage":2.0,"enemies":"2 Louse","floor":1.0,"turns":4.0},{"damage":4.0,"enemies":"Small Slimes","floor":4.0,"turns":4.0},{"damage":30.0,"enemies":"Gremlin Nob","floor":6.0,"turns":5.0},{"damage":14.0,"enemies":"Jaw Worm","floor":8.0,"turns":4.0},{"damage":1.0,"enemies":"Red Slaver","floor":10.0,"turns":3.0},{"damage":31.0,"enemies":"3 Sentries","floor":13.0,"turns":10.0},{"damage":0.0,"enemies":"2 Fungi Beasts","floor":14.0,"turns":2.0},{"damage":39,"enemies":"The Guardian","floor":16,"turns":11},{"damage":9,"enemies":"3 Byrds","floor":18,"turns":6},{"damage":8,"enemies":"2 Thieves","floor":20,"turns":4},{"damage":2,"enemies":"Cultist and Chosen","floor":21,"turns":4},{"damage":5,"enemies":"3 Cultists","floor":22,"turns":4},{"damage":14,"enemies":"Slavers","floor":23,"turns":5},{"damage":5,"enemies":"Snecko","floor":24,"turns":3},{"damage":21,"enemies":"Gremlin Leader","floor":25,"turns":8},{"damage":3,"enemies":"Snake Plant","floor":27,"turns":4},{"damage":12,"enemies":"Book of Stabbing","floor":29,"turns":6},{"damage":31,"enemies":"Gremlin Leader","floor":31,"turns":10},{"damage":69,"enemies":"Champ","floor":33,"turns":16},{"damage":19,"enemies":"3 Shapes","floor":35,"turns":4},{"damage":40,"enemies":"2 Orb Walkers","floor":36,"turns":6},{"damage":5,"enemies":"Mind Bloom Boss Battle","floor":38,"turns":8},{"damage":136,"enemies":"Giant Head","floor":40,"turns":12}],"seed_played":"-4861446235555493510","potions_obtained":[{"floor":1.0,"key":"BloodPotion"},{"floor":6.0,"key":"SpeedPotion"},{"floor":8.0,"key":"Weak Potion"},{"floor":11.0,"key":"FairyPotion"},{"floor":11.0,"key":"Explosive Potion"},{"floor":13.0,"key":"ColorlessPotion"},{"floor":22,"key":"Swift Potion"},{"floor":23,"key":"ColorlessPotion"},{"floor":25,"key":"AttackPotion"},{"floor":29,"key":"GamblersBrew"},{"floor":33,"key":"Swift Potion"},{"floor":35,"key":"Regen Potion"},{"floor":36,"key":"ElixirPotion"},{"floor":38,"key":"SmokeBomb"}],"is_trial":false,"path_per_floor":["M","?","?","M","$","E","R","M","T","M","?","R","E","M","R","B",null,"M","$","M","M","M","E","M","E","T","M","T","E","?","E","R","B",null,"M","?","$","?","$","E"],"character_chosen":"IRONCLAD","items_purchased":["Anchor","HornCleat","Iron Wave"],"campfire_rested":1,"item_purchase_floors":[37,37,37],"current_hp_per_floor":[84,77,77,79,79,55,55,47,47,52,69,69,44,50,50,17,70,67,67,65,69,70,62,63,62,62,65,65,59,59,34,79,16,81,68,48,63,64,79,0,0],"gold":71,"neow_bonus":"TEN_PERCENT_HP_BONUS","is_daily":false,"chose_seed":false,"campfire_upgraded":3,"win_rate":0.0,"timestamp":1609528275,"path_taken":["M","?","?","?","?","E","R","M","T","M","?","R","E","M","R","BOSS","M","$","M","M","?","E","M","E","T","M","?","E","?","E","R","BOSS","M","?","$","?","$","E"],"items_purchased_type":["Relic","Relic","Card"],"build_version":"2020-12-22","purchased_purges":3,"victory":false,"max_hp_per_floor":[88,88,88,88,88,88,88,88,88,88,88,88,88,88,88,88,88,88,88,88,88,88,88,88,102,102,102,102,102,102,102,102,102,102,102,102,102,102,102,102,102],"card_choices":[{"not_picked":["Dual Wield","Armaments"],"picked":"Intimidate","floor":1.0},{"not_picked":["Fire Breathing","Shrug It Off"],"picked":"Iron Wave","floor":4.0},{"not_picked":["Power Through","Entrench"],"picked":"Iron Wave","floor":6.0},{"not_picked":["Sentinel","Double Tap"],"picked":"Clothesline","floor":8.0},{"not_picked":["Second Wind","Shrug It Off"],"picked":"Metallicize","floor":10.0},{"not_picked":["Intimidate","Body Slam"],"picked":"Immolate","floor":13.0},{"not_picked":["Dropkick","Wild Strike","Rampage"],"picked":"SKIP","floor":14.0},{"not_picked":["Double Tap","Fiend Fire"],"picked":"Impervious","floor":16},{"not_picked":["Clothesline","Shrug It Off","Cleave"],"picked":"SKIP","floor":18},{"not_picked":["Cleave","Evolve"],"picked":"Thunderclap+1","floor":20},{"not_picked":["Warcry","Shockwave","Perfected Strike"],"picked":"SKIP","floor":21},{"not_picked":["Carnage","Havoc","Sword Boomerang"],"picked":"SKIP","floor":22},{"not_picked":["Infernal Blade","Pummel"],"picked":"Body Slam+1","floor":23},{"not_picked":["Armaments","Wild Strike"],"picked":"Rage+1","floor":24},{"not_picked":["Berserk","Burning Pact","Evolve"],"picked":"SKIP","floor":25},{"not_picked":["Searing Blow","Wild Strike"],"picked":"Disarm","floor":27},{"not_picked":["Feel No Pain","Spot Weakness+1"],"picked":"Corruption","floor":29},{"not_picked":["Body Slam","Clothesline+1","Pommel Strike+1"],"picked":"SKIP","floor":31},{"not_picked":["Immolate","Brutality"],"picked":"Offering","floor":33},{"not_picked":["True Grit","Perfected Strike+1"],"picked":"Metallicize+1","floor":35}],"player_experience":260268,"relics_obtained":[{"floor":6.0,"key":"Regal Pillow"},{"floor":9.0,"key":"Dream Catcher"},{"floor":13.0,"key":"Centennial Puzzle"},{"floor":23,"key":"Art of War"},{"floor":25,"key":"Mango"},{"floor":26,"key":"Self Forming Clay"},{"floor":28,"key":"Kunai"},{"floor":29,"key":"MealTicket"},{"floor":31,"key":"Red Skull"},{"floor":34,"key":"Vajra"},{"floor":34,"key":"White Beast Statue"},{"floor":34,"key":"TungstenRod"},{"floor":36,"key":"Thread and Needle"},{"floor":38,"key":"Champion Belt"}],"event_choices":[{"cards_removed":["Defend_R"],"damage_healed":0.0,"max_hp_gain":0.0,"max_hp_loss":0.0,"gold_gain":0.0,"event_name":"Golden Wing","player_choice":"Card Removal","floor":2.0,"gold_loss":0.0,"damage_taken":7.0},{"cards_removed":["Strike_R"],"damage_healed":0.0,"max_hp_gain":0.0,"max_hp_loss":0.0,"gold_gain":0.0,"event_name":"The Cleric","player_choice":"Card Removal","floor":3.0,"gold_loss":50.0,"damage_taken":0.0},{"damage_healed":0.0,"max_hp_gain":0.0,"max_hp_loss":0.0,"gold_gain":0.0,"event_name":"Lab","player_choice":"Got Potions","floor":11.0,"gold_loss":0.0,"damage_taken":0.0},{"damage_healed":0,"gold_gain":99,"player_choice":"Stole From Cult","damage_taken":0,"max_hp_gain":0,"max_hp_loss":0,"event_name":"Nest","floor":30,"gold_loss":0},{"damage_healed":0,"gold_gain":0,"player_choice":"Fight","damage_taken":0,"max_hp_gain":0,"max_hp_loss":0,"event_name":"Mysterious Sphere","floor":36,"gold_loss":0},{"damage_healed":0,"gold_gain":0,"player_choice":"Fight","damage_taken":0,"max_hp_gain":0,"max_hp_loss":0,"event_name":"MindBloom","floor":38,"gold_loss":0}],"is_beta":false,"boss_relics":[{"not_picked":["Velvet Choker","Black Star"],"picked":"Fusion Hammer"},{"not_picked":["Astrolabe","Runic Pyramid"],"picked":"Calling Bell"}],"items_purged_floors":[5,19,37],"is_endless":false,"potions_floor_spawned":[1,6,8,13,22,23,25,29,33,35,36,38],"killed_by":"Giant Head","ascension_level":8}}