{"host":"Arid","time":1609461026,"event":{"mods":["2.2 Compatiblity","AchievementEnabler","Act Like it!","BaseMod","Downfall","Hermit","Jorbs\u0027s Wanderer Trilogy","Minty Spire (QoL Compilation)","StSLib","The Cursed","The Runesmith"],"gold_per_floor":[112,123,137,137,137,162,162,194,218,218,218,231,256,105,105,207,207,227,241,258,183,183,217,228,246,246,90,90,102,102,17,17,114,114,131,141,161,61,78,108,108,134,157,157,157,157,157,157,157,157,157,157,76,101,101],"floor_reached":56,"playtime":4186,"items_purged":["Runesmith:Strike_RS","Runesmith:Strike_RS"],"score":1208,"play_id":"b8d81465-9b75-49fc-8d76-7fa68c79f1e8","local_time":"20201231193026","is_ascension_mode":false,"campfire_choices":[{"data":"Runesmith:LithiumIon","floor":7,"key":"SMITH"},{"data":"Runesmith:Fortify","floor":10,"key":"SMITH"},{"data":"Runesmith:CraftPrismatica","floor":15,"key":"SMITH"},{"data":"Runesmith:HammerThrow","floor":28,"key":"SMITH"},{"data":"Runesmith:UnlimitedPower","floor":30,"key":"SMITH"},{"floor":32,"key":"REST"},{"data":"Runesmith:CreatorForm","floor":41,"key":"SMITH"},{"floor":44,"key":"REST"},{"data":"Runesmith:LithiumIon","floor":46,"key":"SMITH"},{"floor":49,"key":"RECALL"},{"data":"Runesmith:CraftMagma","floor":52,"key":"SMITH"}],"circlet_count":0,"master_deck":["Runesmith:Defend_RS+1","Runesmith:Defend_RS","Runesmith:Defend_RS+1","Runesmith:Defend_RS","Runesmith:CraftFirestone","Runesmith:Fortify+1","Runesmith:CraftProtectio","Runesmith:LithiumIon+1","Runesmith:EarthShield","Runesmith:CraftPrismatica+1","Runesmith:CraftMagma+1","Runesmith:HammerThrow+1","Runesmith:LithiumIon+1","Runesmith:UnlimitedPower+1","Runesmith:Repurpose+1","Runesmith:RuneHurl","Runesmith:CreatorForm+1","Runesmith:EnergizedChisel+1","Runesmith:RuneHurl+1","Regret","Runesmith:FrozenChisel"],"relics":["Runesmith:BrokenRuby","Bag of Marbles","Boot","Bronze Scales","Odd Mushroom","Busted Crown","StrikeDummy","Letter Opener","Guardian:PocketSentry","Centennial Puzzle","Cursed Key","PreservedInsect","InkBottle","Blue Candle"],"acts_visited":["Exordium","TheCity","TheBeyond","TheEnding"],"potions_floor_usage":[6,16,23,23,33,39,42,55,55],"damage_taken":[{"damage":2,"enemies":"2 Louse","floor":1,"turns":3},{"damage":1,"enemies":"Small Slimes","floor":2,"turns":4},{"damage":1,"enemies":"Cultist","floor":3,"turns":4},{"damage":2,"enemies":"3 Sentries","floor":6,"turns":11},{"damage":0,"enemies":"Lagavulin","floor":8,"turns":9},{"damage":0,"enemies":"3 Louse","floor":12,"turns":2},{"damage":6,"enemies":"The Mushroom Lair","floor":13,"turns":3},{"damage":16,"enemies":"Slime Boss","floor":16,"turns":7},{"damage":14,"enemies":"Spheric Guardian","floor":18,"turns":3},{"damage":5,"enemies":"3 Byrds","floor":19,"turns":3},{"damage":25,"enemies":"Snake Plant","floor":20,"turns":4},{"damage":0,"enemies":"Book of Stabbing","floor":23,"turns":5},{"damage":0,"enemies":"Chosen and Byrds","floor":24,"turns":5},{"damage":13,"enemies":"Sentry and Sphere","floor":25,"turns":8},{"damage":3,"enemies":"Centurion and Healer","floor":29,"turns":6},{"damage":9,"enemies":"Collector","floor":33,"turns":8},{"damage":0,"enemies":"Orb Walker","floor":35,"turns":3},{"damage":13,"enemies":"3 Darklings","floor":36,"turns":4},{"damage":12,"enemies":"Maw","floor":37,"turns":6},{"damage":3,"enemies":"Writhing Mass","floor":39,"turns":6},{"damage":6,"enemies":"Nemesis","floor":40,"turns":5},{"damage":39,"enemies":"Reptomancer","floor":42,"turns":6},{"damage":10,"enemies":"Time Eater","floor":50,"turns":9},{"damage":23,"enemies":"Shield and Spear","floor":54,"turns":5},{"damage":34,"enemies":"The Heart","floor":55,"turns":9}],"seed_played":"1644926200331990867","potions_obtained":[{"floor":1,"key":"ColorlessPotion"},{"floor":3,"key":"SpeedPotion"},{"floor":12,"key":"Swift Potion"},{"floor":16,"key":"Weak Potion"},{"floor":19,"key":"BlessingOfTheForge"},{"floor":25,"key":"sneckomod:MuddlingPotion"},{"floor":29,"key":"DuplicationPotion"},{"floor":36,"key":"sneckomod:MuddlingPotion"},{"floor":39,"key":"FearPotion"},{"floor":48,"key":"LiquidBronze"},{"floor":48,"key":"Guardian:BlockOnCardUsePotion"},{"floor":48,"key":"DistilledChaos"}],"is_trial":false,"path_per_floor":["M","M","M","?","?","E","R","E","T","R","?","M","?","$","R","B",null,"M","M","M","?","?","E","M","M","T","$","R","M","R","?","R","B",null,"M","M","M","$","M","E","R","E","T","R","?","R","?","?","R","B",null,"R","$","E","B",null],"character_chosen":"RUNESMITH_CLASS","items_purchased":["Runesmith:LithiumIon","Guardian:PocketSentry","Runesmith:FrozenChisel"],"campfire_rested":2,"item_purchase_floors":[14,27,53],"current_hp_per_floor":[75,74,73,58,51,49,49,49,49,49,54,54,48,48,48,32,82,68,63,38,38,38,38,38,25,25,25,25,22,22,22,46,37,82,82,69,57,57,54,48,48,9,9,33,33,33,72,72,72,62,72,72,72,49,15],"gold":101,"neow_bonus":"TEN_PERCENT_HP_BONUS","is_daily":false,"chose_seed":false,"campfire_upgraded":8,"win_rate":0.0,"timestamp":1609461026,"path_taken":["M","M","M","?","?","E","R","E","T","R","?","M","?","?","R","BOSS","M","M","M","?","?","E","M","?","T","$","R","M","R","?","R","BOSS","M","M","M","$","M","E","R","E","T","R","?","R","?","?","R","BOSS","R","$","E","BOSS"],"items_purchased_type":["Card","Relic","Card"],"build_version":"2020-12-18","purchased_purges":2,"victory":true,"max_hp_per_floor":[77,77,77,77,77,77,77,77,77,77,82,82,82,82,82,82,82,82,82,82,82,82,82,82,82,82,82,82,82,82,82,82,82,82,82,82,82,82,82,82,82,82,82,82,82,82,72,72,72,72,72,72,72,72,72],"card_choices":[{"not_picked":["Runesmith:OneForEveryone","Runesmith:StaticCage"],"picked":"Runesmith:CraftProtectio","floor":1},{"not_picked":["Runesmith:RuneHurl","Runesmith:Empowerment"],"picked":"Runesmith:LithiumIon","floor":2},{"not_picked":["Runesmith:UnstableHammer","Runesmith:Overpower"],"picked":"Runesmith:EarthShield","floor":3},{"not_picked":["Runesmith:RuneHurl","Runesmith:UnstableHammer"],"picked":"Runesmith:CraftPrismatica","floor":6},{"not_picked":["Runesmith:CraftVitae","Runesmith:HammerThrow"],"picked":"Runesmith:ChaoticBlast","floor":8},{"not_picked":["Runesmith:EarthShield","Runesmith:HammerTime"],"picked":"Runesmith:CraftMagma","floor":12},{"not_picked":["Runesmith:CraftMagma","Runesmith:EnergizedChisel"],"picked":"Runesmith:HammerThrow","floor":13},{"not_picked":["Runesmith:CreatorForm","Runesmith:FissionHammer"],"picked":"Runesmith:UnlimitedPower","floor":16},{"not_picked":[],"picked":"Runesmith:Repurpose+1","floor":18},{"not_picked":["Runesmith:CraftMagma"],"picked":"SKIP","floor":19},{"not_picked":[],"picked":"Runesmith:RuneHurl","floor":20},{"not_picked":["Runesmith:UnlimitedPower"],"picked":"SKIP","floor":23},{"not_picked":["Runesmith:ChiselStab+1"],"picked":"SKIP","floor":24},{"not_picked":["Runesmith:ChiselStab+1"],"picked":"SKIP","floor":25},{"not_picked":["Runesmith:EarthShield"],"picked":"SKIP","floor":29},{"not_picked":[],"picked":"Runesmith:CreatorForm","floor":33},{"not_picked":["Runesmith:ChiselStab"],"picked":"SKIP","floor":35},{"not_picked":["Runesmith:Electrocute"],"picked":"SKIP","floor":36},{"not_picked":[],"picked":"Runesmith:EnergizedChisel+1","floor":37},{"not_picked":["Runesmith:ShiftingStrike+1"],"picked":"SKIP","floor":39},{"not_picked":["Runesmith:ReplicatingBarrier"],"picked":"SKIP","floor":40},{"not_picked":[],"picked":"Runesmith:RuneHurl+1","floor":42},{"not_picked":["Runesmith:NegativeSpace"],"picked":"SKIP","floor":54}],"player_experience":341254,"relics_obtained":[{"floor":6,"key":"Bag of Marbles"},{"floor":8,"key":"Boot"},{"floor":9,"key":"Bronze Scales"},{"floor":13,"key":"Odd Mushroom"},{"floor":23,"key":"StrikeDummy"},{"floor":26,"key":"Letter Opener"},{"floor":40,"key":"PreservedInsect"},{"floor":42,"key":"InkBottle"},{"floor":54,"key":"Blue Candle"}],"event_choices":[{"damage_healed":0,"gold_gain":0,"player_choice":"Entered Light","damage_taken":15,"max_hp_gain":0,"max_hp_loss":0,"event_name":"Shining Light","floor":4,"gold_loss":0,"cards_upgraded":["Runesmith:Defend_RS","Runesmith:Defend_RS"]},{"cards_removed":["Runesmith:Strike_RS"],"damage_healed":0,"gold_gain":0,"player_choice":"Card Removal","damage_taken":7,"max_hp_gain":0,"max_hp_loss":0,"event_name":"Golden Wing","floor":5,"gold_loss":0},{"damage_healed":0,"gold_gain":0,"player_choice":"Donut","damage_taken":0,"max_hp_gain":5,"max_hp_loss":0,"event_name":"Big Fish","floor":11,"gold_loss":0},{"damage_healed":0,"gold_gain":0,"player_choice":"Fought Mushrooms","damage_taken":0,"max_hp_gain":0,"max_hp_loss":0,"event_name":"Mushrooms","floor":13,"gold_loss":0},{"cards_removed":["Runesmith:ChaoticBlast"],"damage_healed":0,"gold_gain":0,"player_choice":"Gave Gold","damage_taken":0,"max_hp_gain":0,"max_hp_loss":0,"event_name":"Beggar","floor":21,"gold_loss":75},{"cards_removed":["Runesmith:Strike_RS"],"damage_healed":0,"gold_gain":0,"player_choice":"Purged","damage_taken":0,"max_hp_gain":0,"max_hp_loss":0,"event_name":"Purifier","floor":22,"gold_loss":0},{"damage_healed":0,"gold_gain":0,"player_choice":"Obtained Relic","damage_taken":0,"relics_obtained":["Centennial Puzzle"],"max_hp_gain":0,"max_hp_loss":0,"event_name":"Addict","floor":31,"gold_loss":85},{"damage_healed":0,"gold_gain":0,"player_choice":"Memory 1","damage_taken":0,"max_hp_gain":0,"max_hp_loss":0,"event_name":"SensoryStone","floor":45,"gold_loss":0},{"damage_healed":72,"gold_gain":0,"player_choice":"Heal","damage_taken":0,"max_hp_gain":0,"max_hp_loss":10,"event_name":"The Moai Head","floor":47,"gold_loss":0},{"damage_healed":0,"gold_gain":0,"player_choice":"Got Potions","damage_taken":0,"max_hp_gain":0,"max_hp_loss":0,"event_name":"Lab","floor":48,"gold_loss":0}],"is_beta":true,"boss_relics":[{"not_picked":["Runic Pyramid","Coffee Dripper"],"picked":"Busted Crown"},{"not_picked":["Pandora\u0027s Box","Snecko Eye"],"picked":"Cursed Key"}],"items_purged_floors":[14,38],"is_endless":false,"potions_floor_spawned":[1,3,12,16,19,25,29,36,39],"ascension_level":0}}