{"host":"ktoxvvst1mwxww91","time":1609526482,"event":{"mods":["BaseMod","Hermit","Minty Spire (QoL Compilation)","StSLib","The Hierophant","The Mystic","The Necromancer"],"gold_per_floor":[117,42,58,58,58,58,69,69,69,84,115,128,128,128,128,202,202,213,24,44,63,78,78,111,123,123,123,138,138,138,157,157,234,234,253,108,119,72,72,72,72,72,72,87,105,105,105],"floor_reached":46,"playtime":2498,"items_purged":["Strike_G","Underhanded Strike+1"],"score":754,"play_id":"5ef194b8-a8b4-4a74-a64c-395eef63df74","local_time":"20210101194122","is_ascension_mode":true,"campfire_choices":[{"data":"Neutralize","floor":6,"key":"SMITH"},{"data":"Cloak And Dagger","floor":8,"key":"SMITH"},{"data":"Cloak And Dagger","floor":13,"key":"SMITH"},{"floor":15,"key":"REST"},{"data":"Footwork","floor":23,"key":"SMITH"},{"floor":27,"key":"REST"},{"floor":29,"key":"REST"},{"floor":32,"key":"REST"},{"data":"Cloak And Dagger","floor":40,"key":"SMITH"},{"data":"Cloak And Dagger","floor":42,"key":"SMITH"}],"circlet_count":0,"master_deck":["AscendersBane","Defend_G","Defend_G","Defend_G","Defend_G","Survivor","Neutralize+1","Dagger Spray","Cloak And Dagger+1","Endless Agony","Cloak And Dagger+1","Flechettes","Finisher","Envenom","All Out Attack+1","Cloak And Dagger","Footwork","Cloak And Dagger+1","Terror","Footwork+1","Accuracy","Adrenaline","Envenom","Backflip","Cloak And Dagger+1","Writhe","Backflip+1"],"relics":["Ring of the Serpent","Blood Vial","Calipers","StrikeDummy","Lantern","Astrolabe","Bottled Tornado","Singing Bowl","Strawberry","Toxic Egg 2"],"acts_visited":["Exordium","TheCity","TheBeyond"],"potions_floor_usage":[16,24,33,45,45],"damage_taken":[{"damage":1,"enemies":"2 Louse","floor":1,"turns":3},{"damage":0,"enemies":"Jaw Worm","floor":3,"turns":5},{"damage":0,"enemies":"Cultist","floor":7,"turns":4},{"damage":2,"enemies":"3 Louse","floor":10,"turns":3},{"damage":32,"enemies":"Lagavulin","floor":11,"turns":11},{"damage":13,"enemies":"Exordium Wildlife","floor":12,"turns":4},{"damage":38,"enemies":"Hexaghost","floor":16,"turns":13},{"damage":8,"enemies":"3 Byrds","floor":18,"turns":3},{"damage":0,"enemies":"Spheric Guardian","floor":20,"turns":3},{"damage":8,"enemies":"Chosen and Byrds","floor":21,"turns":6},{"damage":11,"enemies":"Cultist and Chosen","floor":22,"turns":7},{"damage":24,"enemies":"Slavers","floor":24,"turns":7},{"damage":12,"enemies":"Centurion and Healer","floor":25,"turns":8},{"damage":19,"enemies":"3 Cultists","floor":28,"turns":6},{"damage":10,"enemies":"Cultist and Chosen","floor":31,"turns":7},{"damage":61,"enemies":"Champ","floor":33,"turns":14},{"damage":0,"enemies":"Orb Walker","floor":35,"turns":4},{"damage":20,"enemies":"3 Shapes","floor":37,"turns":9},{"damage":36,"enemies":"Sphere and 2 Shapes","floor":44,"turns":11},{"damage":18,"enemies":"Jaw Worm Horde","floor":45,"turns":5},{"damage":28,"enemies":"3 Darklings","floor":46,"turns":3}],"seed_played":"-78209144775757894","potions_obtained":[{"floor":11,"key":"FairyPotion"},{"floor":12,"key":"CunningPotion"},{"floor":21,"key":"BlessingOfTheForge"},{"floor":31,"key":"Poison Potion"},{"floor":37,"key":"Explosive Potion"},{"floor":44,"key":"SkillPotion"}],"is_trial":false,"path_per_floor":["M","$","M","?","?","R","M","R","T","M","E","M","R","?","R","B",null,"M","$","M","M","M","R","E","M","T","R","M","R","?","M","R","B",null,"M","$","M","$","?","R","?","R","T","M","M","M"],"character_chosen":"THE_SILENT","items_purchased":["Footwork","Cloak And Dagger","Strawberry","Cloak And Dagger"],"campfire_rested":4,"item_purchase_floors":[19,19,36,38],"current_hp_per_floor":[64,64,66,59,59,59,61,61,61,61,31,20,20,20,41,5,54,48,48,50,44,35,35,13,3,3,24,7,28,28,22,43,11,57,61,68,50,50,50,50,70,70,70,38,22,0,0],"gold":105,"neow_bonus":"RANDOM_COMMON_RELIC","is_daily":false,"chose_seed":false,"campfire_upgraded":6,"win_rate":0.0,"timestamp":1609526482,"path_taken":["M","$","M","?","?","R","M","R","T","?","E","M","R","?","R","BOSS","M","$","M","M","M","R","E","M","T","R","M","R","?","M","R","BOSS","M","$","M","$","?","R","?","R","T","M","M","M"],"items_purchased_type":["Card","Card","Relic","Card"],"build_version":"2020-12-22","purchased_purges":2,"victory":false,"max_hp_per_floor":[70,70,70,70,70,70,70,70,70,70,70,70,70,70,70,70,70,70,70,70,70,70,70,70,70,70,70,70,70,70,72,72,72,72,74,81,81,81,81,81,81,81,81,83,83,83,83],"card_choices":[{"not_picked":["Tactician","Flying Knee"],"picked":"Dagger Spray","floor":1},{"not_picked":["Backflip","Choke"],"picked":"Cloak And Dagger","floor":3},{"not_picked":["Reflex","Well Laid Plans"],"picked":"Cloak And Dagger","floor":7},{"not_picked":["Quick Slash","All Out Attack"],"picked":"Flechettes","floor":10},{"not_picked":["Catalyst","Acrobatics"],"picked":"Finisher","floor":11},{"not_picked":["Riddle With Holes","Reflex","Bane"],"picked":"SKIP","floor":12},{"not_picked":["Venomology","Die Die Die"],"picked":"Envenom","floor":16},{"not_picked":["Dodge and Roll","Eviscerate"],"picked":"Cloak And Dagger","floor":18},{"not_picked":["Prepared","Sucker Punch+1"],"picked":"Terror","floor":20},{"not_picked":["Outmaneuver","Quick Slash"],"picked":"Footwork","floor":21},{"not_picked":["Masterful Stab+1","Backstab","Catalyst"],"picked":"SKIP","floor":22},{"not_picked":["Quick Slash","Dagger Spray","Dash"],"picked":"SKIP","floor":24},{"not_picked":["Deadly Poison","Flechettes"],"picked":"Accuracy","floor":25},{"not_picked":["Cloak And Dagger","Well Laid Plans"],"picked":"Adrenaline","floor":28},{"not_picked":["Acrobatics","Setup","Quick Slash"],"picked":"Singing Bowl","floor":31},{"not_picked":["Phantasmal Killer","Tools of the Trade"],"picked":"Envenom","floor":33},{"not_picked":["Eviscerate","Heel Hook","Endless Agony+1"],"picked":"Singing Bowl","floor":35},{"not_picked":["Quick Slash+1","Flying Knee+1"],"picked":"Backflip","floor":37},{"not_picked":["Outmaneuver+1","Finisher","Underhanded Strike"],"picked":"Singing Bowl","floor":44},{"not_picked":["Outmaneuver+1","Quick Slash"],"picked":"Backflip+1","floor":45}],"player_experience":955279,"relics_obtained":[{"floor":9,"key":"Calipers"},{"floor":11,"key":"StrikeDummy"},{"floor":24,"key":"Bottled Tornado"},{"floor":26,"key":"Singing Bowl"},{"floor":43,"key":"Toxic Egg 2"}],"event_choices":[{"cards_removed":["Strike_G"],"damage_healed":0,"gold_gain":0,"player_choice":"Card Removal","damage_taken":7,"max_hp_gain":0,"max_hp_loss":0,"event_name":"Golden Wing","floor":4,"gold_loss":0},{"damage_healed":0,"gold_gain":0,"cards_transformed":["Strike_G"],"player_choice":"Transformed","damage_taken":0,"max_hp_gain":0,"max_hp_loss":0,"event_name":"Transmorgrifier","floor":5,"gold_loss":0,"cards_obtained":["Endless Agony"]},{"damage_healed":0,"gold_gain":0,"player_choice":"Searched \u00271\u0027 times","damage_taken":0,"relics_obtained":["Lantern"],"max_hp_gain":0,"max_hp_loss":0,"event_name":"Dead Adventurer","floor":14,"gold_loss":0},{"damage_healed":0,"gold_gain":0,"player_choice":"Ignored","damage_taken":0,"max_hp_gain":0,"max_hp_loss":0,"event_name":"Vampires","floor":30,"gold_loss":0},{"cards_removed":["Unload"],"damage_healed":0,"gold_gain":0,"player_choice":"Removed Attack","damage_taken":0,"max_hp_gain":0,"max_hp_loss":0,"event_name":"Falling","floor":39,"gold_loss":0},{"damage_healed":20,"gold_gain":0,"player_choice":"Writhe","damage_taken":0,"max_hp_gain":0,"max_hp_loss":0,"event_name":"Winding Halls","floor":41,"gold_loss":0,"cards_obtained":["Writhe"]}],"is_beta":false,"boss_relics":[{"not_picked":["Ectoplasm","Black Star"],"picked":"Astrolabe"},{"not_picked":["Coffee Dripper","Cursed Key"],"picked":"Ring of the Serpent"}],"items_purged_floors":[2,19],"is_endless":false,"potions_floor_spawned":[11,12,21,22,31,37,44],"killed_by":"3 Darklings","ascension_level":13}}