{"host":"naxuom6ec8j3xbph","time":1609469432,"event":{"mods":["BaseMod","Colored Map","Colored Powertips","Highlight Path","Minty Spire (QoL Compilation)","Quick Restart","StSLib"],"gold_per_floor":[113,124,140,140,11,11,21,21,48,60,72,44,99,130,142,154,154],"floor_reached":16,"playtime":844,"items_purged":["Strike_P"],"score":100,"play_id":"b325bb39-37d5-4084-bcfa-4dfec3678c54","local_time":"20210101105032","is_ascension_mode":false,"campfire_choices":[{"data":"BowlingBash","floor":6,"key":"SMITH"},{"data":"CutThroughFate","floor":8,"key":"SMITH"},{"data":"PathToVictory","floor":11,"key":"SMITH"},{"data":"PathToVictory","floor":15,"key":"SMITH"}],"circlet_count":0,"master_deck":["Strike_P","Strike_P","Strike_P","Defend_P+1","Defend_P","Defend_P","Defend_P+1","Eruption+1","Vigilance","Sanctity","ThirdEye","PathToVictory+1","BowlingBash+1","CutThroughFate+1","Nirvana","PathToVictory+1"],"relics":["PureWater","MawBank","Golden Idol","Bronze Scales"],"acts_visited":["Exordium"],"potions_floor_usage":[13],"damage_taken":[{"damage":2,"enemies":"Cultist","floor":1,"turns":4},{"damage":0,"enemies":"Small Slimes","floor":2,"turns":5},{"damage":6,"enemies":"2 Louse","floor":3,"turns":3},{"damage":10,"enemies":"Gremlin Gang","floor":7,"turns":6},{"damage":19,"enemies":"3 Sentries","floor":13,"turns":9},{"damage":0,"enemies":"Exordium Thugs","floor":14,"turns":5},{"damage":0,"enemies":"Hexaghost","floor":16,"turns":7}],"seed_played":"-2550078884882138808","potions_obtained":[{"floor":1,"key":"StancePotion"},{"floor":2,"key":"Strength Potion"},{"floor":12,"key":"Regen Potion"},{"floor":12,"key":"Ancient Potion"},{"floor":12,"key":"SmokeBomb"},{"floor":13,"key":"EssenceOfSteel"}],"is_trial":false,"path_per_floor":["M","M","M","?","$","R","M","R","T","?","R","?","E","M","R","B"],"character_chosen":"WATCHER","items_purchased":["BowlingBash"],"campfire_rested":0,"item_purchase_floors":[5],"current_hp_per_floor":[70,70,64,50,50,50,40,40,40,22,22,22,18,18,18,18,18],"gold":154,"neow_bonus":"UPGRADE_CARD","is_daily":false,"chose_seed":false,"campfire_upgraded":4,"win_rate":0.0,"timestamp":1609469432,"path_taken":["M","M","M","?","$","R","M","R","T","?","R","?","E","?","R","BOSS"],"items_purchased_type":["Card"],"build_version":"2020-12-22","purchased_purges":1,"victory":false,"max_hp_per_floor":[72,72,72,72,72,72,72,72,72,72,72,72,72,72,72,72,72],"card_choices":[{"not_picked":["ForeignInfluence","Perseverance"],"picked":"Sanctity","floor":1},{"not_picked":["DeceiveReality","SashWhip"],"picked":"ThirdEye","floor":2},{"not_picked":["Meditate","Protect"],"picked":"PathToVictory","floor":3},{"not_picked":["EmptyFist","EmptyBody"],"picked":"CutThroughFate","floor":7},{"not_picked":["Evaluate","JustLucky"],"picked":"Nirvana","floor":13},{"not_picked":["MentalFortress","BowlingBash"],"picked":"PathToVictory","floor":14}],"player_experience":283039,"relics_obtained":[{"floor":9,"key":"MawBank"},{"floor":13,"key":"Bronze Scales"}],"event_choices":[{"damage_healed":0,"gold_gain":0,"player_choice":"Entered Light","damage_taken":14,"max_hp_gain":0,"max_hp_loss":0,"event_name":"Shining Light","floor":4,"gold_loss":0,"cards_upgraded":["Defend_P","Defend_P"]},{"damage_healed":0,"gold_gain":0,"player_choice":"Take Damage","damage_taken":18,"relics_obtained":["Golden Idol"],"max_hp_gain":0,"max_hp_loss":0,"event_name":"Golden Idol","floor":10,"gold_loss":0},{"damage_healed":0,"gold_gain":0,"player_choice":"Bought 3 Potions","damage_taken":0,"max_hp_gain":0,"max_hp_loss":0,"event_name":"The Woman in Blue","floor":12,"gold_loss":0}],"is_beta":false,"boss_relics":[],"items_purged_floors":[5],"is_endless":false,"potions_floor_spawned":[1,2,13],"killed_by":"Hexaghost","ascension_level":0}}