{"host":"q79spna8ofw6hj3r","time":1609482227,"event":{"mods":["Aspiration","Bard","BaseMod","Beaked The Cultist","Bestiary","Better Altar","Better Match","Better Note","Better Sensory Stone","Better Skull","Better Third Choice","Better Vampires","BetterRewards","Block Reminder","Challenge The Spire","Colored Map","Colored Powertips","Conspire","Custom Start","Energized Spire","Friendly Minions","Hubris","Infinite Spire","Jedi Mod","Mimic Mod","Minty Spire (QoL Compilation)","Permanent Neow","Quick Restart","Relic Filter","Relic Sorter","Replay The Spire","Shop Mod","StSLib","SuperFastMode","Synergy Search","The Cursed","The Hierophant","The Runesmith","slay the spire mod where everything is the same but ironclad has a cowboy hat","vexMod"],"gold_per_floor":[66,82,61,61,75,75,102,102,102,113,63,63,77,93,93,197,197,216,216,141,141,158,187,187,222,256,256,285,285,285,285],"floor_reached":30,"playtime":1427,"items_purged":["beaked:Strike_Y","beaked:Strike_Y"],"score":420,"play_id":"81c1cd51-365e-4b1d-b8ac-841a475cabaf","local_time":"20210101082347","is_ascension_mode":true,"campfire_choices":[{"data":"beaked:Ceremony","floor":6,"key":"SMITH"},{"data":"beaked:Ceremony","floor":8,"key":"SMITH"},{"data":"beaked:Ceremony","floor":12,"key":"SMITH"},{"data":"beaked:RitualOfBody","floor":15,"key":"SMITH"},{"data":"beaked:SacrificialScars","floor":24,"key":"SMITH"},{"data":"beaked:Insight","floor":27,"key":"SMITH"}],"circlet_count":0,"master_deck":["beaked:Strike_Y","beaked:Strike_Y","beaked:Strike_Y","beaked:Defend_Y","beaked:Defend_Y","beaked:Defend_Y","beaked:Defend_Y","beaked:Ceremony+1","beaked:Ceremony+1","beaked:Ceremony+1","beaked:SacrificialScars+1","beaked:DigDeep","beaked:RitualOfBody+1","beaked:RitualOfBody+1","beaked:Insight+1"],"relics":["beaked:MendingPlumage","conspire:SlowCooker","energizedSpire:HugeHouse","betterThird:SlimedRelic","infinitespire:PuzzleCube","Coffee Dripper","hubris:Towel","conspire:BottledYoYo","infinitespire:Bottled Soul","infinitespire:FocusingShard","Singing Bowl","PreservedInsect","Cauldron","energizedSpire:OgreHead"],"acts_visited":["Exordium","TheCity"],"potions_floor_usage":[5,7,16,18,28,28],"damage_taken":[{"damage":28.0,"enemies":"Small Slimes","floor":1.0,"turns":11.0},{"damage":15.0,"enemies":"Cultist","floor":2.0,"turns":5.0},{"damage":12,"enemies":"2 Louse","floor":5,"turns":2},{"damage":21,"enemies":"Lagavulin","floor":7,"turns":7},{"damage":18,"enemies":"Looter","floor":10,"turns":5},{"damage":23,"enemies":"Blue Slaver","floor":13,"turns":6},{"damage":30,"enemies":"Red Slaver","floor":14,"turns":26},{"damage":32,"enemies":"Slime Boss","floor":16,"turns":15},{"damage":40,"enemies":"2 Thieves","floor":18,"turns":5},{"damage":57,"enemies":"Shell Parasite","floor":22,"turns":17},{"damage":32,"enemies":"Nightmare","floor":23,"turns":15},{"damage":0,"enemies":"Slavers","floor":25,"turns":1},{"damage":15,"enemies":"Cultist and Chosen","floor":26,"turns":11},{"damage":61,"enemies":"Book of Stabbing","floor":28,"turns":11},{"damage":93,"enemies":"Gremlin Leader","floor":30,"turns":7}],"seed_played":"-6064685989337633000","potions_obtained":[{"floor":2.0,"key":"Explosive Potion"},{"floor":5,"key":"Block Potion"},{"floor":10,"key":"DistilledChaos"},{"floor":14,"key":"ColorlessPotion"},{"floor":18,"key":"Adrenaline Potion"},{"floor":23,"key":"Regen Potion"},{"floor":28,"key":"FearPotion"},{"floor":29,"key":"Swift Potion"},{"floor":29,"key":"LiquidBronze"}],"is_trial":false,"path_per_floor":["M","M","?","?","M","R","E","R","T","M","?","R","M","M","R","B",null,"M","?","$","?","M","NM","R","E","MIM","R","E","AVR","E"],"character_chosen":"BEAKED_THE_CULTIST","items_purchased":[],"campfire_rested":0,"item_purchase_floors":[],"current_hp_per_floor":[43,38,27,27,19,19,28,28,28,25,25,25,26,65,65,67,67,55,55,55,55,59,71,71,71,76,76,55,55,0,0],"gold":285,"neow_bonus":"DOUBLE_BOSS_RELIC","is_daily":false,"chose_seed":false,"campfire_upgraded":6,"win_rate":0.0,"timestamp":1609482227,"path_taken":["M","M","?","?","M","R","E","R","T","?","?","R","M","M","R","BOSS","M","?","$","?","?","NM","R","E","MIM","R","E","AVR","E"],"items_purchased_type":[],"build_version":"2020-12-22","purchased_purges":2,"victory":false,"max_hp_per_floor":[47,49,49,49,51,51,59,59,59,61,61,61,63,65,65,67,67,67,67,67,67,69,71,71,71,76,76,81,81,84,84],"card_choices":[{"not_picked":["beaked:DigDeep","beaked:DigDeeper","beaked:FeelMyPain"],"picked":"SKIP","floor":1.0},{"not_picked":["beaked:Insight","beaked:Foresight","beaked:MimicHuntress"],"picked":"SKIP","floor":2.0},{"not_picked":["beaked:Brace","beaked:Evade"],"picked":"beaked:DigDeep","floor":5},{"not_picked":["beaked:CrazyRituals","beaked:StunningBlow","beaked:SurvivalInstinct"],"picked":"SKIP","floor":7},{"not_picked":["beaked:Insight","beaked:Pecker","beaked:KnowThyFoe"],"picked":"SKIP","floor":10},{"not_picked":["beaked:Redirect","beaked:MimicWarrior"],"picked":"beaked:RitualOfBody","floor":13},{"not_picked":["beaked:FeelMyPain","beaked:Daydream"],"picked":"beaked:RitualOfBody","floor":14},{"not_picked":["beaked:DigDeep","beaked:CursingBlood"],"picked":"beaked:Insight","floor":18},{"not_picked":["beaked:Redirect","beaked:TuckingFeathers","beaked:RuinSticks"],"picked":"SKIP","floor":22},{"not_picked":["beaked:FeelMyPain","beaked:Tweet","beaked:MimicHuntress"],"picked":"SKIP","floor":23},{"not_picked":["beaked:TuckingFeathers","beaked:Daydream","beaked:Redirect+1"],"picked":"SKIP","floor":25},{"not_picked":["beaked:Poke","beaked:MimicHuntress","beaked:Molting"],"picked":"Singing Bowl","floor":26},{"not_picked":["beaked:Overexert","beaked:Tweet","beaked:Redirect"],"picked":"Singing Bowl","floor":28}],"player_experience":253153,"relics_obtained":[{"floor":7,"key":"vexMod:BerryBomb"},{"floor":9,"key":"infinitespire:PuzzleCube"},{"floor":23,"key":"conspire:BottledYoYo"},{"floor":25,"key":"infinitespire:Bottled Soul"},{"floor":26,"key":"infinitespire:FocusingShard"},{"floor":26,"key":"Singing Bowl"},{"floor":28,"key":"PreservedInsect"}],"event_choices":[{"damage_healed":0.0,"max_hp_gain":0.0,"max_hp_loss":0.0,"gold_gain":0.0,"event_name":"betterThird:BetterGoop","player_choice":"Slimed","floor":3.0,"gold_loss":21.0,"damage_taken":11.0},{"damage_healed":0.0,"max_hp_gain":0.0,"max_hp_loss":0.0,"gold_gain":0.0,"event_name":"The Woman in Blue","player_choice":"Bought 0 Potions","floor":4.0,"gold_loss":0.0,"damage_taken":0.0},{"cards_removed":["beaked:Strike_Y"],"damage_healed":0,"gold_gain":0,"player_choice":"Card Removal","damage_taken":0,"max_hp_gain":0,"max_hp_loss":0,"event_name":"The Cleric","floor":11,"gold_loss":50},{"damage_healed":0,"gold_gain":0,"player_choice":"Upgraded","damage_taken":0,"max_hp_gain":0,"max_hp_loss":0,"event_name":"Upgrade Shrine","floor":21,"gold_loss":0,"cards_upgraded":["beaked:RitualOfBody"]}],"is_beta":false,"boss_relics":[{"not_picked":["conspire:SeveredTorchhead","Black Star"],"picked":"Coffee Dripper"}],"items_purged_floors":[20,29],"is_endless":false,"potions_floor_spawned":[2,5,10,14,18,23,28],"killed_by":"Gremlin Leader","ascension_level":2}}