{"host":"5dk97cf2ubw2v967","time":1609495625,"event":{"mods":["AlwaysNeverKeys","BaseMod","Better Altar","Better Vampires","Block Reminder","Colored Powertips","Downfall","Googly Eyes","Highlight Path","Minty Spire (QoL Compilation)","Permanent Neow","Potion Indicator Mod","Quick Restart","Relic Filter","Relic Stats","Say the Spire","Spicy Shops","StSLib","Waifu the Spire","everything is the same but u backflip on backflip"],"gold_per_floor":[113,24,38,48,61,61,93,93,118,118,128,160,7,26,26,100,100,110,110,10,21,35,35,51,86,140,140,169,169,184,184,184,263,263,276,290,303,11,0,0,14,14,14,14,33,33,66,116,116,116,116],"floor_reached":50,"playtime":2601,"items_purged":["Strike_R","Strike_R","Pain"],"score":1044,"play_id":"5ede5e2c-5ee7-4994-b7a5-a0798585b46f","local_time":"20210101100705","is_ascension_mode":true,"campfire_choices":[{"data":"Combust","floor":6.0,"key":"SMITH"},{"data":"Inflame","floor":10.0,"key":"SMITH"},{"data":"Shockwave","floor":15.0,"key":"SMITH"},{"floor":23.0,"key":"REST"},{"floor":27.0,"key":"REST"},{"floor":29.0,"key":"REST"},{"data":"Demon Form","floor":32.0,"key":"SMITH"},{"floor":40,"key":"REST"},{"floor":42,"key":"REST"},{"data":"Limit Break","floor":44,"key":"SMITH"},{"floor":49,"key":"RECALL"}],"circlet_count":0,"master_deck":["AscendersBane","Strike_R","Strike_R","Strike_R","Defend_R","Defend_R+1","Defend_R+1","Defend_R","Bash","Blood for Blood","Combust+1","Burning Pact","Bloodletting","Inflame+1","Whirlwind","Shrug It Off","expansioncontent:DefensiveStance","Shockwave+1","Demon Form+1","Dropkick","Seeing Red","Offering","Inflame","Limit Break+1","Sword Boomerang","Sword Boomerang+1","Battle Trance","Doubt","Exhume"],"relics":["Burning Blood","TungstenRod","War Paint","Strawberry","MawBank","Runic Cube","WarpedTongs","Happy Flower","Boot","Paper Frog","SlaversCollar","Regal Pillow","Red Mask","StrikeDummy","Incense Burner"],"acts_visited":["Exordium","TheCity","TheBeyond"],"potions_floor_usage":[37,48,48,50],"damage_taken":[{"damage":7.0,"enemies":"2 Louse","floor":1.0,"turns":4.0},{"damage":7.0,"enemies":"Jaw Worm","floor":3.0,"turns":4.0},{"damage":0.0,"enemies":"Cultist","floor":4.0,"turns":4.0},{"damage":25.0,"enemies":"Red Slaver","floor":5.0,"turns":4.0},{"damage":18.0,"enemies":"3 Sentries","floor":7.0,"turns":5.0},{"damage":10.0,"enemies":"2 Fungi Beasts","floor":11.0,"turns":4.0},{"damage":18.0,"enemies":"Gremlin Nob","floor":12.0,"turns":4.0},{"damage":1.0,"enemies":"Large Slime","floor":14.0,"turns":6.0},{"damage":14.0,"enemies":"Hexaghost","floor":16.0,"turns":9.0},{"damage":21.0,"enemies":"Shell Parasite","floor":18.0,"turns":7.0},{"damage":21.0,"enemies":"Spheric Guardian","floor":21.0,"turns":4.0},{"damage":5.0,"enemies":"3 Cultists","floor":22.0,"turns":3.0},{"damage":7.0,"enemies":"Centurion and Healer","floor":24.0,"turns":4.0},{"damage":44.0,"enemies":"Slavers","floor":25.0,"turns":5.0},{"damage":21.0,"enemies":"Gremlin Leader","floor":28.0,"turns":6.0},{"damage":11.0,"enemies":"Cultist and Chosen","floor":30.0,"turns":4.0},{"damage":44.0,"enemies":"Collector","floor":33.0,"turns":7.0},{"damage":14.0,"enemies":"Orb Walker","floor":35.0,"turns":3.0},{"damage":8.0,"enemies":"3 Shapes","floor":36.0,"turns":11.0},{"damage":47,"enemies":"Sphere and 2 Shapes","floor":37,"turns":4},{"damage":41,"enemies":"Transient","floor":41,"turns":6},{"damage":29,"enemies":"Spire Growth","floor":45,"turns":4},{"damage":16,"enemies":"Nemesis","floor":47,"turns":5},{"damage":5,"enemies":"2 Orb Walkers","floor":48,"turns":3},{"damage":95,"enemies":"Awakened One","floor":50,"turns":5}],"seed_played":"-5145655817908404312","potions_obtained":[{"floor":3.0,"key":"AttackPotion"},{"floor":7.0,"key":"Ancient Potion"},{"floor":11.0,"key":"Weak Potion"},{"floor":12.0,"key":"SkillPotion"},{"floor":18.0,"key":"Fire Potion"},{"floor":25.0,"key":"ColorlessPotion"},{"floor":28.0,"key":"Swift Potion"},{"floor":35.0,"key":"Guardian:BlockOnCardUsePotion"},{"floor":41,"key":"Guardian:BlockOnCardUsePotion"},{"floor":47,"key":"LiquidMemories"},{"floor":48,"key":"Explosive Potion"}],"is_trial":false,"path_per_floor":["M","$","M","M","M","R","E","?","T","R","M","E","$","M","R","B",null,"M","?","$","M","M","R","M","E","T","R","E","R","M","?","R","B",null,"M","M","M","$","?","R","M","R","T","R","M","?","E","?","R","B"],"character_chosen":"IRONCLAD","items_purchased":["Combust","expansioncontent:DefensiveStance","Regal Pillow"],"campfire_rested":5,"item_purchase_floors":[2,13,38],"current_hp_per_floor":[67,67,66,68,49,49,37,59,66,66,62,50,50,55,55,47,68,53,53,53,38,39,61,60,22,22,44,29,51,46,61,61,23,62,54,52,11,11,11,48,13,50,50,50,27,75,65,66,66,0,0],"gold":116,"neow_bonus":"ONE_RARE_RELIC","is_daily":false,"chose_seed":false,"campfire_upgraded":5,"win_rate":0.0,"timestamp":1609495625,"path_taken":["M","$","M","M","M","R","E","?","T","R","M","E","$","M","R","BOSS","M","?","?","M","?","R","M","E","T","R","E","R","M","?","R","BOSS","M","M","M","$","?","R","M","R","T","R","M","?","E","?","R","BOSS"],"items_purchased_type":["Card","Card","Relic"],"build_version":"2020-12-22","purchased_purges":3,"victory":false,"max_hp_per_floor":[68,68,68,68,68,68,68,68,75,75,75,75,75,75,75,75,75,75,75,75,75,75,75,75,75,75,75,75,75,75,75,75,75,75,75,75,75,75,75,75,75,75,75,75,75,75,75,75,75,75,75],"relic_stats":{"Regal Pillow":30,"Happy Flower":[19],"counters":[25,125],"War Paint":["Defend_R","Defend_R"],"MawBank":12,"Boot":[36],"obtain_stats":[{"Regal Pillow":38,"Happy Flower":25,"Incense Burner":48,"War Paint":7,"MawBank":12,"Boot":26,"Burning Blood":0,"WarpedTongs":19,"SlaversCollar":34,"Strawberry":9,"Red Mask":39,"StrikeDummy":47,"TungstenRod":0,"Runic Cube":17,"Paper Frog":28},{"Regal Pillow":20,"Happy Flower":14,"Incense Burner":24,"War Paint":5,"MawBank":7,"Boot":14,"Burning Blood":0,"WarpedTongs":10,"SlaversCollar":17,"Strawberry":5,"Red Mask":20,"StrikeDummy":23,"TungstenRod":0,"Runic Cube":9,"Paper Frog":15},{"Regal Pillow":102,"Happy Flower":67,"Incense Burner":120,"War Paint":21,"MawBank":29,"Boot":67,"Burning Blood":0,"WarpedTongs":51,"SlaversCollar":84,"Strawberry":21,"Red Mask":102,"StrikeDummy":117,"TungstenRod":0,"Runic Cube":44,"Paper Frog":73}],"Burning Blood":140,"TungstenRod":196,"Runic Cube":[68],"WarpedTongs":[74]},"card_choices":[{"not_picked":["Sword Boomerang","Metallicize"],"picked":"Blood for Blood","floor":1.0},{"not_picked":["Havoc","Wild Strike"],"picked":"Burning Pact","floor":3.0},{"not_picked":["Anger","Metallicize"],"picked":"Bloodletting","floor":4.0},{"not_picked":["Warcry","Thunderclap","Clash"],"picked":"SKIP","floor":5.0},{"not_picked":["Barricade","Corruption"],"picked":"Inflame","floor":7.0},{"not_picked":["Thunderclap","Wild Strike"],"picked":"Whirlwind","floor":11.0},{"not_picked":["True Grit","Exhume"],"picked":"Shrug It Off","floor":12.0},{"not_picked":["Infernal Blade","Ghostly Armor"],"picked":"Shockwave","floor":14.0},{"not_picked":["Corruption","Immolate"],"picked":"Demon Form","floor":16.0},{"not_picked":["Dual Wield","Intimidate"],"picked":"Dropkick","floor":18.0},{"not_picked":["Anger+1","Pommel Strike"],"picked":"Seeing Red","floor":21.0},{"not_picked":["Wild Strike+1","Second Wind","Sword Boomerang"],"picked":"SKIP","floor":22.0},{"not_picked":["Perfected Strike","Warcry","Body Slam"],"picked":"SKIP","floor":24.0},{"not_picked":["Wild Strike+1","Flex"],"picked":"Offering","floor":25.0},{"not_picked":["Rampage","Twin Strike+1","Flex"],"picked":"SKIP","floor":28.0},{"not_picked":["Carnage","Dark Embrace"],"picked":"Inflame","floor":30.0},{"not_picked":["Bludgeon","Berserk"],"picked":"Limit Break","floor":33.0},{"not_picked":["Infernal Blade","Searing Blow","True Grit"],"picked":"SKIP","floor":35.0},{"not_picked":["Headbutt","Iron Wave"],"picked":"Sword Boomerang","floor":36.0},{"not_picked":["Headbutt","Clash"],"picked":"Sword Boomerang+1","floor":37},{"not_picked":["Flame Barrier","Iron Wave+1","Barricade"],"picked":"SKIP","floor":41},{"not_picked":["Clash","Shrug It Off"],"picked":"Battle Trance","floor":45},{"not_picked":["Spot Weakness","Armaments+1"],"picked":"Exhume","floor":47}],"player_experience":1271176,"relics_obtained":[{"floor":7.0,"key":"War Paint"},{"floor":9.0,"key":"Strawberry"},{"floor":12.0,"key":"MawBank"},{"floor":25.0,"key":"Happy Flower"},{"floor":26.0,"key":"Boot"},{"floor":28.0,"key":"Paper Frog"},{"floor":47,"key":"StrikeDummy"},{"floor":48,"key":"Incense Burner"}],"event_choices":[{"damage_healed":22.0,"max_hp_gain":0.0,"max_hp_loss":0.0,"gold_gain":0.0,"event_name":"Big Fish","player_choice":"Banana","floor":8.0,"gold_loss":0.0,"damage_taken":0.0},{"damage_healed":0.0,"max_hp_gain":0.0,"max_hp_loss":0.0,"gold_gain":0.0,"event_name":"Accursed Blacksmith","player_choice":"Rummage","floor":19.0,"gold_loss":0.0,"damage_taken":0.0,"relics_obtained":["WarpedTongs"],"cards_obtained":["Pain"]},{"damage_healed":15.0,"max_hp_gain":0.0,"max_hp_loss":0.0,"gold_gain":0.0,"event_name":"The Library","player_choice":"Heal","floor":31.0,"gold_loss":0.0,"damage_taken":0.0},{"damage_healed":0,"gold_gain":0,"player_choice":"Paid","damage_taken":0,"relics_obtained":["Red Mask"],"max_hp_gain":0,"max_hp_loss":0,"event_name":"Tomb of Lord Red Mask","floor":39,"gold_loss":11},{"damage_healed":48,"gold_gain":0,"player_choice":"Heal","damage_taken":0,"max_hp_gain":0,"max_hp_loss":0,"event_name":"MindBloom","floor":46,"gold_loss":0,"cards_obtained":["Doubt"]},{"damage_healed":0,"gold_gain":0,"player_choice":"Fight","damage_taken":0,"max_hp_gain":0,"max_hp_loss":0,"event_name":"Mysterious Sphere","floor":48,"gold_loss":0}],"is_beta":false,"boss_relics":[{"not_picked":["Busted Crown","Runic Pyramid"],"picked":"Runic Cube"},{"not_picked":["Astrolabe","Empty Cage"],"picked":"SlaversCollar"}],"items_purged_floors":[13,20,38],"is_endless":false,"potions_floor_spawned":[3,7,11,12,18,25,28,35,41,47,48],"killed_by":"Awakened One","ascension_level":20}}