{"host":"w2hto19w79vb5o6z","time":1609465026,"event":{"mods":["BaseMod","Better Match","Better Vampires","GifTheSpireLib","Hermit","Highlight Path","JesterMod","Marisa????????","Minty Spire (QoL Compilation)","Railgun Mod","Relic Filter","Robot Space Explorer","StSLib","The Blackbeard","The Bladedancer","The Bug Knight","The Marked","The Poker Player","The Servant 0.9.4","The Wild Card","TheArtist"],"gold_per_floor":[118,135,210,160,36,36,53,84,84,84,84,84,84,84,84,183,183,199,217,117,143,143,169,169,44,116,128,228,26,102,128,128,231,231,245,245,265,265,283,283,309,309,332,343,363,373,423,439,439,439,439,439,2,36,36],"floor_reached":56,"playtime":2649,"items_purged":["jesterMod:Defend","jesterMod:DesperateStrike","jesterMod:HedgehogForm","jesterMod:SelfMockery","jesterMod:ButterKnife+1"],"score":1436,"play_id":"b1002039-b518-413f-ac28-f0004bce3873","local_time":"20201231203706","is_ascension_mode":false,"campfire_choices":[{"data":"jesterMod:Sickle","floor":6,"key":"SMITH"},{"data":"jesterMod:DancingMad","floor":11,"key":"SMITH"},{"floor":13,"key":"REST"},{"floor":15,"key":"REST"},{"data":"jesterMod:Precipitation","floor":24,"key":"SMITH"},{"data":"jesterMod:Mending","floor":32,"key":"SMITH"},{"floor":40,"key":"RECALL"},{"data":"jesterMod:Overthink","floor":42,"key":"SMITH"},{"data":"jesterMod:Dodge","floor":49,"key":"SMITH"},{"data":"jesterMod:ButterKnife","floor":52,"key":"SMITH"}],"circlet_count":0,"master_deck":["jesterMod:Sickle+1","jesterMod:Dodge+1","jesterMod:DancingMad+1","jesterMod:BouncingKnife+1","jesterMod:Precipitation+1","jesterMod:Overthink+1","jesterMod:Mending+1","jesterMod:BouncingKnife+1","jesterMod:Inspiration+1"],"relics":["jesterMod:JesterCap","Tiny Chest","Pear","Bag of Preparation","Pandora\u0027s Box","Bronze Scales","Bottled Tornado","TungstenRod","Molten Egg 2","Orichalcum","Philosopher\u0027s Stone","FossilizedHelix","HollowMod:PaleOreRelic","Torii","jesterMod:LargeSleeves","War Paint"],"acts_visited":["Exordium","TheCity","TheBeyond","TheEnding"],"potions_floor_usage":[8],"damage_taken":[{"damage":1,"enemies":"Jaw Worm","floor":1,"turns":4},{"damage":3,"enemies":"Small Slimes","floor":2,"turns":4},{"damage":2,"enemies":"2 Louse","floor":7,"turns":2},{"damage":19,"enemies":"3 Sentries","floor":8,"turns":7},{"damage":35,"enemies":"Slime Boss","floor":16,"turns":7},{"damage":9,"enemies":"3 Byrds","floor":18,"turns":3},{"damage":4,"enemies":"Chosen","floor":19,"turns":2},{"damage":0,"enemies":"Slavers","floor":23,"turns":1},{"damage":0,"enemies":"3 Cultists","floor":27,"turns":1},{"damage":0,"enemies":"Colosseum Slavers","floor":28,"turns":1},{"damage":0,"enemies":"Colosseum Nobs","floor":28,"turns":1},{"damage":0,"enemies":"Book of Stabbing","floor":31,"turns":1},{"damage":0,"enemies":"Champ","floor":33,"turns":1},{"damage":0,"enemies":"3 Darklings","floor":35,"turns":1},{"damage":0,"enemies":"3 Shapes","floor":37,"turns":1},{"damage":0,"enemies":"Transient","floor":39,"turns":2},{"damage":0,"enemies":"Giant Head","floor":41,"turns":1},{"damage":0,"enemies":"Writhing Mass","floor":44,"turns":1},{"damage":0,"enemies":"Spire Growth","floor":45,"turns":1},{"damage":0,"enemies":"Transient","floor":46,"turns":5},{"damage":0,"enemies":"Mind Bloom Boss Battle","floor":47,"turns":1},{"damage":0,"enemies":"3 Darklings","floor":48,"turns":1},{"damage":0,"enemies":"Donu and Deca","floor":50,"turns":1},{"damage":0,"enemies":"Shield and Spear","floor":54,"turns":1},{"damage":56,"enemies":"The Heart","floor":55,"turns":4}],"seed_played":"1999078846490332702","potions_obtained":[{"floor":1,"key":"Fire Potion"},{"floor":16,"key":"FairyPotion"},{"floor":23,"key":"Dexterity Potion"},{"floor":31,"key":"Regen Potion"}],"is_trial":false,"path_per_floor":["M","M","?","?","$","R","M","E","T","?","R","?","R","?","R","B",null,"M","M","$","T","?","E","R","$","T","M","?","$","T","E","R","B",null,"M","?","M","?","M","R","E","R","T","M","M","M","?","M","R","B",null,"R","$","E","B",null],"character_chosen":"THE_JESTER","items_purchased":["jesterMod:BouncingKnife","jesterMod:BouncingKnife+1","jesterMod:LargeSleeves"],"campfire_rested":2,"item_purchase_floors":[5,29,53],"current_hp_per_floor":[62,59,48,48,48,48,46,27,37,22,22,10,31,36,59,24,78,69,65,65,65,65,65,65,65,65,65,65,65,65,65,65,65,78,78,74,74,74,74,74,74,74,74,74,74,74,74,74,74,74,74,74,74,74,18],"gold":36,"neow_bonus":"REMOVE_TWO","is_daily":false,"chose_seed":false,"campfire_upgraded":7,"win_rate":0.0,"timestamp":1609465026,"path_taken":["M","M","?","?","$","R","M","E","T","?","R","?","R","?","R","BOSS","M","M","$","?","?","E","R","$","T","M","?","?","?","E","R","BOSS","M","?","M","?","M","R","E","R","T","M","M","M","?","M","R","BOSS","R","$","E","BOSS"],"items_purchased_type":["Card","Card","Relic"],"build_version":"2020-12-22","purchased_purges":5,"victory":true,"max_hp_per_floor":[63,63,63,63,63,63,63,63,73,73,73,73,73,78,78,78,78,78,78,78,78,78,78,78,78,78,78,78,78,78,78,78,78,78,78,74,74,74,74,74,74,74,74,74,74,74,74,74,74,74,74,74,74,74,74],"card_choices":[{"not_picked":["jesterMod:TrickyDodge","jesterMod:Rebuff","jesterMod:Anticipation"],"picked":"SKIP","floor":1},{"not_picked":["jesterMod:Schizophrenia","jesterMod:SmokeScreen"],"picked":"jesterMod:DancingMad","floor":2},{"not_picked":["jesterMod:Rebuff","jesterMod:Patience"],"picked":"jesterMod:ButterKnife","floor":7},{"not_picked":["jesterMod:ButterKnife","jesterMod:FlameDance","jesterMod:Twirl"],"picked":"SKIP","floor":8},{"not_picked":["jesterMod:Tinker+1","jesterMod:SmokeScreen+1","jesterMod:Procrastination"],"picked":"SKIP","floor":18},{"not_picked":["jesterMod:OblivionStrike","jesterMod:Pause","jesterMod:RecklessStrike+1"],"picked":"SKIP","floor":19},{"not_picked":["jesterMod:DancingMad","jesterMod:OblivionStrike"],"picked":"jesterMod:Overthink","floor":23},{"not_picked":["jesterMod:Flee","jesterMod:DancingMad","jesterMod:Prankster"],"picked":"SKIP","floor":27},{"not_picked":["jesterMod:QuickStrike+1","jesterMod:Disposophobia"],"picked":"jesterMod:Mending","floor":28},{"not_picked":["jesterMod:Patience","jesterMod:Loot+1","jesterMod:Contradiction+1"],"picked":"SKIP","floor":31},{"not_picked":["jesterMod:QuickStrike+1","jesterMod:Contradiction+1"],"picked":"jesterMod:Inspiration+1","floor":35},{"not_picked":["jesterMod:Anticipation","jesterMod:OblivionStrike+1","jesterMod:ButterKnife+1"],"picked":"SKIP","floor":37},{"not_picked":["jesterMod:Tinker+1","jesterMod:Swiftness","jesterMod:SelfMockery+1"],"picked":"SKIP","floor":39},{"not_picked":["jesterMod:Unleash","jesterMod:DancingMad+1","jesterMod:Frenzy"],"picked":"SKIP","floor":41},{"not_picked":["jesterMod:LightTheWick","jesterMod:RecklessStrike+1","jesterMod:BoilDown+1"],"picked":"SKIP","floor":44},{"not_picked":["jesterMod:OblivionStrike+1","jesterMod:Pause","jesterMod:Patience"],"picked":"SKIP","floor":45},{"not_picked":["jesterMod:Prankster","jesterMod:Procrastination","jesterMod:QuickStrike+1"],"picked":"SKIP","floor":46},{"not_picked":["jesterMod:Exasperation","jesterMod:Rebuff+1","jesterMod:OblivionStrike+1"],"picked":"SKIP","floor":48},{"not_picked":["jesterMod:DanceOfChaos+1","jesterMod:TrickyDodge+1","jesterMod:ButterKnife+1"],"picked":"SKIP","floor":54}],"player_experience":223466,"relics_obtained":[{"floor":8,"key":"Tiny Chest"},{"floor":9,"key":"Pear"},{"floor":21,"key":"Bronze Scales"},{"floor":26,"key":"Bottled Tornado"},{"floor":28,"key":"TungstenRod"},{"floor":28,"key":"Molten Egg 2"},{"floor":31,"key":"Orichalcum"},{"floor":41,"key":"FossilizedHelix"},{"floor":43,"key":"HollowMod:PaleOreRelic"},{"floor":47,"key":"Torii"},{"floor":54,"key":"War Paint"}],"event_choices":[{"damage_healed":0,"gold_gain":75,"player_choice":"Gather Gold","damage_taken":11,"max_hp_gain":0,"max_hp_loss":0,"event_name":"World of Goop","floor":3,"gold_loss":0},{"cards_removed":["jesterMod:Defend"],"damage_healed":0,"gold_gain":0,"player_choice":"Card Removal","damage_taken":0,"max_hp_gain":0,"max_hp_loss":0,"event_name":"The Cleric","floor":4,"gold_loss":50},{"damage_healed":0,"gold_gain":0,"player_choice":"Entered Light","damage_taken":15,"max_hp_gain":0,"max_hp_loss":0,"event_name":"Shining Light","floor":10,"gold_loss":0,"cards_upgraded":["jesterMod:BouncingKnife","jesterMod:Strike"]},{"damage_healed":0,"gold_gain":0,"player_choice":"Success","damage_taken":12,"relics_obtained":["Bag of Preparation"],"max_hp_gain":0,"max_hp_loss":0,"event_name":"Scrap Ooze","floor":12,"gold_loss":0},{"damage_healed":0,"gold_gain":0,"player_choice":"Donut","damage_taken":0,"max_hp_gain":5,"max_hp_loss":0,"event_name":"Big Fish","floor":14,"gold_loss":0},{"damage_healed":0,"gold_gain":0,"player_choice":"Ignored","damage_taken":0,"max_hp_gain":0,"max_hp_loss":0,"event_name":"Vampires","floor":22,"gold_loss":0},{"damage_healed":0,"gold_gain":0,"player_choice":"Fight","damage_taken":0,"max_hp_gain":0,"max_hp_loss":0,"event_name":"Colosseum","floor":28,"gold_loss":0},{"damage_healed":0,"gold_gain":0,"player_choice":"Fought Nobs","damage_taken":0,"max_hp_gain":0,"max_hp_loss":0,"event_name":"Colosseum","floor":28,"gold_loss":0},{"damage_healed":0,"gold_gain":0,"player_choice":"Max HP","damage_taken":0,"max_hp_gain":0,"max_hp_loss":4,"event_name":"Winding Halls","floor":36,"gold_loss":0},{"damage_healed":0,"gold_gain":0,"player_choice":"Ignored","damage_taken":0,"max_hp_gain":0,"max_hp_loss":0,"event_name":"Tomb of Lord Red Mask","floor":38,"gold_loss":0},{"damage_healed":0,"gold_gain":0,"player_choice":"Fight","damage_taken":0,"max_hp_gain":0,"max_hp_loss":0,"event_name":"MindBloom","floor":47,"gold_loss":0}],"is_beta":false,"boss_relics":[{"not_picked":["Velvet Choker","jesterMod:LoadedDice"],"picked":"Pandora\u0027s Box"},{"not_picked":["SacredBark","SlaversCollar"],"picked":"Philosopher\u0027s Stone"}],"items_purged_floors":[5,20,25,29,53],"is_endless":false,"potions_floor_spawned":[1,16,23,28,31,33,39,41,44,46,48],"ascension_level":0}}