{"host":"jydwu1shxxemady1","time":1609518711,"event":{"mods":["BaseMod","Colored Powertips","Conspire","Downfall","Hermit","Highlight Path","Marisa（F雨　魔理沙）","Minty Spire (QoL Compilation)","READ ME - Guardian Mod","Replay The Spire","Shop Mod","StSLib","TestMod","The Bladedancer","The Cursed","The Servant 0.9.4"],"gold_per_floor":[115,115,115,115,139,173,197,236,236,236,252,291,366,400,236,363,363,403,438,442,442],"floor_reached":20,"playtime":999,"items_purged":[],"score":516,"play_id":"70f303ea-07c2-4bd9-a1f3-059da2695f98","local_time":"20210102003151","is_ascension_mode":true,"campfire_choices":[],"circlet_count":0,"master_deck":["AscendersBane","Strike_G","Strike_G","Strike_G","Strike_G","Strike_G","Defend_G","Defend_G","Defend_G","Defend_G","Survivor","Neutralize","Quick Slash","Endless Agony","Flying Knee","Blade Dance","Corpse Explosion","Flying Knee","Night Terror","conspire:SpireCoStock","conspire:SpireCoStock","conspire:SpireCoStock","conspire:SpireCoStock","Glass Knife","Catalyst","Terror"],"relics":["Ring of the Snake","testmod-TestBox","testmod-ChristmasGift","NeowsBlessing","CeramicFish","Replay:Bottled Steam","conspire:Dentures","testmod-AssaultLearning","Replay:WaspNest","testmod-HeartOfDaVinci","Philosopher\u0027s Stone"],"acts_visited":["Exordium","TheCity"],"potions_floor_usage":[20],"damage_taken":[{"damage":0.0,"enemies":"2 Louse","floor":1.0,"turns":1.0},{"damage":0.0,"enemies":"Small Slimes","floor":5.0,"turns":1.0},{"damage":0.0,"enemies":"Gremlin Nob","floor":6.0,"turns":1.0},{"damage":13.0,"enemies":"Jaw Worm","floor":7.0,"turns":7.0},{"damage":2.0,"enemies":"3 Sentries","floor":8.0,"turns":6.0},{"damage":0.0,"enemies":"Large Slime","floor":11.0,"turns":3.0},{"damage":0.0,"enemies":"Gremlin Nob","floor":12.0,"turns":3.0},{"damage":25.0,"enemies":"Lagavulin","floor":14.0,"turns":5.0},{"damage":19.0,"enemies":"Hexaghost","floor":16.0,"turns":8.0},{"damage":12.0,"enemies":"Spheric Guardian","floor":18.0,"turns":2.0},{"damage":33.0,"enemies":"Chosen","floor":19.0,"turns":4.0},{"damage":47,"enemies":"Shelled Parasite and Fungi","floor":20,"turns":2}],"seed_played":"-928644213971806183","potions_obtained":[{"floor":1.0,"key":"Strength Potion"},{"floor":11.0,"key":"PowerPotion"},{"floor":12.0,"key":"Fire Potion"},{"floor":14.0,"key":"ColorlessPotion"},{"floor":19.0,"key":"champ:CounterPotion"}],"is_trial":false,"path_per_floor":["M","$","?","?","M","E","M","E","T","?","M","E","?","E","R","B",null,"M","M","M"],"character_chosen":"THE_SILENT","items_purchased":[],"campfire_rested":0,"item_purchase_floors":[],"current_hp_per_floor":[60,60,55,55,55,55,55,64,64,57,66,66,55,38,38,36,59,53,32,0,0],"gold":442,"neow_bonus":"THREE_ENEMY_KILL","is_daily":false,"chose_seed":false,"campfire_upgraded":0,"win_rate":0.0,"timestamp":1609518711,"path_taken":["M","$","?","?","M","E","M","E","T","?","?","E","?","E","R","BOSS","M","?","?"],"items_purchased_type":[],"build_version":"2020-12-22","purchased_purges":0,"victory":false,"max_hp_per_floor":[66,66,66,66,66,66,66,66,66,66,66,66,66,66,66,66,66,66,66,66,66],"card_choices":[{"not_picked":["Sucker Punch","ReplayTheSpireMod:The Works"],"picked":"Quick Slash","floor":1.0},{"not_picked":["Setup","Quick Slash"],"picked":"Endless Agony","floor":5.0},{"not_picked":["conspire:DoublingDagger","Prepared"],"picked":"Flying Knee","floor":6.0},{"not_picked":["Choke","Flying Knee"],"picked":"Blade Dance","floor":7.0},{"not_picked":["Well Laid Plans","Setup"],"picked":"Corpse Explosion","floor":8.0},{"not_picked":["Riddle With Holes","Sucker Punch","Deadly Poison"],"picked":"SKIP","floor":11.0},{"not_picked":["Quick Slash","Acrobatics"],"picked":"Flying Knee","floor":12.0},{"not_picked":["Underhanded Strike","Blade Dance"],"picked":"Night Terror","floor":14.0},{"not_picked":["Poison Darts","Envenom"],"picked":"Glass Knife","floor":16.0},{"not_picked":["Caltrops","Outmaneuver+1"],"picked":"Catalyst","floor":18.0},{"not_picked":["Acrobatics","Concentrate"],"picked":"Terror","floor":19.0}],"player_experience":611003,"relics_obtained":[{"floor":6.0,"key":"Replay:Bottled Steam"},{"floor":8.0,"key":"conspire:Dentures"},{"floor":9.0,"key":"testmod-AssaultLearning"},{"floor":12.0,"key":"Replay:WaspNest"},{"floor":14.0,"key":"testmod-HeartOfDaVinci"}],"event_choices":[{"damage_healed":0.0,"max_hp_gain":0.0,"max_hp_loss":0.0,"gold_gain":0.0,"event_name":"Scrap Ooze","player_choice":"Success","floor":3.0,"gold_loss":0.0,"damage_taken":5.0,"relics_obtained":["CeramicFish"]},{"damage_healed":0.0,"max_hp_gain":0.0,"max_hp_loss":0.0,"gold_gain":0.0,"event_name":"给自己的盒子","player_choice":"Swap Relic","floor":4.0,"relics_lost":["testmod-TestBox"],"gold_loss":0.0,"damage_taken":0.0,"relics_obtained":["testmod-TestBox"]},{"cards_removed":["Defend_G"],"damage_healed":0.0,"max_hp_gain":0.0,"max_hp_loss":0.0,"gold_gain":0.0,"event_name":"Golden Wing","player_choice":"Card Removal","floor":10.0,"gold_loss":0.0,"damage_taken":7.0},{"damage_healed":0.0,"max_hp_gain":0.0,"max_hp_loss":0.0,"gold_gain":75.0,"event_name":"World of Goop","player_choice":"Gather Gold","floor":13.0,"gold_loss":0.0,"damage_taken":11.0},{"damage_healed":0.0,"max_hp_gain":0.0,"max_hp_loss":0.0,"gold_gain":0.0,"event_name":"conspire:Investor","player_choice":"Invest 4","floor":15.0,"gold_loss":0.0,"damage_taken":0.0}],"is_beta":false,"boss_relics":[{"not_picked":["conspire:SpecialSausage","MysterySword"],"picked":"Philosopher\u0027s Stone"}],"items_purged_floors":[],"is_endless":false,"potions_floor_spawned":[1,11,12,14,16,19],"killed_by":"Shelled Parasite and Fungi","ascension_level":19}}