{"host":"sc0o2qwpf9j16a4i","time":1609543080,"event":{"mods":["AchievementEnabler","BaseMod","BetterRewards","Block Reminder","Colored Map","Colored Powertips","Custom Start","Highlight Path","Minty Spire (QoL Compilation)","Relic Stats"],"gold_per_floor":[109,71,83,83,97,111,111,35,107,107,123,123,43,43,43,134,134,172,193,193,37,37,37,58,93,128,140,205,217,229,229],"floor_reached":30,"playtime":801,"items_purged":["Strike_P"],"score":776,"play_id":"89a88000-d433-4778-a2be-f9232a9d5b62","local_time":"20210102011800","is_ascension_mode":true,"campfire_choices":[{"floor":7,"key":"REST"},{"floor":10,"key":"REST"},{"floor":12,"key":"REST"},{"data":"ReachHeaven","floor":15,"key":"SMITH"},{"data":"Wish","floor":23,"key":"SMITH"},{"floor":27,"key":"REST"},{"floor":29,"key":"REST"}],"circlet_count":0,"master_deck":["AscendersBane","Strike_P","Strike_P","Strike_P","Defend_P","Defend_P+1","Defend_P","Defend_P+1","Eruption","Vigilance","CutThroughFate","Protect","FlurryOfBlows","ReachHeaven+1","LikeWater","MentalFortress","Wish+1","Wallop","RitualDagger"],"relics":["PureWater","Pantograph","Mummified Hand","ClockworkSouvenir","Omamori","Bronze Scales","Bag of Preparation","Yang","Golden Idol","Busted Crown","MutagenicStrength","MawBank","War Paint"],"acts_visited":["Exordium","TheCity"],"potions_floor_usage":[16,18,25,28],"damage_taken":[{"damage":16,"enemies":"2 Louse","floor":1,"turns":2},{"damage":0,"enemies":"Cultist","floor":3,"turns":2},{"damage":0,"enemies":"Jaw Worm","floor":5,"turns":6},{"damage":0,"enemies":"Large Slime","floor":6,"turns":3},{"damage":5,"enemies":"Exordium Wildlife","floor":11,"turns":4},{"damage":0,"enemies":"Slime Boss","floor":16,"turns":4},{"damage":10,"enemies":"2 Thieves","floor":18,"turns":4},{"damage":0,"enemies":"Shell Parasite","floor":19,"turns":6},{"damage":0,"enemies":"Cultist and Chosen","floor":24,"turns":6},{"damage":29,"enemies":"Book of Stabbing","floor":25,"turns":7},{"damage":0,"enemies":"Centurion and Healer","floor":28,"turns":4},{"damage":63,"enemies":"Slavers","floor":30,"turns":4}],"seed_played":"-3130504719024550834","potions_obtained":[{"floor":3,"key":"LiquidBronze"},{"floor":4,"key":"EssenceOfSteel"},{"floor":4,"key":"Strength Potion"},{"floor":16,"key":"GamblersBrew"},{"floor":25,"key":"Energy Potion"}],"is_trial":false,"path_per_floor":["M","?","M","?","M","M","R","$","T","R","M","R","$","?","R","B",null,"M","M","?","$","?","R","M","E","T","R","M","R","E"],"character_chosen":"WATCHER","items_purchased":["Pantograph","Mummified Hand","ClockworkSouvenir","Omamori","Bronze Scales","Bag of Preparation","LikeWater","MentalFortress","Wallop"],"campfire_rested":5,"item_purchase_floors":[0,0,0,0,0,0,8,13,21],"current_hp_per_floor":[4,4,4,4,4,4,24,24,24,44,39,59,59,59,59,62,62,52,52,52,52,46,46,46,17,17,35,35,53,0,0],"gold":229,"neow_bonus":"","is_daily":false,"chose_seed":false,"campfire_upgraded":2,"win_rate":0.0,"timestamp":1609543080,"path_taken":["M","?","M","?","M","M","R","$","T","R","?","R","?","?","R","BOSS","M","M","?","$","?","R","M","E","T","R","?","R","E"],"items_purchased_type":["Relic","Relic","Relic","Relic","Relic","Relic","Card","Card","Card"],"build_version":"2020-12-22","purchased_purges":1,"victory":false,"max_hp_per_floor":[68,68,68,68,68,68,68,68,68,68,68,68,68,62,62,62,62,62,62,62,62,62,62,62,62,62,62,62,62,62,62],"relic_stats":{"Busted Crown":10,"counters":[78,426],"Mummified Hand":[13],"Golden Idol":41,"Pantograph":3,"Bronze Scales":[454],"Yang":[81],"Bag of Preparation":[70],"War Paint":["Defend_P","Vigilance","Defend_P","Defend_P"],"MawBank":60,"obtain_stats":[{"Calipers":31,"Vajra":0,"Sling":0,"Boot":11,"Blood Vial":47,"Centennial Puzzle":9,"Lizard Tail":24,"HornCleat":20,"DollysMirror":20,"Fusion Hammer":17,"Necronomicon":24,"Kunai":30,"Toxic Egg 2":20,"Girya":36,"Pear":38,"Happy Flower":14,"Dead Branch":37,"Oddly Smooth Stone":7,"Letter Opener":26,"War Paint":9,"Question Card":43,"Bronze Scales":41,"MutagenicStrength":20,"Snecko Eye":17,"Black Star":17,"Darkstone Periapt":31,"Singing Bowl":0,"SacredBark":34,"Yang":9,"Bag of Preparation":0,"TeardropLocket":39,"Ancient Tea Set":26,"Empty Cage":34,"ClockworkSouvenir":0,"Shovel":10,"Mummified Hand":0,"Pantograph":0,"Potion Belt":7,"Lee\u0027s Waffle":0,"Golden Idol":4,"Damaru":30,"The Courier":13,"PreservedInsect":26,"Omamori":0,"Orichalcum":0,"Medical Kit":19,"MawBank":25,"White Beast Statue":10,"Anchor":36,"Busted Crown":34,"Bag of Marbles":12,"Art of War":24,"Bottled Lightning":23,"PureWater":0},{"Calipers":58,"Vajra":19,"Sling":19,"Boot":25,"Blood Vial":41,"Centennial Puzzle":23,"Lizard Tail":32,"HornCleat":8,"DollysMirror":29,"Fusion Hammer":28,"Necronomicon":10,"Kunai":13,"Toxic Egg 2":8,"Girya":60,"Pear":37,"Happy Flower":50,"Dead Branch":17,"Oddly Smooth Stone":4,"Letter Opener":55,"War Paint":4,"Question Card":63,"Bronze Scales":39,"MutagenicStrength":74,"Snecko Eye":7,"Black Star":51,"Darkstone Periapt":58,"Singing Bowl":43,"SacredBark":36,"Yang":70,"Bag of Preparation":43,"TeardropLocket":18,"Ancient Tea Set":32,"Empty Cage":59,"ClockworkSouvenir":19,"Shovel":48,"Mummified Hand":66,"Pantograph":66,"Potion Belt":23,"Lee\u0027s Waffle":43,"Golden Idol":45,"Damaru":34,"The Courier":5,"PreservedInsect":10,"Omamori":66,"Orichalcum":19,"Medical Kit":52,"MawBank":76,"White Beast Statue":4,"Anchor":60,"Busted Crown":15,"Bag of Marbles":5,"Art of War":55,"Bottled Lightning":10,"PureWater":0},{"Calipers":321,"Vajra":75,"Sling":75,"Boot":97,"Blood Vial":212,"Centennial Puzzle":89,"Lizard Tail":140,"HornCleat":31,"DollysMirror":121,"Fusion Hammer":114,"Necronomicon":38,"Kunai":47,"Toxic Egg 2":31,"Girya":333,"Pear":183,"Happy Flower":277,"Dead Branch":63,"Oddly Smooth Stone":13,"Letter Opener":304,"War Paint":13,"Question Card":351,"Bronze Scales":196,"MutagenicStrength":405,"Snecko Eye":29,"Black Star":286,"Darkstone Periapt":321,"Singing Bowl":249,"SacredBark":174,"Yang":387,"Bag of Preparation":249,"TeardropLocket":72,"Ancient Tea Set":140,"Empty Cage":329,"ClockworkSouvenir":75,"Shovel":270,"Mummified Hand":374,"Pantograph":374,"Potion Belt":89,"Lee\u0027s Waffle":249,"Golden Idol":256,"Damaru":155,"The Courier":20,"PreservedInsect":38,"Omamori":374,"Orichalcum":75,"Medical Kit":292,"MawBank":418,"White Beast Statue":13,"Anchor":333,"Busted Crown":56,"Bag of Marbles":20,"Art of War":304,"Bottled Lightning":38,"PureWater":0}]},"card_choices":[{"not_picked":["EmptyBody","FlurryOfBlows"],"picked":"CutThroughFate","floor":1},{"not_picked":["Worship","Consecrate"],"picked":"Protect","floor":3},{"not_picked":["JustLucky","WaveOfTheHand"],"picked":"FlurryOfBlows","floor":5},{"not_picked":["EmptyBody","Consecrate"],"picked":"ReachHeaven","floor":6},{"not_picked":["EmptyBody","Prostrate","Fasting2"],"picked":"SKIP","floor":11},{"not_picked":["SpiritShield","Vault"],"picked":"Wish","floor":16},{"not_picked":["Wireheading"],"picked":"SKIP","floor":18},{"not_picked":["Worship"],"picked":"SKIP","floor":19},{"not_picked":["Crescendo"],"picked":"SKIP","floor":24},{"not_picked":["WindmillStrike"],"picked":"SKIP","floor":25},{"not_picked":["Evaluate"],"picked":"SKIP","floor":28}],"player_experience":504297,"relics_obtained":[{"floor":9,"key":"Yang"},{"floor":25,"key":"MawBank"},{"floor":26,"key":"War Paint"}],"event_choices":[{"damage_healed":0,"gold_gain":0,"player_choice":"Left Gold","damage_taken":0,"max_hp_gain":0,"max_hp_loss":0,"event_name":"World of Goop","floor":2,"gold_loss":38},{"damage_healed":0,"gold_gain":0,"player_choice":"Got Potions","damage_taken":0,"max_hp_gain":0,"max_hp_loss":0,"event_name":"Lab","floor":4,"gold_loss":0},{"damage_healed":0,"gold_gain":0,"player_choice":"Lose Max HP","damage_taken":0,"relics_obtained":["Golden Idol"],"max_hp_gain":0,"max_hp_loss":6,"event_name":"Golden Idol","floor":14,"gold_loss":0},{"damage_healed":0,"gold_gain":0,"player_choice":"Inject Mutagens","damage_taken":0,"relics_obtained":["MutagenicStrength"],"max_hp_gain":0,"max_hp_loss":0,"event_name":"Drug Dealer","floor":20,"gold_loss":0},{"damage_healed":0,"gold_gain":0,"player_choice":"Joined the Cult","damage_taken":6,"max_hp_gain":0,"max_hp_loss":0,"event_name":"Nest","floor":22,"gold_loss":0,"cards_obtained":["RitualDagger"]}],"is_beta":false,"boss_relics":[{"not_picked":["SacredBark","Ectoplasm"],"picked":"Busted Crown"}],"items_purged_floors":[21],"is_endless":false,"potions_floor_spawned":[3,6,11,16,25],"killed_by":"Slavers","ascension_level":20}}