{"host":"1zfbckszmdcrhnfi","time":1609519704,"event":{"mods":["AchievementEnabler","BaseMod","Colored Map","Downfall","Minty Spire (QoL Compilation)","Quick Restart","Shop Mod","StSLib","The Cursed"],"gold_per_floor":[115,46,46,61,26,56,56,91,118,118,130,130,141,161,161,266,266,281,154,173,173,4,4,4,4],"floor_reached":24,"playtime":991,"items_purged":["Skewer","Tools of the Trade"],"score":252,"play_id":"533de8ae-83a5-4814-9106-d24b1366f415","local_time":"20210102004824","is_ascension_mode":true,"campfire_choices":[{"floor":7.0,"key":"RECALL"},{"floor":10,"key":"REST"},{"floor":12,"key":"REST"},{"floor":15,"key":"REST"},{"floor":23,"key":"REST"}],"circlet_count":0,"master_deck":["Survivor","Neutralize","Infinite Blades","Infinite Blades","Outmaneuver","Deadly Poison","Finisher","Venomology","Prepared","Envenom","Dagger Spray","Endless Agony","Footwork","Tools of the Trade","Reflex","Dodge and Roll","Crippling Poison+1","Blade Dance","Backstab","Noxious Fumes"],"relics":["Ring of the Snake","NeowsBlessing","Snake Skull","Oddly Smooth Stone","Bronze Scales","Pandora\u0027s Box"],"acts_visited":["Exordium","TheCity"],"potions_floor_usage":[8,13,14,16,18,20],"damage_taken":[{"damage":0.0,"enemies":"Cultist","floor":1.0,"turns":1.0},{"damage":0.0,"enemies":"Small Slimes","floor":4.0,"turns":1.0},{"damage":0.0,"enemies":"3 Sentries","floor":6.0,"turns":2.0},{"damage":46,"enemies":"Gremlin Nob","floor":8,"turns":6},{"damage":1,"enemies":"Jaw Worm","floor":11,"turns":4},{"damage":15,"enemies":"Lots of Slimes","floor":13,"turns":4},{"damage":7,"enemies":"Large Slime","floor":14,"turns":4},{"damage":63,"enemies":"Slime Boss","floor":16,"turns":12},{"damage":35,"enemies":"2 Thieves","floor":18,"turns":5},{"damage":10,"enemies":"Shell Parasite","floor":20,"turns":5},{"damage":37,"enemies":"Centurion and Healer","floor":24,"turns":3}],"seed_played":"-1540434018022802061","potions_obtained":[{"floor":4.0,"key":"Weak Potion"},{"floor":8,"key":"Weak Potion"},{"floor":11,"key":"Fruit Juice"},{"floor":13,"key":"Fire Potion"},{"floor":20,"key":"BlessingOfTheForge"}],"is_trial":false,"path_per_floor":["M","$","?","M","?","E","R","E","T","R","M","R","M","M","R","B",null,"M","$","M","?","$","R","M"],"character_chosen":"THE_SILENT","items_purchased":["Infinite Blades","Blade Dance","Noxious Fumes"],"campfire_rested":4,"item_purchase_floors":[2,19,22],"current_hp_per_floor":[70,70,52,52,69,69,69,23,23,44,43,64,54,47,69,6,75,40,40,30,30,30,52,15,15],"gold":4,"neow_bonus":"THREE_ENEMY_KILL","is_daily":false,"chose_seed":false,"campfire_upgraded":0,"win_rate":0.0,"timestamp":1609519704,"path_taken":["M","?","?","M","?","E","R","E","T","R","M","R","M","?","R","BOSS","M","?","M","?","$","R","M"],"items_purchased_type":["Card","Card","Card"],"build_version":"2020-12-22","purchased_purges":2,"victory":false,"max_hp_per_floor":[70,70,70,70,70,70,70,70,70,70,70,70,75,75,75,75,75,75,75,75,75,75,75,75,75],"card_choices":[{"not_picked":["Prepared","Distraction","Footwork"],"picked":"SKIP","floor":1.0},{"not_picked":["Underhanded Strike","Outmaneuver"],"picked":"Infinite Blades","floor":4.0},{"not_picked":["Unload","Burst"],"picked":"Outmaneuver","floor":6.0},{"not_picked":["All Out Attack","Outmaneuver"],"picked":"Deadly Poison","floor":8},{"not_picked":["Crippling Poison","Expertise"],"picked":"Finisher","floor":11},{"not_picked":["Calculated Gamble","PiercingWail","Eviscerate"],"picked":"SKIP","floor":13},{"not_picked":["Dagger Throw","Doppelganger","Underhanded Strike"],"picked":"SKIP","floor":14},{"not_picked":["Glass Knife","Burst"],"picked":"Venomology","floor":16},{"not_picked":["Dagger Throw","Expertise+1"],"picked":"Crippling Poison+1","floor":18},{"not_picked":["Acrobatics","Deadly Poison"],"picked":"Backstab","floor":20}],"player_experience":196196,"relics_obtained":[{"floor":6.0,"key":"Oddly Smooth Stone"},{"floor":8,"key":"Bronze Scales"}],"event_choices":[{"damage_healed":0.0,"max_hp_gain":0.0,"max_hp_loss":0.0,"gold_gain":0.0,"event_name":"Scrap Ooze","player_choice":"Success","floor":3.0,"gold_loss":0.0,"damage_taken":18.0,"relics_obtained":["Snake Skull"]},{"damage_healed":17.0,"max_hp_gain":0.0,"max_hp_loss":0.0,"gold_gain":0.0,"event_name":"The Cleric","player_choice":"Healed","floor":5.0,"gold_loss":35.0,"damage_taken":0.0}],"is_beta":false,"boss_relics":[{"not_picked":["Empty Cage","Philosopher\u0027s Stone"],"picked":"Pandora\u0027s Box"}],"items_purged_floors":[19,22],"is_endless":false,"potions_floor_spawned":[4,8,11,13,20],"killed_by":"Centurion and Healer","ascension_level":2}}