{"host":"m7l79cv0ty9jy0jv","time":1609538898,"event":{"mods":["BaseMod","Minty Spire (QoL Compilation)","Replay The Spire","StSLib","The Cursed","The Servant 0.9.4"],"gold_per_floor":[167,187,201,151,171,196,196,196,245,245,260,289,304,331,331,435,435,450,3,17,0,20,20,20,20,20,51,51,17,32,49,49,151,151,168,181,192,192,1191,1191,1191],"floor_reached":40,"playtime":2464,"items_purged":[],"score":499,"play_id":"e35aecfd-57fa-49bf-9606-d5a0f9ffead6","local_time":"20210101170818","is_ascension_mode":true,"campfire_choices":[{"data":"Storm","floor":7,"key":"SMITH"},{"floor":10,"key":"REST"},{"floor":15,"key":"RECALL"},{"floor":23,"key":"REST"},{"data":"Chill","floor":25,"key":"SMITH"},{"floor":28,"key":"REST"},{"floor":32,"key":"REST"}],"circlet_count":0,"master_deck":["Strike_B","Strike_B","Strike_B","Defend_B","Defend_B","Defend_B","Defend_B","Zap+1","Dualcast","Darkness","Redo","Leap","Glacier","Storm+1","ReplaySolidLightProjector","Redo","Crystallizer","Glacier","Creative AI+1","CurseOfTheBell","Panic Button","BootSequence","Loop","Undo+1","ReplayRNGCard","Chill+1","Consume","Redo+1","Aggregate","Go for the Eyes","Double Energy","Compile Driver","Echo Form","FIFO Queue+1","BasicCrystalCard+1","Steam+1","Conserve Battery","Cold Snap+1","Normality","Normality"],"relics":["Tiny House","Mercury Hourglass","DataDisk","Prayer Wheel","Boot","Bag of Marbles","Calling Bell","Centennial Puzzle","Mummified Hand","Turnip","BargainBundle","Bottled Lightning","Toy Ornithopter","HornCleat","Replay:Bronze Core"],"acts_visited":["Exordium","TheCity","TheBeyond"],"potions_floor_usage":[27,30,36],"damage_taken":[{"damage":2,"enemies":"Small Slimes","floor":1,"turns":4},{"damage":4,"enemies":"2 Louse","floor":2,"turns":3},{"damage":0,"enemies":"Cultist","floor":3,"turns":4},{"damage":4,"enemies":"Red Slaver","floor":5,"turns":6},{"damage":14,"enemies":"Lagavulin","floor":6,"turns":9},{"damage":1,"enemies":"Looter","floor":11,"turns":3},{"damage":28,"enemies":"Gremlin Nob","floor":12,"turns":5},{"damage":0,"enemies":"Lots of Slimes","floor":13,"turns":4},{"damage":3,"enemies":"Lagavulin","floor":14,"turns":8},{"damage":44,"enemies":"Fading Forest","floor":16,"turns":11},{"damage":5,"enemies":"Chosen","floor":18,"turns":4},{"damage":7,"enemies":"Spheric Guardian","floor":20,"turns":4},{"damage":17,"enemies":"Snake Plant","floor":22,"turns":5},{"damage":61,"enemies":"Book of Stabbing","floor":27,"turns":6},{"damage":11,"enemies":"Snecko","floor":30,"turns":5},{"damage":19,"enemies":"Centurion and Healer","floor":31,"turns":8},{"damage":50,"enemies":"Collector","floor":33,"turns":12},{"damage":0,"enemies":"3 Shapes","floor":35,"turns":6},{"damage":5,"enemies":"Orb Walker","floor":36,"turns":4},{"damage":22,"enemies":"4 Shapes","floor":37,"turns":8},{"damage":74,"enemies":"Giant Head","floor":40,"turns":8}],"seed_played":"7087126909056590910","potions_obtained":[{"floor":0,"key":"Fire Potion"},{"floor":1,"key":"FairyPotion"},{"floor":2,"key":"SteroidPotion"},{"floor":14,"key":"AttackPotion"},{"floor":18,"key":"LiquidMemories"},{"floor":27,"key":"Strength Potion"},{"floor":33,"key":"AttackPotion"},{"floor":37,"key":"SteroidPotion"}],"is_trial":false,"path_per_floor":["M","M","M","?","M","E","R","?","T","R","M","E","M","E","R","B",null,"M","$","M","?","M","R","?","R","T","E","R","$","M","M","R","B",null,"M","M","M","?","?","E"],"character_chosen":"DEFECT","items_purchased":["BargainBundle","Bottled Lightning","Loop","Aggregate"],"campfire_rested":4,"item_purchase_floors":[19,19,19,29],"current_hp_per_floor":[78,74,74,74,70,56,56,56,56,80,79,51,51,48,48,14,80,75,75,68,68,51,75,75,75,75,19,43,43,37,18,42,24,80,80,75,53,53,53,0,0],"gold":1191,"neow_bonus":"BOSS_RELIC","is_daily":false,"chose_seed":false,"campfire_upgraded":2,"win_rate":0.0,"timestamp":1609538898,"path_taken":["M","M","M","?","M","E","R","?","T","R","M","E","M","E","R","BOSS","M","?","?","?","M","R","?","R","T","E","R","$","?","M","R","BOSS","M","M","M","?","?","E"],"items_purchased_type":["Relic","Relic","Card","Card"],"build_version":"2020-12-22","purchased_purges":0,"victory":false,"max_hp_per_floor":[80,80,80,80,80,80,80,80,80,80,80,80,80,80,80,80,80,80,80,80,80,80,80,80,80,80,80,80,80,80,80,80,80,80,80,80,80,80,80,80,80],"card_choices":[{"not_picked":["Sweeping Beam","Stack"],"picked":"Darkness","floor":0},{"not_picked":["ReplaySort","ReplayTheSpireMod:GoodbyeWorld"],"picked":"Redo","floor":1},{"not_picked":["Rebound","Barrage"],"picked":"Leap","floor":2},{"not_picked":["Rip and Tear","BasicCrystalCard"],"picked":"Glacier","floor":3},{"not_picked":["Seek","Sweeping Beam"],"picked":"Melter","floor":5},{"not_picked":["Rebound","FTL"],"picked":"Storm","floor":6},{"not_picked":["BasicCrystalCard","Gash"],"picked":"ReplayTheSpireMod:Fabricate Wheel","floor":11},{"not_picked":["BasicCrystalCard","Hologram"],"picked":"ReplaySolidLightProjector","floor":12},{"not_picked":["ReplayTheSpireMod:System Scan","Hologram"],"picked":"Redo","floor":13},{"not_picked":["Crystallizer","Chill","Streamline"],"picked":"SKIP","floor":13},{"not_picked":["Chill","Streamline"],"picked":"Crystallizer","floor":13},{"not_picked":["Beam Cell","Sunder"],"picked":"Glacier","floor":14},{"not_picked":["Thunder Strike","Rainbow"],"picked":"Creative AI","floor":16},{"not_picked":["BasicCrystalCard","Glacier"],"picked":"Panic Button","floor":18},{"not_picked":["FTL+1","Doom and Gloom"],"picked":"BootSequence","floor":18},{"not_picked":["BootSequence","Panic Button"],"picked":"Undo+1","floor":20},{"not_picked":["Go for the Eyes+1","BasicCrystalCard+1"],"picked":"ReplayRNGCard","floor":20},{"not_picked":["ReplaySolidLightProjector+1","Streamline"],"picked":"Chill","floor":22},{"not_picked":["Go for the Eyes","Compile Driver"],"picked":"Consume","floor":22},{"not_picked":["Panic Button+1","Stack+1"],"picked":"Redo+1","floor":27},{"not_picked":["Ball Lightning","Gash"],"picked":"Go for the Eyes","floor":30},{"not_picked":["Barrage","Sweeping Beam","ReplaySolidLightProjector"],"picked":"SKIP","floor":30},{"not_picked":["ReplayTheSpireMod:Fabricate Wheel","Sunder+1"],"picked":"Double Energy","floor":31},{"not_picked":["BootSequence","Tempest"],"picked":"Compile Driver","floor":31},{"not_picked":["Meteor Strike","Multi-Cast"],"picked":"Echo Form","floor":33},{"not_picked":["ReplayTheSpireMod:System Scan","Fusion+1"],"picked":"FIFO Queue+1","floor":35},{"not_picked":["Aggregate","ReplaySort","Ball Lightning+1"],"picked":"SKIP","floor":35},{"not_picked":["ReplayTheSpireMod:Repulse+1","Beam Cell"],"picked":"BasicCrystalCard+1","floor":36},{"not_picked":["Sunder","Electrodynamics"],"picked":"Steam+1","floor":36},{"not_picked":["Scrape","Redo"],"picked":"Conserve Battery","floor":37},{"not_picked":["Ball Lightning+1","Time Bomb"],"picked":"Cold Snap+1","floor":37}],"player_experience":437031,"relics_obtained":[{"floor":6,"key":"Mercury Hourglass"},{"floor":9,"key":"DataDisk"},{"floor":12,"key":"Boot"},{"floor":14,"key":"Bag of Marbles"},{"floor":17,"key":"Centennial Puzzle"},{"floor":17,"key":"Mummified Hand"},{"floor":17,"key":"Turnip"},{"floor":26,"key":"Toy Ornithopter"},{"floor":27,"key":"HornCleat"}],"event_choices":[{"cards_removed":["Strike_B"],"damage_healed":0,"gold_gain":0,"player_choice":"Card Removal","damage_taken":0,"max_hp_gain":0,"max_hp_loss":0,"event_name":"The Cleric","floor":4,"gold_loss":50},{"damage_healed":0,"gold_gain":0,"player_choice":"Bought 0 Potions","damage_taken":0,"max_hp_gain":0,"max_hp_loss":0,"event_name":"The Woman in Blue","floor":8,"gold_loss":0},{"damage_healed":0,"gold_gain":0,"player_choice":"Paid Fearfully","damage_taken":0,"max_hp_gain":0,"max_hp_loss":0,"event_name":"Masked Bandits","floor":21,"gold_loss":17},{"damage_healed":0,"gold_gain":0,"player_choice":"Upgraded","damage_taken":0,"max_hp_gain":0,"max_hp_loss":0,"event_name":"Upgrade Shrine","floor":24,"gold_loss":0,"cards_upgraded":["Creative AI"]},{"cards_removed":["Melter"],"damage_healed":0,"gold_gain":0,"player_choice":"Removed Attack","damage_taken":0,"max_hp_gain":0,"max_hp_loss":0,"event_name":"Falling","floor":38,"gold_loss":0},{"damage_healed":0,"gold_gain":999,"player_choice":"Gold","damage_taken":0,"max_hp_gain":0,"max_hp_loss":0,"event_name":"MindBloom","floor":39,"gold_loss":0,"cards_obtained":["Normality","Normality"]}],"is_beta":false,"boss_relics":[{"not_picked":["Painkiller Herb","ChewingGum"],"picked":"Calling Bell"},{"not_picked":["Replay:Wanted Poster","Ring of Chaos"],"picked":"Replay:Bronze Core"}],"items_purged_floors":[],"is_endless":false,"potions_floor_spawned":[1,2,14,16,18,22,27,33,37],"killed_by":"Giant Head","ascension_level":1}}