{"host":"«ÔÕ•ª®ø™√Œ¿Ôœ„","time":1609503887,"event":{"mods":["BaseMod","Challenge The Spire","Custom Start","DeckTracker","Minty Spire (QoL Compilation)","Quick Restart","Relic Stats","Replay The Spire","StSLib"],"gold_per_floor":[723,723,751,779,814,814,616,616,651,678,706,706,343,84,124,159,235,303],"floor_reached":19,"playtime":792,"items_purged":["Defend_G","Strike_G","Strike_G"],"score":445,"play_id":"e484daba-9225-4c3b-b1bc-f98b5796eb6d","local_time":"20210101202447","daily_mods":["challengethespire:Bronze Difficulty","challengethespire:Elite Rush","Uncertain Future"],"is_ascension_mode":false,"campfire_choices":[{"data":"Dagger Spray","floor":2,"key":"SMITH"},{"data":"Blade Dance","floor":8,"key":"SMITH"}],"circlet_count":0,"master_deck":["Strike_G+1","Strike_G","Strike_G+1","Defend_G+1","Defend_G+1","Defend_G+1","Defend_G+1","Survivor","Neutralize","Dagger Spray+1","Blade Dance+1","Terror","Riddle With Holes","Acrobatics","Footwork","Prepared","Purity","Accuracy","Venomology","Blade Dance"],"relics":["Ring of the Snake","Black Star","Sling","PreservedInsect","Replay:Baseball","Darkstone Periapt","Replay:Bottled Snecko","Whetstone","Replay:Wax Seal","Boot","CaptainsWheel","Painkiller Herb","Omamori","Happy Flower","Bronze Scales","Eternal Feather","Pet Ghost","Tough Bandages","CeramicFish","Coffee Dripper","TheAbacus","Replay:Bottled Eggs","Pear","Replay:Bottled Steam","Garlic","Replay:Bandana","Paper Crane","Replay:Bottled Flurry","Strawberry","Oddly Smooth Stone"],"acts_visited":["Exordium"],"potions_floor_usage":[17,18,18],"damage_taken":[{"damage":0,"enemies":"3 Sentries","floor":3,"turns":2},{"damage":0,"enemies":"Gremlin Nob","floor":4,"turns":2},{"damage":0,"enemies":"Lagavulin","floor":5,"turns":4},{"damage":8,"enemies":"Gremlin Leader","floor":9,"turns":3},{"damage":21,"enemies":"Book of Stabbing","floor":10,"turns":4},{"damage":2,"enemies":"Slavers","floor":11,"turns":2},{"damage":15,"enemies":"Nemesis","floor":15,"turns":3},{"damage":0,"enemies":"Reptomancer","floor":16,"turns":4},{"damage":0,"enemies":"Giant Head","floor":17,"turns":4},{"damage":29,"enemies":"Shield and Spear","floor":18,"turns":5}],"seed_played":"4832522626126686949","potions_obtained":[{"floor":11,"key":"Milkshake"},{"floor":15,"key":"ColorlessPotion"},{"floor":18,"key":"Block Potion"}],"is_trial":true,"path_per_floor":["$","R","E","E","E","T","T","T","E","E","E","T","T","T","E","E","E","E",null],"character_chosen":"THE_SILENT","items_purchased":["Dagger Spray","Replay:Baseball","Omamori","Regen Potion","Regen Potion","TheAbacus","Purity","Replay:Bottled Eggs"],"campfire_rested":0,"item_purchase_floors":[1,1,7,7,7,13,13,14],"current_hp_per_floor":[70,70,70,70,70,70,70,70,62,41,39,39,39,39,34,34,34,12],"gold":303,"neow_bonus":"","is_daily":false,"chose_seed":false,"campfire_upgraded":2,"win_rate":0.0,"timestamp":1609503887,"path_taken":["$","R","E","E","E","T","T","T","E","E","E","T","T","T","E","E","E","E"],"items_purchased_type":["Card","Relic","Relic","Potion","Potion","Relic","Card","Relic"],"build_version":"2020-12-18","purchased_purges":3,"victory":true,"max_hp_per_floor":[70,70,70,70,70,70,70,70,70,70,70,70,70,70,80,80,80,87],"relic_stats":{"Darkstone Periapt":0,"Happy Flower":[7],"counters":[10,33],"CeramicFish":36,"Eternal Feather":0,"PreservedInsect":504,"Whetstone":["Strike_G","Strike_G"],"Boot":[21],"Tough Bandages":[33],"TheAbacus":[24],"Bronze Scales":[58],"Black Star":10,"obtain_stats":[{"Darkstone Periapt":3,"CeramicFish":11,"Painkiller Herb":6,"Whetstone":4,"Sling":0,"Boot":5,"Pet Ghost":10,"Tough Bandages":11,"Replay:Bandana":16,"TheAbacus":13,"Strawberry":18,"Replay:Bottled Flurry":17,"Replay:Bottled Snecko":3,"Replay:Wax Seal":4,"Replay:Bottled Eggs":14,"Ring of the Snake":0,"Replay:Bottled Steam":15,"Pear":15,"Happy Flower":9,"Oddly Smooth Stone":18,"Eternal Feather":10,"PreservedInsect":0,"Omamori":7,"Paper Crane":17,"Replay:Baseball":1,"CaptainsWheel":5,"Bronze Scales":9,"Black Star":0,"Coffee Dripper":12,"Garlic":16},{"Darkstone Periapt":1,"CeramicFish":6,"Painkiller Herb":3,"Whetstone":2,"Sling":0,"Boot":3,"Pet Ghost":5,"Tough Bandages":6,"Replay:Bandana":8,"TheAbacus":6,"Strawberry":10,"Replay:Bottled Flurry":9,"Replay:Bottled Snecko":1,"Replay:Wax Seal":2,"Replay:Bottled Eggs":6,"Ring of the Snake":0,"Replay:Bottled Steam":7,"Pear":7,"Happy Flower":4,"Oddly Smooth Stone":10,"Eternal Feather":5,"PreservedInsect":0,"Omamori":3,"Paper Crane":9,"Replay:Baseball":0,"CaptainsWheel":3,"Bronze Scales":4,"Black Star":0,"Coffee Dripper":6,"Garlic":8},{"Darkstone Periapt":2,"CeramicFish":17,"Painkiller Herb":8,"Whetstone":4,"Sling":0,"Boot":8,"Pet Ghost":15,"Tough Bandages":17,"Replay:Bandana":24,"TheAbacus":17,"Strawberry":33,"Replay:Bottled Flurry":28,"Replay:Bottled Snecko":2,"Replay:Wax Seal":4,"Replay:Bottled Eggs":17,"Ring of the Snake":0,"Replay:Bottled Steam":20,"Pear":20,"Happy Flower":11,"Oddly Smooth Stone":33,"Eternal Feather":15,"PreservedInsect":0,"Omamori":8,"Paper Crane":28,"Replay:Baseball":0,"CaptainsWheel":8,"Bronze Scales":11,"Black Star":0,"Coffee Dripper":17,"Garlic":24}],"Ring of the Snake":[20]},"card_choices":[],"player_experience":471142,"relics_obtained":[{"floor":3,"key":"Darkstone Periapt"},{"floor":3,"key":"Replay:Bottled Snecko"},{"floor":4,"key":"Whetstone"},{"floor":4,"key":"Replay:Wax Seal"},{"floor":5,"key":"Boot"},{"floor":5,"key":"CaptainsWheel"},{"floor":9,"key":"Happy Flower"},{"floor":9,"key":"Bronze Scales"},{"floor":10,"key":"Eternal Feather"},{"floor":10,"key":"Pet Ghost"},{"floor":11,"key":"Tough Bandages"},{"floor":11,"key":"CeramicFish"},{"floor":15,"key":"Pear"},{"floor":15,"key":"Replay:Bottled Steam"},{"floor":16,"key":"Garlic"},{"floor":16,"key":"Replay:Bandana"},{"floor":17,"key":"Paper Crane"},{"floor":17,"key":"Replay:Bottled Flurry"},{"floor":18,"key":"Strawberry"},{"floor":18,"key":"Oddly Smooth Stone"}],"event_choices":[],"is_beta":true,"boss_relics":[{"not_picked":["Snecko Eye","Astrolabe"],"picked":"Painkiller Herb"},{"not_picked":["SlaversCollar","Velvet Choker"],"picked":"Coffee Dripper"}],"items_purged_floors":[1,7,13],"is_endless":false,"potions_floor_spawned":[11,15,16,17,18],"ascension_level":0}}