{"host":"bu0lvejwxlz725fi","time":1609524131,"event":{"mods":["AchievementEnabler","Astrologer","BaseMod","Colored Powertips","Downfall","Hermit","Jorbs\u0027s Wanderer Trilogy","Minty Spire (QoL Compilation)","Quick Restart","Robot Space Explorer","StSLib","The Bug Knight","The Disciple","The Hierophant","The Necromancer","The Runesmith","The Servant 0.9.4","The Wild Card"],"gold_per_floor":[113,124,299,66,94,101,101,146,146,146,180,208,208,232,232,243,243,192,292,258,268,34,2,2],"floor_reached":23,"playtime":1920,"items_purged":["Doubt"],"score":178,"play_id":"96e4a72c-e963-4fb5-955f-405bbeed46c0","local_time":"20210101190211","is_ascension_mode":false,"campfire_choices":[{"data":"hierophant:DivineIntervention","floor":7.0,"key":"SMITH"},{"floor":13.0,"key":"REST"},{"floor":15.0,"key":"RECALL"}],"circlet_count":0,"master_deck":["hierophant:Strike_Hierophant","hierophant:Strike_Hierophant","hierophant:Strike_Hierophant","hierophant:Strike_Hierophant","hierophant:Punish","hierophant:Defend_Hierophant","hierophant:Defend_Hierophant","hierophant:Defend_Hierophant","hierophant:Defend_Hierophant","hierophant:ChurchCoffers+1","hierophant:Glossolalia","hierophant:PassingBell","hierophant:MorningPrayer","hierophant:CursedGold","hierophant:Doubloon","hierophant:Doubloon","hierophant:Charity","hierophant:DivineIntervention+1","hierophant:WrathOfGod","hierophant:HolyVerse","hierophant:Sermon","hierophant:HolyVerse","hierophant:Invocation","hierophant:PassingBell","hierophant:Doubloon+1","hierophant:Smite","hierophant:Charity","hierophant:Doubloon","Bandage Up"],"relics":["hierophant:PropheticMaskRelic","NeowsBlessing","Mummified Hand","Omamori","Membership Card"],"acts_visited":["Exordium","TheCity"],"potions_floor_usage":[],"damage_taken":[{"damage":0.0,"enemies":"Jaw Worm","floor":1.0,"turns":1.0},{"damage":0.0,"enemies":"Small Slimes","floor":2.0,"turns":1.0},{"damage":0.0,"enemies":"Cultist","floor":5.0,"turns":1.0},{"damage":22.0,"enemies":"Lagavulin","floor":6.0,"turns":10.0},{"damage":7.0,"enemies":"Gremlin Nob","floor":8.0,"turns":3.0},{"damage":0.0,"enemies":"2 Fungi Beasts","floor":11.0,"turns":2.0},{"damage":6.0,"enemies":"Large Slime","floor":12.0,"turns":4.0},{"damage":0.0,"enemies":"Lots of Slimes","floor":14.0,"turns":2.0},{"damage":26.0,"enemies":"Slime Boss","floor":16.0,"turns":4.0},{"damage":2.0,"enemies":"Shell Parasite","floor":18.0,"turns":4.0},{"damage":14.0,"enemies":"2 Thieves","floor":20.0,"turns":3.0},{"damage":7.0,"enemies":"Centurion and Healer","floor":21.0,"turns":6.0},{"damage":23,"enemies":"Book of Stabbing","floor":23,"turns":4}],"seed_played":"4063474157163673621","potions_obtained":[{"floor":1.0,"key":"champ:CounterPotion"},{"floor":6.0,"key":"Explosive Potion"},{"floor":14.0,"key":"Swift Potion"}],"is_trial":false,"path_per_floor":["M","M","?","$","M","E","R","E","T","?","M","M","R","M","R","B",null,"M","?","M","M","$","E"],"character_chosen":"HIEROPHANT","items_purchased":["hierophant:PassingBell","hierophant:MorningPrayer","hierophant:CursedGold","Membership Card","hierophant:Charity","Bandage Up"],"campfire_rested":1,"item_purchase_floors":[4,4,4,22,22,22],"current_hp_per_floor":[75,75,75,75,75,53,53,46,46,46,46,40,62,62,62,36,75,73,73,59,52,52,33,33],"gold":2,"neow_bonus":"THREE_ENEMY_KILL","is_daily":false,"chose_seed":false,"campfire_upgraded":1,"win_rate":0.0,"timestamp":1609524131,"path_taken":["M","M","?","$","M","E","R","E","T","?","M","M","R","M","R","BOSS","M","?","?","M","$","E"],"items_purchased_type":["Card","Card","Card","Relic","Card","Card"],"build_version":"2020-12-22","purchased_purges":1,"victory":false,"max_hp_per_floor":[75,75,75,75,75,75,75,75,75,75,75,75,75,75,75,75,75,75,75,75,75,75,75,75],"card_choices":[{"not_picked":["hierophant:SecretStash","hierophant:Shelter","hierophant:FlamingChariot"],"picked":"SKIP","floor":1.0},{"not_picked":["hierophant:ArchangelShield","hierophant:Doubloon"],"picked":"hierophant:Glossolalia","floor":2.0},{"not_picked":["hierophant:HolyVerse","hierophant:DisplayOfPower"],"picked":"hierophant:Charity","floor":5.0},{"not_picked":["hierophant:Sermon","hierophant:Remorse"],"picked":"hierophant:DivineIntervention","floor":6.0},{"not_picked":["hierophant:Community","hierophant:RepressedViolence"],"picked":"hierophant:WrathOfGod","floor":8.0},{"not_picked":["hierophant:Patience","hierophant:PassingBell"],"picked":"hierophant:HolyVerse","floor":11.0},{"not_picked":["hierophant:SealAway","hierophant:Remorse"],"picked":"hierophant:Sermon","floor":12.0},{"not_picked":["hierophant:RepressedViolence","hierophant:Dazzle"],"picked":"hierophant:HolyVerse","floor":14.0},{"not_picked":["hierophant:Determination","hierophant:DivineIntervention"],"picked":"hierophant:Invocation","floor":16.0},{"not_picked":["hierophant:AuricShield","hierophant:Zeal"],"picked":"hierophant:PassingBell","floor":18.0},{"not_picked":["hierophant:SealAway","hierophant:Endure"],"picked":"hierophant:Doubloon+1","floor":20.0},{"not_picked":["hierophant:RepressedViolence+1","hierophant:FieryStrike"],"picked":"hierophant:Smite","floor":21.0}],"player_experience":138699,"relics_obtained":[{"floor":6.0,"key":"Mummified Hand"},{"floor":8.0,"key":"Omamori"}],"event_choices":[{"damage_healed":0.0,"max_hp_gain":0.0,"max_hp_loss":0.0,"gold_gain":175.0,"event_name":"Liars Game","player_choice":"AGREE","floor":3.0,"gold_loss":0.0,"damage_taken":0.0,"cards_obtained":["Doubt"]},{"damage_healed":0.0,"max_hp_gain":0.0,"max_hp_loss":0.0,"gold_gain":0.0,"event_name":"Living Wall","player_choice":"Grow","floor":10.0,"gold_loss":0.0,"damage_taken":0.0,"cards_upgraded":["hierophant:ChurchCoffers"]},{"damage_healed":0.0,"max_hp_gain":0.0,"max_hp_loss":0.0,"gold_gain":100.0,"event_name":"Golden Shrine","player_choice":"Pray","floor":19.0,"gold_loss":0.0,"damage_taken":0.0}],"is_beta":false,"boss_relics":[{"not_picked":["Ectoplasm","Fusion Hammer","Runic Dome"]}],"items_purged_floors":[4],"is_endless":false,"potions_floor_spawned":[1,6,14],"killed_by":"Book of Stabbing","ascension_level":0}}