{"host":"e1pm3b7xpcm97e5w","time":1609530249,"event":{"mods":["BaseMod","Better Skull","Googly Eyes","Minty Spire (QoL Compilation)","Relic Stats","Shop Mod","Spicy Shops","StSLib"],"gold_per_floor":[112,112,62,62,80,115,115,148,174,193,193,193,203,218,218,313,313,325,325,325,335,44,44,73,73,73,24,24,24,43,43,43,138,138,148,25,39,58,68,101,101,149,203,252,285,299,299,330,330,330],"floor_reached":51,"playtime":2436,"items_purged":[],"score":1153,"play_id":"aa43e29e-dff2-43a1-b0bf-c0fde7cbf208","local_time":"20210101144409","is_ascension_mode":true,"campfire_choices":[{"data":"Genetic Algorithm","floor":7,"key":"SMITH"},{"data":"Capacitor","floor":12,"key":"SMITH"},{"data":"Barrage","floor":15,"key":"SMITH"},{"data":"Rainbow","floor":23,"key":"SMITH"},{"floor":25,"key":"REST"},{"data":"Zap","floor":28,"key":"SMITH"},{"data":"Biased Cognition","floor":32,"key":"SMITH"},{"data":"Streamline","floor":41,"key":"SMITH"},{"data":"Defragment","floor":49,"key":"SMITH"}],"circlet_count":0,"master_deck":["Strike_B+1","Strike_B+1","Strike_B+1","Defend_B+1","Defend_B+1","Defend_B+1","Defend_B+1","Zap+1","Dualcast+1","Genetic Algorithm+1","Glacier+1","Capacitor+1","Coolheaded","Barrage+1","Cold Snap","Self Repair","Rainbow+1","Capacitor","Conserve Battery+1","Self Repair","Streamline+1","Biased Cognition+1","Electrodynamics","Double Energy+1","Defragment+1","Streamline+1"],"relics":["Cracked Core","NeowsBlessing","Regal Pillow","Omamori","MealTicket","Runic Pyramid","Membership Card","Kunai","ClockworkSouvenir","Bag of Preparation","Toxic Egg 2","Thread and Needle","Coffee Dripper","Shuriken","OrangePellets","Molten Egg 2","Lizard Tail","War Paint","Art of War","Anchor","Dream Catcher"],"acts_visited":["Exordium","TheCity","TheBeyond"],"potions_floor_usage":[16,18,24,30,33,38,39,50],"damage_taken":[{"damage":0,"enemies":"Small Slimes","floor":1,"turns":1},{"damage":0,"enemies":"2 Louse","floor":5,"turns":1},{"damage":0,"enemies":"Lagavulin","floor":6,"turns":2},{"damage":18,"enemies":"3 Sentries","floor":8,"turns":15},{"damage":3,"enemies":"Jaw Worm","floor":10,"turns":4},{"damage":0,"enemies":"Looter","floor":13,"turns":4},{"damage":2,"enemies":"3 Louse","floor":14,"turns":4},{"damage":17,"enemies":"Hexaghost","floor":16,"turns":12},{"damage":0,"enemies":"Spheric Guardian","floor":18,"turns":5},{"damage":4,"enemies":"Chosen","floor":21,"turns":5},{"damage":53,"enemies":"Slavers","floor":24,"turns":6},{"damage":0,"enemies":"3 Cultists","floor":30,"turns":7},{"damage":20,"enemies":"Collector","floor":33,"turns":11},{"damage":0,"enemies":"3 Shapes","floor":35,"turns":5},{"damage":0,"enemies":"Orb Walker","floor":37,"turns":3},{"damage":0,"enemies":"Transient","floor":38,"turns":5},{"damage":1,"enemies":"Jaw Worm Horde","floor":39,"turns":5},{"damage":22,"enemies":"Giant Head","floor":40,"turns":10},{"damage":52,"enemies":"2 Orb Walkers","floor":42,"turns":6},{"damage":6,"enemies":"Nemesis","floor":45,"turns":7},{"damage":0,"enemies":"4 Shapes","floor":46,"turns":2},{"damage":0,"enemies":"Reptomancer","floor":48,"turns":5},{"damage":38,"enemies":"Time Eater","floor":50,"turns":9}],"seed_played":"-3861090304783448508","potions_obtained":[{"floor":5,"key":"FocusPotion"},{"floor":6,"key":"Dexterity Potion"},{"floor":13,"key":"LiquidMemories"},{"floor":21,"key":"SkillPotion"},{"floor":30,"key":"Fruit Juice"},{"floor":37,"key":"LiquidMemories"},{"floor":39,"key":"EntropicBrew"},{"floor":42,"key":"BlessingOfTheForge"}],"is_trial":false,"path_per_floor":["M","?","?","$","M","E","R","E","T","M","?","R","M","M","R","B",null,"M","?","?","M","$","R","E","R","T","$","R","?","M","?","R","B",null,"M","$","M","M","M","E","R","?","T","T","E","M","?","E","R","B",null],"character_chosen":"DEFECT","items_purchased":["Membership Card","Kunai","ClockworkSouvenir","Thread and Needle","Self Repair","Shuriken","OrangePellets"],"campfire_rested":1,"item_purchase_floors":[22,22,22,27,27,36,36],"current_hp_per_floor":[68,73,73,73,73,73,73,55,55,52,52,52,52,50,50,40,70,70,70,55,58,73,73,27,67,67,82,82,82,90,90,90,77,87,90,90,90,90,90,82,82,44,44,44,52,59,59,73,73,49],"gold":330,"neow_bonus":"THREE_ENEMY_KILL","is_daily":false,"chose_seed":false,"campfire_upgraded":8,"win_rate":0.0,"timestamp":1609530249,"path_taken":["M","?","?","$","M","E","R","E","T","M","?","R","M","M","R","BOSS","M","?","?","M","$","R","E","R","T","$","R","?","M","?","R","BOSS","M","$","M","M","M","E","R","?","T","?","E","M","?","E","R","BOSS"],"items_purchased_type":["Relic","Relic","Relic","Relic","Card","Relic","Relic"],"build_version":"2020-12-22","purchased_purges":0,"victory":true,"max_hp_per_floor":[75,80,80,80,80,80,80,80,80,80,80,80,80,80,80,80,80,80,80,85,85,85,85,85,85,85,85,85,85,90,90,90,90,90,90,90,90,90,90,90,90,90,90,90,90,90,85,85,85,85],"relic_stats":{"OrangePellets":[2],"Regal Pillow":15,"Lizard Tail":0,"Dream Catcher":0,"counters":[23,134],"Shuriken":[12],"MealTicket":30,"Bag of Preparation":[24],"Art of War":[8],"Kunai":[16],"War Paint":["Glacier","Dualcast"],"obtain_stats":[{"Regal Pillow":6,"NeowsBlessing":0,"Thread and Needle":27,"Omamori":8,"Bag of Preparation":24,"War Paint":43,"ClockworkSouvenir":22,"OrangePellets":36,"Lizard Tail":42,"Anchor":45,"Dream Catcher":48,"Shuriken":36,"MealTicket":9,"Molten Egg 2":40,"Coffee Dripper":34,"Art of War":44,"Membership Card":22,"Kunai":22,"Toxic Egg 2":26,"Cracked Core":0,"Runic Pyramid":17},{"Regal Pillow":3,"NeowsBlessing":0,"Thread and Needle":11,"Omamori":4,"Bag of Preparation":11,"War Paint":19,"ClockworkSouvenir":10,"OrangePellets":14,"Lizard Tail":19,"Anchor":20,"Dream Catcher":22,"Shuriken":14,"MealTicket":4,"Molten Egg 2":18,"Coffee Dripper":13,"Art of War":19,"Membership Card":10,"Kunai":10,"Toxic Egg 2":11,"Cracked Core":0,"Runic Pyramid":8},{"Regal Pillow":4,"NeowsBlessing":0,"Thread and Needle":59,"Omamori":19,"Bag of Preparation":59,"War Paint":111,"ClockworkSouvenir":53,"OrangePellets":82,"Lizard Tail":111,"Anchor":118,"Dream Catcher":125,"Shuriken":82,"MealTicket":19,"Molten Egg 2":105,"Coffee Dripper":77,"Art of War":111,"Membership Card":53,"Kunai":53,"Toxic Egg 2":59,"Cracked Core":0,"Runic Pyramid":43}]},"card_choices":[{"not_picked":["Streamline","Go for the Eyes"],"picked":"Genetic Algorithm","floor":1},{"not_picked":["Rebound","Conserve Battery"],"picked":"Glacier","floor":5},{"not_picked":["Leap","Rebound"],"picked":"Capacitor","floor":6},{"not_picked":["Leap","Steam Power"],"picked":"Coolheaded","floor":8},{"not_picked":["Rebound","Ball Lightning"],"picked":"Barrage","floor":10},{"not_picked":["Gash","Force Field"],"picked":"Cold Snap","floor":13},{"not_picked":["Coolheaded","Blizzard"],"picked":"Self Repair","floor":14},{"not_picked":["Reboot","Buffer"],"picked":"Rainbow","floor":16},{"not_picked":["Cold Snap","Undo+1"],"picked":"Capacitor","floor":18},{"not_picked":["Melter","Steam"],"picked":"Conserve Battery+1","floor":21},{"not_picked":["Hologram","Undo+1","BootSequence"],"picked":"SKIP","floor":24},{"not_picked":["Coolheaded+1","Barrage+1"],"picked":"Streamline","floor":30},{"not_picked":["Core Surge","All For One"],"picked":"Electrodynamics","floor":33},{"not_picked":["Hello World","Reprogram+1","Compile Driver"],"picked":"SKIP","floor":35},{"not_picked":["Aggregate+1","Genetic Algorithm+1","Lockon+1"],"picked":"SKIP","floor":37},{"not_picked":["Beam Cell+1","Leap+1"],"picked":"Double Energy+1","floor":38},{"not_picked":["Sweeping Beam","Scrape","FTL"],"picked":"SKIP","floor":39},{"not_picked":["Genetic Algorithm+1","Conserve Battery+1","Rip and Tear+1"],"picked":"SKIP","floor":40},{"not_picked":["Conserve Battery+1","Sweeping Beam+1"],"picked":"Defragment","floor":42},{"not_picked":["BootSequence+1","Go for the Eyes+1"],"picked":"Streamline+1","floor":45},{"not_picked":["Coolheaded+1","Compile Driver+1","Go for the Eyes+1"],"picked":"SKIP","floor":46},{"not_picked":["Aggregate+1","Streamline+1","Rip and Tear+1"],"picked":"SKIP","floor":48}],"player_experience":500011,"relics_obtained":[{"floor":6,"key":"Regal Pillow"},{"floor":8,"key":"Omamori"},{"floor":9,"key":"MealTicket"},{"floor":24,"key":"Bag of Preparation"},{"floor":26,"key":"Toxic Egg 2"},{"floor":40,"key":"Molten Egg 2"},{"floor":42,"key":"Lizard Tail"},{"floor":43,"key":"War Paint"},{"floor":44,"key":"Art of War"},{"floor":45,"key":"Anchor"},{"floor":48,"key":"Dream Catcher"}],"event_choices":[{"damage_healed":0,"gold_gain":0,"player_choice":"Donut","damage_taken":0,"max_hp_gain":5,"max_hp_loss":0,"event_name":"Big Fish","floor":2,"gold_loss":0},{"cards_removed":["Strike_B"],"damage_healed":0,"gold_gain":0,"player_choice":"Card Removal","damage_taken":0,"max_hp_gain":0,"max_hp_loss":0,"event_name":"The Cleric","floor":3,"gold_loss":50},{"damage_healed":0,"gold_gain":0,"player_choice":"Ignored","damage_taken":0,"max_hp_gain":0,"max_hp_loss":0,"event_name":"Liars Game","floor":11,"gold_loss":0},{"damage_healed":0,"gold_gain":0,"player_choice":"Simplicity","damage_taken":0,"max_hp_gain":0,"max_hp_loss":0,"event_name":"Back to Basics","floor":19,"gold_loss":0,"cards_upgraded":["Strike_B","Strike_B","Strike_B","Defend_B","Defend_B","Defend_B","Defend_B"]},{"damage_healed":0,"gold_gain":0,"player_choice":"Shed Blood","damage_taken":20,"max_hp_gain":5,"max_hp_loss":0,"event_name":"Forgotten Altar","floor":20,"gold_loss":0},{"damage_healed":0,"gold_gain":0,"player_choice":"Ignored","damage_taken":0,"max_hp_gain":0,"max_hp_loss":0,"event_name":"Vampires","floor":29,"gold_loss":0},{"damage_healed":0,"gold_gain":0,"player_choice":"Read","damage_taken":0,"max_hp_gain":0,"max_hp_loss":0,"event_name":"The Library","floor":31,"gold_loss":0,"cards_obtained":["Biased Cognition"]},{"damage_healed":0,"gold_gain":0,"player_choice":"Fight","damage_taken":0,"max_hp_gain":0,"max_hp_loss":0,"event_name":"Mysterious Sphere","floor":42,"gold_loss":0},{"damage_healed":0,"gold_gain":0,"player_choice":"Max HP","damage_taken":0,"max_hp_gain":0,"max_hp_loss":5,"event_name":"Winding Halls","floor":47,"gold_loss":0}],"is_beta":false,"boss_relics":[{"not_picked":["Busted Crown","Empty Cage"],"picked":"Runic Pyramid"},{"not_picked":["Philosopher\u0027s Stone","Black Star"],"picked":"Coffee Dripper"}],"items_purged_floors":[],"is_endless":false,"potions_floor_spawned":[5,6,13,21,30,37,39,42,48],"ascension_level":9}}