{"host":"lkyw40t68mxhwfjf","time":1609526305,"event":{"mods":["2.2 Compatiblity","Act Like it!","Arknights The Spire","BaseMod","Better Note","Hallownest","HololiveMod","Hubris","Koishi","Lobotomy","Marisa¡]Ãú«B¡@Å]²z¨F¡^","Minty Spire (QoL Compilation)","Prisma Mod","Reimu¡]³Õ???¡^","Remilia¡]Á¢¦Ì²ú?¡^","Replay The Spire","RumiaBox-ÅS¦Ì?ªº¯«¯µ²°¤l","StSLib","The Animator","The Servant 0.9.4","WarShipGirlsR/??¤Ö¤kR mod","Youmu¡]»î¾z§¯?¡^","Yuyuko"],"gold_per_floor":[215,24,40,57,76,105,105,105,105,116,132,142,156,173,173,268,268,288,306,0,15,15,15],"floor_reached":22,"playtime":943,"items_purged":[],"score":244,"play_id":"0870ac73-d6b6-4d7d-be39-8cdcdc21a35d","local_time":"20210102023825","is_ascension_mode":false,"campfire_choices":[{"data":"ats:Emotion Absorption","floor":8,"key":"SMITH"},{"floor":15,"key":"REST"}],"circlet_count":0,"master_deck":["ats:Strike C","ats:Strike G","ats:Strike S","ats:Armor Crushing Shot","ats:Defend","ats:Defend","ats:Defend","ats:Defend","ats:Emotion Absorption+1","ats:Flexible Camouflage","ats:Poison Spread","ats:Poison Spread","ats:Cat Scratch","ats:Rapid Magazine","ats:Composite Medical Shells","ats:Thermite Blade","ats:Overload","ats:Apocalypse","ats:Calcification","ats:Echo Reverb","ats:Explosion Area Strengthen","ats:Assault Order","ats:Healing Drone+1"],"relics":["ats:Sanity","Sling","ats:Originium","Thread and Needle","Shuriken","Philosopher\u0027s Stone","hubris:Potato"],"acts_visited":["Exordium","TheCity"],"potions_floor_usage":[6,16,16,16,21,22],"damage_taken":[{"damage":3,"enemies":"Small Slimes","floor":1,"turns":4},{"damage":6,"enemies":"Cultist","floor":3,"turns":3},{"damage":0,"enemies":"2 Louse","floor":4,"turns":3},{"damage":10,"enemies":"Looter","floor":5,"turns":3},{"damage":28,"enemies":"3 Sentries","floor":6,"turns":8},{"damage":1,"enemies":"Exordium Wildlife","floor":10,"turns":5},{"damage":4,"enemies":"Lots of Slimes","floor":11,"turns":4},{"damage":0,"enemies":"Large Slime","floor":12,"turns":5},{"damage":4,"enemies":"2 Fungi Beasts","floor":13,"turns":3},{"damage":9,"enemies":"Red Slaver","floor":14,"turns":3},{"damage":0,"enemies":"Fading Forest","floor":16,"turns":11},{"damage":8,"enemies":"Chosen","floor":18,"turns":4},{"damage":29,"enemies":"2 Thieves","floor":19,"turns":5},{"damage":41,"enemies":"Shelled Parasite and Fungi","floor":21,"turns":6},{"damage":26,"enemies":"Snake Plant","floor":22,"turns":3}],"seed_played":"4509878075446056549","potions_obtained":[{"floor":1,"key":"Fire Potion"},{"floor":5,"key":"ZuzhouPotion:ReiMu"},{"floor":10,"key":"Ancient Potion"},{"floor":12,"key":"Adrenaline Potion"},{"floor":13,"key":"SkillPotion"},{"floor":16,"key":"Adrenaline Potion"},{"floor":18,"key":"Doom Potion"},{"floor":21,"key":"Adrenaline Potion"}],"is_trial":false,"path_per_floor":["M","$","M","M","M","E","?","R","T","M","M","M","M","M","R","B",null,"M","M","$","M","M"],"character_chosen":"DOCTOR_CLASS","items_purchased":["Sling","ats:Poison Spread","hubris:Potato"],"campfire_rested":1,"item_purchase_floors":[2,2,20],"current_hp_per_floor":[69,69,63,63,53,25,25,25,25,24,20,24,20,15,36,60,72,65,45,45,13,0,0],"gold":15,"neow_bonus":"HUNDRED_GOLD","is_daily":false,"chose_seed":false,"campfire_upgraded":1,"win_rate":0.0,"timestamp":1609526305,"path_taken":["M","$","M","M","M","E","?","R","T","M","?","M","?","?","R","BOSS","M","M","$","?","?"],"items_purchased_type":["Relic","Card","Relic"],"build_version":"2020-12-22","purchased_purges":0,"victory":false,"max_hp_per_floor":[72,72,72,72,72,72,72,72,72,72,72,72,72,72,72,72,72,72,72,72,72,72,72],"card_choices":[{"not_picked":["ats:Powerful Strike","ats:Flame Of Heaven"],"picked":"ats:Flexible Camouflage","floor":1},{"not_picked":["ats:Hook Shot","ats:Leaping Hammer"],"picked":"ats:Cat Scratch","floor":3},{"not_picked":["ats:Shell Defense","ats:Roar Of Ursus"],"picked":"ats:Rapid Magazine","floor":4},{"not_picked":["ats:Overload","ats:Apocalypse"],"picked":"ats:Composite Medical Shells","floor":5},{"not_picked":["ats:Composite Medical Shells","ats:Closed Bolt Burst Fire"],"picked":"ats:Thermite Blade","floor":6},{"not_picked":["ats:Curse Doll","ats:Poison Spread"],"picked":"ats:Overload","floor":10},{"not_picked":["ats:Childhood Dance","ats:Revitalization"],"picked":"ats:Apocalypse","floor":11},{"not_picked":["ats:Leaping Hammer","ats:Cat Scratch"],"picked":"ats:Calcification","floor":12},{"not_picked":["ats:Cat Scratch","ats:Leaping Hammer","ats:Curse Doll"],"picked":"SKIP","floor":13},{"not_picked":["ats:Powerful Strike","ats:Poison Spread","ats:Flame Of Heaven"],"picked":"SKIP","floor":14},{"not_picked":["ats:Disruption Kick","ats:Durian"],"picked":"ats:Echo Reverb","floor":16},{"not_picked":["ats:Hammer On","ats:Consecutive Shot Auto"],"picked":"ats:Explosion Area Strengthen","floor":18},{"not_picked":["ats:Explosion Area Strengthen","ats:Curse Doll"],"picked":"ats:Assault Order","floor":19},{"not_picked":["ats:LN2 Cannon","ats:Flexible Camouflage"],"picked":"ats:Healing Drone+1","floor":21}],"player_experience":404292,"relics_obtained":[{"floor":6,"key":"ats:Originium"},{"floor":6,"key":"Thread and Needle"},{"floor":9,"key":"Shuriken"}],"event_choices":[{"cards_removed":["ats:Strike V"],"damage_healed":0,"gold_gain":0,"player_choice":"Purged","damage_taken":0,"max_hp_gain":0,"max_hp_loss":0,"event_name":"Purifier","floor":7,"gold_loss":0}],"is_beta":false,"boss_relics":[{"not_picked":["Black Star","Fusion Hammer"],"picked":"Philosopher\u0027s Stone"}],"items_purged_floors":[],"is_endless":false,"potions_floor_spawned":[1,5,10,12,13,16,18,21],"killed_by":"Snake Plant","ascension_level":0}}