{"host":"TheHustler","time":1609502723,"event":{"mods":["BaseMod","Block Reminder","Colored Map","Colored Powertips","Minty Spire (QoL Compilation)","Quick Restart","StSLib","SuperFastMode","Unceasing Turn Reminder"],"gold_per_floor":[114,65,80,95,110,140,140,170,170,172,202,202,232,82,82,182,182,197,197,112,127,127,157,157,187,187,217,232,262,16,31,31,131,131,146,421,436,451,51,51,81,81,81,111,111,141,156,156,156,156],"floor_reached":51,"playtime":2591,"items_purged":["Grand Finale","Regret"],"score":1089,"play_id":"b68584d4-8f17-44a5-a29f-45bca2a52e3f","local_time":"20210101130523","daily_mods":["Shiny","ControlledChaos","Elite Swarm"],"is_ascension_mode":false,"campfire_choices":[{"data":"Adrenaline","floor":7,"key":"SMITH"},{"data":"Wraith Form v2","floor":12,"key":"SMITH"},{"data":"Envenom","floor":15,"key":"SMITH"},{"data":"Corpse Explosion","floor":24,"key":"SMITH"},{"data":"Sadistic Nature","floor":32,"key":"SMITH"},{"data":"Adrenaline","floor":40,"key":"SMITH"},{"data":"A Thousand Cuts","floor":42,"key":"SMITH"},{"data":"Adrenaline","floor":49,"key":"SMITH"}],"circlet_count":0,"master_deck":["Venomology","Corpse Explosion+1","Malaise","Phantasmal Killer","Die Die Die","Adrenaline+1","Envenom+1","Doppelganger","Burst","Wraith Form v2+1","Tools of the Trade","Night Terror","Unload","After Image","Bullet Time","Storm of Steel","Glass Knife","A Thousand Cuts+1","Setup","Backflip","Escape Plan","Backflip","Crippling Poison","Burst","Acrobatics","Venomology","Bullet Time","Reflex","PiercingWail+1","Choke+1","Sadistic Nature+1","Outmaneuver+1","Adrenaline+1","Outmaneuver+1","Adrenaline+1","Well Laid Plans+1"],"relics":["Ring of the Snake","Frozen Eye","Prayer Wheel","PreservedInsect","Orichalcum","Odd Mushroom","Snake Skull","Strawberry","Bag of Preparation","Snecko Eye","Nilry\u0027s Codex","Pen Nib","Singing Bowl","Happy Flower","White Beast Statue","Question Card","Shuriken","SacredBark","Juzu Bracelet","Lee\u0027s Waffle","Potion Belt","Lizard Tail","Gremlin Horn","HornCleat"],"acts_visited":["Exordium","TheCity","TheBeyond"],"potions_floor_usage":[4,13,16,16,18,21,29,31,31,33,33,33,35,44,50,50,50,50,50,50,50],"damage_taken":[{"damage":3,"enemies":"Cultist","floor":1,"turns":3},{"damage":8,"enemies":"Small Slimes","floor":3,"turns":3},{"damage":9,"enemies":"2 Louse","floor":4,"turns":3},{"damage":2,"enemies":"Blue Slaver","floor":5,"turns":2},{"damage":3,"enemies":"3 Sentries","floor":6,"turns":3},{"damage":8,"enemies":"Lagavulin","floor":8,"turns":6},{"damage":0,"enemies":"The Mushroom Lair","floor":10,"turns":2},{"damage":0,"enemies":"Gremlin Nob","floor":11,"turns":3},{"damage":9,"enemies":"3 Sentries","floor":13,"turns":3},{"damage":10,"enemies":"Hexaghost","floor":16,"turns":7},{"damage":0,"enemies":"Chosen","floor":18,"turns":3},{"damage":3,"enemies":"3 Byrds","floor":21,"turns":4},{"damage":6,"enemies":"Gremlin Leader","floor":23,"turns":3},{"damage":0,"enemies":"Book of Stabbing","floor":25,"turns":4},{"damage":0,"enemies":"Gremlin Leader","floor":27,"turns":2},{"damage":0,"enemies":"Centurion and Healer","floor":28,"turns":2},{"damage":0,"enemies":"Book of Stabbing","floor":29,"turns":3},{"damage":17,"enemies":"3 Cultists","floor":31,"turns":3},{"damage":7,"enemies":"Automaton","floor":33,"turns":5},{"damage":0,"enemies":"3 Darklings","floor":35,"turns":3},{"damage":0,"enemies":"3 Shapes","floor":37,"turns":3},{"damage":20,"enemies":"Spire Growth","floor":38,"turns":3},{"damage":0,"enemies":"Nemesis","floor":41,"turns":3},{"damage":0,"enemies":"Reptomancer","floor":44,"turns":5},{"damage":14,"enemies":"Giant Head","floor":46,"turns":4},{"damage":0,"enemies":"Maw","floor":47,"turns":3},{"damage":9,"enemies":"Awakened One","floor":50,"turns":6}],"seed_played":"-2495295926900846280","potions_obtained":[{"floor":1,"key":"GamblersBrew"},{"floor":6,"key":"SpeedPotion"},{"floor":11,"key":"Dexterity Potion"},{"floor":13,"key":"SpeedPotion"},{"floor":18,"key":"Swift Potion"},{"floor":21,"key":"CultistPotion"},{"floor":31,"key":"BlessingOfTheForge"},{"floor":33,"key":"Fruit Juice"},{"floor":35,"key":"Regen Potion"},{"floor":41,"key":"DuplicationPotion"},{"floor":44,"key":"LiquidMemories"},{"floor":46,"key":"PowerPotion"}],"is_trial":false,"path_per_floor":["M","$","M","M","M","E","R","E","T","?","E","R","E","$","R","B",null,"M","?","?","M","$","E","R","E","T","E","M","E","$","M","R","B",null,"M","?","M","M","$","R","E","R","T","E","$","E","M","?","R","B",null],"character_chosen":"THE_SILENT","items_purchased":["Backflip","Bag of Preparation","Sadistic Nature","Juzu Bracelet","Lee\u0027s Waffle"],"campfire_rested":0,"item_purchase_floors":[2,14,30,39,39],"current_hp_per_floor":[67,67,59,50,48,45,45,37,37,37,37,37,35,35,35,25,77,77,61,61,58,58,54,54,56,56,58,58,60,60,45,45,43,92,94,94,98,80,107,107,107,107,107,109,109,97,99,99,99,113],"gold":156,"neow_bonus":"","is_daily":true,"chose_seed":false,"campfire_upgraded":8,"win_rate":0.0,"timestamp":1609502723,"path_taken":["M","$","M","?","M","E","R","E","T","?","E","R","E","$","R","BOSS","M","?","?","M","$","E","R","E","T","E","M","E","?","M","R","BOSS","M","?","?","M","$","R","E","R","T","E","$","E","M","?","R","BOSS"],"items_purchased_type":["Card","Relic","Card","Relic","Relic"],"build_version":"2020-12-18","purchased_purges":2,"victory":true,"max_hp_per_floor":[70,70,70,70,70,70,70,70,70,70,70,70,77,77,77,77,77,77,77,77,77,77,79,79,81,81,83,83,85,85,87,87,92,92,94,94,98,100,107,107,107,107,107,109,109,111,113,113,113,113],"card_choices":[{"not_picked":["Dagger Spray","Underhanded Strike"],"picked":"Setup","floor":1},{"not_picked":["Slice","Poisoned Stab"],"picked":"Escape Plan","floor":3},{"not_picked":["Bane","Flying Knee"],"picked":"Backflip","floor":4},{"not_picked":["Terror","Slice"],"picked":"Crippling Poison","floor":5},{"not_picked":["Unload","Grand Finale"],"picked":"Burst","floor":6},{"not_picked":["Storm of Steel","Burst","Night Terror"],"picked":"SKIP","floor":8},{"not_picked":["Skewer","Poisoned Stab"],"picked":"Acrobatics","floor":10},{"not_picked":["Doppelganger","Phantasmal Killer"],"picked":"Venomology","floor":11},{"not_picked":["Glass Knife","A Thousand Cuts"],"picked":"Bullet Time","floor":13},{"not_picked":["Blade Dance","Expertise"],"picked":"Reflex","floor":18},{"not_picked":["Crippling Poison","Slice","Bane"],"picked":"SKIP","floor":18},{"not_picked":["Quick Slash","Blade Dance","Bane+1"],"picked":"SKIP","floor":21},{"not_picked":["Acrobatics","Deflect+1","All Out Attack"],"picked":"SKIP","floor":21},{"not_picked":["Corpse Explosion","Malaise","Envenom"],"picked":"Singing Bowl","floor":23},{"not_picked":["Unload","Burst","Envenom"],"picked":"Singing Bowl","floor":25},{"not_picked":["Venomology","Doppelganger","Grand Finale"],"picked":"Singing Bowl","floor":27},{"not_picked":["Dodge and Roll","Endless Agony","Sucker Punch"],"picked":"PiercingWail+1","floor":28},{"not_picked":["Flying Knee","Blade Dance","Quick Slash"],"picked":"Choke+1","floor":28},{"not_picked":["Bullet Time","Tools of the Trade","Malaise","Phantasmal Killer"],"picked":"Singing Bowl","floor":29},{"not_picked":["Dash","Deadly Poison+1","Prepared","Bane"],"picked":"Singing Bowl","floor":31},{"not_picked":["Slice+1","Dagger Throw","Choke"],"picked":"Outmaneuver+1","floor":31},{"not_picked":["Grand Finale","Bullet Time","Venomology"],"picked":"Adrenaline","floor":33},{"not_picked":["Dodge and Roll+1","Slice","Accuracy","Flying Knee+1"],"picked":"Singing Bowl","floor":35},{"not_picked":["Tools of the Trade","PiercingWail","Prepared+1"],"picked":"Eviscerate","floor":35},{"not_picked":["Underhanded Strike","PiercingWail+1","Dagger Spray","Poisoned Stab"],"picked":"Singing Bowl","floor":37},{"not_picked":["Blade Dance+1","Poisoned Stab+1","Dagger Spray+1","Catalyst+1"],"picked":"Singing Bowl","floor":37},{"not_picked":["Bane+1","Blur","Escape Plan+1","Flechettes+1"],"picked":"Singing Bowl","floor":38},{"not_picked":["Slice","Accuracy","Tools of the Trade"],"picked":"Outmaneuver+1","floor":38},{"not_picked":["Tools of the Trade","Bullet Time","A Thousand Cuts"],"picked":"Adrenaline","floor":41},{"not_picked":["Storm of Steel","Malaise","Venomology","Bullet Time"],"picked":"Singing Bowl","floor":44},{"not_picked":["Wraith Form v2","Glass Knife","Venomology","Burst"],"picked":"Singing Bowl","floor":46},{"not_picked":["Bane+1","Leg Sweep+1","Noxious Fumes"],"picked":"Well Laid Plans+1","floor":47},{"not_picked":["Flying Knee","Prepared+1","Deflect+1","Blade Dance"],"picked":"Singing Bowl","floor":47}],"player_experience":612155,"relics_obtained":[{"floor":6,"key":"Prayer Wheel"},{"floor":8,"key":"PreservedInsect"},{"floor":9,"key":"Orichalcum"},{"floor":10,"key":"Odd Mushroom"},{"floor":11,"key":"Snake Skull"},{"floor":13,"key":"Strawberry"},{"floor":19,"key":"Nilry\u0027s Codex"},{"floor":23,"key":"Singing Bowl"},{"floor":25,"key":"Happy Flower"},{"floor":26,"key":"White Beast Statue"},{"floor":27,"key":"Question Card"},{"floor":29,"key":"Shuriken"},{"floor":41,"key":"Potion Belt"},{"floor":43,"key":"Lizard Tail"},{"floor":44,"key":"Gremlin Horn"},{"floor":46,"key":"HornCleat"}],"event_choices":[{"damage_healed":0,"gold_gain":0,"player_choice":"Fought Mushrooms","damage_taken":0,"max_hp_gain":0,"max_hp_loss":0,"event_name":"Mushrooms","floor":10,"gold_loss":0},{"damage_healed":0,"gold_gain":0,"player_choice":"Obtained Book","damage_taken":16,"max_hp_gain":0,"max_hp_loss":0,"event_name":"Cursed Tome","floor":19,"gold_loss":0},{"damage_healed":0,"gold_gain":0,"player_choice":"Obtained Relic","damage_taken":0,"relics_obtained":["Pen Nib"],"max_hp_gain":0,"max_hp_loss":0,"event_name":"Addict","floor":20,"gold_loss":85},{"damage_healed":0,"gold_gain":275,"player_choice":"Desecrate","damage_taken":0,"max_hp_gain":0,"max_hp_loss":0,"event_name":"Golden Shrine","floor":36,"gold_loss":0,"cards_obtained":["Regret"]},{"cards_removed":["Eviscerate"],"damage_healed":0,"gold_gain":0,"player_choice":"Removed Attack","damage_taken":0,"max_hp_gain":0,"max_hp_loss":0,"event_name":"Falling","floor":48,"gold_loss":0}],"is_beta":true,"boss_relics":[{"not_picked":["Velvet Choker","Coffee Dripper"],"picked":"Snecko Eye"},{"not_picked":["Sozu","Empty Cage"],"picked":"SacredBark"}],"items_purged_floors":[30,39],"is_endless":false,"potions_floor_spawned":[1,6,11,13,18,21,23,27,28,29,31,33,35,37,38,41,44,46,47],"ascension_level":0}}