{"host":"nzm1i0l8mrsm8hd2","time":1609479833,"event":{"mods":["Act Like it!","Aspiration","BaseMod","Conspire","Gensokyo","Minty Spire (QoL Compilation)","Pale of the Ancients","Quick Restart","RumiaBox-露米娅的神秘盒子","Spicy Shops","StSLib","The Alterego","Yakumo Yukari mod"],"gold_per_floor":[137,137,137,156,156,181,181,200,247,259,282,294,319,331,343,451,463,489,517,245,257,38,38,38,38],"floor_reached":24,"playtime":1029,"items_purged":[],"score":203,"play_id":"1574af6f-309e-4d2b-9452-0971a4cdacb8","local_time":"20210101134353","is_ascension_mode":true,"campfire_choices":[{"data":"Extrememeaning_purpleEX","floor":7,"key":"SMITH"},{"data":"CommonSense_AntiCommonSense_purple","floor":10,"key":"SMITH"},{"data":"Observe_purple_2","floor":12,"key":"SMITH"}],"circlet_count":0,"master_deck":["AT_purpleEX","AT_purpleEX","AT_purpleEX","AT_purpleEX","Defend_purpleEX+1","Defend_purpleEX+1","Defend_purpleEX","Defend_purpleEX","Observe_purple_2+1","Extrememeaning_purpleEX+1","CommonSense_AntiCommonSense_purple+1","WeekHit_purple","PurpleNeedle_purple","Boundary_LifeAndDeath_purple","Gensokyo:TarnishedGold","Gensokyo:DepletedGenerator","Gensokyo:RustyChest","Boundary_LifeAndDeath_purple"],"relics":["Boundary_crack","Memoryfragments_purpleEX","aspiration:Nostalgia","Ring of the Snake","Mango","Happy Flower","aspiration:ArtOfWarUpgrade","MawBank","aspiration:HummingbirdHeart","conspire:RoyalGoblet","Toolbox","War Paint","Nunchaku","DollysMirror"],"acts_visited":["Exordium","Gensokyo:Gensokyo"],"potions_floor_usage":[4,6,16],"damage_taken":[{"damage":0,"enemies":"Gensokyo:Python","floor":1,"turns":3},{"damage":0,"enemies":"Gensokyo:2_Kodama","floor":4,"turns":5},{"damage":38,"enemies":"Gensokyo:Mamizou","floor":6,"turns":8},{"damage":0,"enemies":"Gensokyo:3_Fairies","floor":8,"turns":5},{"damage":5,"enemies":"Gensokyo:2_Rabbits","floor":11,"turns":5},{"damage":4,"enemies":"Gensokyo:Kitsune","floor":13,"turns":2},{"damage":7,"enemies":"Gensokyo:Reimu","floor":16,"turns":6},{"damage":19,"enemies":"Gensokyo:Chomper","floor":18,"turns":6},{"damage":19,"enemies":"Gensokyo:CosmicMonolith","floor":19,"turns":7},{"damage":59,"enemies":"Gensokyo:Reisen","floor":24,"turns":5}],"seed_played":"2023780098740205339","potions_obtained":[{"floor":1,"key":"SteroidPotion"},{"floor":4,"key":"BlessingOfTheForge"},{"floor":11,"key":"Strength Potion"},{"floor":13,"key":"Dexterity Potion"},{"floor":18,"key":"BlessingOfTheForge"}],"is_trial":false,"path_per_floor":["M","?","?","M","?","E","R","M","T","R","M","R","M","?","R","B",null,"M","M","COS","?","$","R","E"],"character_chosen":"Youkari","items_purchased":["Nunchaku","DollysMirror"],"campfire_rested":0,"item_purchase_floors":[22,22],"current_hp_per_floor":[70,63,63,65,65,31,31,36,36,36,36,36,37,21,21,19,84,70,56,56,56,56,56,0,0],"gold":38,"neow_bonus":"NOSTALGIA","is_daily":false,"chose_seed":false,"campfire_upgraded":3,"win_rate":0.0,"timestamp":1609479833,"path_taken":["M","?","?","M","?","E","R","M","T","R","M","R","?","?","R","BOSS","M","M","COS","?","?","R","E"],"items_purchased_type":["Relic","Relic"],"build_version":"2020-12-22","purchased_purges":0,"victory":false,"max_hp_per_floor":[70,84,84,84,84,84,84,84,84,84,84,84,84,84,84,84,84,84,84,84,78,78,78,78,78],"card_choices":[{"not_picked":["StretchesForeverDream_purple","SfantasyHide_purple"],"picked":"Extrememeaning_purpleEX","floor":1},{"not_picked":["Umbrella_purple","Realm_recovery_purpleEX","Extrememeaning_purpleEX"],"picked":"SKIP","floor":4},{"not_picked":["ExistenceContinue_purple","MagicEyes_LaplaceDemon_purple"],"picked":"CommonSense_AntiCommonSense_purple","floor":6},{"not_picked":["StretchesForeverDream_purple","ExistenceContinue_purple"],"picked":"WeekHit_purple","floor":8},{"not_picked":["OmniscientAndOmnipotent_Monster_purple","StretchesForeverDream_purple"],"picked":"PurpleNeedle_purple","floor":11},{"not_picked":["OpenedBox_purple","Realm_recovery_purpleEX","Umbrella_purple"],"picked":"SKIP","floor":13},{"not_picked":["D_absorption_purple","Mirror_TwoAndThreeElementRealm_purple"],"picked":"Boundary_LifeAndDeath_purple","floor":16},{"not_picked":["Charmbait_purple","Nest_LightFlightworm_purple","Realm_recovery_purpleEX"],"picked":"SKIP","floor":18},{"not_picked":["SharpContractionReality_purple+1","Mirror_FormAndEmptin_purple+1","WeekHit_purple"],"picked":"SKIP","floor":19}],"player_experience":575228,"relics_obtained":[{"floor":6,"key":"Art of War"},{"floor":9,"key":"MawBank"}],"event_choices":[],"is_beta":false,"boss_relics":[{"not_picked":["conspire:SeveredTorchhead","Ectoplasm"],"picked":"conspire:RoyalGoblet"}],"items_purged_floors":[],"is_endless":false,"potions_floor_spawned":[1,4,11,13,18],"killed_by":"Gensokyo:Reisen","ascension_level":1}}