{"host":"raai0vtvcfkt8csp","time":1609529539,"event":{"mods":["2.2 Compatiblity","BaseMod","Beaked The Cultist","Block Reminder","DeckTracker","Defective Defect","GifTheSpireLib","Minty Spire (QoL Compilation)","Quick Restart","Random Character Button","Rare Cards Sparkle","StSLib","Unceasing Turn Reminder"],"gold_per_floor":[114,114,134,3,3,30,30,63,63,63,96,96,111,126,126,227,227,246,265,265,265],"floor_reached":20,"playtime":965,"items_purged":[],"score":202,"play_id":"80fbd030-39ec-4db3-bd3c-02dbcf54f4de","local_time":"20210101203219","is_ascension_mode":true,"campfire_choices":[{"floor":10,"key":"REST"},{"floor":12,"key":"REST"},{"data":"beaked:Ceremony","floor":15,"key":"SMITH"}],"circlet_count":0,"master_deck":["beaked:Strike_Y","beaked:Strike_Y","beaked:Strike_Y","beaked:Strike_Y","beaked:Strike_Y","beaked:Strike_Y","beaked:Defend_Y","beaked:Defend_Y","beaked:Defend_Y","beaked:Defend_Y","beaked:Ceremony","beaked:Ceremony+1","beaked:Ceremony","beaked:FakeOut","beaked:Windmill","beaked:BloodRitual","beaked:BloodForTheGods","beaked:WarriorEssence","beaked:Insight","beaked:BarbedWire","beaked:CrazyRituals","beaked:Foresight","beaked:Tweet","beaked:HuntressEssence"],"relics":["beaked:MendingPlumage","NlothsMask","CultistMask","Shuriken","Matryoshka","The Courier","Ornamental Fan","beaked:MawFillet"],"acts_visited":["Exordium","TheCity"],"potions_floor_usage":[11,18],"damage_taken":[{"damage":5,"enemies":"Small Slimes","floor":1,"turns":5},{"damage":0,"enemies":"2 Louse","floor":3,"turns":3},{"damage":26,"enemies":"Lagavulin","floor":6,"turns":7},{"damage":43,"enemies":"Gremlin Nob","floor":8,"turns":6},{"damage":27,"enemies":"Lagavulin","floor":11,"turns":8},{"damage":12,"enemies":"Cultist","floor":13,"turns":5},{"damage":30,"enemies":"Large Slime","floor":14,"turns":8},{"damage":52,"enemies":"Hexaghost","floor":16,"turns":9},{"damage":33,"enemies":"3 Byrds","floor":18,"turns":4},{"damage":39,"enemies":"Shell Parasite","floor":19,"turns":9},{"damage":0,"enemies":"Centurion and Healer","floor":20,"turns":2}],"seed_played":"772604290951572149","potions_obtained":[{"floor":8,"key":"Weak Potion"},{"floor":11,"key":"BlessingOfTheForge"},{"floor":13,"key":"SteroidPotion"},{"floor":16,"key":"Block Potion"},{"floor":18,"key":"CultistPotion"}],"is_trial":false,"path_per_floor":["M","?","M","$","?","E","$","E","T","R","E","R","M","M","R","B",null,"M","M","M"],"character_chosen":"BEAKED_THE_CULTIST","items_purchased":["beaked:BloodForTheGods","beaked:WarriorEssence"],"campfire_rested":2,"item_purchase_floors":[4,4],"current_hp_per_floor":[45,45,45,45,45,35,35,8,8,21,19,32,31,43,43,26,45,16,12,15,15],"gold":265,"neow_bonus":"THREE_RARE_CARDS","is_daily":false,"chose_seed":false,"campfire_upgraded":1,"win_rate":0.0,"timestamp":1609529539,"path_taken":["M","?","M","$","?","E","$","E","T","R","E","R","M","M","R","BOSS","M","M","M"],"items_purchased_type":["Card","Card"],"build_version":"2020-12-22","purchased_purges":0,"victory":false,"max_hp_per_floor":[45,45,45,45,45,45,45,45,45,45,45,45,45,45,45,45,45,45,45,45,45],"card_choices":[{"not_picked":["beaked:VolatileMisfortune","beaked:DarkTribute"],"picked":"beaked:FakeOut","floor":0},{"not_picked":["beaked:Cower","beaked:Poke"],"picked":"beaked:Windmill","floor":1},{"not_picked":["beaked:Cower","beaked:HuntressSpirit"],"picked":"beaked:BloodRitual","floor":3},{"not_picked":["beaked:FullHouse","beaked:Brace"],"picked":"beaked:Insight","floor":6},{"not_picked":["beaked:Tradeoff","beaked:FeelMyPain","beaked:Insight"],"picked":"SKIP","floor":8},{"not_picked":["beaked:Resilience","beaked:BounceBack"],"picked":"beaked:BarbedWire","floor":11},{"not_picked":["beaked:Poke","beaked:MaddeningMurmurs"],"picked":"beaked:CrazyRituals","floor":13},{"not_picked":["beaked:Resilience","beaked:Daydream"],"picked":"beaked:Foresight","floor":14},{"not_picked":["beaked:Poke","beaked:Negation"],"picked":"beaked:Tweet","floor":18},{"not_picked":["beaked:Daydream","beaked:Flinch"],"picked":"beaked:HuntressEssence","floor":19}],"player_experience":639425,"relics_obtained":[{"floor":6,"key":"Shuriken"},{"floor":8,"key":"Matryoshka"},{"floor":9,"key":"The Courier"},{"floor":11,"key":"Ornamental Fan"}],"event_choices":[{"damage_healed":0,"gold_gain":0,"player_choice":"Ignored","damage_taken":0,"max_hp_gain":0,"max_hp_loss":0,"event_name":"Liars Game","floor":2,"gold_loss":0},{"damage_healed":0,"gold_gain":0,"player_choice":"Trade","damage_taken":0,"relics_obtained":["NlothsMask"],"max_hp_gain":0,"max_hp_loss":0,"event_name":"FaceTrader","floor":5,"gold_loss":0}],"is_beta":false,"boss_relics":[{"not_picked":["Tiny House","Runic Dome"],"picked":"beaked:MawFillet"}],"items_purged_floors":[],"is_endless":false,"potions_floor_spawned":[8,11,13,16,18,19],"killed_by":"Centurion and Healer","ascension_level":1}}