{"host":"aja5jhqkcte6gg82","time":1609486210,"event":{"mods":["AchievementEnabler","Act Like it!","BaseMod","BetterRewards","Downfall","Gensokyo","Hermit","Hubris","Infinite Spire","Mad Scientist","Marisa????????","Minty Spire (QoL Compilation)","Replay The Spire","Shade Mod","Spicy Shops","StSLib","The Animator","The Death Knight","The Dragon Tamer","The Necromancer","TheFirefly"],"gold_per_floor":[119,119,130,50,62,62,62,62],"floor_reached":6,"playtime":415,"items_purged":[],"score":36,"play_id":"048199e1-2686-42c7-8341-3ee0993e7107","local_time":"20201231233010","is_ascension_mode":false,"metric_token":1363,"campfire_choices":[],"dtmod_dragon_data":[50,50,-1,-1,0,0],"circlet_count":0,"master_deck":["DTMod:Strike","DTMod:Strike","DTMod:Strike","DTMod:Strike","DTMod:DoubleHit","DTMod:TargetDefense","DTMod:TargetDefense","DTMod:TargetDefense","DTMod:TargetDefense","DTMod:SwitchingTactic","DTMod:Punisher","DTMod:MasterPlan","DTMod:Threaten","DTMod:BurningEnergy","DTMod:DragonDance","DTMod:Training"],"relics":["DTMod:PactStone","NeowsBlessing"],"acts_visited":["Gensokyo:Gensokyo"],"potions_floor_usage":[],"damage_taken":[{"damage":0,"enemies":"Gensokyo:3_Fairies","floor":1,"turns":1},{"damage":0,"enemies":"Gensokyo:2_Kodama","floor":3,"turns":1},{"damage":0,"enemies":"Gensokyo:Python","floor":5,"turns":1},{"damage":48,"enemies":"Gensokyo:Cirno","floor":6,"turns":10}],"seed_played":"5908015674420501173","potions_obtained":[{"floor":3,"key":"Energy Potion"},{"floor":5,"key":"EssenceOfSteel"}],"is_trial":false,"path_per_floor":["M","?","M","$","M","E"],"character_chosen":"THE_DT","items_purchased":["DTMod:DragonDance"],"campfire_rested":0,"item_purchase_floors":[4],"current_hp_per_floor":[45,45,45,45,45,0,0,0],"gold":62,"neow_bonus":"THREE_ENEMY_KILL","is_daily":false,"chose_seed":false,"campfire_upgraded":0,"win_rate":0.0,"timestamp":1609486210,"path_taken":["M","?","?","$","M","E"],"items_purchased_type":["Card"],"build_version":"2020-12-22","purchased_purges":0,"victory":false,"max_hp_per_floor":[45,45,45,45,45,45,45,45],"card_choices":[{"not_picked":["DTMod:Weaken","DTMod:Feint"],"picked":"DTMod:Punisher","floor":1},{"not_picked":["DTMod:BlazingStrike","DTMod:TauntingStrike"],"picked":"DTMod:MasterPlan","floor":2},{"not_picked":["DTMod:StarRain","DTMod:HeatWave"],"picked":"DTMod:Threaten","floor":2},{"not_picked":["DTMod:QuickFly","DTMod:Hide"],"picked":"DTMod:BurningEnergy","floor":3},{"not_picked":["DTMod:Hide","DTMod:MaximumCharge"],"picked":"DTMod:Training","floor":5}],"player_experience":231529,"relics_obtained":[],"event_choices":[],"is_beta":false,"boss_relics":[],"items_purged_floors":[],"is_endless":false,"potions_floor_spawned":[3,5],"killed_by":"Gensokyo:Cirno","ascension_level":0}}