{"host":"cijhj3091wf4aho3","time":1609468748,"event":{"mods":["BaseMod","Colored Map","Colored Powertips","Downfall","Friendly Minions","GifTheSpireLib","Highlight Path","Minty Spire (QoL Compilation)","Permanent Neow","Random Character Button","Relic Sorter","Relic Stats","StSLib","everything is the same but u backflip on backflip","slay the spire mod where everything is the same but ironclad has a cowboy hat"],"gold_per_floor":[149,167,178,163,176,176,252,277,202,217,240,250,266,294,311,311,311,311],"floor_reached":16,"playtime":787,"items_purged":[],"score":185,"play_id":"c1f0b325-c33e-43db-912c-578f5f193406","local_time":"20201231183908","is_ascension_mode":true,"campfire_choices":[{"data":"champ:FocusedDefense","floor":1.0,"key":"SMITH"},{"data":"champ:Duel","floor":6.0,"key":"SMITH"},{"data":"champ:GutPunch","floor":9,"key":"SMITH"}],"circlet_count":0,"master_deck":["champ:Strike","champ:Strike","champ:Strike","champ:Strike","champ:Defend+1","champ:Defend","champ:Defend","champ:Defend","champ:Execute","champ:Taunt","champ:FocusedDefense+1","champ:Circumvent","champ:Circumvent","champ:GutPunch+1","champ:Duel+1","champ:Encircle","champ:Encircle","champ:ArenaPreparation","champ:SwordThrow"],"relics":["Tiny House","InkBottle","Question Card","downfall:HeartBlessingGreen","Odd Mushroom","Mango"],"acts_visited":["Exordium"],"potions_floor_usage":[8,11,13,14],"damage_taken":[{"damage":5.0,"enemies":"Cultist","floor":2.0,"turns":6.0},{"damage":0.0,"enemies":"Small Slimes","floor":3.0,"turns":5.0},{"damage":5.0,"enemies":"downfall:FleeingMerchant","floor":4.0,"turns":4.0},{"damage":5.0,"enemies":"2 Louse","floor":5.0,"turns":4.0},{"damage":36,"enemies":"3 Sentries","floor":8,"turns":6},{"damage":11,"enemies":"Blue Slaver","floor":10,"turns":4},{"damage":28,"enemies":"The Mushroom Lair","floor":11,"turns":4},{"damage":20,"enemies":"Exordium Wildlife","floor":12,"turns":3},{"damage":34,"enemies":"3 Louse","floor":13,"turns":4},{"damage":24,"enemies":"Gremlin Nob","floor":14,"turns":3},{"damage":29,"enemies":"Large Slime","floor":15,"turns":3},{"damage":57,"enemies":"downfall:Ironclad","floor":16,"turns":3}],"seed_played":"1605459048073578234","potions_obtained":[{"floor":0.0,"key":"SkillPotion"},{"floor":2.0,"key":"LiquidMemories"},{"floor":8,"key":"SpeedPotion"},{"floor":10,"key":"ColorlessPotion"},{"floor":13,"key":"AttackPotion"},{"floor":14,"key":"Fire Potion"}],"is_trial":false,"path_per_floor":["R","M","M","$","M","R","T","E","R","M","?","M","M","E","M","B"],"character_chosen":"THE_CHAMP","items_purchased":[],"campfire_rested":0,"item_purchase_floors":[],"current_hp_per_floor":[86,86,86,86,86,86,86,70,70,70,56,56,56,54,42,0,0,0],"gold":311,"neow_bonus":"BOSS_RELIC","is_daily":false,"chose_seed":false,"campfire_upgraded":3,"win_rate":0.0,"timestamp":1609468748,"path_taken":["R","M","?","$","M","R","T","E","R","M","?","M","M","E","M","BOSS"],"items_purchased_type":[],"build_version":"2020-12-22","purchased_purges":0,"victory":false,"max_hp_per_floor":[95,95,95,95,95,95,95,95,95,95,95,95,95,109,109,109,109,109],"relic_stats":{"counters":[12,49],"Question Card":6,"obtain_stats":[{"Tiny House":0,"champ:ChampionCrown":0,"downfall:HeartBlessingGreen":9,"Mango":14,"Odd Mushroom":11,"Question Card":8,"InkBottle":7},{"Tiny House":0,"champ:ChampionCrown":0,"downfall:HeartBlessingGreen":5,"Mango":10,"Odd Mushroom":7,"Question Card":5,"InkBottle":4},{"Tiny House":0,"champ:ChampionCrown":0,"downfall:HeartBlessingGreen":25,"Mango":43,"Odd Mushroom":33,"Question Card":25,"InkBottle":19}],"InkBottle":[9]},"card_choices":[{"not_picked":["champ:BladeFlurry","champ:Aggression"],"picked":"champ:FocusedDefense","floor":0.0},{"not_picked":["champ:BringItOn","champ:BerserkersShout"],"picked":"champ:Circumvent","floor":2.0},{"not_picked":["champ:PreciseThrust","champ:FocusedBerserking"],"picked":"champ:Circumvent","floor":3.0},{"not_picked":["champ:Devastate","champ:BringItOn"],"picked":"champ:GutPunch","floor":4.0},{"not_picked":["champ:BerserkersShout","champ:EndlessRage"],"picked":"champ:Duel","floor":5.0},{"not_picked":["champ:GladiatorStyle","champ:StanceDance"],"picked":"champ:Encircle","floor":8},{"not_picked":["champ:BladeFlurry","champ:PerfectedStrike","champ:FlashCut"],"picked":"champ:Encircle","floor":10},{"not_picked":["champ:DefensiveShout","champ:BerserkersShout","champ:RapidStrikes"],"picked":"champ:ArenaPreparation","floor":11},{"not_picked":["champ:HeartStrike","champ:SkillfulDodge","champ:Control","champ:TornadoPunch"],"picked":"SKIP","floor":12},{"not_picked":["champ:BringItOn","champ:Circumvent","champ:Haymaker"],"picked":"champ:SwordThrow","floor":13},{"not_picked":["champ:PerfectedStrike","champ:GladiatorsShout","champ:DancingMaster","champ:FanOfKnives"],"picked":"SKIP","floor":14},{"not_picked":["champ:BerserkersShout","champ:FaceSlap","champ:ShieldSigil","champ:FanOfKnives"],"picked":"SKIP","floor":15}],"player_experience":462860,"relics_obtained":[{"floor":7.0,"key":"InkBottle"},{"floor":8,"key":"Question Card"},{"floor":11,"key":"Odd Mushroom"},{"floor":14,"key":"Mango"}],"event_choices":[{"damage_healed":0,"gold_gain":0,"player_choice":"Fought Mushrooms","damage_taken":0,"max_hp_gain":0,"max_hp_loss":0,"event_name":"Mushrooms","floor":11,"gold_loss":0}],"is_beta":false,"boss_relics":[],"items_purged_floors":[],"is_endless":false,"potions_floor_spawned":[2,8,10,13,14],"killed_by":"downfall:Ironclad","ascension_level":8}}