{"host":"hbvn1mkfq2iixsau","time":1609510898,"event":{"mods":["AchievementEnabler","Act Like it!","BaseMod","Better Altar","Better Match","Better Sensory Stone","Better Skull","Better Third Choice","Colored Map","Displayed Cursed Tome","Minty Spire (QoL Compilation)","Quick Restart","Relic Stats","Shop Mod","StSLib","The Cursed"],"gold_per_floor":[114,114,114,114,114,144,144,172,172,187,41,60,85,96,96,96,96],"floor_reached":16,"playtime":838,"items_purged":[],"score":176,"play_id":"41a597e4-3716-4d16-ab04-5fe684f6d477","local_time":"20210101162138","is_ascension_mode":true,"campfire_choices":[{"data":"TheCursedMod:HellfireBreathing","floor":7.0,"key":"SMITH"},{"floor":15,"key":"REST"}],"circlet_count":0,"master_deck":["TheCursedMod:Strike_TheCursed","TheCursedMod:Strike_TheCursed","TheCursedMod:Strike_TheCursed","TheCursedMod:Strike_TheCursed","TheCursedMod:Defend_TheCursed","TheCursedMod:Defend_TheCursed","TheCursedMod:Defend_TheCursed","TheCursedMod:Defend_TheCursed","TheCursedMod:CursedWand","TheCursedMod:CleanUpWorkshop","TheCursedMod:Dregs","Regret","TheCursedMod:HellfireBreathing+1","TheCursedMod:CursedArmor","TheCursedMod:SurpriseAttack","TheCursedMod:DoubleShield","TheCursedMod:CircleOfAbyss"],"relics":["TheCursedMod:BlackMagic101","NeowsBlessing","Gremlin Horn","Strawberry","Darkstone Periapt","Mummified Hand","Juzu Bracelet","Frozen Egg 2"],"acts_visited":["Exordium"],"potions_floor_usage":[16],"damage_taken":[{"damage":0.0,"enemies":"2 Louse","floor":1.0,"turns":1.0},{"damage":0.0,"enemies":"Gremlin Nob","floor":6.0,"turns":1.0},{"damage":0.0,"enemies":"Lagavulin","floor":8.0,"turns":1.0},{"damage":5.0,"enemies":"Jaw Worm","floor":10.0,"turns":5.0},{"damage":4.0,"enemies":"Small Slimes","floor":12.0,"turns":3.0},{"damage":58.0,"enemies":"Gremlin Nob","floor":13.0,"turns":8.0},{"damage":2,"enemies":"Exordium Thugs","floor":14,"turns":6},{"damage":34,"enemies":"Slime Boss","floor":16,"turns":14}],"seed_played":"-2938556378278459807","potions_obtained":[{"floor":6.0,"key":"SkillPotion"},{"floor":14,"key":"FearPotion"}],"is_trial":false,"path_per_floor":["M","?","$","?","$","E","R","E","T","M","$","M","E","M","R","B"],"character_chosen":"THE_CURSED","items_purchased":["Juzu Bracelet"],"campfire_rested":1,"item_purchase_floors":[11],"current_hp_per_floor":[75,75,75,75,75,82,82,82,82,77,77,73,15,13,37,3,3],"gold":96,"neow_bonus":"THREE_ENEMY_KILL","is_daily":false,"chose_seed":false,"campfire_upgraded":1,"win_rate":0.0,"timestamp":1609510898,"path_taken":["M","?","$","?","?","E","R","E","T","M","?","M","E","M","R","BOSS"],"items_purchased_type":["Relic"],"build_version":"2020-12-22","purchased_purges":0,"victory":false,"max_hp_per_floor":[75,75,75,75,75,82,82,82,82,82,82,82,82,82,82,82,82],"relic_stats":{"Darkstone Periapt":0,"Gremlin Horn":[3,3],"counters":[8,37],"Mummified Hand":[7],"Juzu Bracelet":0,"obtain_stats":[{"Darkstone Periapt":8,"TheCursedMod:BlackMagic101":0,"NeowsBlessing":0,"Gremlin Horn":2,"Mummified Hand":9,"Strawberry":6,"Juzu Bracelet":11,"Frozen Egg 2":13},{"Darkstone Periapt":3,"TheCursedMod:BlackMagic101":0,"NeowsBlessing":0,"Gremlin Horn":1,"Mummified Hand":3,"Strawberry":2,"Juzu Bracelet":4,"Frozen Egg 2":6},{"Darkstone Periapt":3,"TheCursedMod:BlackMagic101":0,"NeowsBlessing":0,"Gremlin Horn":1,"Mummified Hand":3,"Strawberry":2,"Juzu Bracelet":8,"Frozen Egg 2":18}]},"card_choices":[{"not_picked":["TheCursedMod:SmokeScreen","TheCursedMod:Stretching","TheCursedMod:Torture"],"picked":"SKIP","floor":1.0},{"not_picked":["TheCursedMod:CursedAmulet","TheCursedMod:CursedMace"],"picked":"TheCursedMod:HellfireBreathing","floor":6.0},{"not_picked":["TheCursedMod:RapidMovement","TheCursedMod:SoulCrush"],"picked":"TheCursedMod:CursedArmor","floor":8.0},{"not_picked":["TheCursedMod:SmokeScreen","TheCursedMod:Obscuration"],"picked":"TheCursedMod:SurpriseAttack","floor":10.0},{"not_picked":["TheCursedMod:Torture","TheCursedMod:WearCloak"],"picked":"TheCursedMod:DoubleShield","floor":12.0},{"not_picked":["TheCursedMod:SaltUponWound","TheCursedMod:ReleasedStrength"],"picked":"TheCursedMod:CircleOfAbyss","floor":13.0},{"not_picked":["TheCursedMod:SmokeScreen","TheCursedMod:TroublousMinions","TheCursedMod:Obscuration"],"picked":"SKIP","floor":14}],"player_experience":253246,"relics_obtained":[{"floor":6.0,"key":"Strawberry"},{"floor":8.0,"key":"Darkstone Periapt"},{"floor":9.0,"key":"Mummified Hand"},{"floor":13.0,"key":"Frozen Egg 2"}],"event_choices":[{"damage_healed":0.0,"max_hp_gain":0.0,"max_hp_loss":0.0,"gold_gain":0.0,"event_name":"Big Fish","player_choice":"Box","floor":2.0,"gold_loss":0.0,"damage_taken":0.0,"relics_obtained":["Gremlin Horn"],"cards_obtained":["Regret"]},{"damage_healed":0.0,"max_hp_gain":0.0,"max_hp_loss":0.0,"gold_gain":0.0,"event_name":"Golden Wing","player_choice":"Ignored","floor":4.0,"gold_loss":0.0,"damage_taken":0.0}],"is_beta":false,"boss_relics":[],"items_purged_floors":[],"is_endless":false,"potions_floor_spawned":[6,14],"killed_by":"Slime Boss","ascension_level":1}}