{"host":"er8s5flrc5z1a07t","time":1609538188,"event":{"mods":["2.2 Compatiblity","Act Like it!","Bard","BaseMod","Better Note","Better Third Choice","Downfall","Duelist Mod","Elementarium","Energized Spire","GifTheSpireLib","Hermit","Hubris","Infinite Spire","Minty Spire (QoL Compilation)","Relic Stats","Replay The Spire","Shop Mod","StSLib","Stuff the Spire","Synergy Search","The Cursed","The Disciple","The Mystic"],"gold_per_floor":[109,130,55,0,0,26,36,51,51,80,97,97,126,43,43,120,120,131,131,31,31,31,43,43,43,43,43,43],"floor_reached":27,"playtime":724,"items_purged":["Pain","Strike_B"],"score":491,"play_id":"441abeaa-6544-4429-999b-84797f4f69b0","local_time":"20210101165628","is_ascension_mode":true,"campfire_choices":[{"data":"Hologram","floor":12,"key":"SMITH"},{"floor":15,"key":"REST"},{"data":"1","floor":25,"key":"LIFT"}],"circlet_count":0,"master_deck":["AscendersBane","Strike_B","Strike_B","Strike_B","Defend_B","Defend_B","Defend_B","Defend_B","Zap","Dualcast","Gash","Rip and Tear","Gash","Fission","Chill","Hologram+1","Glacier","Reboot","Scrape","Hologram+1"],"relics":["Cracked Core","NeowsBlessing","Girya","betterThird:SlimedRelic","NlothsMask","StuffTheSpire:Gunfinga","Bottled Flame","Pear","energizedSpire:EnergizedDie","Enchiridion","Mummified Hand"],"acts_visited":["Exordium","TheCity"],"potions_floor_usage":[10,13],"damage_taken":[{"damage":0,"enemies":"Cultist","floor":1,"turns":1},{"damage":0,"enemies":"3 Sentries","floor":6,"turns":1},{"damage":0,"enemies":"Small Slimes","floor":7,"turns":1},{"damage":7,"enemies":"Jaw Worm","floor":8,"turns":2},{"damage":25,"enemies":"Lagavulin","floor":10,"turns":5},{"damage":0,"enemies":"Large Slime","floor":11,"turns":7},{"damage":6,"enemies":"Gremlin Nob","floor":13,"turns":3},{"damage":35,"enemies":"Slime Boss","floor":16,"turns":15},{"damage":0,"enemies":"Chosen","floor":18,"turns":4},{"damage":13,"enemies":"Spheric Guardian","floor":23,"turns":4},{"damage":48,"enemies":"Slavers","floor":27,"turns":5}],"seed_played":"-7444468377634514014","potions_obtained":[{"floor":1,"key":"champ:CounterPotion"},{"floor":8,"key":"Fire Potion"}],"is_trial":false,"path_per_floor":["M","?","$","?","?","E","M","M","T","E","M","R","E","$","R","B",null,"M","?","$","?","?","M","?","R","T","E"],"character_chosen":"DEFECT","items_purchased":["Glacier"],"campfire_rested":1,"item_purchase_floors":[14],"current_hp_per_floor":[64,64,64,53,53,53,53,46,46,21,21,21,25,25,49,14,64,64,81,81,60,60,47,47,47,47,0,0],"gold":43,"neow_bonus":"THREE_ENEMY_KILL","is_daily":false,"chose_seed":false,"campfire_upgraded":1,"win_rate":0.0,"timestamp":1609538188,"path_taken":["M","?","$","?","?","E","M","?","T","E","M","R","E","$","R","BOSS","M","?","?","?","?","?","?","R","T","E"],"items_purchased_type":["Card"],"build_version":"2020-12-22","purchased_purges":2,"victory":false,"max_hp_per_floor":[71,71,71,71,71,71,71,71,71,71,71,71,81,81,81,81,81,81,81,81,81,81,81,81,81,81,81,81],"relic_stats":{"counters":[11,48],"Mummified Hand":[1],"obtain_stats":[{"Girya":2,"StuffTheSpire:Gunfinga":6,"Bottled Flame":10,"Pear":13,"NeowsBlessing":0,"Mummified Hand":26,"betterThird:SlimedRelic":4,"energizedSpire:EnergizedDie":17,"Enchiridion":21,"Cracked Core":0,"NlothsMask":5},{"Girya":1,"StuffTheSpire:Gunfinga":2,"Bottled Flame":5,"Pear":7,"NeowsBlessing":0,"Mummified Hand":10,"betterThird:SlimedRelic":1,"energizedSpire:EnergizedDie":8,"Enchiridion":9,"Cracked Core":0,"NlothsMask":1},{"Girya":1,"StuffTheSpire:Gunfinga":2,"Bottled Flame":10,"Pear":20,"NeowsBlessing":0,"Mummified Hand":43,"betterThird:SlimedRelic":1,"energizedSpire:EnergizedDie":35,"Enchiridion":39,"Cracked Core":0,"NlothsMask":1}]},"card_choices":[{"not_picked":["Streamline","BasicCrystalCard"],"picked":"Gash","floor":1},{"not_picked":["Sweeping Beam","Aggregate"],"picked":"Rip and Tear","floor":2},{"not_picked":["ReplayTheSpireMod:Repulse","Go for the Eyes"],"picked":"Sunder","floor":6},{"not_picked":["Recycle","Loop"],"picked":"Gash","floor":7},{"not_picked":["StuffTheSpire:Plugnplay","BasicCrystalCard"],"picked":"Fission","floor":8},{"not_picked":["Aggregate","ReplayTheSpireMod:Reroute Power"],"picked":"Chill","floor":10},{"not_picked":["Steam","Sweeping Beam"],"picked":"Hologram","floor":11},{"not_picked":["Steam Power","Streamline","Barrage"],"picked":"SKIP","floor":13},{"not_picked":["Creative AI","Amplify"],"picked":"Reboot","floor":16},{"not_picked":["Steam","Hologram+1"],"picked":"Scrape","floor":18},{"not_picked":["Hologram","Force Field","Stack"],"picked":"SKIP","floor":23}],"player_experience":1197090,"relics_obtained":[{"floor":2,"key":"Girya"},{"floor":6,"key":"StuffTheSpire:Gunfinga"},{"floor":10,"key":"Bottled Flame"},{"floor":13,"key":"Pear"},{"floor":21,"key":"Enchiridion"},{"floor":26,"key":"Mummified Hand"}],"event_choices":[{"damage_healed":0,"gold_gain":0,"player_choice":"Slimed","damage_taken":11,"max_hp_gain":0,"max_hp_loss":0,"event_name":"betterThird:BetterGoop","floor":4,"gold_loss":55},{"damage_healed":0,"gold_gain":0,"player_choice":"Trade","damage_taken":0,"relics_obtained":["NlothsMask"],"max_hp_gain":0,"max_hp_loss":0,"event_name":"FaceTrader","floor":5,"gold_loss":0},{"cards_removed":["Sunder"],"damage_healed":17,"gold_gain":0,"player_choice":"Offered Uncommon","damage_taken":0,"max_hp_gain":0,"max_hp_loss":0,"event_name":"Bonfire Elementals","floor":19,"gold_loss":0},{"damage_healed":0,"gold_gain":0,"player_choice":"Obtained Book","damage_taken":21,"max_hp_gain":0,"max_hp_loss":0,"event_name":"Cursed Tome","floor":21,"gold_loss":0},{"damage_healed":0,"gold_gain":0,"player_choice":"Copied","damage_taken":0,"max_hp_gain":0,"max_hp_loss":0,"event_name":"Duplicator","floor":22,"gold_loss":0,"cards_obtained":["Hologram"]}],"is_beta":false,"boss_relics":[{"not_picked":["Replay:Drink Me","energizedSpire:RedRose"],"picked":"energizedSpire:EnergizedDie"}],"items_purged_floors":[3,20],"is_endless":false,"potions_floor_spawned":[1,8],"killed_by":"Slavers","ascension_level":19}}