{"host":"a3oe3gstxz77c7qu","time":1609460705,"event":{"mods":["2.2 Compatiblity","Act Like it!","BaseMod","Bestiary","Better Altar","Better Match","Better Note","Better Skull","Better Third Choice","Block Reminder","Curses Come First","Custom Start","Friendly Minions","GifTheSpireLib","Infinite Spire","Lobotomy","LobotomyExtend","Minty Spire (QoL Compilation)","Permanent Neow","Quick Restart","Relic Stats","Replay The Spire","StSLib","Uncapped","Wandering Minibosses"],"gold_per_floor":[212,212,61,72,72,72,104,123,123,123,123,123,140,140,170,188,188,291,291,291,291,136,136,154,154,164,189,241,241,241,241,272,272,300,310,310,310,310],"floor_reached":37,"playtime":2216,"items_purged":[],"score":477,"play_id":"c33bd44e-c11b-4b35-915d-751ccd2bf333","local_time":"20210101002505","is_ascension_mode":true,"campfire_choices":[],"circlet_count":0,"master_deck":["SpecialBullet","SpecialBullet","SpecialBullet","SpecialBullet","SpecialBullet","SpecialBullet","SpecialBullet","SpecialBullet","InformationCode","CentralCode","ExtractionCode","BlueScar","ScreamingWedge+1","Justitia+1","RapturousDream","Pot Of Greed","Pot Of Greed","SecurityCode","Insight","Moonlight+1","UniverseFragment"],"relics":["CogitoBucket","RabbitCall","LetterFromLob","Snack Pack","Regal Pillow","infinitespire:CheckeredPen","Grinning Jar","WarpedTongs","StoneCalendar","BackwardClock","Ring of Chaos","MagicBullet_r","Moonlight_r","Lee\u0027s Waffle","Replay:Accelerometer","Art of War","infinitespire:Broken Mirror","CogitoBucket","RabbitCall","LetterFromLob","Snack Pack","Regal Pillow","infinitespire:CheckeredPen","Grinning Jar","WarpedTongs","StoneCalendar","Ring of Chaos","MagicBullet_r","Moonlight_r","Lee\u0027s Waffle","Replay:Accelerometer","Art of War","infinitespire:Broken Mirror","Amita_r","ReplayFunnel","Blood Vial","infinitespire:ShieldingShard","SkinProphecy"],"acts_visited":["Exordium","TheCity"],"potions_floor_usage":[32,13037,37],"damage_taken":[{"damage":14.0,"enemies":"Small Slimes","floor":1.0,"turns":4.0},{"damage":10.0,"enemies":"Jaw Worm","floor":4.0,"turns":4.0},{"damage":4.0,"enemies":"3 Sentries","floor":7.0,"turns":14.0},{"damage":2,"enemies":"infinitespire:Voidling","floor":8,"turns":4},{"damage":0,"enemies":"Exordium Wildlife","floor":13,"turns":3},{"damage":5,"enemies":"Replay:BlueRogue","floor":15,"turns":7},{"damage":6,"enemies":"Red Slaver","floor":16,"turns":4},{"damage":10,"enemies":"Slime Boss","floor":18,"turns":7},{"damage":1,"enemies":"Spheric Guardian","floor":24,"turns":4},{"damage":0,"enemies":"Chosen","floor":26,"turns":4},{"damage":4,"enemies":"Nightmare","floor":27,"turns":6},{"damage":42,"enemies":"Gremlin Leader","floor":32,"turns":7},{"damage":0,"enemies":"Replay:Snechameleon","floor":34,"turns":4},{"damage":17,"enemies":"Snecko","floor":35,"turns":5},{"damage":188,"enemies":"Automaton","floor":37,"turns":20}],"seed_played":"-2473838692811467158","potions_obtained":[{"floor":13,"key":"Explosive Potion"}],"is_trial":false,"path_per_floor":["M","?","$","M","?","R","E","M","T","R","PTL","PTL","M","?","E","M","R","B",null,"M","?","$","?","M","R","M","NM","T","?","PTL","PTL","E","?","E","M","R","B"],"character_chosen":"Angela","items_purchased":["BlueScar","DistilledChaos","Lee\u0027s Waffle"],"campfire_rested":0,"item_purchase_floors":[3,3,22],"current_hp_per_floor":[56,56,56,50,50,50,48,46,46,46,46,46,48,48,53,55,55,61,70,29,29,77,77,77,77,77,77,77,77,77,77,64,26,49,60,60,0,0],"gold":310,"neow_bonus":"HUNDRED_GOLD","is_daily":false,"chose_seed":false,"campfire_upgraded":0,"win_rate":0.0,"timestamp":1609460705,"path_taken":["M","?","$","M","?","R","E","?","T","R","PTL","PTL","M","?","E","?","R","BOSS","M","?","$","?","M","R","M","NM","T","?","PTL","PTL","E","?","E","M","R","BOSS"],"items_purchased_type":["Card","Potion","Relic"],"build_version":"2020-12-22","purchased_purges":0,"victory":false,"max_hp_per_floor":[70,70,70,70,70,70,70,70,70,70,70,70,70,70,70,70,70,70,70,70,70,77,77,77,77,77,77,77,77,77,77,77,77,78,81,81,83,83],"relic_stats":{"Blood Vial":8,"Regal Pillow":0,"Lee\u0027s Waffle":48,"counters":[17,99],"StoneCalendar":[198],"Art of War":[12],"obtain_stats":[{"ReplayFunnel":32,"RabbitCall":0,"BackwardClock":16,"Replay:Accelerometer":27,"Regal Pillow":5,"Lee\u0027s Waffle":22,"MagicBullet_r":20,"StoneCalendar":15,"Ring of Chaos":19,"infinitespire:CheckeredPen":7,"SkinProphecy":35,"Amita_r":32,"WarpedTongs":14,"Blood Vial":33,"Moonlight_r":20,"CogitoBucket":0,"infinitespire:ShieldingShard":34,"infinitespire:Broken Mirror":29,"LetterFromLob":1,"Snack Pack":2,"Art of War":28,"Grinning Jar":9},{"ReplayFunnel":13,"RabbitCall":0,"BackwardClock":8,"Replay:Accelerometer":12,"Regal Pillow":2,"Lee\u0027s Waffle":9,"MagicBullet_r":9,"StoneCalendar":6,"Ring of Chaos":9,"infinitespire:CheckeredPen":3,"SkinProphecy":16,"Amita_r":13,"WarpedTongs":5,"Blood Vial":13,"Moonlight_r":9,"CogitoBucket":0,"infinitespire:ShieldingShard":14,"infinitespire:Broken Mirror":12,"LetterFromLob":1,"Snack Pack":1,"Art of War":12,"Grinning Jar":4},{"ReplayFunnel":69,"RabbitCall":0,"BackwardClock":41,"Replay:Accelerometer":62,"Regal Pillow":8,"Lee\u0027s Waffle":48,"MagicBullet_r":48,"StoneCalendar":36,"Ring of Chaos":48,"infinitespire:CheckeredPen":22,"SkinProphecy":79,"Amita_r":69,"WarpedTongs":29,"Blood Vial":69,"Moonlight_r":48,"CogitoBucket":0,"infinitespire:ShieldingShard":73,"infinitespire:Broken Mirror":62,"LetterFromLob":4,"Snack Pack":4,"Art of War":62,"Grinning Jar":26}],"WarpedTongs":[39]},"card_choices":[{"not_picked":["RedEyes","Galaxy"],"picked":"SKIP","floor":1.0},{"not_picked":["Loneliness","Penitence"],"picked":"SKIP","floor":1.0},{"not_picked":["SolemnVow"],"picked":"ScreamingWedge","floor":4.0},{"not_picked":["BlueScar","Ecstasy"],"picked":"SKIP","floor":4.0},{"not_picked":["WristCuter"],"picked":"Justitia","floor":7.0},{"not_picked":["Loneliness","TodaysExpression"],"picked":"SKIP","floor":7.0},{"not_picked":["Lamp"],"picked":"RapturousDream","floor":8},{"not_picked":["SolemnVow","Heaven"],"picked":"SKIP","floor":8},{"not_picked":["ParadiseLost","Beak"],"picked":"SKIP","floor":13},{"not_picked":["Gaze","Spore"],"picked":"SKIP","floor":15},{"not_picked":["TodaysExpression","Reverberation"],"picked":"SKIP","floor":15},{"not_picked":["Galaxy","FeatherOfHonor"],"picked":"SKIP","floor":16},{"not_picked":["Horn","Beak"],"picked":"SKIP","floor":16},{"not_picked":["BlackSwan_ego+1","Loneliness"],"picked":"SKIP","floor":24},{"not_picked":["RapturousDream","Regret_ego+1"],"picked":"SKIP","floor":24},{"not_picked":["Hypocrisy+1","DaCapo","Soda"],"picked":"SKIP","floor":26},{"not_picked":["GreenStem","CUTE","SwordSharpenedByTears"],"picked":"SKIP","floor":26},{"not_picked":["Reverberation+1","Wingbeat","TodaysExpression+1"],"picked":"SKIP","floor":27},{"not_picked":["RedEyes","GrinderMk4","Pinks"],"picked":"SKIP","floor":27},{"not_picked":["Pleasure+1","Discord+1"],"picked":"Moonlight+1","floor":32},{"not_picked":["VoidDream","Porccubus"],"picked":"UniverseFragment","floor":32},{"not_picked":["Wingbeat+1","SomewhereSpear","FeatherOfHonor"],"picked":"SKIP","floor":32},{"not_picked":["SpiderBud","PunishingBird","QueenOfHatred"],"picked":"Singing Bowl","floor":34},{"not_picked":["BloodyDesire","FrostShard+1","BlueScar"],"picked":"SKIP","floor":34},{"not_picked":["GrinderMk4","BloodyDesire","Galaxy"],"picked":"SKIP","floor":34},{"not_picked":["Penitence","CUTE","Pinks"],"picked":"SKIP","floor":35}],"player_experience":696614,"relics_obtained":[{"floor":1.0,"key":"LetterFromLob"},{"floor":2.0,"key":"Snack Pack"},{"floor":7.0,"key":"infinitespire:CheckeredPen"},{"floor":9,"key":"Grinning Jar"},{"floor":15,"key":"StoneCalendar"},{"floor":27,"key":"Replay:Accelerometer"},{"floor":28,"key":"Art of War"},{"floor":32,"key":"ReplayFunnel"},{"floor":34,"key":"infinitespire:ShieldingShard"}],"event_choices":[{"damage_healed":0.0,"max_hp_gain":0.0,"max_hp_loss":0.0,"gold_gain":0.0,"event_name":"WeMeetAgain","player_choice":"Gave Potion","floor":5.0,"gold_loss":0.0,"damage_taken":0.0,"relics_obtained":["Regal Pillow"]},{"damage_healed":0,"gold_gain":0,"player_choice":"Rummage","damage_taken":0,"relics_obtained":["WarpedTongs"],"max_hp_gain":0,"max_hp_loss":0,"event_name":"Accursed Blacksmith","floor":14,"gold_loss":0,"cards_obtained":["Pain"]},{"damage_healed":0,"gold_gain":0,"player_choice":"Insight","damage_taken":0,"max_hp_gain":0,"max_hp_loss":0,"event_name":"betterThird:BetterWriting","floor":23,"gold_loss":0,"cards_obtained":["Insight"]},{"damage_healed":0,"gold_gain":0,"player_choice":"Stole Relic","damage_taken":0,"relics_obtained":["infinitespire:Broken Mirror"],"max_hp_gain":0,"max_hp_loss":0,"event_name":"Addict","floor":29,"gold_loss":0,"cards_obtained":["Shame"]},{"damage_healed":0,"gold_gain":0,"player_choice":" Vial Potion ","damage_taken":38,"relics_obtained":["Blood Vial"],"max_hp_gain":64,"max_hp_loss":26,"event_name":"betterAltar:BetterAltar","floor":33,"potions_obtained":["betterAltar:AltarPotion"],"relics_lost":[],"gold_loss":0}],"is_beta":false,"boss_relics":[{"not_picked":["Abe\u0027s Treasure","Empty Cage"],"picked":"Ring of Chaos"}],"items_purged_floors":[],"is_endless":true,"potions_floor_spawned":[13],"killed_by":"Automaton","ascension_level":4}}