{"host":"y8wac9ql2zokztpr","time":1609528005,"event":{"mods":["Bartender","BaseMod","Curses Come First","Downfall","Gremlin Mod","Minty Spire (QoL Compilation)","Replay The Spire","Spicy Shops","StSLib","The Hierophant","TheHero"],"gold_per_floor":[116,131,131,131,144,169,184,184,184,210,210,1,26,36,36,132,132,147,147,147,158,158,158,169,169,169,169,169,24,24,58,58,89,89,187,237,248,248,17,37,50,83,83,13,13,13,42,53,4,20,20,20,20,20,20,48,48],"floor_reached":58,"playtime":4311,"items_purged":["Amnesia"],"score":1146,"play_id":"95ec8ffd-6d1c-429c-bc4a-b2f5167caaee","local_time":"20210101140645","is_ascension_mode":false,"campfire_choices":[{"floor":8,"key":"REST"},{"floor":15,"key":"RECALL"},{"data":"Free_Pour","floor":23,"key":"SMITH"},{"data":"Torment","floor":27,"key":"SMITH"},{"data":"With_A_Twist","floor":32,"key":"SMITH"},{"data":"Free_Pour","floor":34,"key":"SMITH"},{"data":"Blizzard_Spikes","floor":43,"key":"SMITH"},{"data":"Phantom_Blow","floor":54,"key":"SMITH"}],"circlet_count":0,"master_deck":["Defend_Bartender","Defend_Bartender","Defend_Bartender","Defend_Bartender","Somersault+1","Phantom_Blow+1","Free_Pour","Free_Pour+1","Torment+1","Rising_Crane","Ripple","Ball_Of_Ice+1","Raptor_Form+1","Cold_Blooded+1","Ball_Of_Ice","Liquid_Armor+1","Fading_Blow","Free_Pour+1","Bite","Bite","Bite+1","Foot_Thrust","With_A_Twist+1","Top_Shelf","Blizzard_Spikes+1","Specialist+1","Coeurl_Form+1","Fight_Dirty+1","Pain","Power_Up_Punch+1","Cross+1","Violence","Step_Of_The_Wind"],"relics":["Sneakers","MealTicket","Frozen Egg 2","Garlic","Boot","Piano_Music","Replay:Bronze Core","Replay:Rubber Ducky","FossilizedHelix","Singing Bowl","Tiny House","Pear","Orichalcum","Bag of Marbles","ReplayTheSpireMod:CursedCoin","Anchor","Replay:Mystery Machine","Mirror","Torii","Iron Hammer","Pen Nib"],"acts_visited":["Exordium","TheCity","TheBeyond","TheEnding"],"potions_floor_usage":[16,16,24,35,37,47,48,56,56,57],"damage_taken":[{"damage":2,"enemies":"Small Slimes","floor":1,"turns":4},{"damage":3,"enemies":"Jaw Worm","floor":2,"turns":4},{"damage":0,"enemies":"2 Louse","floor":5,"turns":3},{"damage":1,"enemies":"Lagavulin","floor":6,"turns":8},{"damage":18,"enemies":"Exordium Thugs","floor":7,"turns":5},{"damage":6,"enemies":"Gremlin Nob","floor":10,"turns":4},{"damage":11,"enemies":"Lagavulin","floor":13,"turns":7},{"damage":0,"enemies":"3 Louse","floor":14,"turns":3},{"damage":7,"enemies":"Hexaghost","floor":16,"turns":7},{"damage":1,"enemies":"3 Byrds","floor":18,"turns":5},{"damage":6,"enemies":"2 Thieves","floor":21,"turns":5},{"damage":1,"enemies":"Centurion and Healer","floor":24,"turns":5},{"damage":0,"enemies":"Gremlin Leader","floor":31,"turns":6},{"damage":0,"enemies":"Slavers","floor":33,"turns":5},{"damage":0,"enemies":"Champ","floor":35,"turns":13},{"damage":0,"enemies":"Orb Walker","floor":37,"turns":5},{"damage":0,"enemies":"3 Darklings","floor":40,"turns":6},{"damage":0,"enemies":"Transient","floor":41,"turns":5},{"damage":2,"enemies":"Nemesis","floor":42,"turns":13},{"damage":33,"enemies":"Reptomancer","floor":47,"turns":4},{"damage":7,"enemies":"Sphere and 2 Shapes","floor":48,"turns":6},{"damage":8,"enemies":"4 Shapes","floor":50,"turns":6},{"damage":6,"enemies":"Replay:Hell Engine","floor":52,"turns":13},{"damage":3,"enemies":"Shield and Spear","floor":56,"turns":6},{"damage":74,"enemies":"The Heart","floor":57,"turns":11}],"seed_played":"2340482051273685698","potions_obtained":[{"floor":2,"key":"SteroidPotion"},{"floor":6,"key":"LiquidBronze"},{"floor":16,"key":"Adrenaline Potion"},{"floor":18,"key":"Strength Potion"},{"floor":24,"key":"Dexterity Potion"},{"floor":33,"key":"SkillPotion"},{"floor":35,"key":"champ:CounterPotion"},{"floor":42,"key":"Adrenaline Potion"},{"floor":47,"key":"Slimebound:ThreeZeroPotion"},{"floor":48,"key":"Swift Potion"},{"floor":56,"key":"BlessingOfTheForge"}],"is_trial":false,"path_per_floor":["M","M","?","?","M","E","M","R","T","E","?","$","E","M","R","B",null,"M","?","?","M","?","R","M","PTL","PTL","R","T","$","?","E","R","E","R","B",null,"M","?","$","M","M","E","R","$","T","T","E","M","$","M","R","B",null,"R","$","E","B",null],"character_chosen":"BARTENDER","items_purchased":["Ball_Of_Ice+1","Raptor_Form+1","Replay:Rubber Ducky","Specialist+1","Orichalcum","ReplayTheSpireMod:CursedCoin","Anchor","Replay:Mystery Machine","Block Potion"],"campfire_rested":1,"item_purchase_floors":[12,12,29,39,39,44,44,44,49],"current_hp_per_floor":[68,65,58,63,63,62,44,66,66,60,75,75,64,64,64,57,75,74,60,60,54,54,54,56,56,56,56,56,56,56,56,56,58,58,58,63,65,75,75,77,77,77,77,77,77,77,47,43,58,60,60,70,79,79,79,79,16],"gold":48,"neow_bonus":"UPGRADE_CARD","is_daily":false,"chose_seed":false,"campfire_upgraded":6,"win_rate":0.0,"timestamp":1609528005,"path_taken":["M","M","?","?","M","E","M","R","T","E","?","$","E","M","R","BOSS","M","?","?","?","?","R","M","PTL","PTL","R","T","$","?","E","R","E","R","BOSS","M","?","$","M","M","E","R","?","T","?","E","?","?","M","R","BOSS","R","$","E","BOSS"],"items_purchased_type":["Card","Card","Relic","Card","Relic","Relic","Relic","Relic","Potion"],"build_version":"2020-12-22","purchased_purges":1,"victory":true,"max_hp_per_floor":[70,70,70,75,75,75,75,75,75,75,75,75,75,75,75,75,75,75,80,80,80,56,56,56,56,56,56,56,56,56,56,56,58,58,58,63,65,75,75,77,77,77,77,77,77,77,77,77,77,79,79,79,79,79,79,79,79],"card_choices":[{"not_picked":["Hook","Ball_Of_Ice"],"picked":"Phantom_Blow","floor":1},{"not_picked":["Dragonkick","Step_Of_The_Wind"],"picked":"Free_Pour","floor":2},{"not_picked":["Hook","Rising_Crane"],"picked":"Free_Pour","floor":5},{"not_picked":["Meteodrive","High_Tide"],"picked":"Torment","floor":6},{"not_picked":["Ripple","Fading_Blow"],"picked":"Rising_Crane","floor":7},{"not_picked":["Vortex","Snap_Punch"],"picked":"Ripple","floor":10},{"not_picked":["Scowl","Foot_Thrust"],"picked":"Cold_Blooded+1","floor":13},{"not_picked":["Meditate","RockBreaker"],"picked":"Ball_Of_Ice","floor":14},{"not_picked":["Breathe_Deep+1","Patience+1"],"picked":"Liquid_Armor+1","floor":16},{"not_picked":["Rising_Crane","On_The_Rocks"],"picked":"Fading_Blow","floor":18},{"not_picked":["Greased_Lightning","Feint"],"picked":"Free_Pour","floor":21},{"not_picked":["Scoop","Bouncer+1"],"picked":"Foot_Thrust","floor":24},{"not_picked":["On_The_Rocks+1","Rising_Crane+1"],"picked":"With_A_Twist","floor":31},{"not_picked":["Scoop+1","Fading_Blow","Beat_Rush"],"picked":"Singing Bowl","floor":33},{"not_picked":["Windup","Liquid_Armor+1"],"picked":"Top_Shelf","floor":35},{"not_picked":["Fading_Blow","Feint+1"],"picked":"Blizzard_Spikes","floor":36},{"not_picked":["Hook","Dragonkick","Axe_Heel_Kick"],"picked":"Singing Bowl","floor":37},{"not_picked":["Cross","Hook","Alacrity+1"],"picked":"Singing Bowl","floor":40},{"not_picked":["Bloodbath_Bartender","Hook+1"],"picked":"Coeurl_Form+1","floor":41},{"not_picked":["RockBreaker+","Well_Drinks"],"picked":"Fight_Dirty+1","floor":42},{"not_picked":["Cross","Foot_Thrust+1"],"picked":"Power_Up_Punch+1","floor":47},{"not_picked":["On_The_Rocks+1","Mirage+1"],"picked":"Cross+1","floor":48},{"not_picked":["Ripple","Top_Shelf","Glare+1"],"picked":"Singing Bowl","floor":50},{"not_picked":["Ball_Of_Ice+1","Bitters"],"picked":"Step_Of_The_Wind","floor":56}],"player_experience":258078,"relics_obtained":[{"floor":6,"key":"Frozen Egg 2"},{"floor":9,"key":"Garlic"},{"floor":10,"key":"Boot"},{"floor":13,"key":"Piano_Music"},{"floor":31,"key":"FossilizedHelix"},{"floor":33,"key":"Singing Bowl"},{"floor":42,"key":"Bag of Marbles"},{"floor":45,"key":"Mirror"},{"floor":46,"key":"Torii"},{"floor":47,"key":"Iron Hammer"},{"floor":56,"key":"Pen Nib"}],"event_choices":[{"damage_healed":0,"gold_gain":0,"player_choice":"Success","damage_taken":7,"relics_obtained":["MealTicket"],"max_hp_gain":0,"max_hp_loss":0,"event_name":"Scrap Ooze","floor":3,"gold_loss":0},{"damage_healed":0,"gold_gain":0,"player_choice":"Donut","damage_taken":0,"max_hp_gain":5,"max_hp_loss":0,"event_name":"Big Fish","floor":4,"gold_loss":0},{"damage_healed":0,"gold_gain":0,"player_choice":"Shed Blood","damage_taken":19,"max_hp_gain":5,"max_hp_loss":0,"event_name":"Forgotten Altar","floor":19,"gold_loss":0},{"damage_healed":0,"gold_gain":0,"player_choice":"Ignored","damage_taken":0,"max_hp_gain":0,"max_hp_loss":0,"event_name":"Cursed Tome","floor":20,"gold_loss":0},{"damage_healed":0,"gold_gain":0,"player_choice":"Became a vampire","damage_taken":0,"max_hp_gain":0,"max_hp_loss":24,"event_name":"Vampires","floor":22,"gold_loss":0,"cards_obtained":["Bite","Bite","Bite","Bite","Bite"]},{"cards_removed":["Bite"],"damage_healed":0,"gold_gain":0,"player_choice":"Elegance","damage_taken":0,"max_hp_gain":0,"max_hp_loss":0,"event_name":"Back to Basics","floor":30,"gold_loss":0},{"damage_healed":0,"gold_gain":0,"player_choice":"Gave Potion","damage_taken":0,"relics_obtained":["Pear"],"max_hp_gain":0,"max_hp_loss":0,"event_name":"WeMeetAgain","floor":38,"gold_loss":0},{"damage_healed":0,"gold_gain":0,"cards_transformed":["Bite"],"player_choice":"Transformed","damage_taken":0,"max_hp_gain":0,"max_hp_loss":0,"event_name":"Transmorgrifier","floor":51,"gold_loss":0,"cards_obtained":["Violence"]}],"is_beta":false,"boss_relics":[{"not_picked":["ReplayTheSpireMod:DimensionalGlitch","Fusion Hammer"],"picked":"Replay:Bronze Core"},{"not_picked":["Empty Cage","Snecko Eye"],"picked":"Tiny House"}],"items_purged_floors":[12],"is_endless":false,"potions_floor_spawned":[2,6,16,18,24,33,35,42,47,48,50,56],"ascension_level":0}}