{"host":"ifkniheryhug0h86","time":1609525963,"event":{"mods":["AchievementEnabler","BaseMod","Block Reminder","Colored Map","Colored Powertips","DeckTracker","Downfall","Duelist Mod","Googly Eyes","Hermit","Highlight Path","Hubris","Infinite Spire","Minty Spire (QoL Compilation)","Quick Restart","Relic Sorter","Relic Stats","Replay The Spire","SOS???????","StSLib","SuperFastMode","The Bladedancer","The Construct","The Forsaken","The IronCluck","The Necromancer"],"gold_per_floor":[113,126,126,126,136,162,162,162,162,176,196,21,50,66,66,170,170,184,184,184,202,11,23,23,23,23,23,41,41,53,82,82,183,283,298,317,331,351,351,368,368,368,368,368,368,368,368,381,381,392,392,392,392],"floor_reached":52,"playtime":3233,"items_purged":["theDuelist:CurseAging","hermit:Strike_Hermit"],"score":486,"play_id":"eac3eed8-3df4-4839-a92d-099c10458ab9","local_time":"20210101133243","is_ascension_mode":false,"campfire_choices":[{"data":"hermit:Covet","floor":7,"key":"SMITH"},{"data":"hermit:Gestalt","floor":15,"key":"SMITH"},{"floor":24,"key":"REST"},{"data":"theDuelist:CardDestruction","floor":27,"key":"SMITH"},{"floor":32,"key":"REST"},{"floor":41,"key":"REST"},{"floor":47,"key":"REST"},{"floor":49,"key":"REST"},{"floor":51,"key":"REST"}],"circlet_count":0,"master_deck":["hermit:Strike_Hermit","hermit:Defend_Hermit+1","hermit:Defend_Hermit","hermit:Defend_Hermit","hermit:Defend_Hermit","hermit:Snapshot","hermit:Covet+1","hermit:LoneWolf+1","hermit:Feint+1","hermit:Deadeye","hermit:Snipe","hermit:Vantage","hermit:HighNoon+1","hermit:Glare","hermit:Gestalt+1","hermit:FromBeyond","hermit:HighCaliber","theDuelist:CardDestruction+1","hermit:HighCaliber+1","expansioncontent:DecasProtection","hermit:Roulette","theForsaken:PlagueCurse","hermit:Roulette+1","blademaster:Quickstep","hermit:Headshot+1","blademaster:Vortex"],"relics":["Burning Blood","hubris:DisguiseKit","infinitespire:Cubic Diamond","hubris:SphereOfDissonance","ReplayTheSpireMod:CursedCoin","infinitespire:FocusingShard","Bottled Flame","hubris:RunicObelisk","theForsaken:PlagueMask","infinitespire:Bottled Soul","Replay:Wax Seal","Replay:Wanted Poster","ReplayTheSpireMod:TigerMarble","Gremlin Food","hubris:Towel"],"acts_visited":["Exordium","TheCity","TheBeyond"],"potions_floor_usage":[16,16,50],"damage_taken":[{"damage":2,"enemies":"Small Slimes","floor":1,"turns":3},{"damage":2,"enemies":"2 Louse","floor":2,"turns":3},{"damage":6,"enemies":"Jaw Worm","floor":5,"turns":4},{"damage":31,"enemies":"Lagavulin","floor":6,"turns":10},{"damage":1,"enemies":"2 Fungi Beasts","floor":10,"turns":3},{"damage":0,"enemies":"Large Slime","floor":11,"turns":8},{"damage":7,"enemies":"Replay:BlueRogue","floor":13,"turns":5},{"damage":15,"enemies":"Exordium Wildlife","floor":14,"turns":5},{"damage":34,"enemies":"Slime Boss","floor":16,"turns":17},{"damage":1,"enemies":"Chosen","floor":18,"turns":4},{"damage":31,"enemies":"3 Byrds","floor":21,"turns":5},{"damage":29,"enemies":"Snake Plant","floor":23,"turns":3},{"damage":7,"enemies":"Chosen and Byrds","floor":28,"turns":5},{"damage":8,"enemies":"Snecko","floor":30,"turns":5},{"damage":26,"enemies":"theDuelist:KaibaA2","floor":31,"turns":4},{"damage":47,"enemies":"Champ","floor":33,"turns":11},{"damage":24,"enemies":"3 Darklings","floor":35,"turns":7},{"damage":2,"enemies":"Orb Walker","floor":36,"turns":3},{"damage":36,"enemies":"Writhing Mass","floor":37,"turns":5},{"damage":33,"enemies":"Spire Growth","floor":38,"turns":5},{"damage":0,"enemies":"Sphere and 2 Shapes","floor":40,"turns":1},{"damage":23,"enemies":"Jaw Worm Horde","floor":48,"turns":5},{"damage":13,"enemies":"Transient","floor":50,"turns":5},{"damage":105,"enemies":"Replay:Hell Engine","floor":52,"turns":8}],"seed_played":"-5251748214852655081","potions_obtained":[{"floor":2,"key":"SpeedPotion"},{"floor":10,"key":"Block Potion"},{"floor":11,"key":"EssenceOfSteel"},{"floor":21,"key":"Weak Potion"},{"floor":31,"key":"hermit:BlackBile"},{"floor":50,"key":"Doom Potion"}],"is_trial":false,"path_per_floor":["M","M","?","?","M","E","R","?","T","M","M","$","E","M","R_BF","B",null,"M","?","?","M","$","M","R","?","T","R","M","?","M","E","R","B",null,"M","M","M","M","AVR","M","R","?","T","?","PTL","PTL","R","M","R","M","R","B"],"character_chosen":"HERMIT","items_purchased":["ReplayTheSpireMod:CursedCoin","infinitespire:FocusingShard","expansioncontent:DecasProtection"],"campfire_rested":6,"item_purchase_floors":[12,12,22],"current_hp_per_floor":[80,78,78,78,72,41,41,41,41,46,52,52,51,42,42,14,82,82,82,82,57,57,34,58,58,58,58,57,57,55,35,59,18,82,64,68,38,11,11,17,41,41,41,41,41,41,65,48,72,65,82,0,0],"gold":392,"neow_bonus":"TEN_PERCENT_HP_BONUS","is_daily":false,"chose_seed":false,"campfire_upgraded":3,"win_rate":0.0,"timestamp":1609525963,"path_taken":["M","M","?","?","M","E","R","?","T","M","?","$","E","M","R_BF","BOSS","M","?","?","M","?","?","R","?","T","R","M","?","M","E","R","BOSS","M","M","?","M","AVR","M","R","?","T","?","PTL","PTL","R","M","R","M","R","BOSS"],"items_purchased_type":["Relic","Relic","Card"],"build_version":"2020-12-22","purchased_purges":2,"victory":false,"max_hp_per_floor":[82,82,82,82,82,82,82,82,82,82,82,82,82,82,82,82,82,82,82,82,82,82,82,82,82,82,82,82,82,82,82,82,82,82,82,82,82,82,82,82,82,82,82,82,82,82,82,82,82,82,82,82,82],"relic_stats":{"counters":[24,134],"obtain_stats":[{"Gremlin Food":43,"hubris:DisguiseKit":6,"ReplayTheSpireMod:CursedCoin":12,"hubris:SphereOfDissonance":9,"infinitespire:Cubic Diamond":8,"infinitespire:FocusingShard":12,"hubris:RunicObelisk":17,"hubris:Towel":44,"theForsaken:PlagueMask":25,"Burning Blood":8,"Replay:Wanted Poster":34,"Bottled Flame":13,"infinitespire:Bottled Soul":26,"ReplayTheSpireMod:TigerMarble":39,"Replay:Wax Seal":31,"hermit:Momento":0},{"Gremlin Food":21,"hubris:DisguiseKit":4,"ReplayTheSpireMod:CursedCoin":6,"hubris:SphereOfDissonance":4,"infinitespire:Cubic Diamond":4,"infinitespire:FocusingShard":6,"hubris:RunicObelisk":9,"hubris:Towel":21,"theForsaken:PlagueMask":12,"Burning Blood":4,"Replay:Wanted Poster":16,"Bottled Flame":7,"infinitespire:Bottled Soul":12,"ReplayTheSpireMod:TigerMarble":20,"Replay:Wax Seal":15,"hermit:Momento":0},{"Gremlin Food":116,"hubris:DisguiseKit":20,"ReplayTheSpireMod:CursedCoin":31,"hubris:SphereOfDissonance":20,"infinitespire:Cubic Diamond":20,"infinitespire:FocusingShard":31,"hubris:RunicObelisk":58,"hubris:Towel":116,"theForsaken:PlagueMask":70,"Burning Blood":20,"Replay:Wanted Poster":95,"Bottled Flame":36,"infinitespire:Bottled Soul":70,"ReplayTheSpireMod:TigerMarble":115,"Replay:Wax Seal":84,"hermit:Momento":0}],"Burning Blood":109},"card_choices":[{"not_picked":["hermit:Manifest","hermit:TakeAim"],"picked":"hermit:LoneWolf","floor":1},{"not_picked":["hermit:Coalescence","hermit:Snipe"],"picked":"hermit:Feint","floor":2},{"not_picked":["hermit:SprayPray","hermit:BigShot"],"picked":"hermit:Deadeye","floor":5},{"not_picked":["hermit:LuckOfTheDraw","hermit:Dive"],"picked":"hermit:Snipe","floor":6},{"not_picked":["hermit:Coalescence","hermit:HoleUp","blademaster:SharpBlades"],"picked":"hermit:Vantage","floor":10},{"not_picked":["hermit:GhostlyPresence","hermit:WideOpen","blademaster:ThunderSlash"],"picked":"hermit:HighNoon","floor":11},{"not_picked":["hermit:Determination","hermit:Manifest","blademaster:KiBarrier"],"picked":"hermit:Glare","floor":13},{"not_picked":["hermit:DeadMansHand","hermit:CursedWeapon","blademaster:ThunderSlash"],"picked":"hermit:Gestalt","floor":14},{"not_picked":["hermit:Reprieve","hermit:FinalCanter","blademaster:ThreePointStrike"],"picked":"hermit:FromBeyond","floor":16},{"not_picked":["hermit:Horror","hermit:HoleUp+1","blademaster:Stability"],"picked":"hermit:HighCaliber","floor":18},{"not_picked":["hermit:Scavenge","hermit:Desperado+1","blademaster:ThunderSlash"],"picked":"hermit:HighCaliber+1","floor":21},{"not_picked":["hermit:BigShot+1","hermit:CalledShot","blademaster:AirSlash"],"picked":"hermit:Roulette","floor":23},{"not_picked":["hermit:Scavenge","hermit:Dive","hermit:Spite","blademaster:Slice"],"picked":"SKIP","floor":28},{"not_picked":["hermit:LowProfile","hermit:PistolWhip","blademaster:Frenzy"],"picked":"hermit:Roulette+1","floor":30},{"not_picked":["hermit:Gestalt","hermit:Brawl","hermit:Misfire"],"picked":"blademaster:Quickstep","floor":31},{"not_picked":["hermit:WideOpen+1","hermit:HoleUp","hermit:BodyArmor","blademaster:AncestralHealing"],"picked":"SKIP","floor":35},{"not_picked":["hermit:BodyArmor+1","hermit:HoleUp","blademaster:AspectOfWind"],"picked":"hermit:Headshot+1","floor":36},{"not_picked":["hermit:Virtue","hermit:Manifest","hermit:FullyLoaded+1"],"picked":"blademaster:Vortex","floor":37},{"not_picked":["hermit:BodyArmor+1","hermit:SprayPray","hermit:Coalescence+1","blademaster:Thrust"],"picked":"SKIP","floor":38},{"not_picked":["hermit:BlackWind","hermit:Enervate","hermit:LowProfile+1","blademaster:Slice"],"picked":"SKIP","floor":40},{"not_picked":["hermit:WideOpen+1","hermit:Roulette","hermit:CalledShot","blademaster:Quickstep"],"picked":"SKIP","floor":48},{"not_picked":["hermit:Roulette+1","hermit:TrackingShot+1","hermit:NoHoldsBarred","blademaster:BloodyBlow"],"picked":"SKIP","floor":50}],"player_experience":21755,"relics_obtained":[{"floor":6,"key":"hubris:DisguiseKit"},{"floor":9,"key":"hubris:SphereOfDissonance"},{"floor":13,"key":"Bottled Flame"},{"floor":26,"key":"infinitespire:Bottled Soul"},{"floor":31,"key":"Replay:Wax Seal"},{"floor":43,"key":"Gremlin Food"}],"event_choices":[{"cards_removed":["hermit:Strike_Hermit"],"damage_healed":0,"gold_gain":0,"player_choice":"Forget","damage_taken":0,"max_hp_gain":0,"max_hp_loss":0,"event_name":"Living Wall","floor":4,"gold_loss":0},{"damage_healed":0,"gold_gain":0,"player_choice":"Read","damage_taken":0,"max_hp_gain":0,"max_hp_loss":0,"event_name":"The Library","floor":19,"gold_loss":0,"cards_obtained":["theDuelist:CardDestruction"]},{"damage_healed":0,"gold_gain":0,"player_choice":"Obtain Plague Curse","damage_taken":0,"max_hp_gain":0,"max_hp_loss":0,"event_name":"Plague Doctor","floor":25,"gold_loss":0,"cards_obtained":["theForsaken:PlagueCurse"]},{"cards_removed":["hermit:Strike_Hermit"],"damage_healed":0,"gold_gain":0,"player_choice":"Offered Basic","damage_taken":0,"max_hp_gain":0,"max_hp_loss":0,"event_name":"Bonfire Elementals","floor":29,"gold_loss":0}],"is_beta":false,"boss_relics":[{"not_picked":["hubris:BlackHole","Runic Dome"],"picked":"hubris:RunicObelisk"},{"not_picked":["Velvet Choker","Cursed Key"],"picked":"Replay:Wanted Poster"}],"items_purged_floors":[12,22],"is_endless":false,"potions_floor_spawned":[2,10,11,13,14,21,31,33,35,38,48,50],"killed_by":"Replay:Hell Engine","ascension_level":0}}