{"host":"i0avyit1s6jb1siw","time":1609506430,"event":{"mods":["BaseMod","DeckTracker","Dota2Spire","Highlight Path","Minty Spire (QoL Compilation)","Quick Restart","Replay The Spire","StSLib","SuperFastMode"],"gold_per_floor":[110,74,74,86,86,118,128,128,128,128,143,163,193,193,193,266,266,284,296,308,197,197,197,24,58,82,82,132,149,164,177,177,252,252,266,284,294,346,346,380,391,411,411,441,456,467,467,51,51,51,51,51,51,51,84,84],"floor_reached":57,"playtime":2276,"items_purged":["Unload","Dagger Spray"],"score":3642,"play_id":"2dd76986-d014-4e42-b753-8ae1dbbf5b71","local_time":"20210101140710","is_ascension_mode":true,"campfire_choices":[{"data":"Neutralize","floor":8.0,"key":"SMITH"},{"data":"Well Laid Plans","floor":10.0,"key":"SMITH"},{"data":"Strike_G","floor":15.0,"key":"PURGE"},{"data":"Wraith Form v2","floor":23.0,"key":"SMITH"},{"data":"Bullet Time","floor":32.0,"key":"SMITH"},{"floor":47,"key":"RECALL"},{"data":"Footwork","floor":53,"key":"SMITH"}],"circlet_count":0,"master_deck":["AscendersBane","Survivor+1","Neutralize+1","Well Laid Plans+1","Quick Slash+1","Bullet Time+1","Deadly Poison","PiercingWail","Bouncing Flask+1","Wraith Form v2+1","Dagger Throw+1","Leg Sweep","Flechettes","Crippling Poison","Choke","Dodge and Roll","Escape Plan","Eviscerate","Dash","Footwork","Prepared+1","Calculated Gamble","Acrobatics","Blade Dance+1","Dodge and Roll+1","Reflex+1","Footwork+1","Backflip","Caltrops+1"],"relics":["Ring of the Snake","NeowsBlessing","Dota2Spire:BattleFury","Replay:Ringing Soul","Oddly Smooth Stone","Pandora\u0027s Box","OrangePellets","Anchor","Nunchaku","Dota2Spire:RefresherOrb","Pondfish Scales","Dota2Spire:Satanic","Dota2Spire:OrchidMalevolence","Dota2Spire:EyeOfSkadi","Dota2Spire:ShadowBlade"],"acts_visited":["Exordium","TheCity","TheBeyond","TheEnding"],"potions_floor_usage":[55,56],"damage_taken":[{"damage":0.0,"enemies":"2 Louse","floor":1.0,"turns":1.0},{"damage":0.0,"enemies":"Cultist","floor":4.0,"turns":1.0},{"damage":0.0,"enemies":"Gremlin Nob","floor":6.0,"turns":1.0},{"damage":0.0,"enemies":"Small Slimes","floor":7.0,"turns":2.0},{"damage":4.0,"enemies":"Blue Slaver","floor":11.0,"turns":3.0},{"damage":0.0,"enemies":"Gremlin Gang","floor":12.0,"turns":2.0},{"damage":17.0,"enemies":"Lagavulin","floor":13.0,"turns":6.0},{"damage":0.0,"enemies":"Hexaghost","floor":16.0,"turns":8.0},{"damage":7.0,"enemies":"3 Byrds","floor":18.0,"turns":4.0},{"damage":4.0,"enemies":"Chosen","floor":19.0,"turns":4.0},{"damage":0.0,"enemies":"Snake Plant","floor":20.0,"turns":4.0},{"damage":6.0,"enemies":"Book of Stabbing","floor":25.0,"turns":7.0},{"damage":0.0,"enemies":"Centurion and Healer","floor":29.0,"turns":4.0},{"damage":6.0,"enemies":"Cultist and Chosen","floor":30.0,"turns":6.0},{"damage":10.0,"enemies":"Shelled Parasite and Fungi","floor":31.0,"turns":5.0},{"damage":12.0,"enemies":"Pondfish","floor":33.0,"turns":10.0},{"damage":0.0,"enemies":"3 Darklings","floor":35.0,"turns":3.0},{"damage":0,"enemies":"3 Shapes","floor":36,"turns":4},{"damage":0,"enemies":"Maw","floor":37,"turns":7},{"damage":0,"enemies":"2 Orb Walkers","floor":38,"turns":5},{"damage":0,"enemies":"Nemesis","floor":40,"turns":7},{"damage":0,"enemies":"Jaw Worm Horde","floor":41,"turns":4},{"damage":0,"enemies":"3 Darklings","floor":42,"turns":3},{"damage":21,"enemies":"Reptomancer","floor":44,"turns":4},{"damage":0,"enemies":"Spire Growth","floor":45,"turns":3},{"damage":0,"enemies":"Writhing Mass","floor":46,"turns":4},{"damage":0,"enemies":"Time Eater","floor":50,"turns":10},{"damage":13,"enemies":"Donu and Deca","floor":51,"turns":9},{"damage":0,"enemies":"Shield and Spear","floor":55,"turns":5},{"damage":48,"enemies":"The Heart","floor":56,"turns":9}],"seed_played":"5487257179519428820","potions_obtained":[{"floor":1.0,"key":"Venom Potion"},{"floor":7.0,"key":"Languid Potion"},{"floor":16.0,"key":"Flashbang"},{"floor":20.0,"key":"SkillPotion"},{"floor":31.0,"key":"Elixir"},{"floor":42,"key":"LiquidMemories"}],"is_trial":false,"path_per_floor":["M","$","?","M","?","E","M","R","T","R","M","M","E","?","R","B",null,"M","M","M","$","?","R","$","E","T","?","?","M","M","M","R","B",null,"M","M","M","?","?","E","M","M","T","E","M","M","R","$","R","B","B",null,"R","$","E","B",null],"character_chosen":"THE_SILENT","items_purchased":["Quick Slash+1","Prepared+1","OrangePellets","Dota2Spire:EyeOfSkadi"],"campfire_rested":0,"item_purchase_floors":[2,21,24,48],"current_hp_per_floor":[59,59,59,59,39,39,39,39,39,39,38,41,27,27,27,30,69,65,61,64,67,67,67,67,64,64,67,67,70,64,54,54,42,85,85,85,85,88,88,88,91,91,91,73,76,79,79,84,119,119,106,116,116,116,116,68],"gold":84,"neow_bonus":"THREE_ENEMY_KILL","is_daily":false,"chose_seed":false,"campfire_upgraded":5,"win_rate":0.0,"timestamp":1609506430,"path_taken":["M","$","?","?","?","E","M","R","T","R","M","M","E","?","R","BOSS","M","M","?","$","?","R","$","E","T","?","?","M","?","M","R","BOSS","M","M","?","?","?","E","M","M","T","E","M","M","R","$","R","BOSS","BOSS","R","$","E","BOSS"],"items_purchased_type":["Card","Card","Relic","Relic"],"build_version":"2020-12-22","purchased_purges":2,"victory":true,"max_hp_per_floor":[66,66,66,66,66,66,66,66,66,66,69,72,75,75,75,78,81,84,84,87,90,90,90,90,93,93,96,96,99,99,99,99,99,99,99,99,99,102,102,102,105,105,105,108,111,114,114,119,119,119,119,119,119,119,119,119],"card_choices":[{"not_picked":["Sneak Up","Quick Slash"],"picked":"Well Laid Plans","floor":1.0},{"not_picked":["Outmaneuver","ReplayTheSpireMod:Scrap Shanks"],"picked":"Deadly Poison","floor":4.0},{"not_picked":["Reflex","Draining Mist"],"picked":"Unload","floor":6.0},{"not_picked":["Deflect","Dodge and Roll","Bane"],"picked":"SKIP","floor":7.0},{"not_picked":["Outmaneuver","Flying Knee"],"picked":"Dagger Spray","floor":11.0},{"not_picked":["Hidden Blade","Outmaneuver"],"picked":"PiercingWail","floor":12.0},{"not_picked":["Fluid Movement","ReplayTheSpireMod:From All Sides"],"picked":"Bouncing Flask","floor":13.0},{"not_picked":["Envenom","Venomology"],"picked":"Wraith Form v2","floor":16.0},{"not_picked":["Bouncing Flask+1","Predator"],"picked":"Dash","floor":18.0},{"not_picked":["Setup","Deadly Poison+1","Flying Knee"],"picked":"SKIP","floor":19.0},{"not_picked":["Dagger Spray","Quick Slash"],"picked":"Footwork","floor":20.0},{"not_picked":["Phantasmal Killer","Heel Hook"],"picked":"Calculated Gamble","floor":25.0},{"not_picked":["Flying Knee","Underhanded Strike"],"picked":"Blade Dance+1","floor":29.0},{"not_picked":["Prepared","Sucker Punch","Dagger Throw"],"picked":"SKIP","floor":30.0},{"not_picked":["Hidden Blade","Well Laid Plans","Dagger Throw"],"picked":"SKIP","floor":31.0},{"not_picked":["Dagger Spray+1","Deflect","Riddle With Holes"],"picked":"SKIP","floor":35.0},{"not_picked":["Heel Hook","Cloak And Dagger","Deadly Poison"],"picked":"SKIP","floor":36},{"not_picked":["Prepared","Underhanded Strike","Fluid Movement+1"],"picked":"SKIP","floor":37},{"not_picked":["All Out Attack","Accuracy+1"],"picked":"Dodge and Roll+1","floor":38},{"not_picked":["Bane+1","Outmaneuver","Heel Hook"],"picked":"SKIP","floor":40},{"not_picked":["Blade Dance+1","Prepared"],"picked":"Reflex+1","floor":41},{"not_picked":["Envenom","Choke","Quick Slash"],"picked":"SKIP","floor":42},{"not_picked":["ReplayTheSpireMod:Exploit Weakness","Backflip"],"picked":"Footwork","floor":44},{"not_picked":["Bane+1","Blur"],"picked":"Backflip","floor":45},{"not_picked":["Caltrops+1","Dagger Spray","Masterful Stab+1"],"picked":"SKIP","floor":46},{"not_picked":["Dagger Spray","Masterful Stab+1"],"picked":"Caltrops+1","floor":46},{"not_picked":["Leg Sweep","Dash","Prepared"],"picked":"SKIP","floor":55}],"player_experience":2152760,"relics_obtained":[{"floor":6.0,"key":"Dota2Spire:BattleFury"},{"floor":9.0,"key":"Replay:Ringing Soul"},{"floor":13.0,"key":"Oddly Smooth Stone"},{"floor":25.0,"key":"Anchor"},{"floor":26.0,"key":"Nunchaku"},{"floor":38,"key":"Pondfish Scales"},{"floor":40,"key":"Dota2Spire:Satanic"},{"floor":44,"key":"Dota2Spire:OrchidMalevolence"},{"floor":55,"key":"Dota2Spire:ShadowBlade"}],"event_choices":[{"damage_healed":0.0,"max_hp_gain":0.0,"max_hp_loss":0.0,"gold_gain":0.0,"cards_transformed":["Strike_G"],"event_name":"Transmorgrifier","player_choice":"Transformed","floor":3.0,"gold_loss":0.0,"damage_taken":0.0,"cards_obtained":["Bullet Time"]},{"damage_healed":0.0,"max_hp_gain":0.0,"max_hp_loss":0.0,"gold_gain":0.0,"event_name":"Shining Light","player_choice":"Entered Light","floor":5.0,"gold_loss":0.0,"damage_taken":20.0,"cards_upgraded":["Defend_G","Survivor"]},{"damage_healed":0.0,"max_hp_gain":0.0,"max_hp_loss":0.0,"gold_gain":0.0,"event_name":"Accursed Blacksmith","player_choice":"Forge","floor":14.0,"gold_loss":0.0,"damage_taken":0.0,"cards_upgraded":["Bouncing Flask"]},{"damage_healed":0.0,"max_hp_gain":0.0,"max_hp_loss":0.0,"gold_gain":0.0,"event_name":"Ghosts","player_choice":"Ignored","floor":22.0,"gold_loss":0.0,"damage_taken":0.0},{"damage_healed":0.0,"max_hp_gain":0.0,"max_hp_loss":0.0,"gold_gain":0.0,"event_name":"The Library","player_choice":"Read","floor":27.0,"gold_loss":0.0,"damage_taken":0.0,"cards_obtained":["Acrobatics"]},{"damage_healed":0.0,"max_hp_gain":0.0,"max_hp_loss":0.0,"gold_gain":100.0,"event_name":"The Joust","player_choice":"Bet on Murderer","floor":28.0,"gold_loss":50.0,"damage_taken":0.0},{"damage_healed":0,"gold_gain":0,"player_choice":"Fight","damage_taken":0,"max_hp_gain":0,"max_hp_loss":0,"event_name":"Mysterious Sphere","floor":38,"gold_loss":0}],"is_beta":false,"boss_relics":[{"not_picked":["Sozu","Cursed Key"],"picked":"Pandora\u0027s Box"},{"not_picked":["SacredBark","Black Star"],"picked":"Dota2Spire:RefresherOrb"}],"items_purged_floors":[21,48],"is_endless":false,"potions_floor_spawned":[1,7,16,20,29,30,31,38,41,42,44,45],"ascension_level":20}}