{"host":"61ejhfsushs0xmcl","time":1609497092,"event":{"mods":["ATMod(阿瑾Mod)","Act Like it!","BaseMod","Colored Map","Gold Saver","Hallownest","Marisa（F雨　魔理沙）","Minty Spire (QoL Compilation)","MostiFishMod","Pale of the Ancients","Spicy Shops","StSLib","TestMod","Waifu the Spire","【遗物卡牌】REMEMod","篝火指南"],"gold_per_floor":[2201,2601,2611,2656,1974,2081,2081,1549,1549,1474,1519,1567,1567,1750,1750,1963,1963,2226,1452,1452,1362,1705,2198,2665,3062,3062,3340,3756,3756,4128,4128,4128,4447,3047,3426,2813,2728,2728,1870,2151,2163,2620,2643,3000,3000,3282,3023,3536,3256,3526,3838,4571,5210,5260,4681,4107,4374,3718,3269,3269,3269],"floor_reached":62,"playtime":2607,"items_purged":["Strike_P","Eruption","Defend_P","Strike_P","Strike_P","Eruption","Defend_P","Vigilance","Hallownest:skillGreenpathMap+1","Robbery","WheelKick+1","Defend_P+1","Defend_P+1"],"score":3596,"play_id":"d8518950-79c7-4212-8a7e-2b1478e6709f","local_time":"20210101183132","is_ascension_mode":true,"campfire_choices":[{"data":"Adaptation","floor":7.0,"key":"SMITH"},{"data":"MostiFishMod:CyberBuddha","floor":13.0,"key":"SMITH"},{"data":"Hallownest:skillGreenpathMap","floor":15.0,"key":"SMITH"},{"data":"MostiFishMod:StarLaLaLa","floor":32.0,"key":"SMITH"},{"floor":45.0,"key":"RECALL"}],"circlet_count":0,"master_deck":["AT_EssenceShift+1","Adaptation+1","Tantrum+1","MostiFishMod:CyberBuddha+1","Adaptation+1","MostiFishMod:StarLaLaLa+1","Indignation+1","Omniscience+1","TalkToTheHand+1","Hallownest:skillKingdomsEdgeMap+1","InnerPeace+1","FearNoEvil+1","MostiFishMod:Adaptation+1","AT_ChampionKick+1","MostiFishMod:CyberBuddha+1"],"relics":["PureWater","testmod-TestBox","AT_ATBox","testmod-EqualTreatment","Jackal-EndForJourney","SynthV:TestCard","Sundial","testmod-LifeArmor","Strawberry","testmod-DragonStarHat","Gremlin Horn","Mummified Hand","AT_ArcaneBoots","White Beast Statue","FeatherPendant","Dodecahedron","Medical Kit","Frozen Egg 2","Hallownest:StagBellRelic1","AT_ChloranthyRing","Matryoshka","Blue Candle","AT_BellowingDragoncrestRing","Potion Belt","SynthV:MejaisSoulstealer","TeardropLocket","Whetstone","Membership Card","AT_SilvercatRing","Omamori","Akabeko","Art of War","Cauldron","AT_RedTearstoneRing","AT_GreenNoBalance","Boot","Pantograph","Ice Cream","AT_DeathDance","AT_ImmortalShieldbow","paleoftheancients:Timepiece","paleoftheancients:KeyRelic","Oddly Smooth Stone","Coffee Dripper","SynthV:C4","AT_ForceNature","Technique","Nunchaku","OrangePellets","testmod-OneHitWonder","TungstenRod","testmod-Antiphasic","Kunai","Sling","Shuriken","DollysMirror","testmod-Justice","GoldenEye","Lee\u0027s Waffle","AT_EbonyIvory"],"acts_visited":["Exordium","Hallownest:Greenpath","Hallownest:CityofTears","Hallownest:KingdomsEdge"],"potions_floor_usage":[],"damage_taken":[{"damage":0.0,"enemies":"Hallownest:monsterHuskGuard","floor":1.0,"turns":1.0},{"damage":0.0,"enemies":"Hallownest:2_MossCreeps","floor":3.0,"turns":4.0},{"damage":23.0,"enemies":"Hallownest:2_Tiktiks_and_1_Crawlid","floor":4.0,"turns":3.0},{"damage":0.0,"enemies":"Hallownest:eliteCrystalGuardian","floor":6.0,"turns":5.0},{"damage":0.0,"enemies":"Hallownest:Wandering_and_Horned","floor":11.0,"turns":2.0},{"damage":14.0,"enemies":"Hallownest:eliteVengeflyKing","floor":12.0,"turns":3.0},{"damage":23.0,"enemies":"Hallownest:eliteMossKnight","floor":14.0,"turns":4.0},{"damage":0.0,"enemies":"Hallownest:BossFalseKnight","floor":16.0,"turns":5.0},{"damage":0.0,"enemies":"Hallownest:2_Mistakes","floor":18.0,"turns":3.0},{"damage":0.0,"enemies":"Hallownest:3_Youths","floor":22.0,"turns":2.0},{"damage":4.0,"enemies":"Hallownest:eliteSoulWarrior","floor":23.0,"turns":4.0},{"damage":0.0,"enemies":"Hallownest:eliteWatcherKnight","floor":25.0,"turns":9.0},{"damage":0.0,"enemies":"Hallownest:eliteSoulWarrior","floor":27.0,"turns":2.0},{"damage":6.0,"enemies":"Hallownest:Glutton_and_Coward","floor":28.0,"turns":3.0},{"damage":0.0,"enemies":"Hallownest:eliteWatcherKnight","floor":30.0,"turns":6.0},{"damage":0.0,"enemies":"Hallownest:BossGrimm","floor":33.0,"turns":5.0},{"damage":0.0,"enemies":"Hallownest:2_Littles","floor":35.0,"turns":2.0},{"damage":2.0,"enemies":"Hallownest:eliteCollector","floor":40.0,"turns":2.0},{"damage":0.0,"enemies":"Hallownest:3_Siblings","floor":41.0,"turns":1.0},{"damage":52.0,"enemies":"Hallownest:eliteHiveKnight","floor":42.0,"turns":3.0},{"damage":33.0,"enemies":"Hallownest:Slobbering_and_Violent","floor":44.0,"turns":3.0},{"damage":33.0,"enemies":"Hallownest:eliteCollector","floor":46.0,"turns":3.0},{"damage":0.0,"enemies":"Hallownest:2_Wandering_and_1_Horned","floor":48.0,"turns":3.0},{"damage":5.0,"enemies":"Hallownest:BossGreyPrinceZote","floor":50.0,"turns":2.0},{"damage":0.0,"enemies":"Hallownest:Radiance","floor":51.0,"turns":2.0},{"damage":0.0,"enemies":"Hallownest:Radiance","floor":52.0,"turns":2.0},{"damage":0.0,"enemies":"Hallownest:Radiance","floor":53.0,"turns":1.0},{"damage":0.0,"enemies":"Hallownest:Radiance","floor":57.0,"turns":1.0},{"damage":0,"enemies":"paleoftheancients:N","floor":61,"turns":2}],"seed_played":"-5179804229250872571","potions_obtained":[{"floor":3.0,"key":"testmod-EscapePotion"},{"floor":4.0,"key":"Energy Potion"},{"floor":16.0,"key":"Ancient Potion"},{"floor":25.0,"key":"FairyPotion"},{"floor":28.0,"key":"AttackPotion"},{"floor":30.0,"key":"Block Potion"},{"floor":39.0,"key":"DuplicationPotion"},{"floor":39.0,"key":"testmod-EscapePotion"},{"floor":52.0,"key":"SkillPotion"},{"floor":53.0,"key":"Regen Potion"},{"floor":57.0,"key":"DistilledChaos"}],"is_trial":false,"path_per_floor":["M","?","M","M","$","E","R","$","T","?","M","E","R","E","R","B",null,"M","$","?","?","M","E","?","E","T","E","M","?","E","?","R","B",null,"M","$","?","?","$","E","M","E","T","M","R","E","R","M","R","B","B","M","M","?","$","R","M","R","$","?","B",null],"character_chosen":"WATCHER","items_purchased":["Sundial","testmod-LifeArmor","Strawberry","Gremlin Horn","WheelKick","Dodecahedron","Medical Kit","Frozen Egg 2","TeardropLocket","Whetstone","Membership Card","AT_SilvercatRing","Omamori","Akabeko","Art of War","Cauldron","Ice Cream","AT_DeathDance","AT_ImmortalShieldbow","SynthV:C4","AT_ForceNature","Technique","Nunchaku","MostiFishMod:Adaptation+1","OrangePellets","testmod-OneHitWonder","TungstenRod","AT_ChampionKick","testmod-Antiphasic","Kunai","Sling","Shuriken","DollysMirror","testmod-Justice","GoldenEye","Lee\u0027s Waffle","AT_EbonyIvory"],"campfire_rested":0,"item_purchase_floors":[5,5,5,8,8,19,19,19,36,36,39,39,39,39,39,39,47,47,49,55,55,55,55,55,56,56,56,56,58,58,58,58,58,59,59,59,59],"current_hp_per_floor":[67,67,67,44,51,51,51,51,51,51,51,37,37,14,14,14,64,64,64,64,64,64,60,60,60,60,60,54,48,48,48,48,48,73,73,73,73,73,73,71,71,19,19,7,7,7,7,40,40,60,85,85,85,85,85,85,85,85,92,92,92],"gold":3269,"neow_bonus":"TEN_PERCENT_HP_BONUS","is_daily":false,"chose_seed":false,"campfire_upgraded":4,"win_rate":0.0,"timestamp":1609497092,"path_taken":["M","?","M","M","$","E","R","$","T","?","M","E","R","E","R","BOSS","M","$","?","?","?","E","?","E","T","E","M","?","E","?","R","BOSS","M","$","?","?","$","E","M","E","T","M","R","E","R","M","R","BOSS","BOSS","M","M","?","$","R","M","R","$","?","BOSS"],"items_purchased_type":["Relic","Relic","Relic","Relic","Card","Relic","Relic","Relic","Relic","Relic","Relic","Relic","Relic","Relic","Relic","Relic","Relic","Relic","Relic","Relic","Relic","Relic","Relic","Card","Relic","Relic","Relic","Card","Relic","Relic","Relic","Relic","Relic","Relic","Relic","Relic","Relic"],"build_version":"2020-12-22","purchased_purges":13,"victory":true,"max_hp_per_floor":[74,74,74,74,81,81,81,81,81,81,81,81,81,81,81,81,81,81,81,81,81,81,81,81,81,81,81,81,81,81,81,81,81,81,81,81,81,81,81,81,81,81,81,81,81,81,81,81,81,81,85,85,85,85,85,85,85,85,92,92,92],"card_choices":[{"not_picked":["Evaluate","ThirdEye","Crescendo"],"picked":"SKIP","floor":1.0},{"not_picked":["PathToVictory","Conclude","MostiFishMod:Nomercy","Protect","REME_Repentance"],"picked":"SKIP","floor":3.0},{"not_picked":["ReachHeaven","Study","FlyingSleeves","Consecrate"],"picked":"Adaptation","floor":4.0},{"not_picked":["TalkToTheHand","ThirdEye","REME_MusicOfDeath","FlyingSleeves"],"picked":"Tantrum","floor":6.0},{"not_picked":["Swivel","DeceiveReality","SashWhip","PathToVictory","MostiFishMod:LegendTransform"],"picked":"SKIP","floor":11.0},{"not_picked":["Wireheading","AT_OneInchPunch","Nirvana","Crescendo"],"picked":"MostiFishMod:CyberBuddha","floor":12.0},{"not_picked":["MostiFishMod:PathToVictory","Halt","Swivel","Crescendo"],"picked":"Adaptation","floor":14.0},{"not_picked":["Establishment","MostiFishMod:Moonprays","MostiFishMod:DisColor","MostiFishMod:DustFall"],"picked":"MostiFishMod:StarLaLaLa","floor":16.0},{"not_picked":["Pray","ThirdEye","Consecrate","Prostrate+1","BowlingBash"],"picked":"SKIP","floor":18.0},{"not_picked":["Blasphemy","ThirdEye","Prostrate","EmptyBody"],"picked":"Indignation","floor":20.0},{"not_picked":["Meditate","REME_Repentance+1","Halt","REME_WorshipGod","AT_SoftenMuscles"],"picked":"SKIP","floor":22.0},{"not_picked":["MostiFishMod:LegendTransform+1","Protect","WheelKick","Evaluate","Crescendo"],"picked":"SKIP","floor":23.0},{"not_picked":["Protect+1","CutThroughFate","ClearTheMind","Prostrate","Evaluate"],"picked":"SKIP","floor":25.0},{"not_picked":["Collect","TalkToTheHand","MostiFishMod:Speedup+1","Protect","MasterReality+1"],"picked":"SKIP","floor":27.0},{"not_picked":["EmptyFist+1","ClearTheMind+1","Protect","Consecrate","FlyingSleeves"],"picked":"SKIP","floor":28.0},{"not_picked":["Halt","EmptyBody","FlurryOfBlows+1","FlyingSleeves","DeusExMachina"],"picked":"SKIP","floor":30.0},{"not_picked":["AT_RealColorLess+1","DeusExMachina","MostiFishMod:ScryFuture+1","AT_ChampionKick"],"picked":"Omniscience","floor":33.0},{"not_picked":["BowlingBash","Pray","Consecrate","FlurryOfBlows"],"picked":"TalkToTheHand+1","floor":35.0},{"not_picked":["LikeWater+1","MostiFishMod:Clarity","MostiFishMod:PathToVictory","WheelKick"],"picked":"InnerPeace","floor":40.0},{"not_picked":["Collect+1","MostiFishMod:LegendTransform+1","Evaluate+1","FollowUp","CutThroughFate"],"picked":"SKIP","floor":41.0},{"not_picked":["BowlingBash","Prostrate+1","Wireheading+1","REME_Repentance","ReachHeaven+1"],"picked":"SKIP","floor":42.0},{"not_picked":["TalkToTheHand","ClearTheMind+1","MostiFishMod:DustFall+1","EmptyBody","ThirdEye"],"picked":"SKIP","floor":44.0},{"not_picked":["AT_SoftenMuscles+1","JustLucky","Blasphemy","FlyingSleeves"],"picked":"FearNoEvil+1","floor":46.0},{"not_picked":["Consecrate+1","Crescendo","ClearTheMind","FlyingSleeves+1","MostiFishMod:Adaptation+1"],"picked":"SKIP","floor":48.0},{"not_picked":["Evaluate+1","ClearTheMind","Consecrate","FlyingSleeves","Prostrate"],"picked":"SKIP","floor":52.0},{"not_picked":["Prostrate","REME_Repentance","FlyingSleeves+1","Vengeance+1","PathToVictory"],"picked":"SKIP","floor":53.0},{"not_picked":["Vengeance+1","EmptyMind","WheelKick","WaveOfTheHand","SashWhip+1"],"picked":"SKIP","floor":57.0}],"player_experience":839557,"relics_obtained":[{"floor":1.0,"key":"SynthV:TestCard"},{"floor":6.0,"key":"testmod-DragonStarHat"},{"floor":9.0,"key":"Mummified Hand"},{"floor":12.0,"key":"AT_SpeedBoots"},{"floor":14.0,"key":"White Beast Statue"},{"floor":23.0,"key":"AT_ChloranthyRing"},{"floor":25.0,"key":"Matryoshka"},{"floor":26.0,"key":"Blue Candle"},{"floor":27.0,"key":"AT_BellowingDragoncrestRing"},{"floor":30.0,"key":"Potion Belt"},{"floor":40.0,"key":"AT_RedTearstoneRing"},{"floor":42.0,"key":"AT_SilverBalance"},{"floor":43.0,"key":"Boot"},{"floor":43.0,"key":"Pantograph"}],"event_choices":[{"damage_healed":0.0,"max_hp_gain":0.0,"max_hp_loss":0.0,"gold_gain":400.0,"event_name":"恩洛斯的盘子","player_choice":"Sell","floor":2.0,"relics_lost":["DaveBox"],"gold_loss":0.0,"damage_taken":0.0},{"damage_healed":0.0,"max_hp_gain":0.0,"max_hp_loss":0.0,"gold_gain":0.0,"event_name":"给自己的盒子","player_choice":"Ignored","floor":38.0,"gold_loss":0.0,"damage_taken":0.0},{"damage_healed":0.0,"max_hp_gain":0.0,"max_hp_loss":0.0,"gold_gain":50.0,"event_name":"Golden Shrine","player_choice":"Pray","floor":54.0,"gold_loss":0.0,"damage_taken":0.0}],"is_beta":false,"boss_relics":[{"not_picked":["PatriotShield","Astrolabe"],"picked":"FeatherPendant"},{"not_picked":["GreenFoldingFan","testmod-Fanaticism"],"picked":"SynthV:MejaisSoulstealer"}],"items_purged_floors":[5,8,8,19,36,39,39,47,49,55,56,58,59],"is_endless":false,"potions_floor_spawned":[3,4,11,12,16,18,22,23,25,27,28,30,33,35,40,41,42,44,46,48,52,53,57],"ascension_level":20}}