{"host":"3jjxuhjpio8e4zkv","time":1609543498,"event":{"mods":["BaseMod","Colored Map","Highlight Path","Minty Spire (QoL Compilation)","Permanent Neow","Relic Stats","StSLib"],"gold_per_floor":[115,125,138,190,207,207,225,225,251,401,418,429,17,52,52,52,52],"floor_reached":16,"playtime":509,"items_purged":[],"score":258,"play_id":"f147ff6b-e22c-41f9-9a61-771d5c082797","local_time":"20210101182458","is_ascension_mode":true,"campfire_choices":[{"data":"Masterful Stab","floor":6.0,"key":"SMITH"},{"data":"Skewer","floor":8.0,"key":"SMITH"},{"data":"Footwork","floor":15.0,"key":"SMITH"}],"circlet_count":0,"master_deck":["AscendersBane","Strike_G","Strike_G","Strike_G","Strike_G","Strike_G","Defend_G","Defend_G","Defend_G","Defend_G","Defend_G","Survivor","Neutralize","Masterful Stab+1","Sucker Punch","Finisher","Skewer+1","Doubt","Eviscerate","Concentrate","Footwork+1","Backstab"],"relics":["Ring of the Snake","NeowsBlessing","Boot","Potion Belt","Ginger","Pantograph"],"acts_visited":["Exordium"],"potions_floor_usage":[16],"damage_taken":[{"damage":0.0,"enemies":"Cultist","floor":1.0,"turns":1.0},{"damage":0.0,"enemies":"Jaw Worm","floor":2.0,"turns":1.0},{"damage":0.0,"enemies":"2 Louse","floor":3.0,"turns":1.0},{"damage":3.0,"enemies":"Looter","floor":5.0,"turns":3.0},{"damage":9.0,"enemies":"Exordium Wildlife","floor":7.0,"turns":6.0},{"damage":0.0,"enemies":"3 Louse","floor":11.0,"turns":3.0},{"damage":3.0,"enemies":"Looter","floor":12.0,"turns":3.0},{"damage":0.0,"enemies":"Gremlin Nob","floor":14.0,"turns":2.0},{"damage":78,"enemies":"The Guardian","floor":16,"turns":12}],"seed_played":"-3874560117485785946","potions_obtained":[{"floor":1.0,"key":"EssenceOfSteel"},{"floor":5.0,"key":"EntropicBrew"},{"floor":12.0,"key":"FearPotion"},{"floor":14.0,"key":"Weak Potion"}],"is_trial":false,"path_per_floor":["M","M","M","T","M","R","M","R","T","?","M","M","$","E","R","B"],"character_chosen":"THE_SILENT","items_purchased":["Ginger","Footwork"],"campfire_rested":0,"item_purchase_floors":[13,13],"current_hp_per_floor":[59,59,59,59,56,56,47,47,47,47,47,44,44,44,44,0,0],"gold":52,"neow_bonus":"THREE_ENEMY_KILL","is_daily":false,"chose_seed":false,"campfire_upgraded":3,"win_rate":0.0,"timestamp":1609543498,"path_taken":["M","M","M","?","?","R","M","R","T","?","M","M","$","E","R","BOSS"],"items_purchased_type":["Relic","Card"],"build_version":"2020-12-22","purchased_purges":0,"victory":false,"max_hp_per_floor":[66,66,66,66,66,66,66,66,66,66,66,66,66,66,66,66,66],"relic_stats":{"counters":[9,32],"Pantograph":22,"Ginger":[4],"Boot":[14],"obtain_stats":[{"Potion Belt":9,"NeowsBlessing":0,"Pantograph":14,"Ginger":13,"Boot":4,"Ring of the Snake":0},{"Potion Belt":5,"NeowsBlessing":0,"Pantograph":8,"Ginger":7,"Boot":3,"Ring of the Snake":0},{"Potion Belt":12,"NeowsBlessing":0,"Pantograph":20,"Ginger":18,"Boot":3,"Ring of the Snake":0}],"Ring of the Snake":[18]},"card_choices":[{"not_picked":["Dash","Noxious Fumes"],"picked":"Masterful Stab","floor":1.0},{"not_picked":["PiercingWail","Backflip"],"picked":"Sucker Punch","floor":2.0},{"not_picked":["Backflip","Dagger Throw"],"picked":"Finisher","floor":3.0},{"not_picked":["Tactician","Dagger Spray","Underhanded Strike"],"picked":"SKIP","floor":5.0},{"not_picked":["Dodge and Roll","Cloak And Dagger"],"picked":"Skewer","floor":7.0},{"not_picked":["Outmaneuver","Caltrops"],"picked":"Eviscerate","floor":11.0},{"not_picked":["Eviscerate","Dagger Spray"],"picked":"Concentrate","floor":12.0},{"not_picked":["Cloak And Dagger","Deadly Poison"],"picked":"Backstab","floor":14.0}],"player_experience":1160288,"relics_obtained":[{"floor":4.0,"key":"Boot"},{"floor":9.0,"key":"Potion Belt"},{"floor":14.0,"key":"Pantograph"}],"event_choices":[{"damage_healed":0.0,"max_hp_gain":0.0,"max_hp_loss":0.0,"gold_gain":150.0,"event_name":"Liars Game","player_choice":"AGREE","floor":10.0,"gold_loss":0.0,"damage_taken":0.0,"cards_obtained":["Doubt"]}],"is_beta":false,"boss_relics":[],"items_purged_floors":[],"is_endless":false,"potions_floor_spawned":[1,5,12,14],"killed_by":"The Guardian","ascension_level":20}}