{"host":"mvlqq966zh3ccmv5","time":1609535035,"event":{"mods":["AchievementEnabler","BaseMod","DeckTracker","Minty Spire (QoL Compilation)","SuperFastMode"],"gold_per_floor":[116,128,145,164,6,33,33,33,33,63,63,83,83,99,99,194,194,204,204,47,62,62,62,62],"floor_reached":23,"playtime":505,"items_purged":[],"score":327,"play_id":"ef9e8716-132a-40bf-825b-bacb0016cb73","local_time":"20210102060355","is_ascension_mode":true,"campfire_choices":[{"data":"Bash","floor":8,"key":"SMITH"},{"data":"Fire Breathing","floor":11,"key":"SMITH"},{"floor":13,"key":"REST"},{"data":"Pommel Strike","floor":15,"key":"SMITH"}],"circlet_count":0,"master_deck":["AscendersBane","Defend_R","Defend_R+1","Defend_R","Defend_R","Bash+1","Sword Boomerang","Shrug It Off","Combust","Offering","Spot Weakness","Fire Breathing+1","Pommel Strike+1","Battle Trance","Immolate","Spot Weakness","Pummel","Bite","Bite","Bite","Bite","Bite"],"relics":["Burning Blood","Regal Pillow","Sundial","Bird Faced Urn","Philosopher\u0027s Stone","Art of War"],"acts_visited":["Exordium","TheCity"],"potions_floor_usage":[18,21,23],"damage_taken":[{"damage":6,"enemies":"Cultist","floor":1,"turns":4},{"damage":9,"enemies":"Small Slimes","floor":2,"turns":4},{"damage":12,"enemies":"Jaw Worm","floor":3,"turns":2},{"damage":5,"enemies":"Large Slime","floor":4,"turns":8},{"damage":25,"enemies":"Gremlin Nob","floor":6,"turns":3},{"damage":26,"enemies":"3 Sentries","floor":10,"turns":6},{"damage":8,"enemies":"Blue Slaver","floor":12,"turns":3},{"damage":33,"enemies":"Exordium Thugs","floor":14,"turns":6},{"damage":18,"enemies":"Hexaghost","floor":16,"turns":8},{"damage":7,"enemies":"Spheric Guardian","floor":18,"turns":3},{"damage":22,"enemies":"3 Byrds","floor":21,"turns":3},{"damage":0,"enemies":"Slavers","floor":23,"turns":1}],"seed_played":"-1376502655295960356","potions_obtained":[{"floor":2,"key":"FearPotion"},{"floor":6,"key":"Swift Potion"},{"floor":12,"key":"SkillPotion"},{"floor":16,"key":"Energy Potion"}],"is_trial":false,"path_per_floor":["M","M","M","M","$","E","?","R","T","E","R","M","R","M","R","B",null,"M","?","$","M","?","E"],"character_chosen":"IRONCLAD","items_purchased":["Offering","Art of War"],"campfire_rested":1,"item_purchase_floors":[5,20],"current_hp_per_floor":[80,77,71,72,72,53,35,35,35,15,15,13,54,29,29,19,71,72,55,55,39,39,41,41],"gold":62,"neow_bonus":"TEN_PERCENT_HP_BONUS","is_daily":false,"chose_seed":false,"campfire_upgraded":3,"win_rate":0.0,"timestamp":1609535035,"path_taken":["M","?","M","M","$","E","?","R","T","E","R","M","R","M","R","BOSS","M","?","$","M","?","E"],"items_purchased_type":["Card","Relic"],"build_version":"2020-12-22","purchased_purges":0,"victory":false,"max_hp_per_floor":[88,88,88,88,88,88,88,88,88,88,88,88,88,88,88,88,88,88,93,93,93,65,65,65],"card_choices":[{"not_picked":["Wild Strike","Thunderclap"],"picked":"Sword Boomerang","floor":1},{"not_picked":["Sentinel","Headbutt"],"picked":"Shrug It Off","floor":2},{"not_picked":["Anger","Metallicize","Body Slam"],"picked":"SKIP","floor":3},{"not_picked":["Clash","Intimidate"],"picked":"Combust","floor":4},{"not_picked":["Feel No Pain","Reckless Charge"],"picked":"Spot Weakness","floor":6},{"not_picked":["Heavy Blade","Juggernaut"],"picked":"Fire Breathing","floor":10},{"not_picked":["Havoc","Dropkick"],"picked":"Pommel Strike","floor":12},{"not_picked":["Clash","Shrug It Off"],"picked":"Battle Trance","floor":14},{"not_picked":["Exhume","Bludgeon"],"picked":"Immolate","floor":16},{"not_picked":["Armaments","Combust"],"picked":"Spot Weakness","floor":18},{"not_picked":["Bloodletting","Cleave"],"picked":"Pummel","floor":21}],"player_experience":229728,"relics_obtained":[{"floor":6,"key":"Regal Pillow"},{"floor":9,"key":"Sundial"},{"floor":10,"key":"Bird Faced Urn"}],"event_choices":[{"damage_healed":0,"gold_gain":0,"player_choice":"Entered Light","damage_taken":18,"max_hp_gain":0,"max_hp_loss":0,"event_name":"Shining Light","floor":7,"gold_loss":0,"cards_upgraded":["Strike_R","Defend_R"]},{"damage_healed":0,"gold_gain":0,"player_choice":"Shed Blood","damage_taken":22,"max_hp_gain":5,"max_hp_loss":0,"event_name":"Forgotten Altar","floor":19,"gold_loss":0},{"damage_healed":0,"gold_gain":0,"player_choice":"Became a vampire","damage_taken":0,"max_hp_gain":0,"max_hp_loss":28,"event_name":"Vampires","floor":22,"gold_loss":0,"cards_obtained":["Bite","Bite","Bite","Bite","Bite"]}],"is_beta":false,"boss_relics":[{"not_picked":["Ectoplasm","Runic Cube"],"picked":"Philosopher\u0027s Stone"}],"items_purged_floors":[],"is_endless":false,"potions_floor_spawned":[2,6,12,14,16],"killed_by":"Slavers","ascension_level":10}}