{"host":"sc0o2qwpf9j16a4i","time":1609513084,"event":{"mods":["AchievementEnabler","BaseMod","BetterRewards","Block Reminder","Colored Map","Colored Powertips","Custom Start","Highlight Path","Minty Spire (QoL Compilation)","Relic Stats"],"gold_per_floor":[116,132,149,74,74,74,107,127,127,155,155,18,18,34,34,34,34],"floor_reached":16,"playtime":656,"items_purged":["Strike_R"],"score":320,"play_id":"7a962ba4-a560-4d14-8aaa-b63bcf86cd88","local_time":"20210101165804","is_ascension_mode":true,"campfire_choices":[{"floor":6,"key":"REST"},{"floor":13,"key":"REST"},{"data":"Metallicize","floor":15,"key":"SMITH"}],"circlet_count":0,"master_deck":["AscendersBane","Strike_R","Strike_R","Strike_R","Defend_R","Defend_R","Defend_R","Defend_R","Bash","Feed","Shockwave","Thunderclap","Twin Strike","Clothesline","Headbutt","Dropkick","Metallicize+1","Offering","Uppercut","Feel No Pain"],"relics":["Burning Blood","Gambling Chip","Happy Flower","Bottled Tornado"],"acts_visited":["Exordium"],"potions_floor_usage":[16,16],"damage_taken":[{"damage":5,"enemies":"Cultist","floor":1,"turns":5},{"damage":8,"enemies":"Small Slimes","floor":2,"turns":5},{"damage":8,"enemies":"Jaw Worm","floor":3,"turns":4},{"damage":26,"enemies":"Gremlin Nob","floor":7,"turns":4},{"damage":12,"enemies":"Exordium Wildlife","floor":8,"turns":4},{"damage":14,"enemies":"Lagavulin","floor":10,"turns":6},{"damage":13,"enemies":"Gremlin Gang","floor":14,"turns":3},{"damage":67,"enemies":"Hexaghost","floor":16,"turns":14}],"seed_played":"-8571900168742278469","potions_obtained":[{"floor":3,"key":"Weak Potion"},{"floor":10,"key":"BlessingOfTheForge"}],"is_trial":false,"path_per_floor":["M","M","M","$","?","R","E","M","T","E","?","$","R","M","R","B"],"character_chosen":"IRONCLAD","items_purchased":["Gambling Chip","Feed","Shockwave","Thunderclap","Uppercut","BloodPotion"],"campfire_rested":2,"item_purchase_floors":[0,0,0,0,12,12],"current_hp_per_floor":[46,47,48,48,41,65,48,45,45,37,19,19,45,41,41,0,0],"gold":34,"neow_bonus":"","is_daily":false,"chose_seed":false,"campfire_upgraded":1,"win_rate":0.0,"timestamp":1609513084,"path_taken":["M","M","M","?","?","R","E","M","T","E","?","?","R","M","R","BOSS"],"items_purchased_type":["Relic","Card","Card","Card","Card","Potion"],"build_version":"2020-12-22","purchased_purges":1,"victory":false,"max_hp_per_floor":[75,78,81,81,81,81,84,87,87,87,87,87,87,90,90,90,90],"relic_stats":{"Happy Flower":[18],"counters":[26,122],"Gambling Chip":[19],"obtain_stats":[{"Potion Belt":26,"Lantern":9,"Singing Bowl":29,"Happy Flower":7,"Oddly Smooth Stone":31,"Bag of Preparation":24,"Bottled Tornado":10,"MawBank":26,"Burning Blood":0,"Mercury Hourglass":8,"Matryoshka":14,"Bronze Scales":6,"Gambling Chip":0,"Fusion Hammer":0,"Red Mask":22,"Runic Pyramid":17,"Paper Frog":27},{"Potion Belt":15,"Lantern":5,"Singing Bowl":17,"Happy Flower":22,"Oddly Smooth Stone":17,"Bag of Preparation":14,"Bottled Tornado":24,"MawBank":15,"Burning Blood":0,"Mercury Hourglass":5,"Matryoshka":7,"Bronze Scales":4,"Gambling Chip":18,"Fusion Hammer":0,"Red Mask":13,"Runic Pyramid":8,"Paper Frog":16},{"Potion Belt":57,"Lantern":17,"Singing Bowl":68,"Happy Flower":95,"Oddly Smooth Stone":68,"Bag of Preparation":53,"Bottled Tornado":105,"MawBank":57,"Burning Blood":0,"Mercury Hourglass":17,"Matryoshka":21,"Bronze Scales":12,"Gambling Chip":77,"Fusion Hammer":0,"Red Mask":45,"Runic Pyramid":29,"Paper Frog":63}],"Burning Blood":42},"card_choices":[{"not_picked":["Body Slam","Sword Boomerang"],"picked":"Twin Strike","floor":1},{"not_picked":["Sword Boomerang","Anger"],"picked":"Clothesline","floor":2},{"not_picked":["Flex","Clothesline"],"picked":"Headbutt","floor":3},{"not_picked":["Clothesline","Intimidate"],"picked":"Dropkick","floor":7},{"not_picked":["Dark Embrace","Sentinel"],"picked":"Metallicize","floor":8},{"not_picked":["Rage","Iron Wave"],"picked":"Offering","floor":10},{"not_picked":["Sword Boomerang","Body Slam"],"picked":"Feel No Pain","floor":14}],"player_experience":475758,"relics_obtained":[{"floor":7,"key":"Happy Flower"},{"floor":10,"key":"Bottled Tornado"}],"event_choices":[{"cards_removed":["Strike_R"],"damage_healed":0,"gold_gain":0,"player_choice":"Card Removal","damage_taken":7,"max_hp_gain":0,"max_hp_loss":0,"event_name":"Golden Wing","floor":5,"gold_loss":0},{"damage_healed":0,"gold_gain":0,"player_choice":"Fled","damage_taken":18,"max_hp_gain":0,"max_hp_loss":0,"event_name":"Scrap Ooze","floor":11,"gold_loss":0}],"is_beta":false,"boss_relics":[],"items_purged_floors":[4],"is_endless":false,"potions_floor_spawned":[3,10,14],"killed_by":"Hexaghost","ascension_level":20}}