{"host":"cjczijzq2n4uvi0v","time":1609478428,"event":{"mods":["2.2 Compatiblity","Act Like it!","Aspiration","Astrologer","BaseMod","BetterRewards","Challenge The Spire","Colored Map","Colored Powertips","Conspire","Elementarium","Gensokyo","GifTheSpireLib","GungeonMod","Halation","Hallownest","Highlight Path","Hubris","Infinite Spire","Jorbs\u0027s Wanderer Trilogy","Lobotomy","Mimic Mod","Minty Spire (QoL Compilation)","Pale of the Ancients","Permanent Neow","Rare Cards Sparkle","Replay The Spire","Shop Mod","Spikes Relics","StSLib","Stuff the Spire","The Animator","The Bug Knight","The Construct","The Disciple","The Factory","The Jungle","The Problem Sleuth","Unknown Chances","Wandering Minibosses"],"gold_per_floor":[116,131,142,1557,1590,1621,1640,1640,1640,1663,1663,1663,1663,1697,1697,1800,1800,1817,1817,1833,1833,1315,1350,1350,1275,1322,1322,1322,1334,1361,1381,1381,1381],"floor_reached":32,"playtime":1310,"items_purged":["Strike_B","Strike_B"],"score":386,"play_id":"0e99f2cb-9cf5-4cc2-8248-0118ac385a24","local_time":"20210101052028","is_ascension_mode":false,"campfire_choices":[{"data":"Electrodynamics","floor":8,"key":"SMITH"},{"floor":13,"key":"REST"},{"data":"FIFO Queue","floor":15,"key":"SMITH"},{"floor":24,"key":"REST"}],"circlet_count":0,"master_deck":["Defend_B","Defend_B","Defend_B","Zap","Dualcast","Electrodynamics+1","Static Discharge","Loop","FIFO Queue+1","StuffTheSpire:Synthwave","StuffTheSpire:Plugnplay","Buffer","StuffTheSpire:Synthwave","Streamline+1","StuffTheSpire:Deluminance","StuffTheSpire:Deluminance","StuffTheSpire:Deluminance","StuffTheSpire:Deluminance","StuffTheSpire:Deluminance","infinitespire:Oblivion","Defend_B","Tempest+1","Skim+1"],"relics":["Cracked Core","DemoMod:Orange","Bag of Marbles","ReplayTheSpireMod:Lightbulb","StuffTheSpire:OldFever","StuffTheSpire:RubySignet","Juzu Bracelet","hubris:64BitClover","Mark of Pain","AncientExoskeleton","hubris:EmptyBottle","StuffTheSpire:BlackoutCurse","StuffTheSpire:Mouthbags","infinitespire:Freezer","aspiration:EnhancedActuators"],"acts_visited":["Gensokyo:Gensokyo","TheCity"],"potions_floor_usage":[3,14,14,18,31,31],"damage_taken":[{"damage":4,"enemies":"Gensokyo:Python","floor":1,"turns":4},{"damage":0,"enemies":"Gensokyo:3_Fairies","floor":2,"turns":2},{"damage":1,"enemies":"Gensokyo:Gryphon","floor":3,"turns":3},{"damage":18,"enemies":"conspire:MimicChest","floor":5,"turns":4},{"damage":8,"enemies":"Gensokyo:Cirno","floor":6,"turns":5},{"damage":2,"enemies":"Gensokyo:3_Kodama","floor":7,"turns":3},{"damage":0,"enemies":"Gensokyo:Mamizou","floor":14,"turns":5},{"damage":19,"enemies":"Gensokyo:Reimu","floor":16,"turns":6},{"damage":11,"enemies":"Chosen","floor":18,"turns":5},{"damage":1,"enemies":"2 Thieves","floor":20,"turns":2},{"damage":43,"enemies":"Book of Stabbing","floor":23,"turns":4},{"damage":3,"enemies":"Chosen and Byrds","floor":29,"turns":3},{"damage":27,"enemies":"Gremlin Leader","floor":30,"turns":5},{"damage":0,"enemies":"Shelled Parasite and Fungi","floor":31,"turns":3},{"damage":31,"enemies":"Book of Stabbing","floor":32,"turns":5}],"seed_played":"-1754239137034353655","potions_obtained":[{"floor":1,"key":"Weak Potion"},{"floor":5,"key":"DemoMod:BlankPotion"},{"floor":6,"key":"ColorlessPotion"},{"floor":14,"key":"Weak Potion"},{"floor":16,"key":"SpeedPotion"},{"floor":20,"key":"BlessingOfTheForge"},{"floor":29,"key":"PotionOfCapacity"},{"floor":30,"key":"BlessingOfTheForge"},{"floor":31,"key":"Doom Potion"}],"is_trial":false,"path_per_floor":["M","M","M","$","?","E","M","R","T","T","?","?","R","E","R","B",null,"M","AVR","M","?","?","E","R","?","T","PTL","PTL","M","E","M","E"],"character_chosen":"DEFECT","items_purchased":["DemoMod:Orange","FIFO Queue","Bag of Marbles"],"campfire_rested":2,"item_purchase_floors":[4,4,4],"current_hp_per_floor":[50,50,49,61,43,35,33,33,33,33,16,16,42,42,42,25,87,76,76,75,75,75,32,58,58,58,58,58,55,28,30,0,0],"gold":1381,"neow_bonus":"THREE_RARE_CARDS","is_daily":false,"chose_seed":false,"campfire_upgraded":2,"win_rate":0.0,"timestamp":1609478428,"path_taken":["M","?","M","?","?","E","M","R","T","?","?","?","R","E","R","BOSS","M","AVR","M","?","?","E","R","?","T","PTL","PTL","M","E","M","E"],"items_purchased_type":["Relic","Card","Relic"],"build_version":"2020-12-22","purchased_purges":2,"victory":false,"max_hp_per_floor":[75,75,75,87,87,87,87,87,87,87,87,87,87,87,87,87,87,87,87,87,87,87,87,87,87,87,87,87,87,87,87,87,87],"card_choices":[{"not_picked":["Meteor Strike","Core Surge"],"picked":"Electrodynamics","floor":0},{"not_picked":["Rip and Tear","Streamline"],"picked":"Static Discharge","floor":1},{"not_picked":["Chaos","Barrage"],"picked":"Double Energy","floor":2},{"not_picked":["Time Bomb","Ball Lightning"],"picked":"Loop","floor":3},{"not_picked":["StuffTheSpire:ShieldGenerator","Sweeping Beam"],"picked":"StuffTheSpire:Synthwave","floor":6},{"not_picked":["Streamline","StuffTheSpire:LoadUp"],"picked":"StuffTheSpire:Plugnplay","floor":7},{"not_picked":["StuffTheSpire:SnapShoot","Cold Snap","Barrage"],"picked":"SKIP","floor":14},{"not_picked":["Reboot","StuffTheSpire:LaunchingStrike"],"picked":"Buffer","floor":16},{"not_picked":["conspire:Rain","Streamline"],"picked":"StuffTheSpire:Synthwave","floor":18},{"not_picked":["Redo","Panic Button"],"picked":"Streamline+1","floor":20},{"not_picked":["infinitespire:DeathsTouch","infinitespire:Starlight"],"picked":"infinitespire:Oblivion","floor":22},{"not_picked":["Rebound","Beam Cell"],"picked":"Tempest+1","floor":23},{"not_picked":["Sweeping Beam","Steam","Rainbow"],"picked":"SKIP","floor":29},{"not_picked":["Fusion","Blizzard"],"picked":"Skim+1","floor":30},{"not_picked":["White Noise","Go for the Eyes+1","Hello World+1"],"picked":"SKIP","floor":31}],"player_experience":37620,"relics_obtained":[{"floor":5,"key":"ReplayTheSpireMod:Lightbulb"},{"floor":6,"key":"StuffTheSpire:OldFever"},{"floor":9,"key":"StuffTheSpire:RubySignet"},{"floor":10,"key":"Juzu Bracelet"},{"floor":14,"key":"hubris:64BitClover"},{"floor":23,"key":"StuffTheSpire:Mouthbags"},{"floor":26,"key":"infinitespire:Freezer"},{"floor":30,"key":"aspiration:EnhancedActuators"}],"event_choices":[{"cards_removed":["Double Energy"],"damage_healed":0,"gold_gain":0,"player_choice":"Gave Gold","damage_taken":0,"max_hp_gain":0,"max_hp_loss":0,"event_name":"Beggar","floor":25,"gold_loss":75}],"is_beta":false,"boss_relics":[{"not_picked":["halation:PinkAlligatorPlush","Replay:Drink Me","halation:MonkeysPaw"]}],"items_purged_floors":[4,19],"is_endless":false,"potions_floor_spawned":[1,5,6,14,16,20,29,30,31],"killed_by":"Book of Stabbing","ascension_level":0}}