{"host":"fxrgx7wt2cpkbhka","time":1609499129,"event":{"mods":["AchievementEnabler","BaseMod","Colored Powertips","Minty Spire (QoL Compilation)","Permanent Neow","Slay-I","StSLib","Waifu the Spire"],"gold_per_floor":[210,228,241,80,92,117,117,135,135,147,161,196,196,226,226,303,303,314,314,299,51,62,89,89,89],"floor_reached":24,"playtime":966,"items_purged":[],"score":380,"play_id":"6544736c-0f6e-43f2-bbf3-6038077592d3","local_time":"20210101030529","is_ascension_mode":true,"campfire_choices":[{"floor":7,"key":"REST"},{"floor":13,"key":"REST"},{"data":"Defragment","floor":15,"key":"SMITH"}],"circlet_count":0,"master_deck":["AscendersBane","Strike_B","Strike_B","Strike_B","Strike_B","Defend_B","Defend_B","Defend_B","Defend_B","Zap","Dualcast","Cold Snap","Go for the Eyes","Glacier","Loop","Self Repair","Defragment+1","BootSequence","Ball Lightning","Defragment","Cold Snap","Loop","Capacitor"],"relics":["Cracked Core","Nunchaku","Symbiotic Virus","Pear","The Courier","Black Star","Akabeko","Sundial","Blood Vial"],"acts_visited":["Exordium","TheCity"],"potions_floor_usage":[16,23],"damage_taken":[{"damage":0,"enemies":"Cultist","floor":1,"turns":4},{"damage":2,"enemies":"Jaw Worm","floor":2,"turns":3},{"damage":8,"enemies":"Small Slimes","floor":3,"turns":3},{"damage":3,"enemies":"Blue Slaver","floor":5,"turns":5},{"damage":41,"enemies":"Gremlin Nob","floor":6,"turns":9},{"damage":10,"enemies":"2 Fungi Beasts","floor":8,"turns":4},{"damage":0,"enemies":"Looter","floor":10,"turns":3},{"damage":28,"enemies":"Gremlin Gang","floor":11,"turns":5},{"damage":20,"enemies":"Lagavulin","floor":12,"turns":6},{"damage":41,"enemies":"Hexaghost","floor":16,"turns":13},{"damage":10,"enemies":"Shell Parasite","floor":18,"turns":9},{"damage":24,"enemies":"2 Thieves","floor":20,"turns":4},{"damage":10,"enemies":"Cultist and Chosen","floor":22,"turns":8},{"damage":33,"enemies":"Slavers","floor":23,"turns":7},{"damage":32,"enemies":"Shelled Parasite and Fungi","floor":24,"turns":3}],"seed_played":"-2097432464721524248","potions_obtained":[{"floor":1,"key":"Regen Potion"},{"floor":5,"key":"PotionOfCapacity"},{"floor":16,"key":"Fire Potion"}],"is_trial":false,"path_per_floor":["M","M","M","$","M","E","R","M","T","M","M","E","R","?","R","B",null,"M","?","M","$","M","E","M"],"character_chosen":"DEFECT","items_purchased":["Glacier","Loop","Defragment","Akabeko","Cold Snap","Loop"],"campfire_rested":2,"item_purchase_floors":[4,4,21,21,21,21],"current_hp_per_floor":[68,66,58,58,55,21,43,40,40,47,26,23,48,48,48,26,70,67,67,50,50,47,21,0,0],"gold":89,"neow_bonus":"HUNDRED_GOLD","is_daily":false,"chose_seed":false,"campfire_upgraded":1,"win_rate":0.0,"timestamp":1609499129,"path_taken":["M","?","M","$","M","E","R","M","T","M","M","E","R","?","R","BOSS","M","?","M","$","M","E","M"],"items_purchased_type":["Card","Card","Card","Relic","Card","Card"],"build_version":"2020-12-22","purchased_purges":0,"victory":false,"max_hp_per_floor":[75,75,75,75,75,75,75,75,75,75,75,85,85,85,85,85,85,85,85,85,85,85,85,85,85],"card_choices":[{"not_picked":["Reprogram","Doom and Gloom"],"picked":"Cold Snap","floor":1},{"not_picked":["Double Energy","Lockon"],"picked":"Go for the Eyes","floor":2},{"not_picked":["Beam Cell","Hologram","Rebound"],"picked":"SKIP","floor":3},{"not_picked":["Stack","Steam"],"picked":"Self Repair","floor":5},{"not_picked":["Doom and Gloom","Ball Lightning"],"picked":"Defragment","floor":6},{"not_picked":["Steam Power","Gash"],"picked":"BootSequence","floor":8},{"not_picked":["Stack","Barrage","Steam"],"picked":"SKIP","floor":10},{"not_picked":["Steam","Sweeping Beam","Barrage"],"picked":"SKIP","floor":11},{"not_picked":["BootSequence","Steam"],"picked":"Ball Lightning","floor":12},{"not_picked":["Rip and Tear","Rebound","Steam Power+1"],"picked":"SKIP","floor":18},{"not_picked":["Leap","Turbo","Compile Driver"],"picked":"SKIP","floor":20},{"not_picked":["Aggregate","Heatsinks","Stack"],"picked":"SKIP","floor":22},{"not_picked":["Reinforced Body+1","Compile Driver"],"picked":"Capacitor","floor":23}],"player_experience":690464,"relics_obtained":[{"floor":6,"key":"Nunchaku"},{"floor":9,"key":"Symbiotic Virus"},{"floor":12,"key":"Pear"},{"floor":23,"key":"Sundial"},{"floor":23,"key":"Blood Vial"}],"event_choices":[{"damage_healed":0,"gold_gain":30,"player_choice":"Searched \u00272\u0027 times","damage_taken":0,"relics_obtained":["The Courier"],"max_hp_gain":0,"max_hp_loss":0,"event_name":"Dead Adventurer","floor":14,"gold_loss":0},{"damage_healed":0,"gold_gain":0,"player_choice":"Ignored","damage_taken":0,"max_hp_gain":0,"max_hp_loss":0,"event_name":"Vampires","floor":19,"gold_loss":0}],"is_beta":false,"boss_relics":[{"not_picked":["SlaversCollar","Empty Cage"],"picked":"Black Star"}],"items_purged_floors":[],"is_endless":false,"potions_floor_spawned":[1,5,8,16,20],"killed_by":"Shelled Parasite and Fungi","ascension_level":13}}