{"host":"r70xsz6j1oj94nbd","time":1609509428,"event":{"mods":["ATMod(°¢èªMod)","Act Like it!","Arknights The Spire","BaseMod","Downfall-Rebalance","Minty Spire (QoL Compilation)","Quick Restart","RNG Fix","Shop Mod","Spicy Shops","StSLib","The Animator","¡¾¹¦ÄÜMod¡¿»ìãçÖ®»·ÐÞ¸´²¹¶¡","²ÐÁôÖ®Îï"],"gold_per_floor":[109,123,142,92,92,120,120,130,130,130,130,54,54,54,54,178,241,262,262,17,33,33,33,33,33],"floor_reached":24,"playtime":1057,"items_purged":[],"score":192,"play_id":"911bec9d-b11c-484d-9fad-a78c8e82ee22","local_time":"20210101215708","is_ascension_mode":false,"campfire_choices":[{"floor":7,"key":"RECALL"},{"data":"PlaceholderMod:HardStrike","floor":11,"key":"SMITH"},{"data":"PlaceholderMod:DissolvingSpikes","floor":13,"key":"SMITH"},{"floor":15,"key":"REST"},{"data":"PlaceholderMod:Inner","floor":23,"key":"SMITH"}],"circlet_count":0,"master_deck":["PlaceholderMod:BaseStrike","PlaceholderMod:BaseStrike","PlaceholderMod:BaseStrike","PlaceholderMod:BaseStrike","PlaceholderMod:BaseDefend","PlaceholderMod:BaseDefend","PlaceholderMod:BaseDefend","PlaceholderMod:BaseDefend","PlaceholderMod:Crystal","PlaceholderMod:PoisonWhip+1","PlaceholderMod:TriggerStrike","PlaceholderMod:HardStrike+1","PlaceholderMod:RadicalHit","PlaceholderMod:PoisonBlast","PlaceholderMod:Polyp+1","PlaceholderMod:DissolvingSpikes+1","Injury","PlaceholderMod:Inner+1","PlaceholderMod:Crystallization","PlaceholderMod:DissolvingSpikes"],"relics":["PlaceholderMod:Tancle","AT_ATBox","Toxic Egg 2","AT_EbonyIvory","Bloody Idol","Tiny House","AT_BellowingDragoncrestRing"],"acts_visited":["Exordium","TheCity"],"potions_floor_usage":[24],"damage_taken":[{"damage":1,"enemies":"Cultist","floor":1,"turns":4},{"damage":6,"enemies":"2 Louse","floor":2,"turns":2},{"damage":0,"enemies":"Small Slimes","floor":3,"turns":3},{"damage":19,"enemies":"3 Sentries","floor":6,"turns":9},{"damage":32,"enemies":"Gremlin Gang","floor":8,"turns":5},{"damage":12,"enemies":"The Guardian","floor":16,"turns":10},{"damage":18,"enemies":"Spheric Guardian","floor":18,"turns":6},{"damage":15,"enemies":"Shell Parasite","floor":21,"turns":8},{"damage":66,"enemies":"Slavers","floor":24,"turns":4}],"seed_played":"8544625095597067325","potions_obtained":[{"floor":2,"key":"LiquidBronze"},{"floor":8,"key":"SkillPotion"},{"floor":17,"key":"Fire Potion"},{"floor":18,"key":"PowerPotion"}],"is_trial":false,"path_per_floor":["M","M","M","?","T","E","R","M","T","?","R","$","R","?","R","B",null,"M","?","$","M","?","R","E"],"character_chosen":"THE_PLACEHOLDER","items_purchased":["PlaceholderMod:DissolvingSpikes","AT_BellowingDragoncrestRing"],"campfire_rested":1,"item_purchase_floors":[12,20],"current_hp_per_floor":[84,78,78,78,78,59,59,27,27,27,27,27,27,27,52,40,90,72,72,72,62,62,62,0,0],"gold":33,"neow_bonus":"TEN_PERCENT_HP_BONUS","is_daily":false,"chose_seed":false,"campfire_upgraded":3,"win_rate":0.0,"timestamp":1609509428,"path_taken":["M","M","M","?","?","E","R","?","T","?","R","$","R","?","R","BOSS","M","?","$","M","?","R","E"],"items_purchased_type":["Card","Relic"],"build_version":"2020-12-22","purchased_purges":0,"victory":false,"max_hp_per_floor":[85,85,85,85,85,85,85,85,85,85,85,85,85,85,85,85,90,90,90,90,90,90,90,90,90],"card_choices":[{"not_picked":["PlaceholderMod:Stratification","PlaceholderMod:StrongAcid"],"picked":"PlaceholderMod:TriggerStrike","floor":1},{"not_picked":["PlaceholderMod:StressReaction","PlaceholderMod:Polyp"],"picked":"PlaceholderMod:HardStrike","floor":2},{"not_picked":["PlaceholderMod:SpinBlade","PlaceholderMod:DirectingGroup"],"picked":"PlaceholderMod:RadicalHit","floor":3},{"not_picked":["PlaceholderMod:NutritionAbsorb+1","PlaceholderMod:ProliferateStrike"],"picked":"PlaceholderMod:PoisonBlast","floor":6},{"not_picked":["PlaceholderMod:HornyBlast","PlaceholderMod:OHStrongAttack"],"picked":"PlaceholderMod:Polyp+1","floor":8},{"not_picked":["PlaceholderMod:SelfCoupling","PlaceholderMod:PericyclicReaction+1"],"picked":"PlaceholderMod:Inner","floor":16},{"not_picked":["PlaceholderMod:HardStinger+1","PlaceholderMod:MultipleOxi+1"],"picked":"PlaceholderMod:Crystallization","floor":17},{"not_picked":["PlaceholderMod:ConsolidateHit","PlaceholderMod:SprayAttack","PlaceholderMod:HornyBlast"],"picked":"SKIP","floor":18},{"not_picked":["PlaceholderMod:ComplexForm","PlaceholderMod:ProliferateStrike+1"],"picked":"PlaceholderMod:DissolvingSpikes","floor":21}],"player_experience":261816,"relics_obtained":[{"floor":5,"key":"Toxic Egg 2"},{"floor":6,"key":"AT_EbonyIvory"}],"event_choices":[{"cards_removed":["PlaceholderMod:BaseStrike"],"damage_healed":0,"gold_gain":0,"player_choice":"Card Removal","damage_taken":0,"max_hp_gain":0,"max_hp_loss":0,"event_name":"The Cleric","floor":4,"gold_loss":50},{"cards_removed":["PlaceholderMod:BaseDefend"],"damage_healed":0,"gold_gain":0,"player_choice":"Forget","damage_taken":0,"max_hp_gain":0,"max_hp_loss":0,"event_name":"Living Wall","floor":10,"gold_loss":0},{"damage_healed":0,"gold_gain":0,"player_choice":"Take Wound","damage_taken":0,"relics_obtained":["Golden Idol"],"max_hp_gain":0,"max_hp_loss":0,"event_name":"Golden Idol","floor":14,"gold_loss":0,"cards_obtained":["Injury"]},{"damage_healed":0,"gold_gain":0,"player_choice":"Gave Idol","damage_taken":0,"relics_obtained":["Bloody Idol"],"max_hp_gain":0,"max_hp_loss":0,"event_name":"Forgotten Altar","floor":19,"relics_lost":["Golden Idol"],"gold_loss":0}],"is_beta":false,"boss_relics":[{"not_picked":["Philosopher\u0027s Stone","Coffee Dripper"],"picked":"Tiny House"}],"items_purged_floors":[],"is_endless":false,"potions_floor_spawned":[2,8,18],"killed_by":"Slavers","ascension_level":0}}