{"host":"6pfj0wha12yu6wq3","time":1609507480,"event":{"mods":["BaseMod","Colored Map","Colored Powertips","Curses Come First","DeckTracker","Minty Spire (QoL Compilation)","RNG Fix","Relic Sorter","Relic Stats","StSLib","ojb\u0027s Better Paths Mod","ojb\u0027s Info Mod"],"gold_per_floor":[114,86,66,76,76,76,105,105,152,482,500,511,108,120,120,193,193,212,212,224,63,79,113,113,138,163,190,200,200,200,212,212,286,286,301,1300,1316,763,780,814,814,841,864,864,466,481,481,171,171,171,171,171],"floor_reached":51,"playtime":4838,"items_purged":["Strike_G","Normality","Normality","Strike_G"],"score":1596,"play_id":"e34904eb-12b6-430b-90ea-814f9a7d7327","local_time":"20210101082440","is_ascension_mode":true,"campfire_choices":[{"data":"Poisoned Stab","floor":6.0,"key":"SMITH"},{"data":"Terror","floor":8.0,"key":"SMITH"},{"data":"Concentrate","floor":15.0,"key":"SMITH"},{"data":"Wraith Form v2","floor":24.0,"key":"SMITH"},{"floor":32.0,"key":"REST"},{"floor":41.0,"key":"REST"},{"floor":44.0,"key":"RECALL"},{"data":"Well Laid Plans","floor":49.0,"key":"SMITH"}],"circlet_count":0,"master_deck":["AscendersBane","Strike_G","Defend_G","Defend_G","Defend_G","Defend_G","Defend_G","Survivor","Neutralize","Dagger Throw","Poisoned Stab+1","Terror+1","Concentrate+1","Well Laid Plans+1","Riddle With Holes+1","Corpse Explosion+1","Predator+1","Bouncing Flask","Venomology","Leg Sweep+1","Blade Dance","Dagger Spray+1","Wraith Form v2+1","Backstab+1","Outmaneuver","Cloak And Dagger+1","Acrobatics","Backflip","PiercingWail","Bullet Time","Leg Sweep","Blur","Secret Technique","Backflip","Acrobatics","Malaise"],"relics":["Ring of the Snake","NeowsBlessing","Vajra","Old Coin","Orrery","Snake Skull","Runic Dome","OrangePellets","Pear","War Paint","Blood Vial","Nloth\u0027s Gift","Empty Cage","Anchor","Paper Crane","Gremlin Horn","Ornamental Fan","Chemical X"],"acts_visited":["Exordium","TheCity","TheBeyond"],"potions_floor_usage":[51],"damage_taken":[{"damage":0.0,"enemies":"Cultist","floor":1.0,"turns":1.0},{"damage":0.0,"enemies":"Small Slimes","floor":4.0,"turns":1.0},{"damage":0.0,"enemies":"Gremlin Nob","floor":7.0,"turns":1.0},{"damage":12.0,"enemies":"Lagavulin","floor":10.0,"turns":7.0},{"damage":6.0,"enemies":"2 Louse","floor":11.0,"turns":2.0},{"damage":4.0,"enemies":"Gremlin Gang","floor":12.0,"turns":6.0},{"damage":0.0,"enemies":"2 Fungi Beasts","floor":14.0,"turns":2.0},{"damage":5.0,"enemies":"The Guardian","floor":16.0,"turns":7.0},{"damage":2.0,"enemies":"2 Thieves","floor":18.0,"turns":4.0},{"damage":0.0,"enemies":"Spheric Guardian","floor":20.0,"turns":2.0},{"damage":0.0,"enemies":"Cultist and Chosen","floor":22.0,"turns":4.0},{"damage":27.0,"enemies":"Book of Stabbing","floor":23.0,"turns":5.0},{"damage":31.0,"enemies":"Gremlin Leader","floor":25.0,"turns":6.0},{"damage":16.0,"enemies":"Slavers","floor":27.0,"turns":4.0},{"damage":5.0,"enemies":"Shelled Parasite and Fungi","floor":28.0,"turns":5.0},{"damage":0.0,"enemies":"Centurion and Healer","floor":31.0,"turns":3.0},{"damage":21.0,"enemies":"Automaton","floor":33.0,"turns":8.0},{"damage":0.0,"enemies":"Orb Walker","floor":35.0,"turns":3.0},{"damage":9.0,"enemies":"3 Shapes","floor":37.0,"turns":2.0},{"damage":14.0,"enemies":"Maw","floor":39.0,"turns":8.0},{"damage":30.0,"enemies":"Giant Head","floor":40.0,"turns":9.0},{"damage":1.0,"enemies":"Reptomancer","floor":42.0,"turns":7.0},{"damage":0.0,"enemies":"4 Shapes","floor":46.0,"turns":3.0},{"damage":16.0,"enemies":"Awakened One","floor":50.0,"turns":15.0},{"damage":79,"enemies":"Donu and Deca","floor":51,"turns":10}],"seed_played":"521614417544692924","potions_obtained":[{"floor":1.0,"key":"GamblersBrew"},{"floor":3.0,"key":"DistilledChaos"},{"floor":19.0,"key":"Strength Potion"},{"floor":20.0,"key":"Ancient Potion"},{"floor":22.0,"key":"GhostInAJar"},{"floor":23.0,"key":"CunningPotion"},{"floor":28.0,"key":"Poison Potion"},{"floor":33.0,"key":"SpeedPotion"},{"floor":39.0,"key":"SpeedPotion"}],"is_trial":false,"path_per_floor":["M","$","?","M","?","R","E","R","T","E","M","M","$","M","R","B",null,"M","?","M","$","M","E","R","E","T","E","M","?","?","M","R","B",null,"M","?","M","$","M","E","R","E","T","R","$","M","?","$","R","B","B"],"character_chosen":"THE_SILENT","items_purchased":["Poisoned Stab","Orrery","Snake Skull","OrangePellets","Blur","Anchor","Secret Technique","Ornamental Fan","Chemical X"],"campfire_rested":2,"item_purchase_floors":[2,13,13,21,38,38,38,45,48],"current_hp_per_floor":[59,59,59,59,59,59,59,59,59,47,41,37,37,37,37,32,58,56,56,56,56,56,53,53,22,22,8,5,5,5,7,29,10,60,62,62,55,55,43,15,37,38,38,38,38,40,86,86,86,70,0,0],"gold":171,"neow_bonus":"THREE_ENEMY_KILL","is_daily":false,"chose_seed":false,"campfire_upgraded":5,"win_rate":0.0,"timestamp":1609507480,"path_taken":["M","$","?","?","?","R","E","R","T","E","M","M","$","M","R","BOSS","M","?","M","$","M","E","R","E","T","E","M","?","?","?","R","BOSS","M","?","M","$","M","E","R","E","T","R","$","?","?","$","R","BOSS","BOSS"],"items_purchased_type":["Card","Relic","Relic","Relic","Card","Relic","Card","Relic","Relic"],"build_version":"2020-12-22","purchased_purges":4,"victory":false,"max_hp_per_floor":[66,66,66,66,66,66,66,66,66,66,66,66,66,66,66,66,66,66,66,66,66,66,76,76,76,76,76,76,76,76,76,76,76,76,76,76,76,76,76,76,76,76,76,76,76,76,86,86,86,86,86,86],"relic_stats":{"Blood Vial":22,"OrangePellets":[17],"Gremlin Horn":[5,5],"counters":[25,125],"Ornamental Fan":[60],"Snake Skull":[56],"Nloth\u0027s Gift":1,"Chemical X":[3],"War Paint":["Corpse Explosion","Leg Sweep"],"obtain_stats":[{"Pear":23,"NeowsBlessing":0,"Gremlin Horn":42,"Vajra":9,"Snake Skull":13,"War Paint":25,"Paper Crane":40,"Empty Cage":34,"Old Coin":10,"Blood Vial":26,"Runic Dome":17,"OrangePellets":21,"Anchor":38,"Ornamental Fan":45,"Orrery":13,"Molten Egg 2":7,"Nloth\u0027s Gift":29,"Chemical X":48,"Ring of the Snake":0},{"Pear":12,"NeowsBlessing":0,"Gremlin Horn":22,"Vajra":3,"Snake Skull":6,"War Paint":13,"Paper Crane":21,"Empty Cage":17,"Old Coin":4,"Blood Vial":13,"Runic Dome":8,"OrangePellets":10,"Anchor":19,"Ornamental Fan":22,"Orrery":6,"Molten Egg 2":3,"Nloth\u0027s Gift":15,"Chemical X":23,"Ring of the Snake":0},{"Pear":42,"NeowsBlessing":0,"Gremlin Horn":97,"Vajra":3,"Snake Skull":18,"War Paint":48,"Paper Crane":90,"Empty Cage":68,"Old Coin":10,"Blood Vial":48,"Runic Dome":27,"OrangePellets":33,"Anchor":73,"Ornamental Fan":97,"Orrery":18,"Molten Egg 2":3,"Nloth\u0027s Gift":57,"Chemical X":100,"Ring of the Snake":0}],"Ring of the Snake":[50]},"card_choices":[{"not_picked":["Flying Knee","Quick Slash"],"picked":"Dagger Throw","floor":1.0},{"not_picked":["Deflect","Bane"],"picked":"Terror","floor":4.0},{"not_picked":["Outmaneuver","Deadly Poison"],"picked":"Well Laid Plans","floor":7.0},{"not_picked":["Distraction","Quick Slash+1"],"picked":"Riddle With Holes+1","floor":10.0},{"not_picked":["Caltrops","Calculated Gamble"],"picked":"Corpse Explosion","floor":11.0},{"not_picked":["Poisoned Stab+1","Dagger Throw+1"],"picked":"Predator+1","floor":12.0},{"not_picked":["Dagger Throw+1","Cloak And Dagger"],"picked":"Bouncing Flask","floor":13.0},{"not_picked":["Sucker Punch+1","Expertise"],"picked":"Venomology","floor":13.0},{"not_picked":["Backflip","Underhanded Strike+1"],"picked":"Venomology","floor":13.0},{"not_picked":["Underhanded Strike+1","Prepared"],"picked":"Leg Sweep","floor":13.0},{"not_picked":["Escape Plan","Cloak And Dagger"],"picked":"Blade Dance","floor":13.0},{"not_picked":["Skewer+1","Backflip"],"picked":"Dagger Spray+1","floor":14.0},{"not_picked":["Corpse Explosion","Unload+1"],"picked":"Wraith Form v2","floor":16.0},{"not_picked":["Prepared+1","Blade Dance"],"picked":"Backstab+1","floor":18.0},{"not_picked":["Dagger Spray+1","Deflect"],"picked":"Outmaneuver","floor":20.0},{"not_picked":["Dagger Spray+1","Heel Hook+1"],"picked":"Cloak And Dagger+1","floor":22.0},{"not_picked":["Slice+1","Dagger Throw+1","Blade Dance"],"picked":"SKIP","floor":23.0},{"not_picked":["Riddle With Holes+1","Masterful Stab+1","Underhanded Strike+1"],"picked":"SKIP","floor":25.0},{"not_picked":["Doppelganger","Deflect+1"],"picked":"Acrobatics","floor":27.0},{"not_picked":["Dodge and Roll","Slice+1"],"picked":"Backflip","floor":28.0},{"not_picked":["Deadly Poison","Slice"],"picked":"PiercingWail","floor":31.0},{"not_picked":["Unload","A Thousand Cuts"],"picked":"Bullet Time","floor":33.0},{"not_picked":["Skewer","Prepared","Underhanded Strike"],"picked":"SKIP","floor":35.0},{"not_picked":["Cloak And Dagger+1","Quick Slash+1"],"picked":"Leg Sweep","floor":37.0},{"not_picked":["Poisoned Stab+1","Envenom"],"picked":"Backflip","floor":39.0},{"not_picked":["Choke+1","Escape Plan"],"picked":"Acrobatics","floor":40.0},{"not_picked":["Endless Agony","Bane","Accuracy"],"picked":"SKIP","floor":42.0},{"not_picked":["Sucker Punch","Heel Hook"],"picked":"Malaise","floor":46.0}],"player_experience":70802,"relics_obtained":[{"floor":7.0,"key":"Molten Egg 2"},{"floor":9.0,"key":"Vajra"},{"floor":10.0,"key":"Old Coin"},{"floor":23.0,"key":"Pear"},{"floor":25.0,"key":"War Paint"},{"floor":26.0,"key":"Blood Vial"},{"floor":40.0,"key":"Paper Crane"},{"floor":42.0,"key":"Gremlin Horn"}],"event_choices":[{"damage_healed":0.0,"max_hp_gain":0.0,"max_hp_loss":0.0,"gold_gain":0.0,"event_name":"The Woman in Blue","player_choice":"Bought 1 Potion","floor":3.0,"gold_loss":0.0,"damage_taken":0.0},{"damage_healed":0.0,"max_hp_gain":0.0,"max_hp_loss":0.0,"gold_gain":0.0,"cards_transformed":["Strike_G"],"event_name":"Living Wall","player_choice":"Change","floor":5.0,"gold_loss":0.0,"damage_taken":0.0,"cards_obtained":["Concentrate"]},{"damage_healed":0.0,"max_hp_gain":0.0,"max_hp_loss":0.0,"gold_gain":0.0,"event_name":"Lab","player_choice":"Got Potions","floor":19.0,"gold_loss":0.0,"damage_taken":0.0},{"damage_healed":0.0,"max_hp_gain":0.0,"max_hp_loss":0.0,"gold_gain":0.0,"event_name":"N\u0027loth","player_choice":"Traded Relic","floor":29.0,"relics_lost":["Molten Egg 2"],"gold_loss":0.0,"damage_taken":0.0,"relics_obtained":["Nloth\u0027s Gift"]},{"damage_healed":0.0,"max_hp_gain":0.0,"max_hp_loss":0.0,"gold_gain":0.0,"event_name":"Forgotten Altar","player_choice":"Smashed Altar","floor":30.0,"gold_loss":0.0,"damage_taken":0.0,"cards_obtained":["Decay"]},{"damage_healed":0.0,"max_hp_gain":0.0,"max_hp_loss":0.0,"gold_gain":999.0,"event_name":"MindBloom","player_choice":"Gold","floor":36.0,"gold_loss":0.0,"damage_taken":0.0,"cards_obtained":["Normality","Normality"]},{"cards_removed":["Venomology"],"damage_healed":36.0,"max_hp_gain":10.0,"max_hp_loss":0.0,"gold_gain":0.0,"event_name":"Bonfire Elementals","player_choice":"Offered Rare","floor":47.0,"gold_loss":0.0,"damage_taken":0.0}],"is_beta":false,"boss_relics":[{"not_picked":["Tiny House","WristBlade"],"picked":"Runic Dome"},{"not_picked":["Ring of the Serpent","Snecko Eye"],"picked":"Empty Cage"}],"items_purged_floors":[13,38,45,48],"is_endless":false,"potions_floor_spawned":[1,4,7,14,20,22,23,28,33,35,39,42],"killed_by":"Donu and Deca","ascension_level":20}}