{"host":"yludllxm6rzdxpbb","time":1609520907,"event":{"mods":["AchievementEnabler","BaseMod","Better Third Choice","BetterRewards","Colored Map","Colored Powertips","Hermit","Hubris","Infinite Spire","Minty Spire (QoL Compilation)","Quick Restart","Replay The Spire","StSLib","The Hierophant","The Necromancer"],"gold_per_floor":[112,124,124,137,85,85,111,111,111,39,65,15,25,42,42,138,138,155,155,175,175,190,190,219,71,71,71,71,90,90,100,100,100,100],"floor_reached":33,"playtime":1503,"items_purged":[],"score":420,"play_id":"4cc9d9bd-0a99-4d92-89e0-2b7b81aed0d4","local_time":"20210101200827","is_ascension_mode":true,"campfire_choices":[{"floor":6,"key":"RECALL"},{"floor":15,"key":"DIG"},{"floor":23,"key":"REST"},{"floor":28,"key":"REST"},{"data":"Life Link","floor":30,"key":"SMITH"},{"floor":32,"key":"REST"}],"circlet_count":0,"master_deck":["Strike_R","Strike_R","Strike_R","Strike_R","Strike_R","Defend_R+1","Defend_R","Defend_R","Defend_R+1","Bash","Inflame","Inflame","Pommel Strike","Twin Strike","Ghostly Armor","Armaments","Flex","Inflame","Exhume","Combust","Heavy Blade","Berserk","Heavy Blade","Iron Wave","Life Link+1","Reaper","Demon Form"],"relics":["Burning Blood","DollysMirror","hubris:OldNail","War Paint","BranchBurnRelic","hubris:PeanutButter","Du-Vu Doll","Blood Vial","King of Hearts","hubris:Backtick","Replay:WaspNest","Question Card","Ice Cream","hubris:MysteriousPyramids"],"acts_visited":["Exordium","TheCity"],"potions_floor_usage":[24,33,33],"damage_taken":[{"damage":0,"enemies":"Cultist","floor":1,"turns":3},{"damage":0,"enemies":"Small Slimes","floor":2,"turns":2},{"damage":0,"enemies":"2 Louse","floor":4,"turns":2},{"damage":18,"enemies":"3 Sentries","floor":7,"turns":8},{"damage":0,"enemies":"Lagavulin","floor":11,"turns":6},{"damage":0,"enemies":"Looter","floor":13,"turns":3},{"damage":7,"enemies":"Exordium Thugs","floor":14,"turns":6},{"damage":39,"enemies":"Fading Forest","floor":16,"turns":11},{"damage":25,"enemies":"3 Byrds","floor":18,"turns":4},{"damage":26,"enemies":"Chosen","floor":20,"turns":5},{"damage":16,"enemies":"Centurion and Healer","floor":22,"turns":6},{"damage":51,"enemies":"Slavers","floor":24,"turns":5},{"damage":18,"enemies":"Snake Plant","floor":29,"turns":4},{"damage":77,"enemies":"Chosen and Byrds","floor":31,"turns":6},{"damage":83,"enemies":"Automaton","floor":33,"turns":6}],"seed_played":"-7111507270041590507","potions_obtained":[{"floor":1,"key":"SpeedPotion"},{"floor":2,"key":"Adrenaline Potion"},{"floor":4,"key":"Cursed Concoction"},{"floor":18,"key":"Strength Potion"},{"floor":24,"key":"SkillPotion"},{"floor":31,"key":"Strength Potion"}],"is_trial":false,"path_per_floor":["M","M","?","M","$","R","E","?","T","$","E","?","M","M","R_BF","B",null,"M","?","M","$","M","R","E","$","T","$","R","M","R","M","R","B"],"character_chosen":"IRONCLAD","items_purchased":["Inflame","DollysMirror","hubris:OldNail","War Paint","Pommel Strike","Flex","Inflame","Reaper"],"campfire_rested":3,"item_purchase_floors":[0,0,0,0,0,5,10,25],"current_hp_per_floor":[54,60,60,66,66,66,69,69,69,69,75,75,80,79,79,58,80,61,61,43,43,35,59,30,30,30,30,54,56,56,20,44,0,0],"gold":100,"neow_bonus":"","is_daily":false,"chose_seed":false,"campfire_upgraded":1,"win_rate":0.0,"timestamp":1609520907,"path_taken":["M","M","?","M","$","R","E","?","T","$","E","?","M","M","R_BF","BOSS","M","?","M","?","M","R","E","$","T","$","R","M","R","M","R","BOSS"],"items_purchased_type":["Card","Relic","Relic","Relic","Card","Card","Card","Card"],"build_version":"2020-12-22","purchased_purges":0,"victory":false,"max_hp_per_floor":[80,80,80,80,80,80,80,80,80,80,80,80,80,80,80,80,80,80,80,80,80,80,80,80,80,80,80,80,80,80,80,80,80,80],"card_choices":[{"not_picked":["Clothesline","Defy Death"],"picked":"Twin Strike","floor":1},{"not_picked":["Anger","Blood for Blood"],"picked":"Ghostly Armor","floor":2},{"not_picked":["Reckless Charge","infinitespire:OneForAll"],"picked":"Armaments","floor":4},{"not_picked":["Defy Death","Corruption","Sword Boomerang"],"picked":"SKIP","floor":7},{"not_picked":["Power Through","Anger"],"picked":"Exhume","floor":11},{"not_picked":["Rage","Twin Strike"],"picked":"Combust","floor":13},{"not_picked":["Reckless Charge","ReplayReversal"],"picked":"Heavy Blade","floor":14},{"not_picked":["Hemogenesis","Feed"],"picked":"Berserk","floor":16},{"not_picked":["Headbutt","Searing Blow+1"],"picked":"Heavy Blade","floor":18},{"not_picked":["Entrench+1","Heavy Blade+1","Inflame+1"],"picked":"Iron Wave","floor":20},{"not_picked":["Blood for Blood","Searing Blow","Run Through"],"picked":"Life Link","floor":22},{"not_picked":["Clothesline+1","Havoc+1","Heavy Blade","Headbutt"],"picked":"SKIP","floor":24},{"not_picked":["hubris:CleavingFinish+1","hubris:ReadiedAction","Body Slam"],"picked":"Demon Form","floor":29},{"not_picked":["Clothesline","Shockwave","Anger","Clash"],"picked":"SKIP","floor":31}],"player_experience":322584,"relics_obtained":[{"floor":7,"key":"hubris:PeanutButter"},{"floor":11,"key":"Blood Vial"},{"floor":15,"key":"King of Hearts"},{"floor":19,"key":"Question Card"},{"floor":24,"key":"Ice Cream"},{"floor":26,"key":"hubris:MysteriousPyramids"}],"event_choices":[{"damage_healed":0,"gold_gain":0,"player_choice":"Box","damage_taken":0,"relics_obtained":["Du-Vu Doll"],"max_hp_gain":0,"max_hp_loss":0,"event_name":"Big Fish","floor":8,"gold_loss":0,"cards_obtained":["Regret"]},{"cards_removed":["Regret"],"damage_healed":0,"gold_gain":0,"player_choice":"Card Removal","damage_taken":0,"max_hp_gain":0,"max_hp_loss":0,"event_name":"The Cleric","floor":12,"gold_loss":50},{"damage_healed":0,"gold_gain":0,"player_choice":"Relic","damage_taken":0,"max_hp_gain":0,"max_hp_loss":0,"event_name":"Wheel of Change","floor":19,"gold_loss":0}],"is_beta":false,"boss_relics":[{"not_picked":["Ring of Chaos","hubris:BlackHole"],"picked":"hubris:Backtick"}],"items_purged_floors":[],"is_endless":false,"potions_floor_spawned":[1,2,4,18,24,29,31],"killed_by":"Automaton","ascension_level":1}}