{"host":"ko4b5atusvmax52d","time":1609505755,"event":{"mods":["AchievementEnabler","Act Like it!","Aspiration","BaseMod","Better Third Choice","BetterRewards","Friendly Minions","Hermit","Hubris","Infinite Spire","Koishi","Marisa????????","Minty Spire (QoL Compilation)","Rare Cards Sparkle","Replay The Spire","Shade Mod","Spicy Shops","StSLib","SuperFastMode","The Animator","The Bug Knight","The Wild Card","Wandering Minibosses","vexMod"],"gold_per_floor":[125,136,136,136,136,174,174,184,235,235,51,98,111,168,168,271,271,285,301,320,334,30,62,62,62,88,88,88,88,88,103,103,207,207,226,226,226,275,289,317,317,35,59,73,73,73,91,91,91,91,91,91,487,537,592,592,592,20,95,95,95],"floor_reached":60,"playtime":3386,"items_purged":["animator:Defend","ReplayTheSpireMod:Necrosis"],"score":727,"play_id":"5f8564c3-0759-4e2c-90aa-ee74ed8d2d7f","local_time":"20210101135555","is_ascension_mode":false,"campfire_choices":[{"data":"animator:MumenRider","floor":7,"key":"SMITH"},{"floor":15,"key":"REST"},{"floor":29,"key":"REST"},{"data":"animator:HigakiRinne","floor":32,"key":"SMITH"},{"floor":41,"key":"RECALL"},{"floor":45,"key":"REST"},{"data":"animator:Geryuganshoop","floor":49,"key":"SMITH"},{"data":"animator:TukaLunaMarceau","floor":52,"key":"SMITH"}],"circlet_count":0,"master_deck":["animator:Genos+1","animator:MumenRider+1","animator:RoryMercury","animator:TukaLunaMarceau+1","animator:KyokoSakura","animator:RoyMustang+1","animator:ItamiYouji","animator:MumenRider+1","animator:HigakiRinne+1","animator:Melzalgald+1","animator:MumenRider+1","animator:SilverFang+1","animator:Togame+1","animator:MaesHughes","animator:MumenRider","animator:EmiyaShirou+1","Skewer+1","Toxin Wave+1","animator:Saber+1","animator:MisaKurobane","animator:MamizouFutatsuiwa+1","animator:MisakiNakahara+1","Malaise","Noxious Fumes+1","animator:TukaLunaMarceau","animator:RoyMustang","animator:Geryuganshoop+1"],"relics":["animator:TheWolleyCore","animator:AncientMedallion"],"acts_visited":["Exordium","TheCity","TheBeyond","TheEnding","EYB:TheUnnamedReign"],"potions_floor_usage":[16,16,23,23,23,23,33,33,33,33,40,44,50,50,59,59,59,60],"damage_taken":[{"damage":0,"enemies":"Jaw Worm","floor":1,"turns":1},{"damage":0,"enemies":"2 Louse","floor":2,"turns":1},{"damage":0,"enemies":"Gremlin Nob","floor":6,"turns":1},{"damage":0,"enemies":"Small Slimes","floor":8,"turns":2},{"damage":35,"enemies":"Lagavulin","floor":12,"turns":5},{"damage":26,"enemies":"Exordium Thugs","floor":13,"turns":3},{"damage":13,"enemies":"Fading Forest","floor":16,"turns":11},{"damage":8,"enemies":"Shell Parasite","floor":18,"turns":4},{"damage":0,"enemies":"Chosen","floor":19,"turns":4},{"damage":43,"enemies":"3 Cultists","floor":20,"turns":5},{"damage":25,"enemies":"Snecko","floor":21,"turns":4},{"damage":14,"enemies":"animator:HornedBat","floor":23,"turns":4},{"damage":0,"enemies":"Cultist and Chosen","floor":31,"turns":1},{"damage":36,"enemies":"Champ","floor":33,"turns":8},{"damage":10,"enemies":"3 Darklings","floor":35,"turns":4},{"damage":0,"enemies":"Orb Walker","floor":39,"turns":1},{"damage":0,"enemies":"Nemesis","floor":40,"turns":3},{"damage":19,"enemies":"3 Darklings","floor":44,"turns":3},{"damage":0,"enemies":"4 Shapes","floor":47,"turns":2},{"damage":119,"enemies":"Replay:Hell Engine","floor":50,"turns":8},{"damage":0,"enemies":"animator:UNNAMED_HAT","floor":54,"turns":8},{"damage":68,"enemies":"animator:TRIPLE_SHAPES_WEAK","floor":55,"turns":7},{"damage":26,"enemies":"animator:LARGE_CRYSTAL","floor":59,"turns":5},{"damage":62,"enemies":"animator:TRIPLE_LAGAVULIN","floor":60,"turns":3}],"seed_played":"2761152023730392688","potions_obtained":[{"floor":2,"key":"Block Potion"},{"floor":6,"key":"SneckoOil"},{"floor":12,"key":"Fire Potion"},{"floor":14,"key":"CultistPotion"},{"floor":16,"key":"BlessingOfTheForge"},{"floor":20,"key":"Regen Potion"},{"floor":31,"key":"AttackPotion"},{"floor":39,"key":"Toxic Potion"},{"floor":54,"key":"animator:FalseLifePotion"},{"floor":55,"key":"animator:FalseLifePotion"},{"floor":59,"key":"animator:FalseLifePotion"}],"is_trial":false,"path_per_floor":["M","M","?","?","?","E","R","M","T","?","$","E","M","?","R","B",null,"M","M","M","M","$","E","?","?","T","?","?","R","?","M","R","B",null,"M","?","$","T","M","E","R","$","T","M","R","?","M","?","R","B",null,"R","??","M","M","T","?","$","M","M"],"character_chosen":"THE_ANIMATOR","items_purchased":["animator:RoyMustang","hubris:EmptyBottle","Juzu Bracelet","FairyPotion","Guide Book","hubris:KleinBottle","animator:Geryuganshoop","vexMod:RetaliationKit","PowerPotion","animator:AncientMedallion","animator:AncientMedallion","animator:FalseLifePotion"],"campfire_rested":3,"item_purchase_floors":[11,22,22,37,37,37,42,42,42,58,58,58],"current_hp_per_floor":[66,67,72,65,65,65,65,65,65,65,65,36,10,10,33,30,78,70,70,27,2,2,15,15,15,15,15,15,38,38,38,38,2,108,98,88,48,48,48,48,48,48,48,29,61,61,61,64,64,12,111,111,98,98,42,42,42,42,44,0,0],"gold":95,"neow_bonus":"THREE_ENEMY_KILL","is_daily":false,"chose_seed":false,"campfire_upgraded":4,"win_rate":0.0,"timestamp":1609505755,"path_taken":["M","M","?","?","?","E","R","?","T","?","?","E","?","?","R","BOSS","M","?","M","?","$","E","?","?","T","?","?","R","?","M","R","BOSS","M","?","?","?","M","E","R","?","T","M","R","?","M","?","R","BOSS","R","??","M","M","T","?","$","M","M"],"items_purchased_type":["Card","Relic","Relic","Potion","Relic","Relic","Card","Relic","Potion","Relic","Relic","Potion"],"build_version":"2020-12-22","purchased_purges":2,"victory":false,"max_hp_per_floor":[66,67,72,72,72,72,72,72,72,72,72,78,78,78,78,78,78,78,78,78,78,78,78,78,78,78,78,78,78,78,78,78,78,108,108,108,108,108,108,108,108,108,108,108,108,108,108,111,111,111,111,111,98,98,98,98,98,98,98,98,98],"card_choices":[{"not_picked":["animator:ZankiKiguchi","animator:Vanir"],"picked":"animator:RoryMercury","floor":1},{"not_picked":["animator:Tatsumaki","animator:Demiurge"],"picked":"animator:TukaLunaMarceau","floor":2},{"not_picked":["animator:PandorasActor","animator:ElricEdward"],"picked":"animator:KyokoSakura","floor":6},{"not_picked":["animator:Tyuule","animator:Konayuki"],"picked":"animator:ItamiYouji","floor":12},{"not_picked":["animator:Alexander","animator:KyokoSakura","animator:YaoHaDucy"],"picked":"SKIP","floor":13},{"not_picked":["animator:Konayuki","animator:Jibril"],"picked":"animator:MumenRider","floor":14},{"not_picked":["animator:Albedo","animator:Father"],"picked":"animator:HigakiRinne","floor":16},{"not_picked":["animator:PandorasActor+1","animator:FielNirvalen"],"picked":"animator:Togame","floor":18},{"not_picked":["animator:Kazuma","animator:UneriGinkaku"],"picked":"animator:MaesHughes","floor":20},{"not_picked":["animator:ElricAlphonse+1","animator:Tet"],"picked":"animator:MumenRider","floor":21},{"not_picked":["animator:Saber","animator:IrohaTamaki","animator:RoyMustang"],"picked":"SKIP","floor":23},{"not_picked":["animator:NagisaMomoe","animator:Genos","animator:Sloth"],"picked":"SKIP","floor":31},{"not_picked":["animator:Shiro","animator:MadokaKaname"],"picked":"animator:Saber","floor":33},{"not_picked":["animator:RoryMercury","animator:Illya+1","animator:Sloth+1"],"picked":"SKIP","floor":35},{"not_picked":["animator:HarukoHaruhara","animator:KotoriKanbe"],"picked":"animator:MisaKurobane","floor":36},{"not_picked":["animator:HououinKyouma","animator:Shimakaze"],"picked":"animator:MamizouFutatsuiwa","floor":36},{"not_picked":["animator:Kira","animator:Kuroyukihime"],"picked":"animator:MisakiNakahara","floor":36},{"not_picked":["ReplayTheSpireMod:Haul","infinitespire:Fortify"],"picked":"ReplayTheSpireMod:Black Plague","floor":37},{"not_picked":["animator:Melzalgald+1","animator:ElricAlphonse"],"picked":"animator:TukaLunaMarceau+1","floor":39},{"not_picked":["animator:Tatsumaki","animator:EmiyaShirou"],"picked":"animator:RoyMustang","floor":40},{"not_picked":["animator:MaesHughes","animator:YunYun+1","animator:DolaCouronne"],"picked":"SKIP","floor":44},{"not_picked":["animator:YuiTsuruno","animator:Cocytus","animator:Azekura+1"],"picked":"SKIP","floor":47},{"not_picked":["animator:Tatsumaki","animator:RinTohsaka+1","animator:Konayuki+1"],"picked":"SKIP","floor":54},{"not_picked":["animator:DolaSchwi+1","animator:Shalltear","animator:IrohaTamaki"],"picked":"SKIP","floor":55},{"not_picked":["animator:ElricAlphonse","animator:Genos","animator:Cocytus"],"picked":"SKIP","floor":59}],"player_experience":255035,"relics_obtained":[{"floor":6,"key":"ReplayTheSpireMod:TigerMarble"},{"floor":12,"key":"vexMod:BerryBomb"},{"floor":14,"key":"Anchor"},{"floor":23,"key":"InkBottle"},{"floor":25,"key":"Ring of Fury"},{"floor":26,"key":"Red Skull"},{"floor":38,"key":"Potion Belt"},{"floor":40,"key":"vexMod:RedPlottingStone"},{"floor":43,"key":"Replay:Rubber Ducky"},{"floor":53,"key":"animator:TheWolleyCore"},{"floor":53,"key":"animator:AncientMedallion"},{"floor":56,"key":"animator:AncientMedallion"}],"event_choices":[{"damage_healed":0,"gold_gain":0,"player_choice":"Donut","damage_taken":0,"max_hp_gain":5,"max_hp_loss":0,"event_name":"Big Fish","floor":3,"gold_loss":0},{"damage_healed":0,"gold_gain":0,"player_choice":"Relic ","damage_taken":7,"max_hp_gain":0,"max_hp_loss":0,"event_name":"betterThird:BetterScrap","floor":4,"gold_loss":0,"cards_obtained":["TalkToTheHand"]},{"damage_healed":0,"gold_gain":0,"player_choice":"Gave Potion","damage_taken":0,"relics_obtained":["HollowMod:PaleOreRelic"],"max_hp_gain":0,"max_hp_loss":0,"event_name":"WeMeetAgain","floor":10,"gold_loss":0},{"damage_healed":0,"gold_gain":0,"cards_transformed":["animator:Strike"],"player_choice":"Transformed","damage_taken":0,"max_hp_gain":0,"max_hp_loss":0,"event_name":"Transmorgrifier","floor":24,"gold_loss":0,"cards_obtained":["animator:EmiyaShirou"]},{"damage_healed":0,"gold_gain":0,"player_choice":"Inject Mutagens","damage_taken":0,"relics_obtained":["MutagenicStrength"],"max_hp_gain":0,"max_hp_loss":0,"event_name":"Drug Dealer","floor":28,"gold_loss":0},{"damage_healed":0,"gold_gain":0,"player_choice":"Memory 3","damage_taken":10,"max_hp_gain":0,"max_hp_loss":0,"event_name":"SensoryStone","floor":36,"gold_loss":0}],"is_beta":false,"boss_relics":[{"not_picked":["hubris:Stopwatch","vexMod:FluxCapacitor"],"picked":"animator:RacePiece"},{"not_picked":["Pandora\u0027s Box","Tiny House"],"picked":"vexMod:BigBerry"}],"items_purged_floors":[11,37],"is_endless":false,"potions_floor_spawned":[2,6,12,16,20,31,39,54,55],"killed_by":"animator:TRIPLE_LAGAVULIN","ascension_level":0}}