{"host":"dgf4n6lo35jtjz0c","time":1609509717,"event":{"mods":["AchievementEnabler","BaseMod","Bestiary","Colored Powertips","Minty Spire (QoL Compilation)"],"gold_per_floor":[114,114,132,145,164,189,211,248,260,599,623,652,664,694,706,822,834,861,890,902,928,855,867,902,933,998,1010,1035,1073,643,593,593,593,593],"floor_reached":33,"playtime":2684,"items_purged":[],"score":316,"play_id":"83e5a6a9-e301-4595-8182-743aa737a8ba","local_time":"20210102010157","is_ascension_mode":false,"campfire_choices":[{"floor":13,"key":"REST"},{"floor":15,"key":"REST"},{"floor":23,"key":"REST"},{"floor":27,"key":"REST"},{"floor":32,"key":"REST"}],"circlet_count":0,"master_deck":["Strike_R","Strike_R","Strike_R","Strike_R","Strike_R","Defend_R","Defend_R","Defend_R","Defend_R","Bash","Metallicize","Thunderclap","Flex","Iron Wave","Rampage","Carnage","Blood for Blood","Rage+1","Blood for Blood","Inflame","Power Through+1","Juggernaut","Headbutt","Impervious+1","Body Slam","Blood for Blood","Headbutt+1","Anger","Demon Form","Chrysalis+1","Flex+1","Entrench+1"],"relics":["Burning Blood","MawBank","Anchor","Toxic Egg 2","Old Coin","Runic Pyramid","Nilry\u0027s Codex","InkBottle","Bag of Preparation","Pen Nib","Unceasing Top"],"acts_visited":["Exordium","TheCity"],"potions_floor_usage":[],"damage_taken":[{"damage":8,"enemies":"2 Louse","floor":1,"turns":4},{"damage":5,"enemies":"Jaw Worm","floor":3,"turns":5},{"damage":5,"enemies":"Small Slimes","floor":4,"turns":3},{"damage":8,"enemies":"Blue Slaver","floor":5,"turns":5},{"damage":21,"enemies":"3 Sentries","floor":6,"turns":11},{"damage":5,"enemies":"2 Fungi Beasts","floor":7,"turns":5},{"damage":18,"enemies":"Gremlin Nob","floor":8,"turns":5},{"damage":16,"enemies":"3 Sentries","floor":10,"turns":7},{"damage":7,"enemies":"Lots of Slimes","floor":11,"turns":4},{"damage":4,"enemies":"3 Louse","floor":12,"turns":4},{"damage":23,"enemies":"Exordium Thugs","floor":14,"turns":5},{"damage":43,"enemies":"Slime Boss","floor":16,"turns":9},{"damage":22,"enemies":"3 Byrds","floor":18,"turns":5},{"damage":18,"enemies":"Chosen","floor":19,"turns":6},{"damage":30,"enemies":"Snake Plant","floor":21,"turns":7},{"damage":13,"enemies":"Centurion and Healer","floor":25,"turns":9},{"damage":17,"enemies":"Cultist and Chosen","floor":28,"turns":6},{"damage":31,"enemies":"Book of Stabbing","floor":29,"turns":6},{"damage":62,"enemies":"Automaton","floor":33,"turns":6}],"seed_played":"-8303234445367557476","potions_obtained":[{"floor":3,"key":"Regen Potion"},{"floor":5,"key":"DuplicationPotion"},{"floor":6,"key":"AttackPotion"},{"floor":16,"key":"SkillPotion"}],"is_trial":false,"path_per_floor":["M","?","M","M","M","E","M","E","T","E","M","M","R","M","R","B",null,"M","M","?","M","?","R","T","M","T","R","M","E","$","?","R","B"],"character_chosen":"IRONCLAD","items_purchased":["Demon Form","Chrysalis+1","Flex+1","Entrench+1"],"campfire_rested":5,"item_purchase_floors":[30,30,30,30],"current_hp_per_floor":[86,86,87,88,86,71,72,60,60,50,49,51,77,60,86,49,88,72,60,44,20,20,46,46,39,39,65,54,29,29,29,55,0,0],"gold":593,"neow_bonus":"TEN_PERCENT_HP_BONUS","is_daily":false,"chose_seed":false,"campfire_upgraded":0,"win_rate":0.0,"timestamp":1609509717,"path_taken":["M","?","M","M","M","E","M","E","T","E","M","M","R","M","R","BOSS","M","M","?","M","?","R","?","M","T","R","M","E","?","?","R","BOSS"],"items_purchased_type":["Card","Card","Card","Card"],"build_version":"2020-12-22","purchased_purges":0,"victory":false,"max_hp_per_floor":[88,88,88,88,88,88,88,88,88,88,88,88,88,88,88,88,88,88,88,88,88,88,88,88,88,88,88,88,88,88,88,88,88,88],"card_choices":[{"not_picked":["Clothesline","Cleave"],"picked":"Metallicize","floor":1},{"not_picked":["Twin Strike","True Grit"],"picked":"Thunderclap","floor":3},{"not_picked":["Pummel","Body Slam"],"picked":"Flex","floor":4},{"not_picked":["Flex","Shockwave"],"picked":"Iron Wave","floor":5},{"not_picked":["Rage","Dual Wield"],"picked":"Rampage","floor":6},{"not_picked":["Feed","Armaments"],"picked":"Carnage","floor":7},{"not_picked":["Warcry","Thunderclap"],"picked":"Blood for Blood","floor":8},{"not_picked":["Perfected Strike","Clash"],"picked":"Rage+1","floor":10},{"not_picked":["Battle Trance+1","Sever Soul"],"picked":"Blood for Blood","floor":11},{"not_picked":["Anger","Fire Breathing"],"picked":"Inflame","floor":12},{"not_picked":["Headbutt","Battle Trance+1"],"picked":"Power Through+1","floor":14},{"not_picked":["Double Tap+1","Brutality"],"picked":"Juggernaut","floor":16},{"not_picked":["Clash","Clothesline"],"picked":"Headbutt","floor":18},{"not_picked":["Warcry+1","Twin Strike+1"],"picked":"Impervious+1","floor":19},{"not_picked":["Clash","Twin Strike"],"picked":"Body Slam","floor":21},{"not_picked":["Warcry+1","Carnage"],"picked":"Blood for Blood","floor":25},{"not_picked":["Twin Strike","Iron Wave+1"],"picked":"Headbutt+1","floor":28},{"not_picked":["Iron Wave","Battle Trance+1"],"picked":"Anger","floor":29}],"player_experience":5964,"relics_obtained":[{"floor":6,"key":"MawBank"},{"floor":8,"key":"Anchor"},{"floor":9,"key":"Toxic Egg 2"},{"floor":10,"key":"Old Coin"},{"floor":20,"key":"Nilry\u0027s Codex"},{"floor":24,"key":"Bag of Preparation"},{"floor":26,"key":"Pen Nib"},{"floor":29,"key":"Unceasing Top"}],"event_choices":[{"damage_healed":0,"gold_gain":0,"player_choice":"Ignored","damage_taken":0,"max_hp_gain":0,"max_hp_loss":0,"event_name":"Golden Wing","floor":2,"gold_loss":0},{"damage_healed":0,"gold_gain":0,"player_choice":"Obtained Book","damage_taken":16,"max_hp_gain":0,"max_hp_loss":0,"event_name":"Cursed Tome","floor":20,"gold_loss":0},{"damage_healed":0,"gold_gain":0,"player_choice":"Obtained Relic","damage_taken":0,"relics_obtained":["InkBottle"],"max_hp_gain":0,"max_hp_loss":0,"event_name":"Addict","floor":22,"gold_loss":85},{"damage_healed":0,"gold_gain":0,"player_choice":"Bet on Murderer","damage_taken":0,"max_hp_gain":0,"max_hp_loss":0,"event_name":"The Joust","floor":31,"gold_loss":50}],"is_beta":false,"boss_relics":[{"not_picked":["Snecko Eye","Empty Cage"],"picked":"Runic Pyramid"}],"items_purged_floors":[],"is_endless":false,"potions_floor_spawned":[3,5,6,10,12,16,18,21,28],"killed_by":"Automaton","ascension_level":0}}