{"host":"kh6fvhxn285ncg0o","time":1609478190,"event":{"mods":["Act Like it!","BaseMod","Colored Map","Friendly Minions","Keyboard Shortcuts","Minty Spire (QoL Compilation)","Quick Restart","Relic Stats","StSLib","SuperFastMode"],"gold_per_floor":[116,191,210,210,230,258,258,258,258,278,278,297,328,342,342,342,342],"floor_reached":16,"playtime":292,"items_purged":[],"score":224,"play_id":"08888b21-8b12-4bd3-812a-3973e93c7cf9","local_time":"20210101141630","is_ascension_mode":true,"campfire_choices":[{"floor":8.0,"key":"REST"},{"data":"Noxious Fumes","floor":11.0,"key":"SMITH"},{"data":"A Thousand Cuts","floor":15,"key":"SMITH"}],"circlet_count":0,"master_deck":["AscendersBane","Strike_G","Strike_G","Strike_G","Strike_G","Strike_G","Defend_G+1","Defend_G","Defend_G","Defend_G","Defend_G","Survivor","Neutralize","Noxious Fumes+1","Adrenaline","Terror","Dagger Throw+1","Blade Dance","A Thousand Cuts+1","PiercingWail"],"relics":["Ring of the Snake","NeowsBlessing","Ornamental Fan","HornCleat"],"acts_visited":["Exordium"],"potions_floor_usage":[16],"damage_taken":[{"damage":0.0,"enemies":"Small Slimes","floor":1.0,"turns":1.0},{"damage":0.0,"enemies":"2 Louse","floor":3.0,"turns":1.0},{"damage":0.0,"enemies":"Cultist","floor":5.0,"turns":1.0},{"damage":17.0,"enemies":"Lagavulin","floor":6.0,"turns":8.0},{"damage":0.0,"enemies":"2 Fungi Beasts","floor":10.0,"turns":3.0},{"damage":7.0,"enemies":"3 Louse","floor":12.0,"turns":4.0},{"damage":7.0,"enemies":"3 Sentries","floor":13.0,"turns":6.0},{"damage":5,"enemies":"Exordium Thugs","floor":14,"turns":4},{"damage":19,"enemies":"Slime Boss","floor":16,"turns":6}],"seed_played":"-8300754956267812434","potions_obtained":[{"floor":3.0,"key":"Block Potion"},{"floor":10.0,"key":"SpeedPotion"},{"floor":12.0,"key":"SteroidPotion"}],"is_trial":false,"path_per_floor":["M","?","M","?","M","E","?","R","T","M","R","M","E","M","R","B"],"character_chosen":"THE_SILENT","items_purchased":[],"campfire_rested":1,"item_purchase_floors":[],"current_hp_per_floor":[59,48,48,48,48,31,11,30,30,30,30,23,16,11,11,0,0],"gold":342,"neow_bonus":"THREE_ENEMY_KILL","is_daily":false,"chose_seed":false,"campfire_upgraded":2,"win_rate":0.0,"timestamp":1609478190,"path_taken":["M","?","M","?","?","E","?","R","T","M","R","M","E","M","R","BOSS"],"items_purchased_type":[],"build_version":"2020-12-22","purchased_purges":0,"victory":false,"max_hp_per_floor":[66,66,66,66,66,66,66,66,66,66,66,66,66,66,66,66,66],"relic_stats":{"counters":[9,34],"Ornamental Fan":[48],"obtain_stats":[{"HornCleat":9,"NeowsBlessing":0,"Ornamental Fan":6,"Ring of the Snake":0},{"HornCleat":4,"NeowsBlessing":0,"Ornamental Fan":4,"Ring of the Snake":0},{"HornCleat":11,"NeowsBlessing":0,"Ornamental Fan":11,"Ring of the Snake":0}],"Ring of the Snake":[18]},"card_choices":[{"not_picked":["Terror","Deflect"],"picked":"Noxious Fumes","floor":3.0},{"not_picked":["Dagger Spray","Well Laid Plans"],"picked":"Terror","floor":5.0},{"not_picked":["Sucker Punch","Accuracy"],"picked":"Dagger Throw","floor":6.0},{"not_picked":["Underhanded Strike","Acrobatics"],"picked":"Blade Dance","floor":10.0},{"not_picked":["Acrobatics","Sucker Punch","Slice"],"picked":"SKIP","floor":12.0},{"not_picked":["Caltrops","Catalyst"],"picked":"A Thousand Cuts","floor":13},{"not_picked":["Reflex","Bane"],"picked":"PiercingWail","floor":14}],"player_experience":3341337,"relics_obtained":[{"floor":6.0,"key":"Ornamental Fan"},{"floor":9.0,"key":"HornCleat"}],"event_choices":[{"damage_healed":0.0,"max_hp_gain":0.0,"max_hp_loss":0.0,"gold_gain":75.0,"event_name":"World of Goop","player_choice":"Gather Gold","floor":2.0,"gold_loss":0.0,"damage_taken":11.0},{"damage_healed":0.0,"max_hp_gain":0.0,"max_hp_loss":0.0,"gold_gain":0.0,"event_name":"Match and Keep!","player_choice":"1 cards matched","floor":4.0,"gold_loss":0.0,"damage_taken":0.0,"cards_obtained":["Adrenaline"]},{"damage_healed":0.0,"max_hp_gain":0.0,"max_hp_loss":0.0,"gold_gain":0.0,"event_name":"Shining Light","player_choice":"Entered Light","floor":7.0,"gold_loss":0.0,"damage_taken":20.0,"cards_upgraded":["Defend_G","Dagger Throw"]}],"is_beta":false,"boss_relics":[],"items_purged_floors":[],"is_endless":false,"potions_floor_spawned":[3,10,12],"killed_by":"Slime Boss","ascension_level":20}}