{"host":"1u4zr9vl8my47i07","time":1609536526,"event":{"mods":["AchievementEnabler","BaseMod","BetterRewards","DeckTracker","Filter the Spire","Highlight Path","Keyboard Shortcuts","Minty Spire (QoL Compilation)","Relic Stats","StSLib","SuperFastMode","The Animator","Uncapped","everything is the same but u backflip on backflip"],"gold_per_floor":[113,288,16,33,33,33,62,62,137,137,137,171,184,184,184,281,281,294,66,80,97,97,97,97,97],"floor_reached":24,"playtime":948,"items_purged":["Defend_R"],"score":293,"play_id":"2311a30a-0060-4b2a-bc7d-0d21fd97d7e3","local_time":"20210102062846","is_ascension_mode":true,"campfire_choices":[{"data":"Shrug It Off","floor":6.0,"key":"SMITH"},{"floor":10.0,"key":"REST"},{"floor":15.0,"key":"REST"},{"data":"Armaments","floor":23,"key":"SMITH"}],"circlet_count":0,"master_deck":["Strike_R","Strike_R","Strike_R","Strike_R","Strike_R","Defend_R","Defend_R","Defend_R","Bash","Evolve","Doubt","Shrug It Off+1","Power Through","Regret","True Grit","Parasite","Feel No Pain","Armaments+1","Immolate","Second Wind","Pommel Strike+1","Shockwave"],"relics":["Burning Blood","Du-Vu Doll","Paper Frog","MealTicket","StrikeDummy","Centennial Puzzle","Ginger","Velvet Choker","Medical Kit"],"acts_visited":["Exordium","TheCity"],"potions_floor_usage":[],"damage_taken":[{"damage":20.0,"enemies":"Small Slimes","floor":1.0,"turns":3.0},{"damage":9.0,"enemies":"2 Louse","floor":4.0,"turns":3.0},{"damage":47.0,"enemies":"3 Sentries","floor":7.0,"turns":10.0},{"damage":35.0,"enemies":"Lagavulin","floor":12.0,"turns":8.0},{"damage":2.0,"enemies":"Jaw Worm","floor":13.0,"turns":4.0},{"damage":42.0,"enemies":"Slime Boss","floor":16.0,"turns":11.0},{"damage":13.0,"enemies":"Shell Parasite","floor":18.0,"turns":5.0},{"damage":21,"enemies":"3 Byrds","floor":20,"turns":7},{"damage":14,"enemies":"Sentry and Sphere","floor":21,"turns":6},{"damage":44,"enemies":"Book of Stabbing","floor":24,"turns":4}],"seed_played":"4029894165664867989","potions_obtained":[{"floor":13.0,"key":"Ancient Potion"},{"floor":16.0,"key":"Energy Potion"},{"floor":21,"key":"CultistPotion"}],"is_trial":false,"path_per_floor":["M","?","$","M","?","R","E","?","T","R","?","E","M","T","R","B",null,"M","$","M","M","?","R","E"],"character_chosen":"IRONCLAD","items_purchased":["Paper Frog","Shrug It Off","Medical Kit"],"campfire_rested":2,"item_purchase_floors":[3,3,19],"current_hp_per_floor":[58,58,58,55,55,55,14,14,14,38,58,29,33,33,57,21,65,58,73,58,50,44,44,0,0],"gold":97,"neow_bonus":"ONE_RARE_RELIC","is_daily":false,"chose_seed":false,"campfire_upgraded":2,"win_rate":0.0,"timestamp":1609536526,"path_taken":["M","?","$","M","?","R","E","?","T","R","?","E","M","?","R","BOSS","M","$","M","M","?","R","E"],"items_purchased_type":["Relic","Card","Relic"],"build_version":"2020-12-22","purchased_purges":1,"victory":false,"max_hp_per_floor":[80,80,80,80,80,80,80,80,80,80,80,80,80,80,80,80,80,80,80,80,80,80,80,80,80],"relic_stats":{"Centennial Puzzle":[18],"counters":[10,61],"MealTicket":15,"Ginger":[7],"Medical Kit":[7],"obtain_stats":[{"Du-Vu Doll":0,"Centennial Puzzle":12,"Velvet Choker":17,"MealTicket":7,"Ginger":14,"StrikeDummy":9,"Medical Kit":19,"Burning Blood":0,"Paper Frog":3},{"Du-Vu Doll":0,"Centennial Puzzle":4,"Velvet Choker":6,"MealTicket":3,"Ginger":5,"StrikeDummy":3,"Medical Kit":7,"Burning Blood":0,"Paper Frog":1},{"Du-Vu Doll":0,"Centennial Puzzle":24,"Velvet Choker":39,"MealTicket":16,"Ginger":28,"StrikeDummy":16,"Medical Kit":44,"Burning Blood":0,"Paper Frog":3}],"Burning Blood":54},"card_choices":[{"not_picked":["Clash","Ghostly Armor"],"picked":"Evolve","floor":1.0},{"not_picked":["Sword Boomerang","Thunderclap"],"picked":"Power Through","floor":4.0},{"not_picked":["Intimidate","Feed"],"picked":"True Grit","floor":7.0},{"not_picked":["Inflame","Havoc"],"picked":"Feel No Pain","floor":12.0},{"not_picked":["Body Slam","Reckless Charge"],"picked":"Armaments","floor":13.0},{"not_picked":["Berserk","Demon Form"],"picked":"Immolate","floor":16.0},{"not_picked":["Cleave","Wild Strike+1"],"picked":"Second Wind","floor":18.0},{"not_picked":["Iron Wave","Sword Boomerang"],"picked":"Pommel Strike+1","floor":20},{"not_picked":["Brutality","Battle Trance"],"picked":"Shockwave","floor":21}],"player_experience":240068,"relics_obtained":[{"floor":7.0,"key":"MealTicket"},{"floor":9.0,"key":"StrikeDummy"},{"floor":12.0,"key":"Centennial Puzzle"},{"floor":14.0,"key":"Ginger"}],"event_choices":[{"damage_healed":0.0,"max_hp_gain":0.0,"max_hp_loss":0.0,"gold_gain":175.0,"event_name":"Liars Game","player_choice":"AGREE","floor":2.0,"gold_loss":0.0,"damage_taken":0.0,"cards_obtained":["Doubt"]},{"damage_healed":0.0,"max_hp_gain":0.0,"max_hp_loss":0.0,"gold_gain":0.0,"cards_transformed":["Normality"],"event_name":"Living Wall","player_choice":"Change","floor":5.0,"gold_loss":0.0,"damage_taken":0.0,"cards_obtained":["Regret"]},{"damage_healed":0.0,"max_hp_gain":0.0,"max_hp_loss":0.0,"gold_gain":0.0,"event_name":"Shining Light","player_choice":"Ignored","floor":8.0,"gold_loss":0.0,"damage_taken":0.0},{"damage_healed":20.0,"max_hp_gain":0.0,"max_hp_loss":0.0,"gold_gain":0.0,"event_name":"Mushrooms","player_choice":"Healed and dodged fight","floor":11.0,"gold_loss":0.0,"damage_taken":0.0,"cards_obtained":["Parasite"]},{"damage_healed":0,"gold_gain":0,"player_choice":"","damage_taken":6,"max_hp_gain":0,"max_hp_loss":0,"event_name":"Knowing Skull","floor":22,"potions_obtained":[],"gold_loss":0,"cards_obtained":[]}],"is_beta":false,"boss_relics":[{"not_picked":["Philosopher\u0027s Stone","Fusion Hammer"],"picked":"Velvet Choker"}],"items_purged_floors":[19],"is_endless":false,"potions_floor_spawned":[13,16,21],"killed_by":"Book of Stabbing","ascension_level":9}}