{"host":"rolltorest","time":1609463108,"event":{"mods":["BaseMod","Minty Spire (QoL Compilation)","Relic Stats","Slay the Relics Exporter","StSLib","The Marked"],"gold_per_floor":[110,122,92,109,123,150,170,205,256,268,298,310,310],"floor_reached":12,"playtime":709,"items_purged":[],"score":117,"play_id":"918a5657-6e97-43bc-8655-1da720eb0ddb","local_time":"20201231170508","is_ascension_mode":false,"campfire_choices":[{"floor":10,"key":"REST"}],"circlet_count":0,"master_deck":["theMarked:Strike","theMarked:Strike","theMarked:Strike","theMarked:Strike","theMarked:Strike","theMarked:Defend","theMarked:Defend","theMarked:Defend","theMarked:Defend","theMarked:SoldierOfQuellstein","theMarked:WardOff","theMarked:MaelstromOfLightning","theMarked:ContemptForTheProud","theMarked:EnhancedHearing","theMarked:StartUp","theMarked:HeritageOfTheMarked"],"relics":["theMarked:ArtifactOfAir","Singing Bowl","Unceasing Top","MawBank"],"acts_visited":["Exordium"],"potions_floor_usage":[8,12,12],"damage_taken":[{"damage":1,"enemies":"Jaw Worm","floor":1,"turns":4},{"damage":1,"enemies":"Cultist","floor":2,"turns":4},{"damage":0,"enemies":"Small Slimes","floor":4,"turns":3},{"damage":7,"enemies":"2 Fungi Beasts","floor":5,"turns":4},{"damage":23,"enemies":"3 Sentries","floor":6,"turns":10},{"damage":0,"enemies":"Large Slime","floor":7,"turns":5},{"damage":20,"enemies":"Lagavulin","floor":8,"turns":6},{"damage":21,"enemies":"Exordium Thugs","floor":11,"turns":6},{"damage":12,"enemies":"Gremlin Nob","floor":12,"turns":3}],"seed_played":"-8154603008487059465","potions_obtained":[{"floor":3,"key":"PowerPotion"},{"floor":3,"key":"DistilledChaos"},{"floor":5,"key":"theMarked:SummonPotion"},{"floor":6,"key":"Fire Potion"}],"is_trial":false,"path_per_floor":["M","M","?","M","M","E","M","E","T","R","M","E"],"character_chosen":"THE_DEFAULT","items_purchased":[],"campfire_rested":1,"item_purchase_floors":[],"current_hp_per_floor":[62,61,61,61,54,31,33,13,13,38,19,7,7],"gold":310,"neow_bonus":"TWENTY_PERCENT_HP_BONUS","is_daily":false,"chose_seed":false,"campfire_upgraded":0,"win_rate":0.0,"timestamp":1609463108,"path_taken":["M","M","?","?","M","E","M","E","T","R","M","E"],"items_purchased_type":[],"build_version":"2020-12-18","purchased_purges":0,"victory":false,"max_hp_per_floor":[84,84,84,84,84,84,86,86,86,86,88,88,88],"relic_stats":{"Singing Bowl":4,"counters":[9,45],"MawBank":36,"obtain_stats":[{"theMarked:ArtifactOfAir":0,"Singing Bowl":6,"MawBank":9,"Unceasing Top":8},{"theMarked:ArtifactOfAir":0,"Singing Bowl":5,"MawBank":7,"Unceasing Top":7},{"theMarked:ArtifactOfAir":0,"Singing Bowl":25,"MawBank":36,"Unceasing Top":36}],"Unceasing Top":[0]},"card_choices":[{"not_picked":["theMarked:BanishingStrike","theMarked:Improvise"],"picked":"theMarked:WardOff","floor":1},{"not_picked":["theMarked:RepellingDischarge","theMarked:Opportunist"],"picked":"theMarked:MaelstromOfLightning","floor":2},{"not_picked":["theMarked:Polarize","theMarked:ComboAttacks"],"picked":"theMarked:ContemptForTheProud","floor":4},{"not_picked":["theMarked:Parry","theMarked:ChainLightning"],"picked":"theMarked:EnhancedHearing","floor":5},{"not_picked":["theMarked:HeightenedSenses","theMarked:WastefulAttack"],"picked":"theMarked:StartUp","floor":6},{"not_picked":["theMarked:ChainLightning","theMarked:WardOff","theMarked:WastefulAttack"],"picked":"Singing Bowl","floor":7},{"not_picked":["theMarked:PowerFlow","theMarked:Seal"],"picked":"theMarked:HeritageOfTheMarked","floor":8},{"not_picked":["theMarked:WastefulAttack","theMarked:LightningStrikesTwice","theMarked:EnhanceMovement"],"picked":"Singing Bowl","floor":11}],"player_experience":1714082,"relics_obtained":[{"floor":6,"key":"Singing Bowl"},{"floor":8,"key":"Unceasing Top"},{"floor":9,"key":"MawBank"}],"event_choices":[{"damage_healed":0,"gold_gain":0,"player_choice":"Bought 2 Potions","damage_taken":0,"max_hp_gain":0,"max_hp_loss":0,"event_name":"The Woman in Blue","floor":3,"gold_loss":0}],"is_beta":true,"boss_relics":[],"items_purged_floors":[],"is_endless":false,"potions_floor_spawned":[5,6,11],"killed_by":"Gremlin Nob","ascension_level":0}}