{"host":"ELF","time":1609503945,"event":{"mods":["BaseMod","Minty Spire (QoL Compilation)"],"gold_per_floor":[117,117,117,117,130,130,158,175,175,202,40,51,71,87,87,166,166,178,41,91,102,118,118,153,153,153,153,173,173,183,209,209,209,209],"floor_reached":33,"playtime":1691,"items_purged":[],"score":604,"play_id":"28e3ef3b-28e1-4262-9ea6-0af95e798033","local_time":"20210101062545","is_ascension_mode":true,"campfire_choices":[{"data":"Bouncing Flask","floor":6.0,"key":"SMITH"},{"floor":15.0,"key":"REST"},{"floor":23,"key":"REST"},{"floor":25,"key":"REST"},{"floor":29,"key":"REST"},{"floor":32,"key":"REST"}],"circlet_count":0,"master_deck":["AscendersBane","Strike_G+1","Strike_G","Strike_G","Defend_G","Defend_G","Defend_G","Defend_G","Defend_G","Survivor","Neutralize","Blade Dance","Heel Hook+1","Bouncing Flask+1","Dodge and Roll","Sucker Punch","Skewer","Deadly Poison","Accuracy","Blade Dance","Storm of Steel","CurseOfTheBell","Leg Sweep","Dagger Spray","Backflip+1","Accuracy","Footwork","Blade Dance","Malaise"],"relics":["Ring of the Snake","NeowsBlessing","Matryoshka","Meat on the Bone","Kunai","Whetstone","OrangePellets","Calling Bell","Snake Skull","The Courier","Calipers","PreservedInsect","The Specimen","Potion Belt","Pocketwatch","Dream Catcher"],"acts_visited":["Exordium","TheCity"],"potions_floor_usage":[24,24],"damage_taken":[{"damage":0.0,"enemies":"Jaw Worm","floor":1.0,"turns":1.0},{"damage":0.0,"enemies":"Small Slimes","floor":5.0,"turns":1.0},{"damage":0.0,"enemies":"Lagavulin","floor":7.0,"turns":1.0},{"damage":0.0,"enemies":"Cultist","floor":8.0,"turns":3.0},{"damage":31.0,"enemies":"3 Sentries","floor":10.0,"turns":13.0},{"damage":5.0,"enemies":"Looter","floor":12.0,"turns":3.0},{"damage":14.0,"enemies":"Lots of Slimes","floor":13.0,"turns":5.0},{"damage":0.0,"enemies":"2 Fungi Beasts","floor":14.0,"turns":2.0},{"damage":12.0,"enemies":"The Guardian","floor":16.0,"turns":9.0},{"damage":9,"enemies":"Chosen","floor":18,"turns":5},{"damage":11,"enemies":"Shell Parasite","floor":21,"turns":6},{"damage":20,"enemies":"Centurion and Healer","floor":22,"turns":10},{"damage":42,"enemies":"Slavers","floor":24,"turns":8},{"damage":11,"enemies":"Snecko","floor":28,"turns":3},{"damage":36,"enemies":"Sentry and Sphere","floor":30,"turns":5},{"damage":75,"enemies":"Champ","floor":33,"turns":13}],"seed_played":"5931293852296656995","potions_obtained":[{"floor":7.0,"key":"ColorlessPotion"},{"floor":10.0,"key":"EntropicBrew"},{"floor":12.0,"key":"FearPotion"},{"floor":16.0,"key":"Block Potion"},{"floor":18,"key":"PowerPotion"}],"is_trial":false,"path_per_floor":["M","?","?","?","M","R","E","M","T","E","$","M","M","M","R","B",null,"M","$","?","M","M","R","E","R","T","?","M","R","M","T","R","B"],"character_chosen":"THE_SILENT","items_purchased":["OrangePellets","PreservedInsect"],"campfire_rested":5,"item_purchase_floors":[11,19],"current_hp_per_floor":[59,52,52,52,52,52,52,52,52,33,33,40,38,38,57,45,61,52,52,52,41,33,52,22,41,41,41,42,61,37,37,56,0,0],"gold":209,"neow_bonus":"THREE_ENEMY_KILL","is_daily":false,"chose_seed":false,"campfire_upgraded":1,"win_rate":0.0,"timestamp":1609503945,"path_taken":["M","?","?","?","M","R","E","M","T","E","$","M","M","M","R","BOSS","M","?","?","?","M","R","E","R","T","?","M","R","M","?","R","BOSS"],"items_purchased_type":["Relic","Relic"],"build_version":"2020-12-18","purchased_purges":0,"victory":false,"max_hp_per_floor":[66,66,66,66,66,66,66,66,66,66,66,66,66,66,66,66,66,66,66,66,66,66,66,66,66,66,66,66,66,66,66,66,66,66],"card_choices":[{"not_picked":["Prepared","Footwork"],"picked":"Blade Dance","floor":1.0},{"not_picked":["Heel Hook","Underhanded Strike"],"picked":"Bouncing Flask","floor":5.0},{"not_picked":["Accuracy","Deflect"],"picked":"Dodge and Roll","floor":7.0},{"not_picked":["Skewer","Flying Knee"],"picked":"Sucker Punch","floor":8.0},{"not_picked":["Unload","PiercingWail"],"picked":"Skewer","floor":10.0},{"not_picked":["Distraction","Reflex"],"picked":"Deadly Poison","floor":12.0},{"not_picked":["Caltrops","Acrobatics"],"picked":"Accuracy","floor":13.0},{"not_picked":["Noxious Fumes","Cloak And Dagger"],"picked":"Blade Dance","floor":14.0},{"not_picked":["Doppelganger","Bullet Time"],"picked":"Storm of Steel","floor":16.0},{"not_picked":["Dagger Spray","Endless Agony"],"picked":"Leg Sweep","floor":18},{"not_picked":["Flying Knee","Dagger Throw"],"picked":"Dagger Spray","floor":21},{"not_picked":["PiercingWail","Masterful Stab"],"picked":"Backflip+1","floor":22},{"not_picked":["Acrobatics","Outmaneuver"],"picked":"Accuracy","floor":24},{"not_picked":["Setup","Deflect"],"picked":"Footwork","floor":28},{"not_picked":["Prepared","Cloak And Dagger"],"picked":"Blade Dance","floor":30},{"not_picked":["Riddle With Holes","Predator"],"picked":"Malaise","floor":32}],"player_experience":3137334,"relics_obtained":[{"floor":7.0,"key":"Matryoshka"},{"floor":9.0,"key":"Meat on the Bone"},{"floor":9.0,"key":"Kunai"},{"floor":10.0,"key":"Whetstone"},{"floor":17.0,"key":"Snake Skull"},{"floor":17.0,"key":"The Courier"},{"floor":17.0,"key":"Calipers"},{"floor":24,"key":"The Specimen"},{"floor":26,"key":"Potion Belt"},{"floor":26,"key":"Pocketwatch"},{"floor":31,"key":"Dream Catcher"}],"event_choices":[{"cards_removed":["Strike_G"],"damage_healed":0.0,"max_hp_gain":0.0,"max_hp_loss":0.0,"gold_gain":0.0,"event_name":"Golden Wing","player_choice":"Card Removal","floor":2.0,"gold_loss":0.0,"damage_taken":7.0},{"damage_healed":0.0,"max_hp_gain":0.0,"max_hp_loss":0.0,"gold_gain":0.0,"event_name":"Liars Game","player_choice":"Ignored","floor":3.0,"gold_loss":0.0,"damage_taken":0.0},{"damage_healed":0.0,"max_hp_gain":0.0,"max_hp_loss":0.0,"gold_gain":0.0,"cards_transformed":["Strike_G"],"event_name":"Transmorgrifier","player_choice":"Transformed","floor":4.0,"gold_loss":0.0,"damage_taken":0.0,"cards_obtained":["Heel Hook"]},{"damage_healed":0,"gold_gain":50,"player_choice":"Pray","damage_taken":0,"max_hp_gain":0,"max_hp_loss":0,"event_name":"Golden Shrine","floor":20,"gold_loss":0},{"damage_healed":0,"gold_gain":0,"player_choice":"Ignored","damage_taken":0,"max_hp_gain":0,"max_hp_loss":0,"event_name":"Vampires","floor":27,"gold_loss":0}],"is_beta":true,"boss_relics":[{"not_picked":["SacredBark","HoveringKite"],"picked":"Calling Bell"}],"items_purged_floors":[],"is_endless":false,"potions_floor_spawned":[7,10,12,16,18,21],"killed_by":"Champ","ascension_level":20}}