{"host":"zhec3g4cvsmevugl","time":1609522656,"event":{"mods":["BaseMod","BetterRewards","Curses Come First","Minty Spire (QoL Compilation)","Relic Stats","Slay-I","StSLib"],"gold_per_floor":[113,113,137,312,312,312,350,350,376,389,403,403,478,492,492,492,492],"floor_reached":16,"playtime":640,"items_purged":[],"score":110,"play_id":"206e824e-5872-461a-a8c9-142869f002aa","local_time":"20210102013736","is_ascension_mode":true,"campfire_choices":[{"floor":6,"key":"REST"},{"floor":8,"key":"REST"},{"floor":15,"key":"REST"}],"circlet_count":0,"master_deck":["Strike_G","Strike_G","Strike_G","Strike_G","Strike_G","Defend_G","Defend_G","Defend_G","Defend_G","Defend_G","Survivor","Neutralize","Madness","Quick Slash","Masterful Stab","Injury","Masterful Stab","Bouncing Flask","Doubt","Eviscerate","Dagger Spray","Slice","Cloak And Dagger","All Out Attack","Leg Sweep","Wraith Form v2"],"relics":["Ring of the Snake","Membership Card","Oddly Smooth Stone","Bronze Scales","Prayer Wheel","Strange Spoon","Ornamental Fan","Golden Idol","The Specimen","Smiling Mask","Pen Nib"],"acts_visited":["Exordium"],"potions_floor_usage":[10,16,16],"damage_taken":[{"damage":12,"enemies":"Jaw Worm","floor":1,"turns":5},{"damage":0,"enemies":"Small Slimes","floor":3,"turns":3},{"damage":38,"enemies":"Gremlin Nob","floor":7,"turns":5},{"damage":0,"enemies":"Cultist","floor":10,"turns":3},{"damage":20,"enemies":"Exordium Wildlife","floor":11,"turns":5},{"damage":0,"enemies":"Large Slime","floor":14,"turns":4},{"damage":36,"enemies":"The Guardian","floor":16,"turns":10}],"seed_played":"-8019326450584466753","potions_obtained":[{"floor":1,"key":"Regen Potion"},{"floor":3,"key":"CultistPotion"},{"floor":11,"key":"PowerPotion"}],"is_trial":false,"path_per_floor":["M","?","M","?","?","R","E","R","T","M","M","?","?","M","R","B"],"character_chosen":"THE_SILENT","items_purchased":["Membership Card","Oddly Smooth Stone","Bronze Scales","Strange Spoon","Ornamental Fan","Madness"],"campfire_rested":3,"item_purchase_floors":[0,0,0,0,0,0],"current_hp_per_floor":[26,26,26,26,26,47,9,30,30,39,19,19,8,8,29,0,0],"gold":492,"neow_bonus":"","is_daily":false,"chose_seed":false,"campfire_upgraded":0,"win_rate":0.0,"timestamp":1609522656,"path_taken":["M","?","M","?","?","R","E","R","T","M","?","?","?","M","R","BOSS"],"items_purchased_type":["Relic","Relic","Relic","Relic","Relic","Card"],"build_version":"2020-12-22","purchased_purges":0,"victory":false,"max_hp_per_floor":[70,70,70,70,70,70,70,70,70,70,70,70,70,70,70,70,70],"relic_stats":{"Strange Spoon":[3],"counters":[7,35],"Ornamental Fan":[52],"Golden Idol":22,"Bronze Scales":[60],"Prayer Wheel":5,"Pen Nib":[2],"Smiling Mask":0,"obtain_stats":[{"Strange Spoon":0,"The Specimen":7,"Ornamental Fan":0,"Golden Idol":2,"Bronze Scales":0,"Oddly Smooth Stone":0,"Prayer Wheel":0,"Pen Nib":12,"Membership Card":0,"Smiling Mask":9,"Ring of the Snake":0},{"Strange Spoon":0,"The Specimen":3,"Ornamental Fan":0,"Golden Idol":1,"Bronze Scales":0,"Oddly Smooth Stone":0,"Prayer Wheel":0,"Pen Nib":5,"Membership Card":0,"Smiling Mask":3,"Ring of the Snake":0},{"Strange Spoon":0,"The Specimen":13,"Ornamental Fan":0,"Golden Idol":5,"Bronze Scales":0,"Oddly Smooth Stone":0,"Prayer Wheel":0,"Pen Nib":21,"Membership Card":0,"Smiling Mask":13,"Ring of the Snake":0}],"Ring of the Snake":[14]},"card_choices":[{"not_picked":["Flying Knee","Underhanded Strike"],"picked":"Quick Slash","floor":1},{"not_picked":["Finisher","Riddle With Holes"],"picked":"Masterful Stab","floor":1},{"not_picked":["Prepared","Heel Hook"],"picked":"Masterful Stab","floor":3},{"not_picked":["Calculated Gamble","Outmaneuver"],"picked":"Bouncing Flask","floor":3},{"not_picked":["Outmaneuver","Malaise"],"picked":"Eviscerate","floor":7},{"not_picked":["Flying Knee","Cloak And Dagger"],"picked":"Dagger Spray","floor":10},{"not_picked":["Noxious Fumes","Prepared"],"picked":"Slice","floor":10},{"not_picked":["Slice","Well Laid Plans"],"picked":"Cloak And Dagger","floor":11},{"not_picked":["Blade Dance","Dagger Spray"],"picked":"All Out Attack","floor":11},{"not_picked":["Quick Slash","Deflect"],"picked":"Leg Sweep","floor":14},{"not_picked":["Dagger Throw","Backflip"],"picked":"Wraith Form v2","floor":14}],"player_experience":205312,"relics_obtained":[{"floor":7,"key":"The Specimen"},{"floor":9,"key":"Smiling Mask"}],"event_choices":[{"damage_healed":0,"gold_gain":0,"player_choice":"Take Wound","damage_taken":0,"relics_obtained":["Golden Idol"],"max_hp_gain":0,"max_hp_loss":0,"event_name":"Golden Idol","floor":2,"gold_loss":0,"cards_obtained":["Injury"]},{"damage_healed":0,"gold_gain":175,"player_choice":"AGREE","damage_taken":0,"max_hp_gain":0,"max_hp_loss":0,"event_name":"Liars Game","floor":4,"gold_loss":0,"cards_obtained":["Doubt"]},{"damage_healed":0,"gold_gain":0,"player_choice":"Bought 0 Potions","damage_taken":0,"max_hp_gain":0,"max_hp_loss":0,"event_name":"The Woman in Blue","floor":5,"gold_loss":0},{"damage_healed":0,"gold_gain":0,"player_choice":"Searched \u00271\u0027 times","damage_taken":0,"relics_obtained":["Pen Nib"],"max_hp_gain":0,"max_hp_loss":0,"event_name":"Dead Adventurer","floor":12,"gold_loss":0},{"damage_healed":0,"gold_gain":75,"player_choice":"Gather Gold","damage_taken":11,"max_hp_gain":0,"max_hp_loss":0,"event_name":"World of Goop","floor":13,"gold_loss":0}],"is_beta":false,"boss_relics":[],"items_purged_floors":[],"is_endless":false,"potions_floor_spawned":[1,3,11],"killed_by":"The Guardian","ascension_level":2}}