{"host":"mthf5hqu6gevo9n5","time":1609514578,"event":{"mods":["ATMod(°¢èªMod)","Act Like it!","BaseMod","Better-Laid Plans","Colored Powertips","Marisa£¨ìFÓê¡¡Ä§ÀíÉ³£©","Minty Spire (QoL Compilation)","Quick Restart","Relic Stats","Spicy Shops","StSLib","Waifu the Spire","¡¾ÒÅÎï¿¨ÅÆ¡¿REMEMod"],"gold_per_floor":[115,115,161,9,51,111,111,176,176,176,237,295,383,522,522,648,648,741,347,411,12,76,76,146,185,208,267,354,314,314,383,383,556,556,651,695,17,55,26,84,127,182,182,182,239,239,239,239,364],"floor_reached":50,"playtime":2269,"items_purged":["Strike_MRS","Strike_MRS"],"score":1268,"play_id":"5e438243-4580-490e-ba43-3bdad6b77ee8","local_time":"20210101232258","is_ascension_mode":true,"campfire_choices":[{"data":"OpenUniverse","floor":7.0,"key":"SMITH"},{"data":"AT_BreakingExtremeWeapon","floor":10.0,"key":"SMITH"},{"data":"IllusionStar","floor":15.0,"key":"SMITH"},{"data":"SatelliteIllusion","floor":23.0,"key":"SMITH"},{"data":"IllusionStar","floor":30.0,"key":"SMITH"},{"data":"Acceleration","floor":32.0,"key":"SMITH"},{"data":"Pommel Strike","floor":47,"key":"SMITH"}],"circlet_count":0,"master_deck":["Strike_MRS+1","Strike_MRS+1","Defend_MRS","Defend_MRS","Defend_MRS","MasterSpark+1","UpSweep","AT_TinkerSharpsword","AT_BreakingExtremeWeapon+1","OpenUniverse+1","ChargingUp+1","RefractionSpark","IllusionStar+1","SatelliteIllusion+1","EarthLightRay+1","Acceleration+1","EarthLightRay+1","Occultation+1","Acceleration+1","IllusionStar+1","UltimateShortwave+1","Occultation+1","Dark Shackles+1","DragonMeteor+1","Clumsy","Pommel Strike+1","MilkyWay+1","AT_MachinaRedman+1"],"relics":["MiniHakkero","AT_ATBox","REME_ComplimentaryCards","NeowsBlessing","Lantern","AT_MibuBalloonWealth","Akabeko","Bottled Tornado","Strawberry","ExperimentalFamiliar","Nunchaku","Membership Card","Toxic Egg 2","Bag of Marbles","Smiling Mask","InkBottle","REME_ChargedStone","REME_CardOfGreed","Juzu Bracelet","Whetstone","Frozen Eye","Frozen Egg 2","AT_ForceNature","PrismaticShard","Sundial","AT_BellDemon","Prayer Wheel","Meat on the Bone","Bronze Scales"],"acts_visited":["Exordium","TheCity","TheBeyond"],"potions_floor_usage":[40,49],"damage_taken":[{"damage":0.0,"enemies":"Jaw Worm","floor":1.0,"turns":1.0},{"damage":0.0,"enemies":"Cultist","floor":5.0,"turns":1.0},{"damage":0.0,"enemies":"Lagavulin","floor":6.0,"turns":2.0},{"damage":0.0,"enemies":"2 Louse","floor":8.0,"turns":1.0},{"damage":0.0,"enemies":"Exordium Wildlife","floor":11.0,"turns":1.0},{"damage":0.0,"enemies":"Gremlin Nob","floor":12.0,"turns":2.0},{"damage":0.0,"enemies":"3 Louse","floor":13.0,"turns":1.0},{"damage":0.0,"enemies":"Lots of Slimes","floor":14.0,"turns":2.0},{"damage":38.0,"enemies":"Hexaghost","floor":16.0,"turns":3.0},{"damage":0.0,"enemies":"3 Byrds","floor":18.0,"turns":3.0},{"damage":13.0,"enemies":"2 Thieves","floor":20.0,"turns":2.0},{"damage":0.0,"enemies":"Cultist and Chosen","floor":22.0,"turns":1.0},{"damage":0.0,"enemies":"Centurion and Healer","floor":24.0,"turns":1.0},{"damage":0.0,"enemies":"Snecko","floor":25.0,"turns":1.0},{"damage":0.0,"enemies":"REME_1_Revenger","floor":27.0,"turns":2.0},{"damage":0.0,"enemies":"3 Cultists","floor":28.0,"turns":2.0},{"damage":0.0,"enemies":"Cultist and Chosen","floor":31.0,"turns":2.0},{"damage":5.0,"enemies":"Collector","floor":33.0,"turns":3.0},{"damage":0,"enemies":"3 Shapes","floor":35,"turns":2},{"damage":0,"enemies":"Orb Walker","floor":36,"turns":1},{"damage":0,"enemies":"Transient","floor":38,"turns":5},{"damage":0,"enemies":"Nemesis","floor":40,"turns":1},{"damage":0,"enemies":"Maw","floor":41,"turns":1},{"damage":0,"enemies":"Giant Head","floor":42,"turns":4},{"damage":0,"enemies":"Nemesis","floor":45,"turns":1},{"damage":28,"enemies":"Awakened One","floor":49,"turns":4}],"seed_played":"5899528051098973406","potions_obtained":[{"floor":8.0,"key":"SpeedPotion"},{"floor":11.0,"key":"SteroidPotion"},{"floor":12.0,"key":"Explosive Potion"},{"floor":13.0,"key":"EssenceOfSteel"},{"floor":16.0,"key":"GamblersBrew"},{"floor":35,"key":"Fire Potion"},{"floor":38,"key":"StarNLove"},{"floor":41,"key":"Regen Potion"}],"is_trial":false,"path_per_floor":["M","?","T","$","M","E","R","M","T","R","M","E","M","M","R","B",null,"M","$","M","$","M","R","M","M","T","E","M","?","R","M","R","B",null,"M","M","$","M","$","E","M","E","T","?","E","?","R","?","B",null],"character_chosen":"MARISA","items_purchased":["AT_MibuBalloonWealth","Nunchaku","Acceleration","ColorlessPotion","BottledSpark","Membership Card","Toxic Egg 2","Bag of Marbles","Dark Shackles+1","REME_CardOfGreed","Juzu Bracelet","Whetstone","Frozen Eye","Frozen Egg 2","AT_ForceNature","PrismaticShard"],"campfire_rested":0,"item_purchase_floors":[4,19,19,19,19,21,21,21,37,37,37,37,37,37,37,39],"current_hp_per_floor":[75,68,68,68,68,68,68,68,68,68,68,75,75,75,75,37,71,71,71,58,58,64,64,64,70,70,76,82,82,82,82,82,82,82,82,82,82,82,82,82,82,82,82,82,82,82,82,82,60],"gold":364,"neow_bonus":"THREE_ENEMY_KILL","is_daily":false,"chose_seed":false,"campfire_upgraded":7,"win_rate":0.0,"timestamp":1609514578,"path_taken":["M","?","?","$","M","E","R","M","T","R","M","E","M","M","R","BOSS","M","$","M","?","?","R","M","M","T","E","M","?","R","?","R","BOSS","M","M","$","M","$","E","M","E","T","?","E","?","R","?","BOSS"],"items_purchased_type":["Relic","Relic","Card","Potion","Potion","Relic","Relic","Relic","Card","Relic","Relic","Relic","Relic","Relic","Relic","Relic"],"build_version":"2020-12-22","purchased_purges":2,"victory":true,"max_hp_per_floor":[75,75,75,75,75,75,75,75,75,75,75,82,82,82,82,82,82,82,82,82,82,82,82,82,82,82,82,82,82,82,82,82,82,82,82,82,82,82,82,82,82,82,82,82,82,82,82,82,82],"relic_stats":{"Nunchaku":[9],"counters":[26,50],"Sundial":[12],"Bronze Scales":[3],"Prayer Wheel":0,"Juzu Bracelet":0,"Whetstone":["MasterSpark","Strike_MRS"],"Smiling Mask":0,"obtain_stats":[{"AT_BellDemon":42,"Lantern":3,"AT_ATBox":0,"AT_MibuBalloonWealth":4,"REME_ChargedStone":34,"Juzu Bracelet":37,"Whetstone":37,"Bottled Tornado":9,"Smiling Mask":26,"PrismaticShard":39,"Frozen Eye":37,"Nunchaku":19,"Sundial":40,"Strawberry":12,"Prayer Wheel":43,"Toxic Egg 2":21,"InkBottle":27,"AT_ForceNature":37,"NeowsBlessing":0,"Blue Candle":28,"Frozen Egg 2":37,"Akabeko":6,"ExperimentalFamiliar":17,"Bronze Scales":45,"Bag of Marbles":21,"MiniHakkero":0,"Membership Card":21,"REME_CardOfGreed":37,"REME_ComplimentaryCards":0,"Meat on the Bone":45},{"AT_BellDemon":24,"Lantern":1,"AT_ATBox":0,"AT_MibuBalloonWealth":1,"REME_ChargedStone":18,"Juzu Bracelet":20,"Whetstone":20,"Bottled Tornado":4,"Smiling Mask":14,"PrismaticShard":21,"Frozen Eye":20,"Nunchaku":10,"Sundial":22,"Strawberry":6,"Prayer Wheel":24,"Toxic Egg 2":11,"InkBottle":15,"AT_ForceNature":20,"NeowsBlessing":0,"Blue Candle":16,"Frozen Egg 2":20,"Akabeko":3,"ExperimentalFamiliar":9,"Bronze Scales":25,"Bag of Marbles":11,"MiniHakkero":0,"Membership Card":11,"REME_CardOfGreed":20,"REME_ComplimentaryCards":0,"Meat on the Bone":25},{"AT_BellDemon":45,"Lantern":1,"AT_ATBox":0,"AT_MibuBalloonWealth":1,"REME_ChargedStone":31,"Juzu Bracelet":34,"Whetstone":34,"Bottled Tornado":5,"Smiling Mask":22,"PrismaticShard":39,"Frozen Eye":34,"Nunchaku":17,"Sundial":40,"Strawberry":8,"Prayer Wheel":45,"Toxic Egg 2":19,"InkBottle":24,"AT_ForceNature":34,"NeowsBlessing":0,"Blue Candle":26,"Frozen Egg 2":34,"Akabeko":4,"ExperimentalFamiliar":14,"Bronze Scales":46,"Bag of Marbles":19,"MiniHakkero":0,"Membership Card":19,"REME_CardOfGreed":34,"REME_ComplimentaryCards":0,"Meat on the Bone":46}],"InkBottle":[27],"Meat on the Bone":0},"card_choices":[{"not_picked":["GravityBeat","DC"],"picked":"OpenUniverse","floor":1.0},{"not_picked":["LuminesStrike","NonDirectionalLaser"],"picked":"ChargingUp","floor":5.0},{"not_picked":["AsteroidBelt","LuminesStrike"],"picked":"RefractionSpark","floor":6.0},{"not_picked":["MysteriousBeam","StarlightTyphoon"],"picked":"IllusionStar","floor":8.0},{"not_picked":["DC","IllusionStar","GrandCross"],"picked":"SKIP","floor":11.0},{"not_picked":["OneTimeOff","GrandCross","OrrerysSun"],"picked":"SKIP","floor":12.0},{"not_picked":["MysteriousBeam","SporeBomb","BigCrunch"],"picked":"SKIP","floor":13.0},{"not_picked":["SporeBomb","GasGiant"],"picked":"IllusionStar","floor":14.0},{"not_picked":["UltimateShortwave","BinaryStars"],"picked":"SatelliteIllusion","floor":16.0},{"not_picked":["OrrerysSun","DoubleSpark"],"picked":"EarthLightRay+1","floor":18.0},{"not_picked":["MysteriousBeam","FairyDestructionRay","DC+1"],"picked":"SKIP","floor":20.0},{"not_picked":["EventHorizon","NonDirectionalLaser"],"picked":"EarthLightRay+1","floor":22.0},{"not_picked":["GrandCross","GalacticHalo+1"],"picked":"Occultation+1","floor":24.0},{"not_picked":["UnstableBomb+1","WitchLeyline+1","DC+1"],"picked":"SKIP","floor":25.0},{"not_picked":["BinaryStars+1","TreasureHunter"],"picked":"Acceleration+1","floor":27.0},{"not_picked":["AsteroidBelt+1","Robbery+1","GrandCross"],"picked":"SKIP","floor":28.0},{"not_picked":["Acceleration+1","OrrerysSun"],"picked":"IllusionStar+1","floor":31.0},{"not_picked":["EscapeVelocity","CollectingQuirk"],"picked":"UltimateShortwave+1","floor":33.0},{"not_picked":["GrandCross+1","ShootingEcho+1","6A+1"],"picked":"SKIP","floor":35},{"not_picked":["EnergyRecoil+1","IllusionStar+1"],"picked":"Occultation+1","floor":36},{"not_picked":["LuminesStrike+1","UnstableBomb"],"picked":"DragonMeteor+1","floor":38},{"not_picked":["Metallicize+1","Tactician+1"],"picked":"Pommel Strike","floor":40},{"not_picked":["ThirdEye+1","Noxious Fumes+1"],"picked":"MilkyWay+1","floor":41},{"not_picked":["Wild Strike","Dash+1"],"picked":"AT_MachinaRedman+1","floor":42},{"not_picked":["Go for the Eyes","Wallop","Hyperbeam"],"picked":"SKIP","floor":45}],"player_experience":428528,"relics_obtained":[{"floor":3.0,"key":"Lantern"},{"floor":6.0,"key":"Akabeko"},{"floor":9.0,"key":"Bottled Tornado"},{"floor":12.0,"key":"Strawberry"},{"floor":26.0,"key":"Smiling Mask"},{"floor":27.0,"key":"InkBottle"},{"floor":40,"key":"Sundial"},{"floor":42,"key":"AT_BellDemon"},{"floor":43,"key":"Prayer Wheel"},{"floor":45,"key":"Meat on the Bone"},{"floor":45,"key":"Bronze Scales"}],"event_choices":[{"cards_removed":["Defend_MRS"],"damage_healed":0.0,"max_hp_gain":0.0,"max_hp_loss":0.0,"gold_gain":0.0,"event_name":"Golden Wing","player_choice":"Card Removal","floor":2.0,"gold_loss":0.0,"damage_taken":7.0},{"damage_healed":0.0,"max_hp_gain":0.0,"max_hp_loss":0.0,"gold_gain":0.0,"event_name":"Designer","player_choice":"Upgraded Two","floor":29.0,"gold_loss":40.0,"damage_taken":0.0,"cards_upgraded":["ChargingUp","Strike_MRS"]},{"damage_healed":0,"gold_gain":0,"player_choice":"Ignored","damage_taken":0,"max_hp_gain":0,"max_hp_loss":0,"event_name":"Tomb of Lord Red Mask","floor":44,"gold_loss":0},{"cards_removed":["IllusionStar"],"damage_healed":0,"gold_gain":0,"player_choice":"Removed Skill","damage_taken":0,"max_hp_gain":0,"max_hp_loss":0,"event_name":"Falling","floor":46,"gold_loss":0},{"damage_healed":0,"gold_gain":0,"player_choice":"Took Portal","damage_taken":0,"max_hp_gain":0,"max_hp_loss":0,"event_name":"SecretPortal","floor":48,"gold_loss":0}],"is_beta":false,"boss_relics":[{"not_picked":["REME_LowDesire","Empty Cage"],"picked":"ExperimentalFamiliar"},{"not_picked":["Pandora\u0027s Box","AT_MortalBlade"],"picked":"REME_ChargedStone"}],"items_purged_floors":[19,21],"is_endless":false,"potions_floor_spawned":[8,11,12,13,16,24,27,28,35,38,41],"ascension_level":5}}