{"host":"5fasz840ryq7obdf","time":1609527953,"event":{"mods":["AchievementEnabler","BaseMod","Bestiary","Better Altar","Better Skull","Better Third Choice","BetterRewards","Block Reminder","Colored Powertips","Curses Come First","Highlight Path","Minty Spire (QoL Compilation)","Quick Restart","Relic Sorter","Relic Stats","Replay The Spire","Shop Mod","Spicy Shops","StSLib","SuperFastMode"],"gold_per_floor":[111,24,24,35,48,76,76,104,129,142,157,173,207,220,220,220,220],"floor_reached":16,"playtime":1155,"items_purged":[],"score":348,"play_id":"2c736f13-9f8f-4e35-b3c1-6a7f6b89588d","local_time":"20210101190553","is_ascension_mode":true,"campfire_choices":[{"floor":7.0,"key":"REST"},{"data":"Fission","floor":15.0,"key":"SMITH"}],"circlet_count":0,"master_deck":["AscendersBane","Strike_B","Strike_B","Strike_B","Strike_B","Defend_B","Defend_B","Defend_B","Defend_B","Zap","Dualcast","Reboot","Undo","Ball Lightning","Storm","Auto Shields","FIFO Queue","Self Repair","Crystallizer","Heatsinks","Fission+1","BasicCrystalCard","Go for the Eyes","Coolheaded","Hello World","ReplayTheSpireMod:Calculation Training"],"relics":["Cracked Core","DataDisk","PreservedInsect","Garlic","ReplayTheSpireMod:Shallot","Tiny Chest","Replay:Baseball","Vajra","Lantern"],"acts_visited":["Exordium"],"potions_floor_usage":[],"damage_taken":[{"damage":0.0,"enemies":"Cultist","floor":1.0,"turns":3.0},{"damage":3.0,"enemies":"Jaw Worm","floor":4.0,"turns":3.0},{"damage":0.0,"enemies":"2 Louse","floor":5.0,"turns":2.0},{"damage":18.0,"enemies":"Lagavulin","floor":6.0,"turns":5.0},{"damage":22.0,"enemies":"3 Sentries","floor":8.0,"turns":6.0},{"damage":0.0,"enemies":"Lots of Slimes","floor":10.0,"turns":3.0},{"damage":0.0,"enemies":"3 Louse","floor":11.0,"turns":4.0},{"damage":0.0,"enemies":"Red Slaver","floor":12.0,"turns":4.0},{"damage":14.0,"enemies":"Lagavulin","floor":13.0,"turns":5.0},{"damage":2.0,"enemies":"Blue Slaver","floor":14.0,"turns":3.0},{"damage":29,"enemies":"Fading Forest","floor":16,"turns":7}],"seed_played":"-5691637317424529676","potions_obtained":[{"floor":4.0,"key":"Weak Potion"},{"floor":10.0,"key":"Strength Potion"},{"floor":11.0,"key":"Dexterity Potion"}],"is_trial":false,"path_per_floor":["M","$","$","M","M","E","R","E","T","M","M","M","E","M","R","B"],"character_chosen":"DEFECT","items_purchased":["DataDisk","PreservedInsect","Reboot","Undo","Garlic","Ball Lightning","ReplayTheSpireMod:Shallot","Storm","FIFO Queue"],"campfire_rested":1,"item_purchase_floors":[0,0,0,0,0,0,0,0,2],"current_hp_per_floor":[22,22,22,19,26,15,36,21,21,21,28,35,28,26,26,0,0],"gold":220,"neow_bonus":"","is_daily":false,"chose_seed":false,"campfire_upgraded":1,"win_rate":0.0,"timestamp":1609527953,"path_taken":["M","?","$","M","M","E","R","E","T","M","M","?","E","M","R","BOSS"],"items_purchased_type":["Relic","Relic","Card","Card","Relic","Card","Relic","Card","Card"],"build_version":"2020-12-22","purchased_purges":0,"victory":false,"max_hp_per_floor":[71,71,71,71,71,71,71,71,71,71,71,71,71,71,71,71,71],"relic_stats":{"counters":[67,343],"Tiny Chest":0,"PreservedInsect":89,"obtain_stats":[{"Darkstone Periapt":30,"Ice Cream":0,"Divine Protection":40,"Lantern":0,"Torii":0,"Singing Bowl":0,"CeramicFish":31,"Vajra":9,"Runic Capacitor":0,"Juzu Bracelet":26,"Ancient Tea Set":14,"Sozu":17,"Emotion Chip":0,"Dream Catcher":29,"Replay:Bandana":47,"Replay:Frozen Program":0,"DollysMirror":31,"Mummified Hand":9,"Gambling Chip":6,"Tiny Chest":0,"Red Mask":20,"HandDrill":0,"Kunai":25,"Cracked Core":0,"InkBottle":23,"Happy Flower":19,"Oddly Smooth Stone":0,"Velvet Choker":17,"PreservedInsect":28,"Pen Nib":6,"Geode":6,"Cables":0,"Peace Pipe":14,"SlaversCollar":34,"DataDisk":25,"Replay:Baseball":8,"ReplayTheSpireMod:Shallot":38,"Shuriken":9,"Orrery":0,"Turnip":21,"ReplayTheSpireMod:TigerMarble":8,"Garlic":0,"Membership Card":38,"Symbiotic Virus":0,"TungstenRod":23,"Meat on the Bone":11},{"Darkstone Periapt":17,"Ice Cream":18,"Divine Protection":52,"Lantern":28,"Torii":0,"Singing Bowl":0,"CeramicFish":46,"Vajra":61,"Runic Capacitor":25,"Juzu Bracelet":44,"Ancient Tea Set":8,"Sozu":9,"Emotion Chip":0,"Dream Catcher":45,"Replay:Bandana":54,"Replay:Frozen Program":25,"DollysMirror":17,"Mummified Hand":35,"Gambling Chip":5,"Tiny Chest":18,"Red Mask":11,"HandDrill":25,"Kunai":14,"Cracked Core":0,"InkBottle":43,"Happy Flower":10,"Oddly Smooth Stone":0,"Velvet Choker":39,"PreservedInsect":16,"Pen Nib":23,"Geode":33,"Cables":0,"Peace Pipe":38,"SlaversCollar":47,"DataDisk":44,"Replay:Baseball":61,"ReplayTheSpireMod:Shallot":50,"Shuriken":6,"Orrery":0,"Turnip":41,"ReplayTheSpireMod:TigerMarble":35,"Garlic":56,"Membership Card":50,"Symbiotic Virus":28,"TungstenRod":13,"Meat on the Bone":7},{"Darkstone Periapt":66,"Ice Cream":76,"Divine Protection":261,"Lantern":113,"Torii":0,"Singing Bowl":0,"CeramicFish":213,"Vajra":317,"Runic Capacitor":103,"Juzu Bracelet":192,"Ancient Tea Set":24,"Sozu":31,"Emotion Chip":0,"Dream Catcher":204,"Replay:Bandana":278,"Replay:Frozen Program":103,"DollysMirror":66,"Mummified Hand":144,"Gambling Chip":15,"Tiny Chest":76,"Red Mask":36,"HandDrill":103,"Kunai":50,"Cracked Core":0,"InkBottle":186,"Happy Flower":35,"Oddly Smooth Stone":0,"Velvet Choker":164,"PreservedInsect":61,"Pen Nib":97,"Geode":130,"Cables":0,"Peace Pipe":158,"SlaversCollar":227,"DataDisk":192,"Replay:Baseball":317,"ReplayTheSpireMod:Shallot":241,"Shuriken":18,"Orrery":0,"Turnip":173,"ReplayTheSpireMod:TigerMarble":144,"Garlic":298,"Membership Card":241,"Symbiotic Virus":113,"TungstenRod":46,"Meat on the Bone":21}]},"card_choices":[{"not_picked":["Rebound","Panic Button"],"picked":"Auto Shields","floor":1.0},{"not_picked":["Leap","Sweeping Beam"],"picked":"Self Repair","floor":4.0},{"not_picked":["FTL","Gash"],"picked":"Crystallizer","floor":5.0},{"not_picked":["Static Discharge","BootSequence"],"picked":"Heatsinks","floor":6.0},{"not_picked":["ReplayTheSpireMod:Calculation Training","Leap"],"picked":"Fission","floor":8.0},{"not_picked":["Sweeping Beam","Rebound"],"picked":"BasicCrystalCard","floor":10.0},{"not_picked":["Rebound","Capacitor"],"picked":"Go for the Eyes","floor":11.0},{"not_picked":["Consume","BasicCrystalCard"],"picked":"Coolheaded","floor":12.0},{"not_picked":["Glacier","Crystallizer"],"picked":"Hello World","floor":13.0},{"not_picked":["Coolheaded","Turbo"],"picked":"ReplayTheSpireMod:Calculation Training","floor":14.0}],"player_experience":1343291,"relics_obtained":[{"floor":6.0,"key":"Tiny Chest"},{"floor":8.0,"key":"Replay:Baseball"},{"floor":9.0,"key":"Vajra"},{"floor":13.0,"key":"Lantern"}],"event_choices":[],"is_beta":false,"boss_relics":[],"items_purged_floors":[],"is_endless":false,"potions_floor_spawned":[4,10,11,13,14],"killed_by":"Fading Forest","ascension_level":20}}