{"host":"Sumable","time":1609471738,"event":{"mods":["AchievementEnabler","BaseMod","Better Note","BetterRewards","Googly Eyes","Hermit","Minty Spire (QoL Compilation)","Quick Restart","Shop Mod","StSLib","The Cursed","everything is the same but u backflip on backflip","slay the spire mod where everything is the same but ironclad has a cowboy hat"],"gold_per_floor":[116,116,133,145,156,181,198,209,209,221,233,261,285,331,343,429,441,466,478,440,466,478,478],"floor_reached":22,"playtime":834,"items_purged":[],"score":330,"play_id":"68100b99-1061-4443-ab5d-87e01a3b730f","local_time":"20201231202858","is_ascension_mode":true,"campfire_choices":[{"floor":11,"key":"REST"},{"floor":15,"key":"REST"}],"circlet_count":0,"master_deck":["AscendersBane","Strike_R","Strike_R","Strike_R","Strike_R","Strike_R","Defend_R","Defend_R","Defend_R","Defend_R","Bash","Reckless Charge","Pain","Twin Strike","Rupture+1","Reaper","Hemokinesis","Burning Pact","Shrug It Off","Feed","CurseOfTheBell","Rupture"],"relics":["Burning Blood","NeowsBlessing","WarpedTongs","MealTicket","MawBank","Ancient Tea Set","Calling Bell","Pen Nib","Self Forming Clay","Du-Vu Doll"],"acts_visited":["Exordium","TheCity"],"potions_floor_usage":[6,7,12,13,14,22],"damage_taken":[{"damage":0,"enemies":"Cultist","floor":1,"turns":1},{"damage":2,"enemies":"Jaw Worm","floor":3,"turns":2},{"damage":0,"enemies":"2 Louse","floor":4,"turns":1},{"damage":14,"enemies":"Large Slime","floor":5,"turns":3},{"damage":29,"enemies":"3 Sentries","floor":6,"turns":6},{"damage":7,"enemies":"Red Slaver","floor":7,"turns":4},{"damage":24,"enemies":"Looter","floor":8,"turns":3},{"damage":16,"enemies":"2 Fungi Beasts","floor":12,"turns":3},{"damage":24,"enemies":"Gremlin Gang","floor":13,"turns":5},{"damage":25,"enemies":"Lagavulin","floor":14,"turns":5},{"damage":72,"enemies":"The Guardian","floor":16,"turns":9},{"damage":36,"enemies":"Chosen","floor":18,"turns":6},{"damage":19,"enemies":"2 Thieves","floor":21,"turns":3},{"damage":40,"enemies":"Shelled Parasite and Fungi","floor":22,"turns":4}],"seed_played":"-4923540049809031854","potions_obtained":[{"floor":5,"key":"AttackPotion"},{"floor":6,"key":"DistilledChaos"},{"floor":7,"key":"CultistPotion"},{"floor":8,"key":"SneckoOil"},{"floor":12,"key":"Dexterity Potion"},{"floor":21,"key":"CultistPotion"}],"is_trial":false,"path_per_floor":["M","?","M","M","M","E","M","M","T","?","R","M","M","E","R","B",null,"M","?","?","M","M"],"character_chosen":"IRONCLAD","items_purchased":[],"campfire_rested":2,"item_purchase_floors":[],"current_hp_per_floor":[78,78,80,80,72,49,52,39,39,39,63,53,41,40,64,13,63,33,33,33,20,0,0],"gold":478,"neow_bonus":"THREE_ENEMY_KILL","is_daily":false,"chose_seed":false,"campfire_upgraded":0,"win_rate":0.0,"timestamp":1609471738,"path_taken":["M","?","?","?","M","E","M","M","T","?","R","M","M","E","R","BOSS","M","?","?","M","M"],"items_purchased_type":[],"build_version":"2020-12-18","purchased_purges":0,"victory":false,"max_hp_per_floor":[80,80,80,80,80,80,80,80,80,80,80,80,80,80,80,80,80,80,80,80,80,80,80],"card_choices":[{"not_picked":["Havoc","Wild Strike"],"picked":"Reckless Charge","floor":1},{"not_picked":["Perfected Strike","Flex","Heavy Blade"],"picked":"SKIP","floor":3},{"not_picked":["True Grit","Flex"],"picked":"Twin Strike","floor":4},{"not_picked":["Shrug It Off","Havoc"],"picked":"Rupture","floor":5},{"not_picked":["Metallicize","Entrench"],"picked":"Reaper","floor":6},{"not_picked":["Wild Strike","Searing Blow"],"picked":"Hemokinesis","floor":7},{"not_picked":["Havoc","Flex"],"picked":"Burning Pact","floor":8},{"not_picked":["Inflame","Iron Wave"],"picked":"Shrug It Off","floor":12},{"not_picked":["Rampage","Second Wind","Sever Soul"],"picked":"SKIP","floor":13},{"not_picked":["Iron Wave","Burning Pact","Pommel Strike"],"picked":"SKIP","floor":14},{"not_picked":["Demon Form","Berserk"],"picked":"Feed","floor":16},{"not_picked":["Infernal Blade","Power Through","Body Slam+1"],"picked":"SKIP","floor":18},{"not_picked":["Metallicize","Perfected Strike"],"picked":"Rupture","floor":21}],"player_experience":1020135,"relics_obtained":[{"floor":6,"key":"MealTicket"},{"floor":9,"key":"MawBank"},{"floor":14,"key":"Ancient Tea Set"},{"floor":17,"key":"Pen Nib"},{"floor":17,"key":"Self Forming Clay"},{"floor":17,"key":"Du-Vu Doll"}],"event_choices":[{"damage_healed":0,"gold_gain":0,"player_choice":"Rummage","damage_taken":0,"relics_obtained":["WarpedTongs"],"max_hp_gain":0,"max_hp_loss":0,"event_name":"Accursed Blacksmith","floor":2,"gold_loss":0,"cards_obtained":["Pain"]},{"damage_healed":0,"gold_gain":0,"player_choice":"Grow","damage_taken":0,"max_hp_gain":0,"max_hp_loss":0,"event_name":"Living Wall","floor":10,"gold_loss":0,"cards_upgraded":["Rupture"]},{"damage_healed":0,"gold_gain":0,"player_choice":"Ignored","damage_taken":0,"max_hp_gain":0,"max_hp_loss":0,"event_name":"Ghosts","floor":19,"gold_loss":0},{"damage_healed":0,"gold_gain":0,"player_choice":"Bet on Murderer","damage_taken":0,"max_hp_gain":0,"max_hp_loss":0,"event_name":"The Joust","floor":20,"gold_loss":50}],"is_beta":true,"boss_relics":[{"not_picked":["Ectoplasm","Sozu"],"picked":"Calling Bell"}],"items_purged_floors":[],"is_endless":false,"potions_floor_spawned":[5,6,7,8,12,21],"killed_by":"Shelled Parasite and Fungi","ascension_level":13}}