{"host":"lvhfn8l5bvc4nolx","time":1609510547,"event":{"mods":["AchievementEnabler","BaseMod","Colored Map","Keyboard Shortcuts","Minty Spire (QoL Compilation)","Permanent Neow","Quick Restart","SuperFastMode"],"gold_per_floor":[111,43,60,60,79,79,93,93,119,145,145,158,169,183,183,287,287,326,236,254,289,101,132,132,147,147,165,40,40,67,92,92],"floor_reached":31,"playtime":662,"items_purged":["Defend_P","Strike_P","Vigilance"],"score":346,"play_id":"fda12172-2b41-4dbf-9650-ae7468e92bdc","local_time":"20210101231547","is_ascension_mode":true,"campfire_choices":[{"data":"Eruption","floor":6.0,"key":"SMITH"},{"data":"CrushJoints","floor":8.0,"key":"SMITH"},{"floor":15.0,"key":"REST"},{"floor":29,"key":"REST"}],"circlet_count":0,"master_deck":["Defend_P+1","Defend_P+1","Eruption+1","CarveReality","CrushJoints+1","Prostrate","CutThroughFate","FollowUp","Evaluate+1","Brilliance","WheelKick","InnerPeace","Wish","Prostrate","Sanctity","Adaptation","FearNoEvil","Blasphemy"],"relics":["PureWater","War Paint","Chemical X","Lantern","Bronze Scales","Sozu","Red Mask","StoneCalendar","Bag of Marbles","Molten Egg 2"],"acts_visited":["Exordium","TheCity"],"potions_floor_usage":[16,16,16],"damage_taken":[{"damage":0.0,"enemies":"Cultist","floor":1.0,"turns":2.0},{"damage":12.0,"enemies":"Small Slimes","floor":3.0,"turns":2.0},{"damage":0.0,"enemies":"Jaw Worm","floor":5.0,"turns":1.0},{"damage":0.0,"enemies":"Blue Slaver","floor":7.0,"turns":2.0},{"damage":31.0,"enemies":"3 Sentries","floor":10.0,"turns":3.0},{"damage":7.0,"enemies":"Large Slime","floor":12.0,"turns":2.0},{"damage":0.0,"enemies":"Looter","floor":13.0,"turns":1.0},{"damage":0.0,"enemies":"Red Slaver","floor":14.0,"turns":1.0},{"damage":27,"enemies":"The Guardian","floor":16,"turns":5},{"damage":11,"enemies":"Shell Parasite","floor":18,"turns":4},{"damage":13,"enemies":"2 Thieves","floor":20,"turns":3},{"damage":6,"enemies":"Masked Bandits","floor":21,"turns":3},{"damage":7,"enemies":"Book of Stabbing","floor":23,"turns":4},{"damage":2,"enemies":"Chosen and Byrds","floor":25,"turns":4},{"damage":4,"enemies":"Centurion and Healer","floor":27,"turns":3},{"damage":14,"enemies":"Gremlin Leader","floor":30,"turns":2},{"damage":15,"enemies":"Sentry and Sphere","floor":31,"turns":3}],"seed_played":"7156565561044534877","potions_obtained":[{"floor":1.0,"key":"FearPotion"},{"floor":3.0,"key":"CultistPotion"},{"floor":5.0,"key":"LiquidBronze"},{"floor":12.0,"key":"Dexterity Potion"}],"is_trial":false,"path_per_floor":["M","$","M","$","M","R","M","R","T","E","?","M","M","M","R","B",null,"M","?","M","?","$","E","?","M","T","M","$","R","E","M"],"character_chosen":"WATCHER","items_purchased":["War Paint","Chemical X","Prostrate","Sanctity"],"campfire_rested":2,"item_purchase_floors":[2,2,22,22],"current_hp_per_floor":[65,65,53,53,53,53,53,53,53,22,22,15,15,15,34,7,51,40,40,27,21,21,14,14,12,12,8,8,27,13,0,0],"gold":92,"neow_bonus":"TRANSFORM_TWO_CARDS","is_daily":false,"chose_seed":false,"campfire_upgraded":2,"win_rate":0.0,"timestamp":1609510547,"path_taken":["M","$","?","$","?","R","M","R","T","E","?","?","M","M","R","BOSS","M","?","?","?","$","E","?","M","T","M","?","R","E","M"],"items_purchased_type":["Relic","Relic","Card","Card"],"build_version":"2020-12-22","purchased_purges":3,"victory":false,"max_hp_per_floor":[65,65,65,65,65,65,65,65,65,65,65,65,65,65,65,65,65,65,65,65,65,65,65,65,65,65,65,65,65,65,65,65],"card_choices":[{"not_picked":["WreathOfFlame","LikeWater"],"picked":"CrushJoints","floor":1.0},{"not_picked":["Worship","CutThroughFate"],"picked":"Prostrate","floor":3.0},{"not_picked":["SashWhip","SignatureMove"],"picked":"CutThroughFate","floor":5.0},{"not_picked":["Protect","Perseverance"],"picked":"FollowUp","floor":7.0},{"not_picked":["Evaluate","EmptyMind","CutThroughFate"],"picked":"SKIP","floor":10.0},{"not_picked":["Protect","FlurryOfBlows"],"picked":"Brilliance","floor":12.0},{"not_picked":["Study","Wallop"],"picked":"WheelKick","floor":13.0},{"not_picked":["PathToVictory","CutThroughFate"],"picked":"InnerPeace","floor":14.0},{"not_picked":["Establishment","DevaForm"],"picked":"Wish","floor":16},{"not_picked":["ForeignInfluence","CutThroughFate+1","FlyingSleeves+1"],"picked":"SKIP","floor":18},{"not_picked":["JustLucky+1","FlurryOfBlows+1","EmptyBody"],"picked":"SKIP","floor":20},{"not_picked":["InnerPeace","Crescendo","Wireheading"],"picked":"SKIP","floor":23},{"not_picked":["WheelKick","Swivel+1"],"picked":"Adaptation","floor":25},{"not_picked":["FlyingSleeves+1","BowlingBash"],"picked":"FearNoEvil","floor":27},{"not_picked":["Halt","CrushJoints+1"],"picked":"Blasphemy","floor":30}],"player_experience":364500,"relics_obtained":[{"floor":9.0,"key":"Lantern"},{"floor":10.0,"key":"Bronze Scales"},{"floor":21,"key":"Red Mask"},{"floor":23,"key":"StoneCalendar"},{"floor":26,"key":"Bag of Marbles"},{"floor":30,"key":"Molten Egg 2"}],"event_choices":[{"damage_healed":0.0,"max_hp_gain":0.0,"max_hp_loss":0.0,"gold_gain":0.0,"cards_transformed":["SashWhip"],"event_name":"Transmorgrifier","player_choice":"Transformed","floor":11.0,"gold_loss":0.0,"damage_taken":0.0,"cards_obtained":["Evaluate"]},{"cards_removed":["Defend_P"],"damage_healed":0,"gold_gain":0,"player_choice":"Upgrade and Remove","damage_taken":0,"max_hp_gain":0,"max_hp_loss":0,"event_name":"Designer","floor":19,"gold_loss":90,"cards_upgraded":["Evaluate"]},{"damage_healed":0,"gold_gain":0,"player_choice":"Fought Bandits","damage_taken":0,"max_hp_gain":0,"max_hp_loss":0,"event_name":"Masked Bandits","floor":21,"gold_loss":0},{"cards_removed":["Strike_P"],"damage_healed":0,"gold_gain":0,"player_choice":"Elegance","damage_taken":0,"max_hp_gain":0,"max_hp_loss":0,"event_name":"Back to Basics","floor":24,"gold_loss":0}],"is_beta":false,"boss_relics":[{"not_picked":["Velvet Choker","Coffee Dripper"],"picked":"Sozu"}],"items_purged_floors":[2,22,28],"is_endless":false,"potions_floor_spawned":[1,3,5,12,14,18,25,30],"killed_by":"Sentry and Sphere","ascension_level":5}}