{"host":"i8jghf4o7lwzr9fo","time":1609515017,"event":{"mods":["BaseMod","Minty Spire (QoL Compilation)"],"gold_per_floor":[119,18,30,30,40,40,40,10,10,21,36,56,75,88,88,189,189,201,26,26,26,125,125,157,157,180,194,224,224,244,9,9,9,9],"floor_reached":33,"playtime":4058,"items_purged":["Strike_G","Defend_G"],"score":277,"play_id":"974beff3-f88e-4afa-8220-2f4b57a1520d","local_time":"20210101153017","is_ascension_mode":false,"campfire_choices":[{"data":"Prepared","floor":6,"key":"SMITH"},{"data":"Infinite Blades","floor":15,"key":"SMITH"},{"floor":23,"key":"REST"},{"floor":25,"key":"REST"},{"floor":32,"key":"REST"}],"circlet_count":0,"master_deck":["Strike_G","Strike_G","Strike_G","Defend_G","Defend_G","Defend_G","Defend_G","Survivor","Neutralize","Backflip","Dodge and Roll","Escape Plan","Prepared+1","Dagger Throw","Reflex","Backflip","Deflect","Infinite Blades+1","Flying Knee","A Thousand Cuts","Deflect+1","Choke","Escape Plan","After Image","Footwork","Deflect","Blur","Master of Strategy"],"relics":["Ring of the Snake","NeowsBlessing","Orichalcum","Ornamental Fan","WristBlade","Centennial Puzzle","Toy Ornithopter","Juzu Bracelet","PreservedInsect"],"acts_visited":["Exordium","TheCity"],"potions_floor_usage":[12,16,18,27,30,33],"damage_taken":[{"damage":0,"enemies":"Jaw Worm","floor":1,"turns":1},{"damage":0,"enemies":"2 Louse","floor":3,"turns":1},{"damage":0,"enemies":"Small Slimes","floor":5,"turns":1},{"damage":0,"enemies":"Looter","floor":8,"turns":4},{"damage":3,"enemies":"Large Slime","floor":10,"turns":10},{"damage":0,"enemies":"Blue Slaver","floor":11,"turns":4},{"damage":0,"enemies":"2 Fungi Beasts","floor":12,"turns":4},{"damage":0,"enemies":"Exordium Wildlife","floor":13,"turns":5},{"damage":0,"enemies":"Blue Slaver","floor":14,"turns":5},{"damage":12,"enemies":"The Guardian","floor":16,"turns":16},{"damage":16,"enemies":"2 Thieves","floor":18,"turns":4},{"damage":37,"enemies":"Gremlin Leader","floor":24,"turns":5},{"damage":3,"enemies":"Chosen","floor":27,"turns":5},{"damage":10,"enemies":"Book of Stabbing","floor":28,"turns":7},{"damage":2,"enemies":"Snake Plant","floor":30,"turns":6},{"damage":75,"enemies":"Automaton","floor":33,"turns":8}],"seed_played":"-4250880502833020210","potions_obtained":[{"floor":1,"key":"PowerPotion"},{"floor":10,"key":"Dexterity Potion"},{"floor":11,"key":"AttackPotion"},{"floor":16,"key":"Explosive Potion"},{"floor":18,"key":"Ancient Potion"},{"floor":24,"key":"Block Potion"}],"is_trial":false,"path_per_floor":["M","$","M","?","M","R","?","M","T","M","M","M","M","M","R","B",null,"M","$","?","?","?","R","E","R","T","M","E","?","M","$","R","B"],"character_chosen":"THE_SILENT","items_purchased":["Dodge and Roll","Choke","Master of Strategy","PowerPotion"],"campfire_rested":3,"item_purchase_floors":[2,19,31,31],"current_hp_per_floor":[70,70,70,67,67,67,67,67,67,64,64,64,64,64,64,52,70,54,54,41,41,41,63,26,48,48,50,40,40,43,43,65,0,0],"gold":9,"neow_bonus":"THREE_ENEMY_KILL","is_daily":false,"chose_seed":false,"campfire_upgraded":2,"win_rate":0.0,"timestamp":1609515017,"path_taken":["M","$","M","?","M","R","?","M","T","M","M","M","M","M","R","BOSS","M","$","?","?","?","R","E","R","T","M","E","?","M","$","R","BOSS"],"items_purchased_type":["Card","Card","Card","Potion"],"build_version":"2020-12-22","purchased_purges":2,"victory":false,"max_hp_per_floor":[70,70,70,70,70,70,70,70,70,70,70,70,70,70,70,70,70,70,70,75,75,75,75,75,75,75,75,75,75,75,75,75,75,75],"card_choices":[{"not_picked":["Leg Sweep","Sucker Punch"],"picked":"Backflip","floor":1},{"not_picked":["Deflect","Prepared"],"picked":"Escape Plan","floor":3},{"not_picked":["Masterful Stab","PiercingWail"],"picked":"Prepared","floor":5},{"not_picked":["Underhanded Strike","Phantasmal Killer"],"picked":"Dagger Throw","floor":8},{"not_picked":["Deflect","Flying Knee"],"picked":"Reflex","floor":10},{"not_picked":["Deadly Poison","Slice"],"picked":"Backflip","floor":11},{"not_picked":["PiercingWail","Poisoned Stab"],"picked":"Deflect","floor":12},{"not_picked":["PiercingWail","Dagger Spray"],"picked":"Infinite Blades","floor":13},{"not_picked":["Bouncing Flask","Dagger Spray"],"picked":"Flying Knee","floor":14},{"not_picked":["Malaise","Tools of the Trade"],"picked":"A Thousand Cuts","floor":16},{"not_picked":["Reflex","Flechettes"],"picked":"Deflect+1","floor":18},{"not_picked":["Outmaneuver+1","Heel Hook"],"picked":"After Image","floor":24},{"not_picked":["Well Laid Plans","Predator"],"picked":"Footwork","floor":27},{"not_picked":["Blade Dance","Backflip"],"picked":"Deflect","floor":28},{"not_picked":["Deflect","Flying Knee"],"picked":"Blur","floor":30}],"player_experience":19575,"relics_obtained":[{"floor":9,"key":"Ornamental Fan"},{"floor":24,"key":"Centennial Puzzle"},{"floor":26,"key":"Toy Ornithopter"},{"floor":28,"key":"Juzu Bracelet"}],"event_choices":[{"damage_healed":0,"gold_gain":0,"player_choice":"Success","damage_taken":3,"relics_obtained":["Orichalcum"],"max_hp_gain":0,"max_hp_loss":0,"event_name":"Scrap Ooze","floor":4,"gold_loss":0},{"cards_removed":["Strike_G"],"damage_healed":0,"gold_gain":0,"player_choice":"Forget","damage_taken":0,"max_hp_gain":0,"max_hp_loss":0,"event_name":"Living Wall","floor":7,"gold_loss":0},{"damage_healed":0,"gold_gain":0,"player_choice":"Shed Blood","damage_taken":18,"max_hp_gain":5,"max_hp_loss":0,"event_name":"Forgotten Altar","floor":20,"gold_loss":0},{"damage_healed":0,"gold_gain":0,"player_choice":"Read","damage_taken":0,"max_hp_gain":0,"max_hp_loss":0,"event_name":"The Library","floor":21,"gold_loss":0,"cards_obtained":["Escape Plan"]},{"damage_healed":0,"gold_gain":99,"player_choice":"Stole From Cult","damage_taken":0,"max_hp_gain":0,"max_hp_loss":0,"event_name":"Nest","floor":22,"gold_loss":0},{"damage_healed":0,"gold_gain":0,"player_choice":"Opened","damage_taken":0,"relics_obtained":["PreservedInsect"],"max_hp_gain":0,"max_hp_loss":0,"event_name":"The Mausoleum","floor":29,"gold_loss":0}],"is_beta":false,"boss_relics":[{"not_picked":["Runic Dome","Astrolabe"],"picked":"WristBlade"}],"items_purged_floors":[2,19],"is_endless":false,"potions_floor_spawned":[1,10,11,16,18,24],"killed_by":"Automaton","ascension_level":0}}