{"host":"vhvubw4jk4f204qs","time":1609521017,"event":{"mods":["AchievementEnabler","Act Like it!","BaseMod","Better Altar","Better Match","Better Note","Better Sensory Stone","Better Skull","Better Third Choice","BetterRewards","Colored Powertips","Conspire","GifTheSpireLib","Googly Eyes","Highlight Path","Hubris","Infinite Spire","Jorbs Mod","Marisa????????","Minty Spire (QoL Compilation)","Permanent Neow","Quick Restart","Replay The Spire","StSLib","SuperFastMode","The IronCluck","The Mystic","The Poker Player","The Servant 0.9.4","slay the spire mod where everything is the same but ironclad has a cowboy hat"],"gold_per_floor":[119,135,147,47,47,47,47],"floor_reached":6,"playtime":254,"items_purged":[],"score":49,"play_id":"243e5c94-f5a2-4880-855d-60e55f70ba82","local_time":"20210101121017","is_ascension_mode":true,"campfire_choices":[],"circlet_count":0,"master_deck":["mysticmod:Strike_Mystic","mysticmod:Strike_Mystic","mysticmod:Strike_Mystic","mysticmod:Strike_Mystic","mysticmod:Defend_Mystic","mysticmod:Defend_Mystic","mysticmod:Defend_Mystic","mysticmod:Defend_Mystic","mysticmod:ArcaneDodge","mysticmod:ShockingGrasp","mysticmod:MightyMagic","mysticmod:Fireball","mysticmod:MightyMagic","conspire:SpireCoStock","conspire:SpireCoStock"],"relics":["Bag of Marbles","m_BookOfShivs"],"acts_visited":["Exordium"],"potions_floor_usage":[],"damage_taken":[{"damage":1.0,"enemies":"Jaw Worm","floor":1.0,"turns":4.0},{"damage":10.0,"enemies":"Small Slimes","floor":2.0,"turns":3.0},{"damage":4.0,"enemies":"Cultist","floor":3.0,"turns":4.0},{"damage":0,"enemies":"Replay:BlueRogue","floor":6,"turns":1}],"seed_played":"-7125561569157438788","potions_obtained":[{"floor":1.0,"key":"mysticmod:EssenceOfMagic"}],"is_trial":false,"path_per_floor":["M","M","M","?","?","E"],"character_chosen":"MYSTIC_CLASS","items_purchased":[],"campfire_rested":0,"item_purchase_floors":[],"current_hp_per_floor":[68,58,54,54,54,54,54],"gold":47,"neow_bonus":"RANDOM_COMMON_RELIC","is_daily":false,"chose_seed":false,"campfire_upgraded":0,"win_rate":0.0,"timestamp":1609521017,"path_taken":["M","M","M","?","?","E"],"items_purchased_type":[],"build_version":"2020-12-22","purchased_purges":0,"victory":false,"max_hp_per_floor":[77,77,77,77,77,77,77],"card_choices":[{"not_picked":["mysticmod:TomeOfSpells","mysticmod:BulkUp"],"picked":"mysticmod:MightyMagic","floor":1.0},{"not_picked":["mysticmod:TomeOfSpells","mysticmod:BulkUp"],"picked":"mysticmod:Fireball","floor":2.0},{"not_picked":["mysticmod:ComboCaster","mysticmod:Grapple"],"picked":"mysticmod:MightyMagic","floor":3.0}],"player_experience":1078056,"relics_obtained":[],"event_choices":[{"damage_healed":0.0,"max_hp_gain":0.0,"max_hp_loss":0.0,"gold_gain":0.0,"event_name":"conspire:Investor","player_choice":"Invest 2","floor":4.0,"gold_loss":0.0,"damage_taken":0.0}],"is_beta":false,"boss_relics":[],"items_purged_floors":[],"is_endless":false,"potions_floor_spawned":[1],"killed_by":"Replay:BlueRogue","ascension_level":7}}