{"host":"4cz9gr89nglr7k8k","time":1609539761,"event":{"mods":["BaseMod","Minty Spire (QoL Compilation)","Relic Stats","Slay-I"],"gold_per_floor":[117,117,117,117,140,140,165,29,29,73,73,107,68,87,87,87,87],"floor_reached":16,"playtime":443,"items_purged":[],"score":216,"play_id":"25e97453-bb6b-467c-957f-d7466b72c567","local_time":"20210101232241","is_ascension_mode":true,"campfire_choices":[{"data":"Reaper","floor":6,"key":"SMITH"},{"floor":11,"key":"REST"},{"floor":15,"key":"REST"}],"circlet_count":0,"master_deck":["AscendersBane","Strike_R","Strike_R","Strike_R","Strike_R","Strike_R","Defend_R","Defend_R","Defend_R","Bash","Reaper+1","Combust","Injury","Shrug It Off","Wild Strike","Inflame","Flex","Inflame","Twin Strike","Metallicize","Spot Weakness"],"relics":["Burning Blood","Golden Idol","Oddly Smooth Stone","Matryoshka","Potion Belt"],"acts_visited":["Exordium"],"potions_floor_usage":[12,12],"damage_taken":[{"damage":19,"enemies":"Jaw Worm","floor":1,"turns":5},{"damage":22,"enemies":"Small Slimes","floor":5,"turns":4},{"damage":7,"enemies":"2 Louse","floor":7,"turns":3},{"damage":64,"enemies":"Gremlin Nob","floor":10,"turns":6},{"damage":39,"enemies":"Lagavulin","floor":12,"turns":5},{"damage":0,"enemies":"Large Slime","floor":14,"turns":6},{"damage":59,"enemies":"Hexaghost","floor":16,"turns":9}],"seed_played":"-2458723703310545994","potions_obtained":[{"floor":1,"key":"CultistPotion"},{"floor":10,"key":"EssenceOfSteel"}],"is_trial":false,"path_per_floor":["M","?","?","?","M","R","M","$","T","E","R","E","$","M","R","B"],"character_chosen":"IRONCLAD","items_purchased":["Inflame","Flex","Metallicize"],"campfire_rested":2,"item_purchase_floors":[8,8,13],"current_hp_per_floor":[61,54,59,59,49,49,58,58,58,7,31,9,9,20,44,0,0],"gold":87,"neow_bonus":"ONE_RANDOM_RARE_CARD","is_daily":false,"chose_seed":false,"campfire_upgraded":1,"win_rate":0.0,"timestamp":1609539761,"path_taken":["M","?","?","?","M","R","?","$","T","E","R","E","$","M","R","BOSS"],"items_purchased_type":["Card","Card","Card"],"build_version":"2020-12-22","purchased_purges":0,"victory":false,"max_hp_per_floor":[75,75,80,80,80,80,80,80,80,80,80,80,80,80,80,80,80],"relic_stats":{"counters":[7,38],"Golden Idol":30,"obtain_stats":[{"Potion Belt":12,"Matryoshka":10,"Golden Idol":4,"Oddly Smooth Stone":9,"Burning Blood":0},{"Potion Belt":5,"Matryoshka":4,"Golden Idol":1,"Oddly Smooth Stone":3,"Burning Blood":0},{"Potion Belt":23,"Matryoshka":18,"Golden Idol":5,"Oddly Smooth Stone":12,"Burning Blood":0}],"Burning Blood":36},"card_choices":[{"not_picked":["Iron Wave","Sword Boomerang"],"picked":"Combust","floor":1},{"not_picked":["Battle Trance","Clothesline"],"picked":"Shrug It Off","floor":5},{"not_picked":["Sword Boomerang","Berserk"],"picked":"Wild Strike","floor":7},{"not_picked":["Seeing Red","Flex"],"picked":"Inflame","floor":10},{"not_picked":["Flex","Body Slam"],"picked":"Twin Strike","floor":12},{"not_picked":["True Grit","Twin Strike"],"picked":"Spot Weakness","floor":14}],"player_experience":1470317,"relics_obtained":[{"floor":9,"key":"Oddly Smooth Stone"},{"floor":10,"key":"Matryoshka"},{"floor":12,"key":"Potion Belt"}],"event_choices":[{"cards_removed":["Defend_R"],"damage_healed":0,"gold_gain":0,"player_choice":"Card Removal","damage_taken":7,"max_hp_gain":0,"max_hp_loss":0,"event_name":"Golden Wing","floor":2,"gold_loss":0},{"damage_healed":0,"gold_gain":0,"player_choice":"Donut","damage_taken":0,"max_hp_gain":5,"max_hp_loss":0,"event_name":"Big Fish","floor":3,"gold_loss":0},{"damage_healed":0,"gold_gain":0,"player_choice":"Take Wound","damage_taken":0,"relics_obtained":["Golden Idol"],"max_hp_gain":0,"max_hp_loss":0,"event_name":"Golden Idol","floor":4,"gold_loss":0,"cards_obtained":["Injury"]}],"is_beta":false,"boss_relics":[],"items_purged_floors":[],"is_endless":false,"potions_floor_spawned":[1,10],"killed_by":"Hexaghost","ascension_level":20}}