{"host":"8by3m8mve9y2rhh4","time":1609531522,"event":{"mods":["BaseMod","Minty Spire (QoL Compilation)","Quick Restart"],"gold_per_floor":[110,129,140,154,172,172,204,50,50,63,28,59,77,87,87,187,187,204,222,137,87,102,102,102,102],"floor_reached":24,"playtime":798,"items_purged":["Strike_R"],"score":244,"play_id":"00fc1bc0-18b1-48e0-a8a9-93fcc649b573","local_time":"20210101200522","is_ascension_mode":true,"campfire_choices":[{"floor":6,"key":"RECALL"},{"floor":15,"key":"REST"}],"circlet_count":0,"master_deck":["Strike_R","Strike_R","Strike_R","Strike_R","Defend_R","Defend_R","Defend_R","Defend_R","Bash","Body Slam","Heavy Blade","Inflame","Rage","Pummel","Sword Boomerang","Twin Strike","Rage","Sword Boomerang","CurseOfTheBell","Cleave"],"relics":["Burning Blood","Bronze Scales","Singing Bowl","Juzu Bracelet","Calling Bell","Lantern","Kunai","Ginger","Toxic Egg 2"],"acts_visited":["Exordium","TheCity"],"potions_floor_usage":[12,14,18,23,23],"damage_taken":[{"damage":6,"enemies":"Jaw Worm","floor":1,"turns":4},{"damage":10,"enemies":"Small Slimes","floor":2,"turns":3},{"damage":1,"enemies":"Cultist","floor":3,"turns":4},{"damage":11,"enemies":"Large Slime","floor":4,"turns":5},{"damage":10,"enemies":"Looter","floor":5,"turns":3},{"damage":36,"enemies":"Lagavulin","floor":7,"turns":5},{"damage":8,"enemies":"3 Louse","floor":10,"turns":2},{"damage":16,"enemies":"3 Sentries","floor":12,"turns":5},{"damage":6,"enemies":"Exordium Wildlife","floor":13,"turns":4},{"damage":16,"enemies":"Large Slime","floor":14,"turns":4},{"damage":66,"enemies":"The Guardian","floor":16,"turns":10},{"damage":28,"enemies":"Shell Parasite","floor":18,"turns":5},{"damage":10,"enemies":"Chosen","floor":19,"turns":4},{"damage":14,"enemies":"Snake Plant","floor":22,"turns":4},{"damage":53,"enemies":"Slavers","floor":23,"turns":4},{"damage":12,"enemies":"3 Cultists","floor":24,"turns":2}],"seed_played":"-3111650817664594121","potions_obtained":[{"floor":4,"key":"LiquidMemories"},{"floor":7,"key":"Strength Potion"},{"floor":12,"key":"SmokeBomb"},{"floor":14,"key":"Fire Potion"},{"floor":19,"key":"ElixirPotion"}],"is_trial":false,"path_per_floor":["M","M","M","M","M","R","E","$","T","M","?","E","M","M","R","B",null,"M","M","?","?","M","E","M"],"character_chosen":"IRONCLAD","items_purchased":["Rage"],"campfire_rested":1,"item_purchase_floors":[8],"current_hp_per_floor":[80,76,80,75,71,71,41,41,41,39,59,51,53,45,70,12,88,66,64,64,64,58,11,0,0],"gold":102,"neow_bonus":"THREE_CARDS","is_daily":false,"chose_seed":false,"campfire_upgraded":0,"win_rate":0.0,"timestamp":1609531522,"path_taken":["M","M","M","M","M","R","E","$","T","M","?","E","M","M","R","BOSS","M","M","?","?","M","E","M"],"items_purchased_type":["Card"],"build_version":"2020-12-22","purchased_purges":1,"victory":false,"max_hp_per_floor":[80,80,80,80,80,80,80,80,80,80,80,82,84,86,86,88,88,88,90,90,90,92,92,92,92],"card_choices":[{"not_picked":["Reckless Charge","Entrench"],"picked":"Body Slam","floor":0},{"not_picked":["Clothesline","Anger"],"picked":"Heavy Blade","floor":1},{"not_picked":["Entrench","Thunderclap"],"picked":"Inflame","floor":2},{"not_picked":["Ghostly Armor","Seeing Red"],"picked":"Rage","floor":3},{"not_picked":["Dropkick","Flex"],"picked":"Pummel","floor":4},{"not_picked":["Seeing Red","Shrug It Off"],"picked":"Sword Boomerang","floor":5},{"not_picked":["Berserk","Flex"],"picked":"Twin Strike","floor":7},{"not_picked":["Body Slam","Sentinel"],"picked":"Sword Boomerang","floor":10},{"not_picked":["Clothesline","Havoc","Feed"],"picked":"Singing Bowl","floor":12},{"not_picked":["Rampage","Heavy Blade","Flex"],"picked":"Singing Bowl","floor":13},{"not_picked":["Pommel Strike","Clash","Headbutt"],"picked":"Singing Bowl","floor":14},{"not_picked":["Corruption","Exhume","Feed"],"picked":"Singing Bowl","floor":16},{"not_picked":["Anger","Clash"],"picked":"Cleave","floor":18},{"not_picked":["Warcry","Headbutt","Flame Barrier"],"picked":"Singing Bowl","floor":19},{"not_picked":["Headbutt","Clash","Twin Strike"],"picked":"Singing Bowl","floor":22}],"player_experience":641997,"relics_obtained":[{"floor":7,"key":"Bronze Scales"},{"floor":9,"key":"Singing Bowl"},{"floor":12,"key":"Juzu Bracelet"},{"floor":17,"key":"Lantern"},{"floor":17,"key":"Kunai"},{"floor":17,"key":"Ginger"}],"event_choices":[{"damage_healed":20,"gold_gain":0,"player_choice":"Healed","damage_taken":0,"max_hp_gain":0,"max_hp_loss":0,"event_name":"The Cleric","floor":11,"gold_loss":35},{"damage_healed":0,"gold_gain":0,"player_choice":"Obtained Relic","damage_taken":0,"relics_obtained":["Toxic Egg 2"],"max_hp_gain":0,"max_hp_loss":0,"event_name":"Addict","floor":20,"gold_loss":85},{"damage_healed":0,"gold_gain":0,"player_choice":"Bet on Murderer","damage_taken":0,"max_hp_gain":0,"max_hp_loss":0,"event_name":"The Joust","floor":21,"gold_loss":50}],"is_beta":false,"boss_relics":[{"not_picked":["Astrolabe","Philosopher\u0027s Stone"],"picked":"Calling Bell"}],"items_purged_floors":[8],"is_endless":false,"potions_floor_spawned":[4,7,12,14,19],"killed_by":"3 Cultists","ascension_level":1}}