{"host":"ezkqjaqywejtjag1","time":1609460932,"event":{"mods":["BaseMod","BetterRewards","Colored Map","Infinite Spire","Minty Spire (QoL Compilation)","Replay The Spire","StSLib"],"gold_per_floor":[110,110,110,127,138,138,150,162,162,178,178,57,75,134,134,236,236,247,247,247,267,278,278,298,298,374,374,384,156,156,172,172,267,267,278,0,0,0,0],"floor_reached":38,"playtime":1916,"items_purged":[],"score":514,"play_id":"0fc1310e-efb9-4182-a5d8-d02112c81c1d","local_time":"20201231192852","daily_mods":["Specialized","Vintage","Heirloom"],"is_ascension_mode":true,"campfire_choices":[{"data":"Zap","floor":6,"key":"SMITH"},{"data":"Defragment","floor":15,"key":"SMITH"},{"data":"ReplayTheSpireMod:Omega Cannon","floor":32,"key":"SMITH"}],"circlet_count":0,"master_deck":["Defend_B","Defend_B","Defend_B","Defend_B","Zap+1","Dualcast","Go for the Eyes","Ball Lightning","Conserve Battery","Defragment+1","Thunder Strike+1","Injury","m_Survivalism","ReplayTheSpireMod:Omega Cannon+1","Bandage Up","infinitespire:SevenWalls","Bite","Bite","Bite","Bite","Bite","Steam Power","Streamline","Bandage Up","FIFO Queue","Barrage","Buffer"],"relics":["Cracked Core","Calipers","InkBottle","Divine Protection","Snack Pack","Vajra","Thread and Needle","Toy Ornithopter","Iron Hammer","Nunchaku","Replay:Mystery Machine","Lizard Tail","ReplayTheSpireMod:SealedPack","Anchor","Replay:Multitool","Mirror","Shovel","Chameleon Ring","Quantum Egg","DollysMirror","Pondfish Scales","Ring of Chaos","infinitespire:Magic Flask","Red Mask","Girya"],"acts_visited":["Exordium","TheCity","TheBeyond"],"potions_floor_usage":[16,16,16,33,33,33],"damage_taken":[{"damage":5,"enemies":"Small Slimes","floor":1,"turns":4},{"damage":0,"enemies":"Jaw Worm","floor":4,"turns":5},{"damage":3,"enemies":"2 Louse","floor":5,"turns":3},{"damage":6,"enemies":"Blue Slaver","floor":7,"turns":4},{"damage":2,"enemies":"Large Slime","floor":8,"turns":8},{"damage":0,"enemies":"3 Louse","floor":10,"turns":4},{"damage":0,"enemies":"2 Fungi Beasts","floor":13,"turns":4},{"damage":0,"enemies":"3 Sentries","floor":14,"turns":5},{"damage":0,"enemies":"Slime Boss","floor":16,"turns":5},{"damage":0,"enemies":"3 Byrds","floor":18,"turns":4},{"damage":0,"enemies":"Chosen","floor":21,"turns":4},{"damage":0,"enemies":"Snake Plant","floor":22,"turns":3},{"damage":18,"enemies":"Cultist and Chosen","floor":24,"turns":8},{"damage":0,"enemies":"Snecko","floor":28,"turns":4},{"damage":0,"enemies":"Chosen and Byrds","floor":31,"turns":6},{"damage":38,"enemies":"Collector","floor":33,"turns":10},{"damage":0,"enemies":"Orb Walker","floor":35,"turns":5},{"damage":0,"enemies":"infinitespire:Three Voidlings","floor":38,"turns":2},{"damage":102,"enemies":"Nightmare_Alpha","floor":38,"turns":10}],"seed_played":"-8691125260869585909","potions_obtained":[{"floor":4,"key":"FocusPotion"},{"floor":10,"key":"FocusPotion"},{"floor":14,"key":"Flashbang"},{"floor":24,"key":"Dexterity Potion"},{"floor":28,"key":"Dexterity Potion"},{"floor":31,"key":"Toxic Potion"}],"is_trial":true,"path_per_floor":["M","?","?","M","M","R","M","M","T","M","?","$","M","?","R","B",null,"M","?","?","M","M","R","M","R","T","R","M","$","R","M","R","B",null,"M","?","T","?"],"character_chosen":"DEFECT","items_purchased":["Go for the Eyes","Ball Lightning","Conserve Battery","DollysMirror","FIFO Queue"],"campfire_rested":0,"item_purchase_floors":[12,12,12,29,29],"current_hp_per_floor":[70,63,56,56,53,53,49,47,47,47,47,47,49,51,51,68,75,75,52,47,52,52,52,43,43,43,52,52,52,52,52,52,36,52,52,52,52,0,0],"gold":0,"neow_bonus":"","is_daily":false,"chose_seed":false,"campfire_upgraded":3,"win_rate":0.0,"timestamp":1609460932,"path_taken":["M","?","?","M","M","R","M","M","T","M","?","?","M","?","R","BOSS","M","?","?","?","M","R","M","R","T","R","M","$","R","M","R","BOSS","M","?","?","?"],"items_purchased_type":["Card","Card","Card","Relic","Card"],"build_version":"2020-12-22","purchased_purges":0,"victory":false,"max_hp_per_floor":[75,75,75,75,75,75,75,75,75,75,75,75,75,75,75,75,75,75,52,52,52,52,52,52,52,52,52,52,52,52,52,52,52,52,52,52,52,52,52],"card_choices":[{"not_picked":["Conserve Battery","Turbo"],"picked":"Defragment","floor":14},{"not_picked":["Hyperbeam","Core Surge"],"picked":"Thunder Strike","floor":16},{"not_picked":["Survivor","Vigilance"],"picked":"m_Survivalism","floor":17},{"not_picked":["Meteor Strike","Fission"],"picked":"ReplayTheSpireMod:Omega Cannon","floor":17},{"not_picked":["Replay:Bootleg Shield Generator","PanicButton"],"picked":"Bandage Up","floor":17},{"not_picked":["infinitespire:SealOfDarkness+","infinitespire:Execution"],"picked":"infinitespire:SevenWalls","floor":17},{"not_picked":["Biased Cognition","Multi-Cast"],"picked":"Buffer","floor":33}],"player_experience":179132,"relics_obtained":[{"floor":1,"key":"InkBottle"},{"floor":4,"key":"Snack Pack"},{"floor":5,"key":"Vajra"},{"floor":7,"key":"Thread and Needle"},{"floor":8,"key":"Toy Ornithopter"},{"floor":9,"key":"Iron Hammer"},{"floor":10,"key":"Nunchaku"},{"floor":13,"key":"Replay:Mystery Machine"},{"floor":14,"key":"Lizard Tail"},{"floor":18,"key":"Anchor"},{"floor":21,"key":"Replay:Multitool"},{"floor":22,"key":"Mirror"},{"floor":24,"key":"Shovel"},{"floor":26,"key":"Chameleon Ring"},{"floor":28,"key":"Quantum Egg"},{"floor":31,"key":"Pondfish Scales"},{"floor":35,"key":"infinitespire:Magic Flask"},{"floor":37,"key":"Girya"}],"event_choices":[{"damage_healed":0,"gold_gain":0,"player_choice":"Success","damage_taken":7,"relics_obtained":["Divine Protection"],"max_hp_gain":0,"max_hp_loss":0,"event_name":"Scrap Ooze","floor":2,"gold_loss":0},{"cards_removed":["Fission"],"damage_healed":0,"gold_gain":0,"player_choice":"Card Removal","damage_taken":7,"max_hp_gain":0,"max_hp_loss":0,"event_name":"Golden Wing","floor":3,"gold_loss":0},{"cards_removed":["Fission"],"damage_healed":0,"gold_gain":0,"player_choice":"Forget","damage_taken":0,"max_hp_gain":0,"max_hp_loss":0,"event_name":"Living Wall","floor":11,"gold_loss":0},{"damage_healed":0,"gold_gain":0,"player_choice":"Searched \u00271\u0027 times","damage_taken":0,"max_hp_gain":0,"max_hp_loss":0,"event_name":"Dead Adventurer","floor":14,"gold_loss":0},{"damage_healed":0,"gold_gain":0,"player_choice":"Became a vampire","damage_taken":0,"max_hp_gain":0,"max_hp_loss":23,"event_name":"Vampires","floor":19,"gold_loss":0,"cards_obtained":["Bite","Bite","Bite","Bite","Bite"]},{"damage_healed":0,"gold_gain":0,"player_choice":"Damaged","damage_taken":5,"max_hp_gain":0,"max_hp_loss":0,"event_name":"Wheel of Change","floor":20,"gold_loss":0},{"damage_healed":0,"gold_gain":0,"player_choice":"Paid","damage_taken":0,"relics_obtained":["Red Mask"],"max_hp_gain":0,"max_hp_loss":0,"event_name":"Tomb of Lord Red Mask","floor":36,"gold_loss":278}],"is_beta":false,"boss_relics":[{"not_picked":["FrozenCore","Fusion Hammer"],"picked":"ReplayTheSpireMod:SealedPack"},{"not_picked":["infinitespire:Cupcake","ReplayTheSpireMod:DimensionalGlitch"],"picked":"Ring of Chaos"}],"items_purged_floors":[],"is_endless":false,"potions_floor_spawned":[4,10,14,24,28,31],"killed_by":"Nightmare_Alpha","ascension_level":1}}