{"host":"2p6teegtjitvh23g","time":1609482452,"event":{"mods":["Act Like it!","Ascension Reborn","BaseMod","Better Note","Better Third Choice","Colored Map","Colored Powertips","Defuse TimeMaze Blight","Hermit","Marisa£®ÏF”Í°°ƒß¿Ì…≥£©","Minty Spire (QoL Compilation)","MostiFishMod","Quick Restart","Relic Stats","Replay The Spire","Shop Mod","Spicy Shops","StSLib","The Cursed","The Runesmith","UnlockEverythingMod","Waifu the Spire","noobMod","vexMod"],"gold_per_floor":[111,124,64,39,54,80,95,121,121,121,149,163,163,178,178,282,282,292,42,57,72,72,99,99,9,9,19,37,37,57,57,57,154,154,165,182,38,38,38,38,70,70,93,107,134,164,176,195,195,195,195,195,32,67,68],"floor_reached":56,"playtime":3230,"items_purged":["Runesmith:Strike_RS+1","Runesmith:Defend_RS+1"],"score":1574,"play_id":"9acbbaea-f23e-4b01-b9d0-f89f2af66b3a","local_time":"20210101142732","is_ascension_mode":true,"campfire_choices":[{"data":"Runesmith:Empowerment","floor":13,"key":"SMITH"},{"data":"Runesmith:BackupBattery","floor":15,"key":"SMITH"},{"data":"Runesmith:BackupBattery","floor":24,"key":"SMITH"},{"floor":32,"key":"RECALL"},{"data":"Runesmith:OneForEveryone","floor":40,"key":"SMITH"},{"data":"Runesmith:FieryHammer","floor":42,"key":"SMITH"},{"data":"Runesmith:Strike_RS+1","floor":49,"key":"PURGE"},{"data":"MostiFishMod:JungleRules","floor":52,"key":"SMITH"}],"circlet_count":0,"master_deck":["Runesmith:Defend_RS+1","Runesmith:CraftFirestone+1","Runesmith:Fortify+1","Runesmith:WhiteBalance","Runesmith:NegativeSpace+1","Runesmith:CraftVitae","Runesmith:BackupBattery+1","Runesmith:ElementalConversion+1","Runesmith:CraftReservo","Runesmith:BackupBattery+1","Runesmith:Empowerment+1","Runesmith:ArcReactor","Runesmith:CreatorForm","Runesmith:PoweredAnvil","Runesmith:Firestorm+1","Runesmith:CraftMagma+1","Runesmith:WhiteBalance+1","Runesmith:Malloc","Runesmith:DuctTape+1","Runesmith:Repurpose","Runesmith:OneForEveryone+1","Runesmith:Terraform","Runesmith:Duplicate","Runesmith:BackupBattery+1","Runesmith:Attraction+1","Runesmith:FieryHammer+1","ReplayTheSpireMod:Private Reserves","MostiFishMod:JungleRules+1","Impatience","Runesmith:ElementalConversion+1","Runesmith:Permafrost+1","ReplayTheSpireMod:IOU","ReplayTheSpireMod:IOU","ReplayTheSpireMod:IOU","ReplayTheSpireMod:IOU","ReplayTheSpireMod:IOU","ReplayTheSpireMod:IOU","ReplayTheSpireMod:IOU","ReplayTheSpireMod:IOU","ReplayTheSpireMod:IOU","MostiFishMod:KingOfFree","MostiFishMod:StoryBook","ReplayTheSpireMod:Private Reserves"],"relics":["ice","DaveBox","Runesmith:PocketReactor","DianDianMeat","SynthV:TestCard","ChiLing","Chi","Ling","Bag of Marbles","vexMod:MemoryStick","ReplayTheSpireMod:TigerMarble","Coffee Dripper","MerchantsRug","Runesmith:AutoHammer","Centennial Puzzle","Frozen Egg 2","JellyFishMachine","Replay:Wax Seal","Bag of Preparation","Orichalcum","CeramicFish","The Courier","Iron Hammer","Runesmith:MiniCore","ArrowTower","Torii","Replay:Bottled Steam","ReplayTheSpireMod:ShopPack","vexMod:CardConverter"],"acts_visited":["Exordium","TheCity","TheBeyond","TheEnding"],"potions_floor_usage":[8,16],"damage_taken":[{"damage":0,"enemies":"Cultist","floor":1,"turns":3},{"damage":0,"enemies":"2 Louse","floor":2,"turns":2},{"damage":1,"enemies":"Jaw Worm","floor":5,"turns":1},{"damage":11,"enemies":"3 Sentries","floor":6,"turns":3},{"damage":1,"enemies":"Looter","floor":7,"turns":2},{"damage":12,"enemies":"Replay:BlueRogue","floor":8,"turns":4},{"damage":7,"enemies":"Gremlin Nob","floor":11,"turns":3},{"damage":1,"enemies":"2 Fungi Beasts","floor":12,"turns":1},{"damage":2,"enemies":"Large Slime","floor":14,"turns":2},{"damage":2,"enemies":"Slime Boss","floor":16,"turns":5},{"damage":0,"enemies":"3 Byrds","floor":18,"turns":2},{"damage":10,"enemies":"Shell Parasite","floor":20,"turns":4},{"damage":11,"enemies":"Centurion and Healer","floor":21,"turns":5},{"damage":70,"enemies":"Gremlin Leader","floor":23,"turns":8},{"damage":3,"enemies":"3 Cultists","floor":27,"turns":3},{"damage":0,"enemies":"Snecko","floor":28,"turns":1},{"damage":2,"enemies":"Cultist and Chosen","floor":30,"turns":2},{"damage":22,"enemies":"Collector","floor":33,"turns":4},{"damage":4,"enemies":"3 Darklings","floor":35,"turns":3},{"damage":2,"enemies":"Orb Walker","floor":36,"turns":1},{"damage":1,"enemies":"Giant Head","floor":41,"turns":2},{"damage":10,"enemies":"Transient","floor":44,"turns":5},{"damage":25,"enemies":"R_Hoarder","floor":46,"turns":5},{"damage":1,"enemies":"3 Darklings","floor":47,"turns":3},{"damage":50,"enemies":"Spire Growth","floor":48,"turns":6},{"damage":54,"enemies":"Donu and Deca","floor":50,"turns":6},{"damage":10,"enemies":"Shield and Spear","floor":54,"turns":6},{"damage":125,"enemies":"The Heart","floor":55,"turns":7}],"seed_played":"-2898791343696452283","potions_obtained":[{"floor":1,"key":"DistilledChaos"},{"floor":2,"key":"SteroidPotion"},{"floor":6,"key":"Milkshake"},{"floor":8,"key":"EssenceOfSteel"},{"floor":18,"key":"Strength Potion"},{"floor":21,"key":"SneckoOil"},{"floor":30,"key":"LifebloodPotion"},{"floor":41,"key":"Reflective Coating"},{"floor":46,"key":"Regen Potion"},{"floor":48,"key":"SkillPotion"},{"floor":54,"key":"SneckoOil"}],"is_trial":false,"path_per_floor":["M","M","$","?","M","E","M","E","T","?","E","M","R","M","R","B",null,"M","$","M","M","?","E","R","?","T","M","M","?","M","?","R","B",null,"M","M","$","?","?","R","E","R","T","M","?","E","M","M","R_BF","B",null,"R","$","E","B",null],"character_chosen":"RUNESMITH_CLASS","items_purchased":["ChiLing","MerchantsRug","Runesmith:AutoHammer","Runesmith:Firestorm","Replay:Wax Seal","Bag of Preparation","Runesmith:Permafrost+1","Iron Hammer","Runesmith:MiniCore","ArrowTower","Torii","Replay:Bottled Steam","ReplayTheSpireMod:ShopPack"],"campfire_rested":0,"item_purchase_floors":[3,19,19,19,37,37,53,53,53,53,53,53,53],"current_hp_per_floor":[71,73,76,76,79,73,78,73,73,53,54,62,62,70,70,83,136,148,161,165,169,169,115,115,115,115,129,147,147,164,184,184,183,301,319,340,340,340,340,340,363,363,363,353,429,404,403,383,383,329,476,476,931,921,799],"gold":68,"neow_bonus":"BOSS_RELIC","is_daily":false,"chose_seed":false,"campfire_upgraded":6,"win_rate":0.0,"timestamp":1609482452,"path_taken":["M","?","$","?","M","E","M","E","T","?","E","M","R","M","R","BOSS","M","$","M","M","?","E","R","?","T","M","M","?","M","?","R","BOSS","M","M","$","?","?","R","E","R","T","?","?","E","M","M","R_BF","BOSS","R","$","E","BOSS"],"items_purchased_type":["Relic","Relic","Relic","Card","Relic","Relic","Card","Relic","Relic","Relic","Relic","Relic","Relic"],"build_version":"2020-12-22","purchased_purges":2,"victory":true,"max_hp_per_floor":[71,73,76,76,80,85,91,98,98,98,106,115,115,125,125,136,136,148,161,175,190,190,206,206,206,206,223,241,241,260,280,280,301,301,323,346,346,346,346,346,370,370,370,370,448,448,448,476,476,476,476,476,931,931,931],"relic_stats":{"Centennial Puzzle":[35],"Torii":53,"counters":[28,99],"CeramicFish":153,"Bag of Preparation":[16],"Orichalcum":[78],"obtain_stats":[{"vexMod:MemoryStick":6,"DaveBox":0,"Torii":53,"Chi":3,"CeramicFish":43,"Runesmith:MiniCore":53,"ice":0,"Bag of Preparation":37,"Centennial Puzzle":23,"vexMod:CardConverter":54,"Iron Hammer":53,"Replay:Wax Seal":37,"Runesmith:PocketReactor":0,"Replay:Bottled Steam":53,"DianDianMeat":1,"MerchantsRug":19,"Runesmith:BrokenRuby":0,"JellyFishMachine":34,"The Courier":46,"Frozen Egg 2":26,"Orichalcum":41,"Ling":3,"SynthV:TestCard":1,"Bag of Marbles":4,"ReplayTheSpireMod:TigerMarble":8,"Snack Pack":11,"Coffee Dripper":17,"Runesmith:AutoHammer":19,"ArrowTower":53,"ChiLing":3,"ReplayTheSpireMod:ShopPack":53},{"vexMod:MemoryStick":4,"DaveBox":0,"Torii":26,"Chi":2,"CeramicFish":21,"Runesmith:MiniCore":26,"ice":0,"Bag of Preparation":20,"Centennial Puzzle":14,"vexMod:CardConverter":27,"Iron Hammer":26,"Replay:Wax Seal":20,"Runesmith:PocketReactor":0,"Replay:Bottled Steam":26,"DianDianMeat":1,"MerchantsRug":11,"Runesmith:BrokenRuby":0,"JellyFishMachine":18,"The Courier":23,"Frozen Egg 2":14,"Orichalcum":21,"Ling":2,"SynthV:TestCard":1,"Bag of Marbles":2,"ReplayTheSpireMod:TigerMarble":6,"Snack Pack":7,"Coffee Dripper":10,"Runesmith:AutoHammer":11,"ArrowTower":26,"ChiLing":2,"ReplayTheSpireMod:ShopPack":26},{"vexMod:MemoryStick":9,"DaveBox":0,"Torii":86,"Chi":5,"CeramicFish":61,"Runesmith:MiniCore":86,"ice":0,"Bag of Preparation":59,"Centennial Puzzle":45,"vexMod:CardConverter":92,"Iron Hammer":86,"Replay:Wax Seal":59,"Runesmith:PocketReactor":0,"Replay:Bottled Steam":86,"DianDianMeat":1,"MerchantsRug":28,"Runesmith:BrokenRuby":0,"JellyFishMachine":55,"The Courier":71,"Frozen Egg 2":45,"Orichalcum":61,"Ling":5,"SynthV:TestCard":3,"Bag of Marbles":5,"ReplayTheSpireMod:TigerMarble":15,"Snack Pack":18,"Coffee Dripper":26,"Runesmith:AutoHammer":28,"ArrowTower":86,"ChiLing":5,"ReplayTheSpireMod:ShopPack":86}]},"card_choices":[{"not_picked":["Runesmith:Refine","Runesmith:Empowerment"],"picked":"Runesmith:WhiteBalance","floor":1},{"not_picked":["Runesmith:RuneHurl","Runesmith:StaticCage","Runesmith:HammerThrow","Runesmith:NanitesCloud"],"picked":"Runesmith:NegativeSpace","floor":2},{"not_picked":["Runesmith:UnstableHammer","Runesmith:Grindstone","Runesmith:HammerThrow","Runesmith:StaticCage"],"picked":"Runesmith:CraftVitae","floor":5},{"not_picked":["Runesmith:DoubleUp","Runesmith:StaticCage","Runesmith:HeatExchange","Runesmith:EarthShield"],"picked":"Runesmith:BackupBattery","floor":6},{"not_picked":["Runesmith:Accelerate","Runesmith:CraftProtectio","Runesmith:Superposition","Runesmith:GoWithTheFlow"],"picked":"Runesmith:ElementalConversion","floor":7},{"not_picked":["Runesmith:BackupBattery","Runesmith:ChargedHammer","Runesmith:CraftProtectio","Runesmith:RuneHurl"],"picked":"Runesmith:CraftReservo","floor":8},{"not_picked":["Runesmith:HammerTime","Runesmith:FrozenChisel","Runesmith:Electrocute","Runesmith:HammerThrow"],"picked":"Runesmith:BackupBattery","floor":11},{"not_picked":["Runesmith:Grindstone","Runesmith:CraftMagma","Runesmith:ShiftingStrike","Runesmith:MakeshiftArmor"],"picked":"Runesmith:Empowerment","floor":12},{"not_picked":["Runesmith:UnstableHammer","Runesmith:RuneHurl","Runesmith:HeatedChisel","Runesmith:CraftProtectio"],"picked":"Runesmith:ArcReactor","floor":14},{"not_picked":["Runesmith:CraftPrismatica","Runesmith:Duplicate","Runesmith:DuctTape","Runesmith:GrandSlam"],"picked":"Runesmith:CreatorForm","floor":16},{"not_picked":["Runesmith:UnstableHammer","Runesmith:CraftSpiculum","Runesmith:NegativeSpace","Runesmith:HammerAndChisel"],"picked":"Runesmith:PoweredAnvil","floor":18},{"not_picked":["Runesmith:WhiteBalance","Runesmith:EnergizedChisel+1","Runesmith:ShiftingStrike","Runesmith:HeatExchange"],"picked":"Runesmith:CraftMagma+1","floor":20},{"not_picked":["Runesmith:Grindstone","Runesmith:DoubleUp","Runesmith:GoWithTheFlow+1","Runesmith:HeatedChisel"],"picked":"Runesmith:WhiteBalance+1","floor":21},{"not_picked":["Runesmith:StaticCage","Runesmith:HeatedChisel","Runesmith:EnergizedChisel","Runesmith:HeatExchange"],"picked":"Runesmith:Malloc","floor":23},{"not_picked":["Runesmith:UnstableHammer","Runesmith:Retool","Runesmith:MakeshiftArmor","Runesmith:RuneHurl+1"],"picked":"Runesmith:DuctTape+1","floor":27},{"not_picked":["Runesmith:Overpower","Runesmith:Electrocute","Runesmith:PoweredAnvil+1","Runesmith:Grindstone"],"picked":"Runesmith:Repurpose","floor":28},{"not_picked":["Runesmith:EnergizedChisel","Runesmith:NanitesCloud","Runesmith:ShiftingStrike+1","Runesmith:EarthShield"],"picked":"Runesmith:OneForEveryone","floor":30},{"not_picked":["Runesmith:GenerateForcefield","Runesmith:FissionHammer","Runesmith:CraftMedicinae","Runesmith:ArcReactor+1"],"picked":"Runesmith:Duplicate","floor":33},{"not_picked":["Runesmith:CraftMagma+1","Runesmith:ShiftingStrike+1","Runesmith:HeatExchange","Runesmith:Retool+1"],"picked":"Runesmith:BackupBattery+1","floor":35},{"not_picked":["Runesmith:WhiteBalance+1","Runesmith:Terraform","Runesmith:EarthShield+1","Runesmith:CraftMagma+1"],"picked":"Runesmith:Attraction+1","floor":36},{"not_picked":["Runesmith:MakeshiftArmor+1","Runesmith:CraftReservo","Runesmith:UnstableHammer","Runesmith:Repurpose"],"picked":"Runesmith:FieryHammer","floor":41},{"not_picked":["Runesmith:HeatedChisel","Runesmith:CraftMagma+1","Runesmith:Retool+1","Runesmith:UnstableHammer","Runesmith:HammerAndChisel"],"picked":"SKIP","floor":44},{"not_picked":["Good Instincts","Mind Blast","Replay:Sssssssssshield","Blind"],"picked":"ReplayTheSpireMod:Private Reserves","floor":45},{"not_picked":["Good Instincts","Replay:Parry","ReplayTheSpireMod:Trickstab","Midas Touch"],"picked":"MostiFishMod:JungleRules","floor":45},{"not_picked":["Dark Shackles","MostiFishMod:Awakening","Replay:BasicMightCard+1","MostiFishMod:BrokenBlackCloak"],"picked":"Impatience","floor":45},{"not_picked":["Runesmith:ShiftingStrike+1","Runesmith:GoWithTheFlow+1","Runesmith:Malloc","Runesmith:CraftMagma+1","Runesmith:ChiselStab+1"],"picked":"SKIP","floor":46},{"not_picked":["Runesmith:MakeshiftArmor+1","Runesmith:StaticCage+1","Runesmith:Electrocute","Runesmith:CraftMagma","Runesmith:Grindstone"],"picked":"SKIP","floor":47},{"not_picked":["Runesmith:CreatorForm+1","Runesmith:Empowerment","Runesmith:Grindstone+1","Runesmith:Retool"],"picked":"Runesmith:ElementalConversion+1","floor":48},{"not_picked":["MostiFishMod:PerfectForm","Sadistic Nature","Secret Technique","Transmutation"],"picked":"MostiFishMod:KingOfFree","floor":53},{"not_picked":["Finesse","MostiFishMod:MusicBox","vexMod:EmailVexCard","Impatience"],"picked":"MostiFishMod:StoryBook","floor":53},{"not_picked":["Swift Strike","Replay:Sssssssssshield","ReplayUltimateDefense","Jack Of All Trades"],"picked":"ReplayTheSpireMod:Private Reserves","floor":53},{"not_picked":["Runesmith:Superposition","Runesmith:Overpower","Runesmith:EarthShield","Runesmith:RuneHurl","Runesmith:GoWithTheFlow"],"picked":"SKIP","floor":54}],"player_experience":305890,"relics_obtained":[{"floor":1,"key":"SynthV:TestCard"},{"floor":6,"key":"vexMod:MemoryStick"},{"floor":8,"key":"ReplayTheSpireMod:TigerMarble"},{"floor":11,"key":"Snack Pack"},{"floor":23,"key":"Centennial Puzzle"},{"floor":26,"key":"Frozen Egg 2"},{"floor":41,"key":"Orichalcum"},{"floor":43,"key":"CeramicFish"},{"floor":46,"key":"The Courier"},{"floor":54,"key":"vexMod:CardConverter"}],"event_choices":[{"damage_healed":73,"gold_gain":0,"player_choice":"Upgrade","damage_taken":20,"max_hp_gain":0,"max_hp_loss":98,"event_name":"betterThird:BetterShining","floor":10,"gold_loss":0,"cards_upgraded":["Runesmith:ElementalConversion","Runesmith:NegativeSpace"]},{"cards_removed":["Shame"],"damage_healed":0,"gold_gain":0,"player_choice":"Removed Curses","damage_taken":0,"max_hp_gain":0,"max_hp_loss":0,"event_name":"Fountain of Cleansing","floor":22,"gold_loss":0},{"cards_removed":["Runesmith:Defend_RS"],"damage_healed":0,"gold_gain":0,"player_choice":"Upgrade and Remove","damage_taken":0,"max_hp_gain":0,"max_hp_loss":0,"event_name":"Designer","floor":25,"gold_loss":90,"cards_upgraded":["Runesmith:Firestorm"]},{"cards_removed":["Runesmith:Strike_RS"],"damage_healed":0,"gold_gain":0,"player_choice":"Purged","damage_taken":0,"max_hp_gain":0,"max_hp_loss":0,"event_name":"Purifier","floor":29,"gold_loss":0},{"damage_healed":0,"gold_gain":0,"cards_transformed":["Runesmith:Defend_RS"],"player_choice":"Transformed","damage_taken":0,"max_hp_gain":0,"max_hp_loss":0,"event_name":"Transmorgrifier","floor":31,"gold_loss":0,"cards_obtained":["Runesmith:Terraform"]},{"cards_removed":["Runesmith:Strike_RS"],"damage_healed":0,"gold_gain":0,"player_choice":"Purged","damage_taken":0,"max_hp_gain":0,"max_hp_loss":0,"event_name":"Purifier","floor":39,"gold_loss":0},{"damage_healed":0,"gold_gain":0,"player_choice":"Memory 3","damage_taken":10,"max_hp_gain":0,"max_hp_loss":0,"event_name":"SensoryStone","floor":45,"gold_loss":0}],"is_beta":false,"boss_relics":[{"not_picked":["Velvet Choker","vexMod:ImprovementManual"],"picked":"Coffee Dripper"},{"not_picked":["EE1DDrone","SynthV:MejaisSoulstealer"],"picked":"JellyFishMachine"}],"items_purged_floors":[19,53],"is_endless":false,"potions_floor_spawned":[1,2,6,8,11,14,18,21,30,41,46,48,54],"ascension_level":0}}