{"host":"y3h3n3f7seyagppx","time":1609543260,"event":{"mods":["BaseMod","Colored Map","Colored Powertips","DeckTracker","Minty Spire (QoL Compilation)","Random Character Button","Rare Cards Sparkle","Relic Sorter","Relic Stats","StSLib"],"gold_per_floor":[115,115,135,147,147,147,177,177,231,265,283,294,294,23,23,100,100,112,112,112,37,37,37,70,88,112,137,37,53,87,12,12,83,83,99,1098,1146,648,573,573,608,608,608,636,649,324,352,352,352,352,352,352,352,5,32,32],"floor_reached":57,"playtime":5510,"items_purged":["Strike_R","Strike_R+1"],"score":2825,"play_id":"d6e83ca8-c302-48c0-92eb-f61a1310247d","local_time":"20210101182100","is_ascension_mode":true,"campfire_choices":[{"data":"Armaments","floor":6,"key":"SMITH"},{"floor":8,"key":"REST"},{"data":"Hemokinesis","floor":13,"key":"SMITH"},{"data":"Bash","floor":15,"key":"SMITH"},{"data":"J.A.X.","floor":23,"key":"SMITH"},{"data":"Inflame","floor":32,"key":"SMITH"},{"data":"Corruption","floor":40,"key":"SMITH"},{"floor":42,"key":"RECALL"},{"data":"Shrug It Off","floor":49,"key":"SMITH"},{"data":"PanicButton","floor":53,"key":"SMITH"}],"circlet_count":0,"master_deck":["AscendersBane","Strike_R+1","Defend_R+1","Defend_R+1","Defend_R+1","Defend_R+1","Bash+1","Dropkick","Armaments+1","Reaper","Battle Trance","Hemokinesis+1","Double Tap+1","Inflame+1","J.A.X.+1","Evolve","Cleave+1","Immolate","Dual Wield+1","Corruption+1","Entrench+1","Clothesline+1","Limit Break","Shrug It Off","Shrug It Off+1","Dark Shackles","Enlightenment","PanicButton+1","Shockwave","Shrug It Off+1"],"relics":["Burning Blood","Omamori","Pen Nib","Toy Ornithopter","Red Skull","Self Forming Clay","Runic Dome","Champion Belt","Happy Flower","Letter Opener","Anchor","Runic Pyramid","Bird Faced Urn","ClockworkSouvenir","Incense Burner","Charon\u0027s Ashes","War Paint","Art of War","Toolbox","PreservedInsect","Oddly Smooth Stone","Vajra"],"acts_visited":["Exordium","TheCity","TheBeyond","TheEnding"],"potions_floor_usage":[7,18,27,33],"damage_taken":[{"damage":14,"enemies":"Small Slimes","floor":1,"turns":3},{"damage":3,"enemies":"2 Louse","floor":3,"turns":4},{"damage":7,"enemies":"Jaw Worm","floor":4,"turns":3},{"damage":36,"enemies":"Lagavulin","floor":7,"turns":7},{"damage":50,"enemies":"3 Sentries","floor":10,"turns":12},{"damage":15,"enemies":"Red Slaver","floor":11,"turns":3},{"damage":4,"enemies":"2 Fungi Beasts","floor":12,"turns":3},{"damage":22,"enemies":"The Guardian","floor":16,"turns":8},{"damage":4,"enemies":"Shell Parasite","floor":18,"turns":2},{"damage":57,"enemies":"Gremlin Leader","floor":24,"turns":6},{"damage":5,"enemies":"Chosen","floor":25,"turns":3},{"damage":21,"enemies":"Book of Stabbing","floor":27,"turns":5},{"damage":5,"enemies":"3 Cultists","floor":29,"turns":2},{"damage":17,"enemies":"Gremlin Leader","floor":30,"turns":4},{"damage":40,"enemies":"Collector","floor":33,"turns":4},{"damage":3,"enemies":"3 Shapes","floor":35,"turns":1},{"damage":53,"enemies":"2 Orb Walkers","floor":37,"turns":4},{"damage":31,"enemies":"Reptomancer","floor":41,"turns":5},{"damage":26,"enemies":"Giant Head","floor":44,"turns":5},{"damage":1,"enemies":"Orb Walker","floor":45,"turns":3},{"damage":8,"enemies":"Reptomancer","floor":47,"turns":4},{"damage":25,"enemies":"Time Eater","floor":50,"turns":9},{"damage":85,"enemies":"Awakened One","floor":51,"turns":9},{"damage":5,"enemies":"Shield and Spear","floor":55,"turns":4},{"damage":80,"enemies":"The Heart","floor":56,"turns":9}],"seed_played":"-1293645911489160536","potions_obtained":[{"floor":1,"key":"FairyPotion"},{"floor":4,"key":"FearPotion"},{"floor":10,"key":"DistilledChaos"},{"floor":16,"key":"Strength Potion"},{"floor":25,"key":"LiquidBronze"},{"floor":29,"key":"LiquidMemories"},{"floor":33,"key":"Block Potion"}],"is_trial":false,"path_per_floor":["M","?","M","M","?","R","E","R","T","E","M","M","R","$","R","B",null,"M","?","?","$","?","R","E","M","T","E","$","M","E","?","R","B",null,"M","?","?","$","$","R","E","R","T","E","M","$","E","?","R","B","B",null,"R","$","E","B",null],"character_chosen":"IRONCLAD","items_purchased":["Self Forming Clay","ClockworkSouvenir","Incense Burner","Limit Break","Art of War","Toolbox","Shockwave","Oddly Smooth Stone","FairyPotion"],"campfire_rested":1,"item_purchase_floors":[14,38,38,39,46,46,54,54,54],"current_hp_per_floor":[60,53,56,55,32,32,28,50,50,18,16,32,32,32,32,16,60,73,73,73,73,73,73,44,55,55,60,60,61,75,75,75,44,67,70,70,75,75,75,75,66,66,66,56,70,70,75,65,65,75,50,69,69,69,75,63],"gold":32,"neow_bonus":"RANDOM_COMMON_RELIC","is_daily":false,"chose_seed":false,"campfire_upgraded":8,"win_rate":0.0,"timestamp":1609543260,"path_taken":["M","?","M","M","?","R","E","R","T","E","M","M","R","$","R","BOSS","M","?","?","$","?","R","E","M","T","E","?","M","E","?","R","BOSS","M","?","?","?","$","R","E","R","T","E","?","$","E","?","R","BOSS","BOSS","R","$","E","BOSS"],"items_purchased_type":["Relic","Relic","Relic","Card","Relic","Relic","Card","Relic","Potion"],"build_version":"2020-12-22","purchased_purges":2,"victory":true,"max_hp_per_floor":[75,75,75,75,75,75,75,75,75,75,75,75,75,75,75,75,75,75,75,75,75,75,75,75,75,75,75,75,75,75,75,75,75,75,75,75,75,75,75,75,75,75,75,75,75,75,75,75,75,75,75,75,75,75,75,75],"relic_stats":{"Happy Flower":[22],"counters":[25,122],"Self Forming Clay":[276],"Pen Nib":[19],"Charon\u0027s Ashes":[280],"PreservedInsect":77,"Letter Opener":[210],"War Paint":["Entrench","Double Tap"],"Burning Blood":122,"Bird Faced Urn":[46],"Art of War":[6],"Champion Belt":[18],"obtain_stats":[{"Happy Flower":26,"Self Forming Clay":14,"Oddly Smooth Stone":54,"Vajra":55,"Pen Nib":7,"Charon\u0027s Ashes":41,"PreservedInsect":47,"Omamori":0,"Incense Burner":38,"Letter Opener":27,"War Paint":44,"Burning Blood":0,"ClockworkSouvenir":38,"Runic Dome":17,"Anchor":30,"Bird Faced Urn":37,"Toolbox":46,"Art of War":46,"Champion Belt":24,"Toy Ornithopter":9,"Red Skull":10,"Runic Pyramid":34},{"Happy Flower":11,"Self Forming Clay":7,"Oddly Smooth Stone":23,"Vajra":24,"Pen Nib":4,"Charon\u0027s Ashes":18,"PreservedInsect":21,"Omamori":0,"Incense Burner":17,"Letter Opener":12,"War Paint":19,"Burning Blood":0,"ClockworkSouvenir":17,"Runic Dome":8,"Anchor":14,"Bird Faced Urn":17,"Toolbox":20,"Art of War":20,"Champion Belt":10,"Toy Ornithopter":4,"Red Skull":5,"Runic Pyramid":15},{"Happy Flower":54,"Self Forming Clay":35,"Oddly Smooth Stone":109,"Vajra":113,"Pen Nib":17,"Charon\u0027s Ashes":79,"PreservedInsect":91,"Omamori":0,"Incense Burner":74,"Letter Opener":59,"War Paint":84,"Burning Blood":0,"ClockworkSouvenir":74,"Runic Dome":43,"Anchor":65,"Bird Faced Urn":74,"Toolbox":87,"Art of War":87,"Champion Belt":51,"Toy Ornithopter":17,"Red Skull":29,"Runic Pyramid":69}],"Toy Ornithopter":13},"card_choices":[{"not_picked":["Evolve","Clash"],"picked":"Dropkick","floor":1},{"not_picked":["True Grit","Body Slam","Sentinel"],"picked":"SKIP","floor":3},{"not_picked":["Dual Wield","Thunderclap"],"picked":"Armaments","floor":4},{"not_picked":["Pommel Strike","Sword Boomerang"],"picked":"Reaper","floor":7},{"not_picked":["Heavy Blade","Havoc"],"picked":"Battle Trance","floor":10},{"not_picked":["Twin Strike","Battle Trance"],"picked":"Hemokinesis","floor":11},{"not_picked":["Rampage","Clothesline","Heavy Blade"],"picked":"SKIP","floor":12},{"not_picked":["Bludgeon","Berserk"],"picked":"Double Tap","floor":16},{"not_picked":["Blood for Blood","Wild Strike"],"picked":"Inflame","floor":18},{"not_picked":["Wild Strike","Rupture"],"picked":"Evolve","floor":24},{"not_picked":["Flex","Shrug It Off"],"picked":"Cleave+1","floor":25},{"not_picked":["Havoc","Sword Boomerang"],"picked":"Immolate","floor":27},{"not_picked":["Twin Strike","Iron Wave","Seeing Red"],"picked":"SKIP","floor":29},{"not_picked":["Second Wind","Clothesline"],"picked":"Dual Wield+1","floor":30},{"not_picked":["Exhume","Juggernaut"],"picked":"Corruption","floor":33},{"not_picked":["Dark Embrace","Body Slam"],"picked":"Entrench","floor":35},{"not_picked":["Iron Wave","Dual Wield"],"picked":"Clothesline+1","floor":37},{"not_picked":["Pommel Strike","Anger","Combust+1"],"picked":"SKIP","floor":41},{"not_picked":["Anger+1","Hemokinesis"],"picked":"Shrug It Off","floor":44},{"not_picked":["Combust","Clash","Wild Strike"],"picked":"SKIP","floor":45},{"not_picked":["Second Wind","Metallicize"],"picked":"Shrug It Off","floor":47},{"not_picked":["Discovery","Swift Strike"],"picked":"Dark Shackles","floor":48},{"not_picked":["Forethought","Secret Weapon"],"picked":"Enlightenment","floor":48},{"not_picked":["Discovery","Blind"],"picked":"PanicButton","floor":48},{"not_picked":["Twin Strike","Corruption"],"picked":"Shrug It Off+1","floor":55}],"player_experience":20298001,"relics_obtained":[{"floor":7,"key":"Pen Nib"},{"floor":9,"key":"Toy Ornithopter"},{"floor":10,"key":"Red Skull"},{"floor":24,"key":"Champion Belt"},{"floor":26,"key":"Happy Flower"},{"floor":27,"key":"Letter Opener"},{"floor":30,"key":"Anchor"},{"floor":37,"key":"Bird Faced Urn"},{"floor":41,"key":"Charon\u0027s Ashes"},{"floor":44,"key":"War Paint"},{"floor":47,"key":"PreservedInsect"},{"floor":55,"key":"Vajra"}],"event_choices":[{"cards_removed":["Strike_R"],"damage_healed":0,"gold_gain":0,"player_choice":"Card Removal","damage_taken":7,"max_hp_gain":0,"max_hp_loss":0,"event_name":"Golden Wing","floor":2,"gold_loss":0},{"damage_healed":0,"gold_gain":0,"player_choice":"Entered Light","damage_taken":23,"max_hp_gain":0,"max_hp_loss":0,"event_name":"Shining Light","floor":5,"gold_loss":0,"cards_upgraded":["Defend_R","Defend_R"]},{"damage_healed":0,"gold_gain":0,"player_choice":"Ignored","damage_taken":0,"max_hp_gain":0,"max_hp_loss":0,"event_name":"Ghosts","floor":19,"gold_loss":0},{"damage_healed":0,"gold_gain":0,"player_choice":"Obtain J.A.X.","damage_taken":0,"max_hp_gain":0,"max_hp_loss":0,"event_name":"Drug Dealer","floor":20,"gold_loss":0,"cards_obtained":["J.A.X."]},{"damage_healed":0,"gold_gain":0,"player_choice":"Simplicity","damage_taken":0,"max_hp_gain":0,"max_hp_loss":0,"event_name":"Back to Basics","floor":22,"gold_loss":0,"cards_upgraded":["Strike_R","Strike_R","Strike_R","Defend_R","Defend_R"]},{"cards_removed":["Strike_R"],"damage_healed":0,"gold_gain":0,"player_choice":"Gave Gold","damage_taken":0,"max_hp_gain":0,"max_hp_loss":0,"event_name":"Beggar","floor":31,"gold_loss":75},{"damage_healed":0,"gold_gain":999,"player_choice":"Gold","damage_taken":0,"max_hp_gain":0,"max_hp_loss":0,"event_name":"MindBloom","floor":36,"gold_loss":0,"cards_obtained":["Normality","Normality"]},{"damage_healed":0,"gold_gain":0,"player_choice":"Fight","damage_taken":0,"max_hp_gain":0,"max_hp_loss":0,"event_name":"Mysterious Sphere","floor":37,"gold_loss":0},{"damage_healed":0,"gold_gain":0,"player_choice":"Memory 3","damage_taken":10,"max_hp_gain":0,"max_hp_loss":0,"event_name":"SensoryStone","floor":48,"gold_loss":0}],"is_beta":false,"boss_relics":[{"not_picked":["Sozu","Busted Crown"],"picked":"Runic Dome"},{"not_picked":["Astrolabe","SacredBark"],"picked":"Runic Pyramid"}],"items_purged_floors":[21,28],"is_endless":false,"potions_floor_spawned":[1,4,10,16,25,29,33,35,37,45],"ascension_level":20}}