{"host":"l60rmjjsfi0fipmi","time":1609543536,"event":{"mods":["BaseMod","Colored Map","DeckTracker","Highlight Path","Minty Spire (QoL Compilation)"],"gold_per_floor":[110,124,143,143,17,34,34,34,34,68,83,11,55,68,68,199,199,218,63,77,0,23,38,56,56,56,56,56,74,93,93,93,224,224,244,1,19,38,38,38,79,79,79,92,92,106,106,131,131,131],"floor_reached":51,"playtime":6039,"items_purged":["Strike_G","Strike_G"],"score":693,"play_id":"72dccb6c-a6cb-4f79-95da-d6d5ac7f3d05","local_time":"20210101182536","is_ascension_mode":false,"campfire_choices":[{"data":"Cloak And Dagger","floor":8,"key":"SMITH"},{"floor":15,"key":"REST"},{"floor":27,"key":"REST"},{"floor":32,"key":"REST"},{"data":"Footwork","floor":40,"key":"SMITH"},{"data":"Accuracy","floor":42,"key":"SMITH"},{"data":"Blade Dance","floor":45,"key":"SMITH"},{"floor":49,"key":"REST"}],"circlet_count":0,"master_deck":["Strike_G","Defend_G+1","Defend_G","Defend_G","Survivor","Neutralize+1","Escape Plan","Blade Dance+1","Dagger Spray","Slice","Footwork+1","Cloak And Dagger+1","PiercingWail","Well Laid Plans","Blade Dance","Accuracy+1","Finisher","Glass Knife","Terror+1","Backstab","Outmaneuver+1","Backstab","Dodge and Roll+1","A Thousand Cuts","Calculated Gamble+1","PiercingWail+1","Tactician+1","Blade Dance+1","Cloak And Dagger+1","Blade Dance+1","Cloak And Dagger+1","Backstab+1"],"relics":["Ring of the Snake","Golden Idol","Bag of Preparation","White Beast Statue","Toxic Egg 2","SlaversCollar","MutagenicStrength","Ornamental Fan","Astrolabe","Regal Pillow","Orichalcum","Molten Egg 2","HornCleat"],"acts_visited":["Exordium","TheCity","TheBeyond"],"potions_floor_usage":[24,30,33,33,37,41,41,50,50,50],"damage_taken":[{"damage":5,"enemies":"Cultist","floor":1,"turns":6},{"damage":2,"enemies":"2 Louse","floor":2,"turns":3},{"damage":0,"enemies":"Small Slimes","floor":3,"turns":3},{"damage":0,"enemies":"Exordium Wildlife","floor":6,"turns":3},{"damage":8,"enemies":"Lagavulin","floor":10,"turns":9},{"damage":0,"enemies":"Looter","floor":11,"turns":3},{"damage":8,"enemies":"Gremlin Nob","floor":13,"turns":3},{"damage":11,"enemies":"Exordium Thugs","floor":14,"turns":3},{"damage":16,"enemies":"Slime Boss","floor":16,"turns":12},{"damage":18,"enemies":"Spheric Guardian","floor":18,"turns":4},{"damage":7,"enemies":"2 Thieves","floor":20,"turns":3},{"damage":22,"enemies":"Snecko","floor":22,"turns":5},{"damage":0,"enemies":"Centurion and Healer","floor":23,"turns":6},{"damage":3,"enemies":"Snake Plant","floor":24,"turns":5},{"damage":15,"enemies":"Sentry and Sphere","floor":29,"turns":5},{"damage":6,"enemies":"Centurion and Healer","floor":30,"turns":5},{"damage":41,"enemies":"Automaton","floor":33,"turns":9},{"damage":26,"enemies":"3 Shapes","floor":35,"turns":5},{"damage":15,"enemies":"3 Darklings","floor":37,"turns":8},{"damage":15,"enemies":"4 Shapes","floor":38,"turns":4},{"damage":0,"enemies":"Nemesis","floor":41,"turns":3},{"damage":5,"enemies":"Writhing Mass","floor":44,"turns":4},{"damage":0,"enemies":"Jaw Worm Horde","floor":46,"turns":4},{"damage":12,"enemies":"Maw","floor":48,"turns":5},{"damage":53,"enemies":"Awakened One","floor":50,"turns":9}],"seed_played":"-7134068184249167383","potions_obtained":[{"floor":1,"key":"AttackPotion"},{"floor":3,"key":"FearPotion"},{"floor":11,"key":"PowerPotion"},{"floor":13,"key":"BlessingOfTheForge"},{"floor":24,"key":"FairyPotion"},{"floor":29,"key":"Block Potion"},{"floor":30,"key":"Poison Potion"},{"floor":33,"key":"SkillPotion"},{"floor":35,"key":"Poison Potion"},{"floor":37,"key":"Regen Potion"},{"floor":38,"key":"Explosive Potion"},{"floor":41,"key":"LiquidMemories"},{"floor":44,"key":"Strength Potion"}],"is_trial":false,"path_per_floor":["M","M","M","?","$","M","?","R","T","E","M","$","E","M","R","B",null,"M","$","M","?","M","M","M","?","T","R","$","M","M","$","R","B",null,"M","$","M","M","?","R","E","R","T","M","R","M","T","M","R","B",null],"character_chosen":"THE_SILENT","items_purchased":["Footwork","Cloak And Dagger","Accuracy","Backstab","Regal Pillow"],"campfire_rested":4,"item_purchase_floors":[5,5,12,19,36],"current_hp_per_floor":[65,63,63,49,49,49,49,49,49,41,41,41,33,22,41,25,65,47,47,40,40,18,18,15,15,15,34,34,19,13,13,32,13,65,39,39,24,9,57,57,57,57,57,52,52,52,52,40,57,16],"gold":131,"neow_bonus":"TRANSFORM_CARD","is_daily":false,"chose_seed":false,"campfire_upgraded":4,"win_rate":0.0,"timestamp":1609543536,"path_taken":["M","M","M","?","$","M","?","R","T","E","M","$","E","M","R","BOSS","M","$","M","?","M","M","M","?","T","R","$","M","M","?","R","BOSS","M","$","M","M","?","R","E","R","T","M","R","M","?","M","R","BOSS"],"items_purchased_type":["Card","Card","Card","Card","Relic"],"build_version":"2020-12-22","purchased_purges":2,"victory":true,"max_hp_per_floor":[70,70,70,70,70,70,65,65,65,65,65,65,65,65,65,65,65,65,65,65,65,65,65,65,65,65,65,65,65,65,65,65,65,65,65,65,65,65,57,57,57,57,57,57,57,57,57,57,57,57],"card_choices":[{"not_picked":["Masterful Stab","Eviscerate"],"picked":"Blade Dance","floor":1},{"not_picked":["Dodge and Roll","Prepared"],"picked":"Dagger Spray","floor":2},{"not_picked":["Dagger Spray","Outmaneuver"],"picked":"Slice","floor":3},{"not_picked":["Sucker Punch","Reflex"],"picked":"PiercingWail","floor":6},{"not_picked":["Sucker Punch","Bane"],"picked":"Well Laid Plans","floor":10},{"not_picked":["Eviscerate","Quick Slash"],"picked":"Blade Dance","floor":11},{"not_picked":["Slice","Tools of the Trade","Flechettes"],"picked":"SKIP","floor":13},{"not_picked":["Bane","Poisoned Stab"],"picked":"Finisher","floor":14},{"not_picked":["Venomology+1","Bullet Time+1"],"picked":"Glass Knife","floor":16},{"not_picked":["Cloak And Dagger+1","Deadly Poison+1"],"picked":"Terror+1","floor":18},{"not_picked":["Deflect+1","Heel Hook","Prepared+1"],"picked":"SKIP","floor":20},{"not_picked":["Deflect+1","Heel Hook","Prepared+1"],"picked":"SKIP","floor":20},{"not_picked":["Escape Plan+1","PiercingWail+1","Deadly Poison+1"],"picked":"SKIP","floor":22},{"not_picked":["Skewer","Finisher"],"picked":"Outmaneuver+1","floor":23},{"not_picked":["Well Laid Plans","Noxious Fumes"],"picked":"Backstab","floor":24},{"not_picked":["Prepared+1","Underhanded Strike+1","Dagger Throw"],"picked":"SKIP","floor":29},{"not_picked":["Bane","Flechettes"],"picked":"Dodge and Roll+1","floor":30},{"not_picked":["Unload","Wraith Form v2"],"picked":"A Thousand Cuts","floor":33},{"not_picked":["Acrobatics+1","Masterful Stab+1"],"picked":"Blade Dance+1","floor":35},{"not_picked":["Quick Slash","Flying Knee"],"picked":"Cloak And Dagger+1","floor":37},{"not_picked":["Poisoned Stab","Underhanded Strike+1","Dagger Throw"],"picked":"SKIP","floor":38},{"not_picked":["Underhanded Strike","Backflip+1","Quick Slash+1"],"picked":"SKIP","floor":41},{"not_picked":["Skewer+1","All Out Attack+1"],"picked":"Blade Dance+1","floor":44},{"not_picked":["Deflect+1","Quick Slash+1"],"picked":"Cloak And Dagger+1","floor":46},{"not_picked":["Cloak And Dagger+1","Leg Sweep+1"],"picked":"Backstab+1","floor":48}],"player_experience":169954,"relics_obtained":[{"floor":9,"key":"Bag of Preparation"},{"floor":10,"key":"White Beast Statue"},{"floor":13,"key":"Toxic Egg 2"},{"floor":26,"key":"Ornamental Fan"},{"floor":41,"key":"Orichalcum"},{"floor":43,"key":"Molten Egg 2"},{"floor":47,"key":"HornCleat"}],"event_choices":[{"damage_healed":0,"gold_gain":0,"player_choice":"Entered Light","damage_taken":14,"max_hp_gain":0,"max_hp_loss":0,"event_name":"Shining Light","floor":4,"gold_loss":0,"cards_upgraded":["Neutralize","Defend_G"]},{"damage_healed":0,"gold_gain":0,"player_choice":"Lose Max HP","damage_taken":0,"relics_obtained":["Golden Idol"],"max_hp_gain":0,"max_hp_loss":5,"event_name":"Golden Idol","floor":7,"gold_loss":0},{"damage_healed":0,"gold_gain":0,"player_choice":"Paid Fearfully","damage_taken":0,"max_hp_gain":0,"max_hp_loss":0,"event_name":"Masked Bandits","floor":21,"gold_loss":77},{"damage_healed":0,"gold_gain":0,"player_choice":"Inject Mutagens","damage_taken":0,"relics_obtained":["MutagenicStrength"],"max_hp_gain":0,"max_hp_loss":0,"event_name":"Drug Dealer","floor":25,"gold_loss":0},{"damage_healed":57,"gold_gain":0,"player_choice":"Heal","damage_taken":0,"max_hp_gain":0,"max_hp_loss":8,"event_name":"The Moai Head","floor":39,"gold_loss":0}],"is_beta":false,"boss_relics":[{"not_picked":["SacredBark","Calling Bell"],"picked":"SlaversCollar"},{"not_picked":["Sozu","HoveringKite"],"picked":"Astrolabe"}],"items_purged_floors":[19,36],"is_endless":false,"potions_floor_spawned":[1,3,11,13,14,16,18,20,22,23,24,29,30,33,35,37,38,41,44,46,48],"ascension_level":0}}