{"host":"87fdiiwflhrwsj8a","time":1609527314,"event":{"mods":["Aspiration","BaseMod","Better Match","Better Third Choice","BetterRewards","Colored Map","Conspire","GifTheSpireLib","Infinite Spire","Minty Spire (QoL Compilation)","Quick Restart","Relic Sorter","Replay The Spire","Robot Space Explorer","StSLib","Stuff the Spire","The Cursed","The Jungle"],"gold_per_floor":[119,119,119,119,129,155,155,155,190,190,243,277,291,307,335,374,374,374,374],"floor_reached":18,"playtime":865,"items_purged":[],"score":376,"play_id":"422dcb02-c975-419b-8eaf-78ac5e384b93","local_time":"20210101135514","is_ascension_mode":true,"campfire_choices":[{"data":"RobotSpaceExplorer:FranticSearch","floor":10,"key":"SMITH"},{"floor":17,"key":"REST"}],"circlet_count":0,"master_deck":["AscendersBane","RobotSpaceExplorer:Strike","RobotSpaceExplorer:Strike","RobotSpaceExplorer:Strike","RobotSpaceExplorer:Strike","RobotSpaceExplorer:Defend","RobotSpaceExplorer:Defend","RobotSpaceExplorer:Defend","RobotSpaceExplorer:Defend","RobotSpaceExplorer:Scan","RobotSpaceExplorer:MiniLasers","Panacea","RobotSpaceExplorer:Blitz","RobotSpaceExplorer:Counterblock","RobotSpaceExplorer:Counterblock","RobotSpaceExplorer:ShovelStrike","RobotSpaceExplorer:FranticSearch+1","RobotSpaceExplorer:ScrapMissile","RobotSpaceExplorer:FranticSearch","RobotSpaceExplorer:ScrapMissile","RobotSpaceExplorer:GlueShot"],"relics":["RobotSpaceExplorer:RoboCore","Bronze Scales","Omamori","PreservedInsect","StuffTheSpire:CocoNut","Ornamental Fan","White Beast Statue","Replay:Wax Seal","Replay:Baseball","Simple Rune","StuffTheSpire:OldFever","aspiration:SeaSaltIceCream","infinitespire:CursedDice"],"acts_visited":["Exordium"],"potions_floor_usage":[14,15,18,18],"damage_taken":[{"damage":0,"enemies":"Jaw Worm","floor":1,"turns":3},{"damage":1,"enemies":"Small Slimes","floor":5,"turns":2},{"damage":4,"enemies":"Gremlin Nob","floor":6,"turns":3},{"damage":12,"enemies":"Lagavulin","floor":9,"turns":4},{"damage":17,"enemies":"Replay:BlueRogue","floor":12,"turns":7},{"damage":0,"enemies":"2 Louse","floor":13,"turns":2},{"damage":0,"enemies":"Large Slime","floor":14,"turns":3},{"damage":3,"enemies":"Gremlin Nob","floor":15,"turns":3},{"damage":45,"enemies":"Fading Forest","floor":18,"turns":8}],"seed_played":"-573042752944181077","potions_obtained":[{"floor":5,"key":"FearPotion"},{"floor":6,"key":"FearPotion"},{"floor":9,"key":"Fire Potion"},{"floor":14,"key":"Elixir"},{"floor":15,"key":"FearPotion"}],"is_trial":false,"path_per_floor":["M","$","?","?","M","E","PTL","PTL","E","R","T","E","M","M","E","?","R","B"],"character_chosen":"RobotSpaceExplorer","items_purchased":["Bronze Scales","Omamori","PreservedInsect","StuffTheSpire:CocoNut","Ornamental Fan","Panacea","RobotSpaceExplorer:Blitz","RobotSpaceExplorer:Counterblock"],"campfire_rested":1,"item_purchase_floors":[0,0,0,0,0,0,0,0],"current_hp_per_floor":[29,29,29,52,51,47,47,47,35,35,35,18,18,18,15,15,38,1,1],"gold":374,"neow_bonus":"","is_daily":false,"chose_seed":false,"campfire_upgraded":1,"win_rate":0.0,"timestamp":1609527314,"path_taken":["M","$","?","?","M","E","PTL","PTL","E","R","T","E","M","M","E","?","R","BOSS"],"items_purchased_type":["Relic","Relic","Relic","Relic","Relic","Card","Card","Card"],"build_version":"2020-12-22","purchased_purges":0,"victory":false,"max_hp_per_floor":[78,78,78,78,78,78,78,78,78,78,78,78,78,78,78,78,78,78,78],"card_choices":[{"not_picked":["RobotSpaceExplorer:SurgingShield","RobotSpaceExplorer:PlasmaMissile","RobotSpaceExplorer:FreezeRay"],"picked":"SKIP","floor":1},{"not_picked":["RobotSpaceExplorer:Reload","RobotSpaceExplorer:Counterblock","RobotSpaceExplorer:ShockKick"],"picked":"SKIP","floor":5},{"not_picked":["RobotSpaceExplorer:ImprovisedAttack","RobotSpaceExplorer:LuckyStrike"],"picked":"RobotSpaceExplorer:ShovelStrike","floor":6},{"not_picked":["RobotSpaceExplorer:PowerGlove","RobotSpaceExplorer:Autoloader"],"picked":"RobotSpaceExplorer:FranticSearch","floor":9},{"not_picked":["RobotSpaceExplorer:Pulsar","RobotSpaceExplorer:Probe"],"picked":"RobotSpaceExplorer:ScrapMissile","floor":12},{"not_picked":["RobotSpaceExplorer:StunGrenade","RobotSpaceExplorer:DoubleBlock","RobotSpaceExplorer:StarDust"],"picked":"SKIP","floor":13},{"not_picked":["RobotSpaceExplorer:StarDust","RobotSpaceExplorer:LaserBurst"],"picked":"RobotSpaceExplorer:FranticSearch","floor":14},{"not_picked":["RobotSpaceExplorer:ImprovisedAttack","RobotSpaceExplorer:HighVoltage"],"picked":"RobotSpaceExplorer:ScrapMissile","floor":15},{"not_picked":["RobotSpaceExplorer:ImprovisedAttack","RobotSpaceExplorer:SwiftStep"],"picked":"RobotSpaceExplorer:GlueShot","floor":16}],"player_experience":2625423,"relics_obtained":[{"floor":6,"key":"White Beast Statue"},{"floor":9,"key":"Replay:Wax Seal"},{"floor":11,"key":"Replay:Baseball"},{"floor":12,"key":"Simple Rune"},{"floor":15,"key":"StuffTheSpire:OldFever"},{"floor":16,"key":"aspiration:SeaSaltIceCream"}],"event_choices":[],"is_beta":false,"boss_relics":[],"items_purged_floors":[],"is_endless":false,"potions_floor_spawned":[5,6,9,12,13,14,15],"killed_by":"Fading Forest","ascension_level":20}}