{"host":"sc0o2qwpf9j16a4i","time":1609502388,"event":{"mods":["AchievementEnabler","BaseMod","BetterRewards","Block Reminder","Colored Map","Colored Powertips","Custom Start","Highlight Path","Minty Spire (QoL Compilation)","Relic Stats"],"gold_per_floor":[114,189,204,204,204,204,221,221,221,250,265,265,275,309,309,386,386,405,244,424,439,459,459,473,473,473,536,546,564,594,594,594],"floor_reached":31,"playtime":971,"items_purged":["Strike_G"],"score":698,"play_id":"3864da9f-fd4e-4a10-ab13-b19d8ecb7a8d","local_time":"20210101135948","is_ascension_mode":true,"campfire_choices":[{"data":"Neutralize","floor":6.0,"key":"SMITH"},{"data":"Poisoned Stab","floor":8.0,"key":"SMITH"},{"floor":12.0,"key":"REST"},{"data":"All Out Attack","floor":15.0,"key":"SMITH"},{"floor":23.0,"key":"REST"}],"circlet_count":0,"master_deck":["AscendersBane","Strike_G","Strike_G","Strike_G","Defend_G","Defend_G","Defend_G","Defend_G","Defend_G","Survivor","Neutralize+1","All Out Attack+1","Footwork","Deadly Poison","Dagger Throw","Poisoned Stab+1","Flying Knee","Deflect","Deadly Poison","Dash","Leg Sweep","Wraith Form v2","Catalyst+1","Well Laid Plans","Noxious Fumes","Footwork+1","Catalyst","Calculated Gamble","Crippling Poison"],"relics":["Ring of the Snake","TwistedFunnel","Question Card","Strawberry","Pen Nib","Cursed Key","SsserpentHead"],"acts_visited":["Exordium","TheCity"],"potions_floor_usage":[27],"damage_taken":[{"damage":0.0,"enemies":"2 Louse","floor":1.0,"turns":2.0},{"damage":0.0,"enemies":"Small Slimes","floor":3.0,"turns":3.0},{"damage":0.0,"enemies":"Jaw Worm","floor":7.0,"turns":3.0},{"damage":13.0,"enemies":"3 Sentries","floor":10.0,"turns":9.0},{"damage":1.0,"enemies":"3 Louse","floor":11.0,"turns":2.0},{"damage":4.0,"enemies":"Gremlin Gang","floor":13.0,"turns":3.0},{"damage":6.0,"enemies":"Gremlin Nob","floor":14.0,"turns":3.0},{"damage":43.0,"enemies":"Slime Boss","floor":16.0,"turns":12.0},{"damage":7.0,"enemies":"Chosen","floor":18.0,"turns":4.0},{"damage":0.0,"enemies":"3 Byrds","floor":21.0,"turns":4.0},{"damage":25.0,"enemies":"Snake Plant","floor":22.0,"turns":4.0},{"damage":16.0,"enemies":"Sentry and Sphere","floor":24.0,"turns":6.0},{"damage":0,"enemies":"Centurion and Healer","floor":27,"turns":7},{"damage":0,"enemies":"Snecko","floor":28,"turns":5},{"damage":6,"enemies":"Chosen and Byrds","floor":29,"turns":7},{"damage":6,"enemies":"Shelled Parasite and Fungi","floor":31,"turns":1}],"seed_played":"1781782452119551660","potions_obtained":[{"floor":3.0,"key":"LiquidMemories"},{"floor":11.0,"key":"Strength Potion"},{"floor":14.0,"key":"PowerPotion"},{"floor":16.0,"key":"Poison Potion"},{"floor":29,"key":"DistilledChaos"},{"floor":30,"key":"Ancient Potion"}],"is_trial":false,"path_per_floor":["M","?","M","?","?","R","M","R","T","E","M","R","M","E","R","B",null,"M","$","?","M","M","R","M","?","T","M","M","M","?","M"],"character_chosen":"THE_SILENT","items_purchased":["TwistedFunnel","All Out Attack","Footwork","Deadly Poison","Poison Potion","Well Laid Plans"],"campfire_rested":2,"item_purchase_floors":[0,0,0,0,0,19],"current_hp_per_floor":[47,36,36,29,51,51,51,51,51,45,44,65,61,55,55,12,58,51,51,32,32,7,28,12,12,12,12,12,6,6,0,0],"gold":594,"neow_bonus":"","is_daily":false,"chose_seed":false,"campfire_upgraded":3,"win_rate":0.0,"timestamp":1609502388,"path_taken":["M","?","M","?","?","R","M","R","T","E","M","R","M","E","R","BOSS","M","$","?","?","M","R","M","?","T","?","M","M","?","M"],"items_purchased_type":["Relic","Card","Card","Card","Potion","Card"],"build_version":"2020-12-22","purchased_purges":1,"victory":false,"max_hp_per_floor":[66,66,66,66,66,66,66,66,66,73,73,73,73,73,73,73,73,73,73,73,73,73,73,73,73,73,73,73,73,73,73,73],"relic_stats":{"SsserpentHead":100,"counters":[29,132],"Pen Nib":[30],"Question Card":12,"Cursed Key":0,"obtain_stats":[{"TwistedFunnel":0,"Pear":9,"Torii":8,"Golden Idol":7,"Pen Nib":14,"Question Card":9,"Cursed Key":17,"ClockworkSouvenir":20,"SsserpentHead":25,"Anchor":0,"Strawberry":10,"Philosopher\u0027s Stone":17,"Red Mask":22,"Ring of the Snake":0,"Pocketwatch":13},{"TwistedFunnel":13,"Pear":4,"Torii":4,"Golden Idol":3,"Pen Nib":20,"Question Card":16,"Cursed Key":21,"ClockworkSouvenir":10,"SsserpentHead":25,"Anchor":0,"Strawberry":17,"Philosopher\u0027s Stone":8,"Red Mask":12,"Ring of the Snake":0,"Pocketwatch":6},{"TwistedFunnel":57,"Pear":18,"Torii":18,"Golden Idol":10,"Pen Nib":82,"Question Card":65,"Cursed Key":94,"ClockworkSouvenir":46,"SsserpentHead":112,"Anchor":0,"Strawberry":74,"Philosopher\u0027s Stone":40,"Red Mask":52,"Ring of the Snake":0,"Pocketwatch":27}],"Ring of the Snake":[58]},"card_choices":[{"not_picked":["Deflect","Setup"],"picked":"Dagger Throw","floor":1.0},{"not_picked":["PiercingWail","Dagger Throw"],"picked":"Poisoned Stab","floor":3.0},{"not_picked":["Concentrate","Envenom"],"picked":"Flying Knee","floor":7.0},{"not_picked":["Sucker Punch","Underhanded Strike","Backflip"],"picked":"Deflect","floor":10.0},{"not_picked":["Distraction","Slice","Acrobatics"],"picked":"Deadly Poison","floor":11.0},{"not_picked":["Slice","Quick Slash","Acrobatics"],"picked":"Dash","floor":13.0},{"not_picked":["Quick Slash","Endless Agony","Prepared"],"picked":"Leg Sweep","floor":14.0},{"not_picked":["Doppelganger","Phantasmal Killer","Bullet Time"],"picked":"Wraith Form v2","floor":16.0},{"not_picked":["Prepared","Distraction","Quick Slash"],"picked":"Catalyst+1","floor":18.0},{"not_picked":["Deadly Poison","Setup+1","Skewer"],"picked":"Noxious Fumes","floor":21.0},{"not_picked":["PiercingWail","Well Laid Plans+1","Leg Sweep"],"picked":"Footwork+1","floor":22.0},{"not_picked":["Masterful Stab","Outmaneuver","Cloak And Dagger"],"picked":"Catalyst","floor":24.0},{"not_picked":["Dagger Throw","Cloak And Dagger","Deadly Poison","Poisoned Stab"],"picked":"SKIP","floor":27},{"not_picked":["Escape Plan","Concentrate","Underhanded Strike"],"picked":"Calculated Gamble","floor":28},{"not_picked":["Backflip","Flying Knee","Poisoned Stab+1"],"picked":"Crippling Poison","floor":29}],"player_experience":465023,"relics_obtained":[{"floor":9.0,"key":"Question Card"},{"floor":10.0,"key":"Strawberry"},{"floor":14.0,"key":"Pen Nib"}],"event_choices":[{"damage_healed":0.0,"max_hp_gain":0.0,"max_hp_loss":0.0,"gold_gain":75.0,"event_name":"World of Goop","player_choice":"Gather Gold","floor":2.0,"gold_loss":0.0,"damage_taken":11.0},{"cards_removed":["Strike_G"],"damage_healed":0.0,"max_hp_gain":0.0,"max_hp_loss":0.0,"gold_gain":0.0,"event_name":"Golden Wing","player_choice":"Card Removal","floor":4.0,"gold_loss":0.0,"damage_taken":7.0},{"damage_healed":22.0,"max_hp_gain":0.0,"max_hp_loss":0.0,"gold_gain":0.0,"event_name":"Big Fish","player_choice":"Banana","floor":5.0,"gold_loss":0.0,"damage_taken":0.0},{"damage_healed":0.0,"max_hp_gain":0.0,"max_hp_loss":0.0,"gold_gain":180.0,"event_name":"Knowing Skull","player_choice":"GOLD GOLD ","floor":20.0,"potions_obtained":[],"gold_loss":0.0,"damage_taken":19.0,"cards_obtained":[]},{"damage_healed":0.0,"max_hp_gain":0.0,"max_hp_loss":0.0,"gold_gain":0.0,"event_name":"FaceTrader","player_choice":"Trade","floor":25.0,"gold_loss":0.0,"damage_taken":0.0,"relics_obtained":["SsserpentHead"]},{"damage_healed":0,"gold_gain":0,"player_choice":"Bought 1 Potion","damage_taken":0,"max_hp_gain":0,"max_hp_loss":0,"event_name":"The Woman in Blue","floor":30,"gold_loss":0}],"is_beta":false,"boss_relics":[{"not_picked":["Ectoplasm","Busted Crown"],"picked":"Cursed Key"}],"items_purged_floors":[19],"is_endless":false,"potions_floor_spawned":[3,11,14,16,21,22,29],"killed_by":"Shelled Parasite and Fungi","ascension_level":20}}