{"host":"tmf10eeko6je6wes","time":1609467958,"event":{"mods":["AchievementEnabler","BaseMod","Better Altar","Better Match","Better Note","Better Sensory Stone","Better Skull","Better Third Choice","Colored Map","Colored Powertips","Curses Come First","DeckTracker","Highlight Path","Minty Spire (QoL Compilation)","Permanent Neow","Quick Restart","Relic Sorter","Relic Stats","Shop Mod","StSLib","SuperFastMode","Synergy Search"],"gold_per_floor":[12,87,47,65,76,76,76,76,76,76,76,95,20,34,34,131,131,146,146,146,165,165,165],"floor_reached":22,"playtime":642,"items_purged":["Regret"],"score":174,"play_id":"3e0aa49b-b39c-4a45-9ae9-d36f4e0322ce","local_time":"20201231212558","is_ascension_mode":false,"campfire_choices":[{"floor":6,"key":"REST"},{"data":"Adaptation","floor":8,"key":"SMITH"},{"data":"Eruption","floor":10,"key":"SMITH"},{"floor":15,"key":"REST"}],"circlet_count":0,"master_deck":["Strike_P","Strike_P","Strike_P","Defend_P","Defend_P","Defend_P","Defend_P","Eruption+1","Vigilance","CrushJoints","Adaptation+1","FearNoEvil","FlurryOfBlows","SandsOfTime","DevaForm","DeusExMachina","CurseOfTheBell","LikeWater+1","DeusExMachina","Evaluate"],"relics":["PureWater","Mango","Lantern","Sundial","Calling Bell","Oddly Smooth Stone","Gremlin Horn","Shovel"],"acts_visited":["Exordium","TheCity"],"potions_floor_usage":[16,21,22],"damage_taken":[{"damage":14,"enemies":"2 Louse","floor":1,"turns":3},{"damage":9,"enemies":"Small Slimes","floor":4,"turns":4},{"damage":2,"enemies":"Jaw Worm","floor":5,"turns":5},{"damage":18,"enemies":"Lots of Slimes","floor":12,"turns":3},{"damage":4,"enemies":"3 Louse","floor":14,"turns":4},{"damage":17,"enemies":"Slime Boss","floor":16,"turns":7},{"damage":38,"enemies":"Chosen","floor":18,"turns":7},{"damage":13,"enemies":"Spheric Guardian","floor":21,"turns":4},{"damage":37,"enemies":"3 Cultists","floor":22,"turns":4}],"seed_played":"-3556964911287410867","potions_obtained":[{"floor":4,"key":"Energy Potion"},{"floor":12,"key":"Swift Potion"},{"floor":21,"key":"AttackPotion"}],"is_trial":false,"path_per_floor":["M","?","$","M","M","R","?","R","T","R","?","M","$","M","R","B",null,"M","?","?","M","M"],"character_chosen":"WATCHER","items_purchased":["Adaptation"],"campfire_rested":2,"item_purchase_floors":[3],"current_hp_per_floor":[72,61,61,52,50,75,75,75,75,75,80,62,62,58,83,66,86,48,48,48,35,0,0],"gold":165,"neow_bonus":"ONE_RARE_RELIC","is_daily":false,"chose_seed":false,"campfire_upgraded":2,"win_rate":0.0,"timestamp":1609467958,"path_taken":["M","?","$","M","M","R","?","R","T","R","?","M","$","?","R","BOSS","M","?","?","M","M"],"items_purchased_type":["Card"],"build_version":"2020-12-22","purchased_purges":1,"victory":false,"max_hp_per_floor":[86,86,86,86,86,86,86,86,86,86,86,86,86,86,86,86,86,86,86,86,86,86,86],"relic_stats":{"Shovel":0,"Gremlin Horn":[1,1],"counters":[9,41],"Sundial":[4],"obtain_stats":[{"Calling Bell":17,"Lantern":7,"Shovel":17,"Gremlin Horn":17,"Sundial":9,"Oddly Smooth Stone":17,"Mango":0,"PureWater":0},{"Calling Bell":6,"Lantern":3,"Shovel":6,"Gremlin Horn":6,"Sundial":3,"Oddly Smooth Stone":6,"Mango":0,"PureWater":0},{"Calling Bell":26,"Lantern":12,"Shovel":26,"Gremlin Horn":26,"Sundial":12,"Oddly Smooth Stone":26,"Mango":0,"PureWater":0}]},"card_choices":[{"not_picked":["CutThroughFate","Halt"],"picked":"CrushJoints","floor":1},{"not_picked":["Wireheading","FlurryOfBlows"],"picked":"FearNoEvil","floor":4},{"not_picked":["FollowUp","SashWhip"],"picked":"FlurryOfBlows","floor":5},{"not_picked":["BowlingBash","ThirdEye"],"picked":"SandsOfTime","floor":12},{"not_picked":["PathToVictory","WaveOfTheHand"],"picked":"DevaForm","floor":14},{"not_picked":["Omniscience","LessonLearned"],"picked":"DeusExMachina","floor":16},{"not_picked":["FlurryOfBlows","Protect"],"picked":"LikeWater+1","floor":18},{"not_picked":["TalkToTheHand","SashWhip"],"picked":"Evaluate","floor":21}],"player_experience":39989,"relics_obtained":[{"floor":9,"key":"Sundial"},{"floor":17,"key":"Oddly Smooth Stone"},{"floor":17,"key":"Gremlin Horn"},{"floor":17,"key":"Shovel"}],"event_choices":[{"damage_healed":0,"gold_gain":75,"player_choice":"Gold","damage_taken":11,"max_hp_gain":0,"max_hp_loss":0,"event_name":"betterThird:BetterGoop","floor":2,"gold_loss":0},{"damage_healed":0,"gold_gain":0,"player_choice":"Box","damage_taken":0,"relics_obtained":["Lantern"],"max_hp_gain":0,"max_hp_loss":0,"event_name":"Big Fish","floor":7,"gold_loss":0,"cards_obtained":["Regret"]},{"damage_healed":5,"gold_gain":0,"player_choice":"LEAVE ","damage_taken":0,"relics_obtained":[],"max_hp_gain":0,"max_hp_loss":0,"event_name":"betterSkull:BetterSkull","floor":11,"gold_loss":0,"cards_upgraded":[]},{"cards_removed":["Strike_P"],"damage_healed":0,"gold_gain":0,"player_choice":"Purged","damage_taken":0,"max_hp_gain":0,"max_hp_loss":0,"event_name":"Purifier","floor":19,"gold_loss":0},{"damage_healed":0,"gold_gain":0,"player_choice":"Copied","damage_taken":0,"max_hp_gain":0,"max_hp_loss":0,"event_name":"Duplicator","floor":20,"gold_loss":0,"cards_obtained":["DeusExMachina"]}],"is_beta":false,"boss_relics":[{"not_picked":["Busted Crown","Ectoplasm"],"picked":"Calling Bell"}],"items_purged_floors":[13],"is_endless":false,"potions_floor_spawned":[4,12,21],"killed_by":"3 Cultists","ascension_level":0}}