{"host":"x4juqxtivqd4pvh0","time":1609463628,"event":{"mods":["AchievementEnabler","BaseMod","Colored Map","Colored Powertips","Googly Eyes","Minty Spire (QoL Compilation)","Rare Cards Sparkle","Shop Mod","SuperFastMode"],"gold_per_floor":[113,113,13,32,50,50,62,62,62,94,6,6,21,36,36,133,183,194,18,18,18,18,18,38,78,78,95,95,113,130,148,148,148,148],"floor_reached":33,"playtime":1207,"items_purged":[],"score":276,"play_id":"81a553d7-900b-422b-a74f-f2481b46e2ca","local_time":"20210101114348","is_ascension_mode":false,"campfire_choices":[{"data":"Flex","floor":6,"key":"SMITH"},{"data":"Clash","floor":8,"key":"SMITH"},{"floor":15,"key":"REST"},{"data":"Good Instincts","floor":23,"key":"SMITH"},{"data":"Ghostly Armor","floor":28,"key":"SMITH"},{"floor":32,"key":"REST"}],"circlet_count":0,"master_deck":["Strike_R+1","Strike_R+1","Strike_R+1","Strike_R+1","Strike_R+1","Defend_R+1","Defend_R+1","Defend_R+1","Defend_R+1","Bash","Anger+1","Clash+1","Flex+1","Heavy Blade+1","Pommel Strike+1","Anger+1","Clothesline+1","Anger+1","Good Instincts+1","Perfected Strike+1","Anger+1","Double Tap","Hemokinesis+1","HandOfGreed+1","Perfected Strike+1","Carnage+1","Ghostly Armor+1","Anger+1","Heavy Blade+1"],"relics":["Burning Blood","Molten Egg 2","Matryoshka","Boot","Tiny House","MutagenicStrength","Letter Opener","Potion Belt"],"acts_visited":["Exordium","TheCity"],"potions_floor_usage":[7,13,14,33],"damage_taken":[{"damage":6,"enemies":"Jaw Worm","floor":1,"turns":3},{"damage":2,"enemies":"2 Louse","floor":4,"turns":2},{"damage":0,"enemies":"Small Slimes","floor":5,"turns":2},{"damage":9,"enemies":"3 Louse","floor":7,"turns":2},{"damage":11,"enemies":"Lagavulin","floor":10,"turns":5},{"damage":7,"enemies":"Blue Slaver","floor":13,"turns":2},{"damage":4,"enemies":"Gremlin Gang","floor":14,"turns":3},{"damage":66,"enemies":"The Guardian","floor":16,"turns":8},{"damage":14,"enemies":"Shell Parasite","floor":18,"turns":4},{"damage":3,"enemies":"Chosen","floor":24,"turns":2},{"damage":10,"enemies":"Centurion and Healer","floor":25,"turns":3},{"damage":4,"enemies":"Cultist and Chosen","floor":27,"turns":4},{"damage":23,"enemies":"Shelled Parasite and Fungi","floor":29,"turns":3},{"damage":5,"enemies":"Centurion and Healer","floor":30,"turns":5},{"damage":14,"enemies":"Cultist and Chosen","floor":31,"turns":4},{"damage":145,"enemies":"Champ","floor":33,"turns":13}],"seed_played":"-6113797206004121646","potions_obtained":[{"floor":5,"key":"Fire Potion"},{"floor":7,"key":"Fire Potion"},{"floor":13,"key":"Regen Potion"},{"floor":16,"key":"BloodPotion"},{"floor":17,"key":"LiquidBronze"},{"floor":18,"key":"FairyPotion"}],"is_trial":false,"path_per_floor":["M","?","$","M","M","R","M","R","T","E","$","?","M","M","R","B",null,"M","$","?","?","?","R","M","M","T","M","R","M","M","M","R","B"],"character_chosen":"IRONCLAD","items_purchased":["Flex","Heavy Blade+1","Good Instincts","HandOfGreed+1"],"campfire_rested":2,"item_purchase_floors":[3,3,11,19],"current_hp_per_floor":[80,73,73,77,80,80,77,77,77,72,72,56,55,66,80,20,85,77,77,77,77,77,77,80,76,76,78,78,61,62,54,79,0,0],"gold":148,"neow_bonus":"THREE_CARDS","is_daily":false,"chose_seed":false,"campfire_upgraded":4,"win_rate":0.0,"timestamp":1609463628,"path_taken":["M","?","$","M","M","R","M","R","T","E","$","?","M","M","R","BOSS","M","$","?","?","?","R","M","M","T","M","R","M","M","M","R","BOSS"],"items_purchased_type":["Card","Card","Card","Card"],"build_version":"2020-12-22","purchased_purges":0,"victory":false,"max_hp_per_floor":[80,80,80,80,80,80,80,80,80,80,80,80,80,80,80,80,85,85,85,85,85,85,85,85,85,85,85,85,85,85,85,85,85,85],"card_choices":[{"not_picked":["Wild Strike","Hemokinesis"],"picked":"Anger","floor":0},{"not_picked":["Cleave","Twin Strike"],"picked":"Clash","floor":1},{"not_picked":["Pummel+1","Sword Boomerang+1"],"picked":"Pommel Strike+1","floor":4},{"not_picked":["Twin Strike+1","Wild Strike+1"],"picked":"Anger+1","floor":5},{"not_picked":["Demon Form","Shockwave"],"picked":"Clothesline+1","floor":7},{"not_picked":["Heavy Blade+1","Havoc"],"picked":"Anger+1","floor":10},{"not_picked":["Second Wind","Sword Boomerang+1"],"picked":"Perfected Strike+1","floor":13},{"not_picked":["Sever Soul+1","Twin Strike+1"],"picked":"Anger+1","floor":14},{"not_picked":["Brutality","Corruption"],"picked":"Double Tap","floor":16},{"not_picked":["Cleave+1","Iron Wave+1"],"picked":"Hemokinesis+1","floor":18},{"not_picked":["Pommel Strike+1","Heavy Blade+1"],"picked":"Perfected Strike+1","floor":24},{"not_picked":["Iron Wave+1","Battle Trance"],"picked":"Carnage+1","floor":25},{"not_picked":["Dropkick+1","Rampage+1"],"picked":"Ghostly Armor","floor":27},{"not_picked":["Headbutt+1","Bloodletting","Searing Blow+1"],"picked":"SKIP","floor":29},{"not_picked":["Warcry+1","Metallicize"],"picked":"Anger+1","floor":30},{"not_picked":["Cleave+1","Dropkick+1"],"picked":"Heavy Blade+1","floor":31}],"player_experience":52779,"relics_obtained":[{"floor":9,"key":"Matryoshka"},{"floor":10,"key":"Boot"},{"floor":26,"key":"Letter Opener"},{"floor":26,"key":"Potion Belt"}],"event_choices":[{"damage_healed":0,"gold_gain":0,"player_choice":"Success","damage_taken":7,"relics_obtained":["Molten Egg 2"],"max_hp_gain":0,"max_hp_loss":0,"event_name":"Scrap Ooze","floor":2,"gold_loss":0},{"damage_healed":0,"gold_gain":0,"player_choice":"Entered Light","damage_taken":16,"max_hp_gain":0,"max_hp_loss":0,"event_name":"Shining Light","floor":12,"gold_loss":0,"cards_upgraded":["Anger","Strike_R"]},{"damage_healed":0,"gold_gain":0,"player_choice":"Inject Mutagens","damage_taken":0,"relics_obtained":["MutagenicStrength"],"max_hp_gain":0,"max_hp_loss":0,"event_name":"Drug Dealer","floor":20,"gold_loss":0},{"damage_healed":0,"gold_gain":0,"player_choice":"Simplicity","damage_taken":0,"max_hp_gain":0,"max_hp_loss":0,"event_name":"Back to Basics","floor":21,"gold_loss":0,"cards_upgraded":["Strike_R","Strike_R","Strike_R","Defend_R","Defend_R","Defend_R","Defend_R"]},{"damage_healed":0,"gold_gain":0,"player_choice":"Ignored","damage_taken":0,"max_hp_gain":0,"max_hp_loss":0,"event_name":"Vampires","floor":22,"gold_loss":0}],"is_beta":false,"boss_relics":[{"not_picked":["Calling Bell","SacredBark"],"picked":"Tiny House"}],"items_purged_floors":[],"is_endless":false,"potions_floor_spawned":[5,7,13,16,18,25,30],"killed_by":"Champ","ascension_level":0}}