{"host":"82vjcvwyw2j7afb1","time":1609504026,"event":{"mods":["BaseMod","Colored Map","DeckTracker","Keyboard Shortcuts","Marisa£¨Ùöéë¡¡Øª×âÞÞ£©","Minty Spire (QoL Compilation)","Permanent Neow","Quick Restart","StSLib","SuperFastMode","everything is the same but u backflip on backflip"],"gold_per_floor":[212,212,227,302,2,2,14,14,14,14,14,26,51,51,51,174,174,189,189,189,189,207,207,207],"floor_reached":23,"playtime":1612,"items_purged":["Strike_MRS"],"score":214,"play_id":"563fb06d-4931-4ac5-9194-d001fb8220c3","local_time":"20210101212706","is_ascension_mode":false,"campfire_choices":[{"data":"Acceleration","floor":6.0,"key":"SMITH"},{"data":"SprinkleStarSeal","floor":8.0,"key":"SMITH"},{"floor":15.0,"key":"REST"}],"circlet_count":0,"master_deck":["Strike_MRS","Strike_MRS","Strike_MRS","Defend_MRS","Defend_MRS","Defend_MRS","MasterSpark","UpSweep+1","Acceleration+1","StarlightTyphoon","SprinkleStarSeal+1","IllusionStar","AsteroidBelt","Injury","MillisecondPulsars+1","DC","Ghostly","Ghostly","Ghostly","Ghostly","Ghostly","ChargingUp"],"relics":["MiniHakkero","ClockworkSouvenir","MealTicket","Meat on the Bone","Golden Idol","SlaversCollar"],"acts_visited":["Exordium","TheCity"],"potions_floor_usage":[],"damage_taken":[{"damage":6.0,"enemies":"Jaw Worm","floor":1.0,"turns":3.0},{"damage":6.0,"enemies":"2 Louse","floor":3.0,"turns":4.0},{"damage":0.0,"enemies":"Small Slimes","floor":7.0,"turns":3.0},{"damage":0.0,"enemies":"2 Fungi Beasts","floor":12.0,"turns":2.0},{"damage":10.0,"enemies":"Lagavulin","floor":13.0,"turns":4.0},{"damage":21.0,"enemies":"Hexaghost","floor":16.0,"turns":8.0},{"damage":19.0,"enemies":"2 Thieves","floor":18.0,"turns":3.0},{"damage":0.0,"enemies":"Spheric Guardian","floor":20.0,"turns":3.0},{"damage":13,"enemies":"Snake Plant","floor":22,"turns":9},{"damage":41,"enemies":"Book of Stabbing","floor":23,"turns":3}],"seed_played":"6862811229881406183","potions_obtained":[{"floor":3.0,"key":"Explosive Potion"},{"floor":7.0,"key":"SkillPotion"},{"floor":12.0,"key":"BottledSpark"},{"floor":13.0,"key":"LiquidMemories"},{"floor":18.0,"key":"ShroomBrew"}],"is_trial":false,"path_per_floor":["M","?","M","?","$","R","M","R","T","?","$","M","E","?","R","B",null,"M","?","M","?","M","E"],"character_chosen":"MARISA","items_purchased":["SprinkleStarSeal","ClockworkSouvenir"],"campfire_rested":1,"item_purchase_floors":[5,5],"current_hp_per_floor":[69,62,56,45,45,45,45,45,45,45,60,60,50,50,72,51,75,56,56,56,37,24,0,0],"gold":207,"neow_bonus":"HUNDRED_GOLD","is_daily":false,"chose_seed":false,"campfire_upgraded":2,"win_rate":0.0,"timestamp":1609504026,"path_taken":["M","?","M","?","$","R","M","R","T","?","$","M","E","?","R","BOSS","M","?","?","?","M","E"],"items_purchased_type":["Card","Relic"],"build_version":"2020-12-22","purchased_purges":1,"victory":false,"max_hp_per_floor":[75,75,75,75,75,75,75,75,75,75,75,75,75,75,75,75,75,75,75,75,37,37,37,37],"card_choices":[{"not_picked":["UnstableBomb","NonDirectionalLaser"],"picked":"Acceleration","floor":1.0},{"not_picked":["DarkSpark","DoubleSpark"],"picked":"StarlightTyphoon","floor":3.0},{"not_picked":["UnstableBomb","NonDirectionalLaser"],"picked":"IllusionStar","floor":7.0},{"not_picked":["UnstableBomb","BlazeAway"],"picked":"AsteroidBelt","floor":12.0},{"not_picked":["AsteroidBelt","UnstableBomb","OpenUniverse"],"picked":"SKIP","floor":13.0},{"not_picked":["AbsoluteMagnitude","SuperNova"],"picked":"MillisecondPulsars","floor":16.0},{"not_picked":["GalacticHalo","WitchOfGreed"],"picked":"DC","floor":18.0},{"not_picked":["DC","AsteroidBelt"],"picked":"ChargingUp","floor":22}],"player_experience":40900,"relics_obtained":[{"floor":9.0,"key":"MealTicket"},{"floor":13.0,"key":"Meat on the Bone"}],"event_choices":[{"cards_removed":["Defend_MRS"],"damage_healed":0.0,"max_hp_gain":0.0,"max_hp_loss":0.0,"gold_gain":0.0,"event_name":"Golden Wing","player_choice":"Card Removal","floor":2.0,"gold_loss":0.0,"damage_taken":7.0},{"damage_healed":0.0,"max_hp_gain":0.0,"max_hp_loss":0.0,"gold_gain":75.0,"event_name":"World of Goop","player_choice":"Gather Gold","floor":4.0,"gold_loss":0.0,"damage_taken":11.0},{"damage_healed":0.0,"max_hp_gain":0.0,"max_hp_loss":0.0,"gold_gain":0.0,"event_name":"Living Wall","player_choice":"Grow","floor":10.0,"gold_loss":0.0,"damage_taken":0.0,"cards_upgraded":["UpSweep"]},{"damage_healed":0.0,"max_hp_gain":0.0,"max_hp_loss":0.0,"gold_gain":0.0,"event_name":"Golden Idol","player_choice":"Take Wound","floor":14.0,"gold_loss":0.0,"damage_taken":0.0,"relics_obtained":["Golden Idol"],"cards_obtained":["Injury"]},{"damage_healed":0.0,"max_hp_gain":0.0,"max_hp_loss":0.0,"gold_gain":0.0,"event_name":"Upgrade Shrine","player_choice":"Upgraded","floor":19.0,"gold_loss":0.0,"damage_taken":0.0,"cards_upgraded":["MillisecondPulsars"]},{"damage_healed":0.0,"max_hp_gain":0.0,"max_hp_loss":38.0,"gold_gain":0.0,"event_name":"Ghosts","player_choice":"Became a Ghost","floor":21.0,"gold_loss":0.0,"damage_taken":0.0,"cards_obtained":["Ghostly","Ghostly","Ghostly","Ghostly","Ghostly"]}],"is_beta":false,"boss_relics":[{"not_picked":["Busted Crown","Black Star"],"picked":"SlaversCollar"}],"items_purged_floors":[5],"is_endless":false,"potions_floor_spawned":[3,7,12,13,18],"killed_by":"Book of Stabbing","ascension_level":0}}