{"host":"00tqcjwpycel7e54","time":1609470249,"event":{"mods":["ATMod(阿瑾Mod)","Act Like it!","BaseMod","Colored Powertips","Decade(王小明)","Hermit","Highlight Path","Hubris","Luminous","Marisa（F雨　魔理沙）","Minty Spire (QoL Compilation)","Reimu（博丽灵梦）","Remilia（蕾米莉亚）","Robot Space Explorer","SOS（斯巴达之子）","Shop Mod","Spicy Shops","StSLib","The Administrix","The Animator","The Bug Knight","The Construct","The Cursed","The Gatherer","The Hierophant","The Mystic","The Runesmith","The Servant 0.9.4","WarShipGirlsR/战舰少女R mod","Youmu（魂魄妖梦）","Yuyuko","vexMod","【遗物卡牌】REMEMod"],"gold_per_floor":[241,241,261,261,261,261,290,290,290,290,9,155,155,222,222,174,174],"floor_reached":16,"playtime":698,"items_purged":["Poor:ReiMu"],"score":106,"play_id":"a83a19bb-959d-4469-8130-61ed17d86e1a","local_time":"20210101110409","is_ascension_mode":false,"campfire_choices":[{"data":"Chargeshoot2","floor":6,"key":"SMITH"},{"data":"EbonyIvory","floor":8,"key":"SMITH"},{"data":"Doubleshoot","floor":10,"key":"SMITH"},{"floor":15,"key":"REST"}],"circlet_count":0,"master_deck":["Attack_a","Attack_a","Attack_b","Shoot","Shoot","Provocation","Defend_Dante","Defend_Dante","Defend_Dante","Defend_Dante","Redorb","EbonyIvory+1","Chargeshoot2+1","Doubleshoot+1","Chargeshoot2","Gunslinger","DevilstarL"],"relics":["SSS","Combocheck","AT_ATBox","REME_ComplimentaryCards","hubris:Reverence","YidongShenshe:ReiMu","Vajra","REME_ArchaeologicalTools","AT_MibuBalloonWealth","Frozen Egg 2","REME_HourglassOfDeath"],"acts_visited":["Exordium"],"potions_floor_usage":[],"damage_taken":[{"damage":1.0,"enemies":"Small Slimes","floor":1.0,"turns":4.0},{"damage":13,"enemies":"Jaw Worm","floor":3,"turns":4},{"damage":23,"enemies":"Gremlin Nob","floor":7,"turns":4},{"damage":21,"enemies":"Lagavulin","floor":12,"turns":7},{"damage":0,"enemies":"2 Louse","floor":14,"turns":2},{"damage":47,"enemies":"The Guardian","floor":16,"turns":10}],"seed_played":"-4611169312205681620","potions_obtained":[{"floor":12,"key":"SteroidPotion"}],"is_trial":false,"path_per_floor":["M","?","M","?","?","R","E","R","T","R","$","E","?","M","R","B"],"character_chosen":"DANTE","items_purchased":["AT_MibuBalloonWealth","Chargeshoot2"],"campfire_rested":1,"item_purchase_floors":[11,11],"current_hp_per_floor":[79,79,66,66,59,59,36,36,36,36,36,15,3,3,27,0,0],"gold":174,"neow_bonus":"HUNDRED_GOLD","is_daily":false,"chose_seed":false,"campfire_upgraded":3,"win_rate":0.0,"timestamp":1609470249,"path_taken":["M","?","M","?","?","R","E","R","T","R","$","E","?","M","R","BOSS"],"items_purchased_type":["Relic","Card"],"build_version":"2020-12-22","purchased_purges":1,"victory":false,"max_hp_per_floor":[80,80,80,80,80,80,80,80,80,80,80,80,80,80,80,80,80],"card_choices":[{"not_picked":["Chargeshoot","Doubleshoot"],"picked":"EbonyIvory","floor":1.0},{"not_picked":["Lucifer","Airhike"],"picked":"Chargeshoot2","floor":3},{"not_picked":["Whiteorb","Kick13"],"picked":"Doubleshoot","floor":7},{"not_picked":["Pandora+1","Rebellion+1"],"picked":"Gunslinger","floor":12},{"not_picked":["Stinger","VitalstarS"],"picked":"DevilstarL","floor":14}],"player_experience":695504,"relics_obtained":[{"floor":7,"key":"Vajra"},{"floor":9,"key":"REME_ArchaeologicalTools"},{"floor":12,"key":"Frozen Egg 2"}],"event_choices":[{"damage_healed":0.0,"max_hp_gain":0.0,"max_hp_loss":0.0,"gold_gain":0.0,"event_name":"Big Fish","player_choice":"Box","floor":2.0,"gold_loss":0.0,"damage_taken":0.0,"relics_obtained":["hubris:Reverence"],"cards_obtained":["Regret"]},{"damage_healed":0,"gold_gain":0,"player_choice":"带走神社","damage_taken":0,"relics_obtained":["YidongShenshe:ReiMu"],"max_hp_gain":0,"max_hp_loss":0,"event_name":"yidonshenshe","floor":4,"gold_loss":0,"cards_obtained":["Poor:ReiMu"]},{"cards_removed":["Regret"],"damage_healed":0,"gold_gain":0,"player_choice":"Card Removal","damage_taken":7,"max_hp_gain":0,"max_hp_loss":0,"event_name":"Golden Wing","floor":5,"gold_loss":0},{"damage_healed":0,"gold_gain":0,"player_choice":"Success","damage_taken":12,"relics_obtained":["REME_HourglassOfDeath"],"max_hp_gain":0,"max_hp_loss":0,"event_name":"Scrap Ooze","floor":13,"gold_loss":0}],"is_beta":false,"boss_relics":[],"items_purged_floors":[11],"is_endless":false,"potions_floor_spawned":[12],"killed_by":"The Guardian","ascension_level":0}}