{"host":"yuqw1qbhv58x22od","time":1609476906,"event":{"mods":["BaseMod","Infinite Spire","Minty Spire (QoL Compilation)","Replay The Spire","StSLib","The Servant 0.9.4"],"gold_per_floor":[13,13,13,13,23,23,39,51,77,91,91,37,37,53,53,53,53],"floor_reached":16,"playtime":714,"items_purged":[],"score":92,"play_id":"0bde6c28-e395-40a7-80da-9ab7a128763d","local_time":"20210101025506","is_ascension_mode":false,"campfire_choices":[{"data":"Consume","floor":6,"key":"SMITH"},{"floor":11,"key":"REST"},{"floor":15,"key":"REST"}],"circlet_count":0,"master_deck":["Strike_B","Strike_B","Strike_B","Defend_B","Defend_B","Defend_B","Defend_B","Zap","Dualcast","Gash","Consume+1","Crystallizer","Sweeping Beam","Crystallizer+1","Sweeping Beam+1","Go for the Eyes","Replay:Fractal Strike","Hologram"],"relics":["Cracked Core","Torii","ReplayTheSpireMod:Lightbulb","Gremlin Food"],"acts_visited":["Exordium"],"potions_floor_usage":[16],"damage_taken":[{"damage":1,"enemies":"Cultist","floor":1,"turns":3},{"damage":8,"enemies":"2 Louse","floor":5,"turns":3},{"damage":9,"enemies":"infinitespire:Voidling","floor":7,"turns":3},{"damage":8,"enemies":"2 Fungi Beasts","floor":8,"turns":3},{"damage":10,"enemies":"Looter","floor":10,"turns":3},{"damage":1,"enemies":"3 Louse","floor":14,"turns":3},{"damage":47,"enemies":"The Guardian","floor":16,"turns":8}],"seed_played":"4246123147038057997","potions_obtained":[{"floor":14,"key":"BlessingOfTheForge"}],"is_trial":false,"path_per_floor":["M","?","$","?","M","R","M","M","T","M","R","$","?","M","R","B"],"character_chosen":"DEFECT","items_purchased":["Go for the Eyes"],"campfire_rested":2,"item_purchase_floors":[12],"current_hp_per_floor":[74,56,56,56,48,48,39,31,31,21,43,43,26,25,47,0,0],"gold":53,"neow_bonus":"ONE_RARE_RELIC","is_daily":false,"chose_seed":false,"campfire_upgraded":1,"win_rate":0.0,"timestamp":1609476906,"path_taken":["M","?","$","?","M","R","M","M","T","?","R","$","?","M","R","BOSS"],"items_purchased_type":["Card"],"build_version":"2020-12-22","purchased_purges":0,"victory":false,"max_hp_per_floor":[75,75,75,75,75,75,75,75,75,75,75,75,75,75,75,75,75],"card_choices":[{"not_picked":["Turbo","ReplayTheSpireMod:System Scan"],"picked":"Gash","floor":1},{"not_picked":["Fusion","Self Repair"],"picked":"Crystallizer","floor":5},{"not_picked":["Panic Button","Leap"],"picked":"Sweeping Beam","floor":7},{"not_picked":["Capacitor","Stack"],"picked":"Crystallizer","floor":8},{"not_picked":["Force Field","Storm"],"picked":"Sweeping Beam","floor":10},{"not_picked":["infinitespire:SealOfDarkness+","infinitespire:FinalStrike"],"picked":"Replay:Fractal Strike","floor":13},{"not_picked":["Scrape","Leap"],"picked":"Hologram","floor":14}],"player_experience":153672,"relics_obtained":[{"floor":9,"key":"Gremlin Food"}],"event_choices":[{"damage_healed":0,"gold_gain":0,"player_choice":"Success","damage_taken":18,"relics_obtained":["ReplayTheSpireMod:Lightbulb"],"max_hp_gain":0,"max_hp_loss":0,"event_name":"Scrap Ooze","floor":2,"gold_loss":0},{"damage_healed":0,"gold_gain":0,"cards_transformed":["Strike_B"],"player_choice":"Transformed","damage_taken":0,"max_hp_gain":0,"max_hp_loss":0,"event_name":"Transmorgrifier","floor":4,"gold_loss":0,"cards_obtained":["Consume"]}],"is_beta":false,"boss_relics":[],"items_purged_floors":[],"is_endless":false,"potions_floor_spawned":[14],"killed_by":"The Guardian","ascension_level":0}}