{"host":"8i4doyxqctgl5qb0","time":1609539250,"event":{"mods":["AchievementEnabler","BaseMod","Block Reminder","Colored Powertips","Downfall","Marisa£®ÏF”Í°°ƒß¿Ì…≥£©","Minty Spire (QoL Compilation)","Permanent Neow","Potion Indicator Mod","Rare Cards Sparkle","StSLib","SuperFastMode"],"gold_per_floor":[99,110,120,140,156,156,156,186,111,128,128,128,161,181,197,296,296,296,311,330,340,388,388,415,442,54,54,39,49,49,49,63,166,166,166,182,201,275,286,305,383,393,97,97,132,132,132,182,204,204,204,204],"floor_reached":50,"playtime":3279,"items_purged":["Parasite"],"score":621,"play_id":"e26508c3-a8b3-4a32-9935-2b221c9173ef","local_time":"20210102061410","is_ascension_mode":false,"campfire_choices":[{"data":"hexamod:Float","floor":1.0,"key":"SMITH"},{"data":"hexamod:RadiantFlame","floor":6.0,"key":"SMITH"},{"floor":9.0,"key":"RECALL"},{"floor":11.0,"key":"REST"},{"data":"hexamod:WildfireWeapon","floor":18.0,"key":"SMITH"},{"floor":23.0,"key":"REST"},{"data":"hexamod:EmpoweredFlame","floor":27.0,"key":"SMITH"},{"floor":30.0,"key":"REST"},{"data":"hexamod:HexaLevel","floor":35.0,"key":"SMITH"},{"floor":44.0,"key":"REST"},{"floor":47.0,"key":"REST"}],"circlet_count":0,"master_deck":["hexamod:Strike","hexamod:Defend+1","hexamod:Defend+1","hexamod:Sear","hexamod:Float+1","hexamod:RadiantFlame+1","hexamod:ExtraCrispy","hexamod:RadiantFlame","hexamod:RainOfEmbers+1","hexamod:Hexaguard","hexamod:BurningTouch+1","hexamod:NightmareGuise","hexamod:Hexaguard","hexamod:WildfireWeapon+1","hexamod:RadiantFlame+1","hexamod:ThermalTransfer+1","hexamod:PhantomFireball+1","hexamod:ThirdSeal","hexamod:SixthSeal","hexamod:Hexaguard","hexamod:EmpoweredFlame+1","hexamod:ExtraCrispy","hexamod:StepThrough","hexamod:ExtraCrispy","hexamod:BurningTouch+1","hexamod:PhantomFireball+1","hexamod:HexaLevel+1","hexamod:NightmareStrike+1","hexamod:GhostLash+1","hexamod:PhantomCloak+1","hexamod:ThirdSeal","hexamod:ThermalTransfer","hexamod:Hexaguard+1","hexamod:DynamicBlow","hexamod:AdvancingGuard","hexamod:SoulSteal+1","hexamod:ThermalTransfer","hexamod:GhostShield","hexamod:SecondSeal","hexamod:Hexaguard","Dark Shackles","hexamod:HexaLevel","hexamod:RetreatToShadows","Wraith","hexamod:FirstSeal","hexamod:StepThrough","hexamod:GhostShield+1"],"relics":["hexamod:SpiritBrand","hexamod:MatchstickCase","Sundial","downfall:HeartBlessingBlue","Strawberry","Velvet Choker","Oddly Smooth Stone","Vajra","Bag of Marbles","Ice Cream","Astrolabe","Bottled Tornado","HornCleat","Anchor","Lizard Tail"],"acts_visited":["Exordium","TheCity","TheBeyond"],"potions_floor_usage":[50,50,50],"damage_taken":[{"damage":0.0,"enemies":"Cultist","floor":2.0,"turns":3.0},{"damage":2.0,"enemies":"2 Louse","floor":3.0,"turns":3.0},{"damage":0.0,"enemies":"Small Slimes","floor":4.0,"turns":4.0},{"damage":5.0,"enemies":"Red Slaver","floor":5.0,"turns":3.0},{"damage":32.0,"enemies":"Lots of Slimes","floor":10.0,"turns":5.0},{"damage":0.0,"enemies":"Gremlin Nob","floor":13.0,"turns":3.0},{"damage":1.0,"enemies":"Blue Slaver","floor":14.0,"turns":3.0},{"damage":0.0,"enemies":"Large Slime","floor":15.0,"turns":3.0},{"damage":12.0,"enemies":"downfall:Silent","floor":16.0,"turns":9.0},{"damage":9.0,"enemies":"Chosen","floor":19.0,"turns":5.0},{"damage":1.0,"enemies":"Spheric Guardian","floor":20.0,"turns":5.0},{"damage":32.0,"enemies":"Shelled Parasite and Fungi","floor":21.0,"turns":6.0},{"damage":0.0,"enemies":"Book of Stabbing","floor":25.0,"turns":6.0},{"damage":0.0,"enemies":"downfall:FleeingMerchant","floor":26.0,"turns":4.0},{"damage":7.0,"enemies":"downfall:FleeingMerchant","floor":28.0,"turns":4.0},{"damage":31.0,"enemies":"Chosen and Byrds","floor":29.0,"turns":8.0},{"damage":4.0,"enemies":"Centurion and Healer","floor":32.0,"turns":7.0},{"damage":32.0,"enemies":"downfall:Watcher","floor":33.0,"turns":8.0},{"damage":42.0,"enemies":"3 Darklings","floor":36.0,"turns":7.0},{"damage":3.0,"enemies":"3 Shapes","floor":37.0,"turns":6.0},{"damage":18.0,"enemies":"Sphere and 2 Shapes","floor":39.0,"turns":6.0},{"damage":10.0,"enemies":"Writhing Mass","floor":40.0,"turns":7.0},{"damage":7.0,"enemies":"Jaw Worm Horde","floor":42.0,"turns":5.0},{"damage":0.0,"enemies":"downfall:FleeingMerchant","floor":43.0,"turns":4.0},{"damage":30.0,"enemies":"Nemesis","floor":45.0,"turns":8.0},{"damage":0.0,"enemies":"Mind Bloom Boss Battle","floor":48.0,"turns":6.0},{"damage":1.0,"enemies":"4 Shapes","floor":49.0,"turns":7.0},{"damage":92,"enemies":"downfall:Defect","floor":50,"turns":11}],"seed_played":"1705210716445304047","potions_obtained":[{"floor":2.0,"key":"Swift Potion"},{"floor":10.0,"key":"Fire Potion"},{"floor":13.0,"key":"SkillPotion"},{"floor":14.0,"key":"EssenceOfSteel"},{"floor":19.0,"key":"FearPotion"},{"floor":25.0,"key":"champ:CounterPotion"},{"floor":36.0,"key":"Fire Potion"},{"floor":45.0,"key":"Block Potion"},{"floor":48.0,"key":"SkillPotion"},{"floor":49.0,"key":"EssenceOfSteel"}],"is_trial":false,"path_per_floor":["R","M","M","M","M","R","T","?","R","M","R","?","E","M","M","B",null,"R","M","M","M","T","R","T","E","$","R","$","M","R","?","M","B",null,"R","M","M","T","M","M","T","M","$","R","E","?","R","?","M","B"],"character_chosen":"THE_SPIRIT","items_purchased":["Ice Cream","hexamod:EmpoweredFlame","Regen Potion","ColorlessPotion","Dark Shackles"],"campfire_rested":5,"item_purchase_floors":[26,26,43,43,43],"current_hp_per_floor":[70,70,68,68,63,63,63,63,73,41,65,65,72,71,71,59,87,87,78,77,45,45,71,71,71,71,71,64,33,59,51,47,15,87,87,45,42,42,24,14,14,7,7,32,17,17,42,42,48,0,0,0],"gold":204,"neow_bonus":"RANDOM_COMMON_RELIC","is_daily":false,"chose_seed":false,"campfire_upgraded":5,"win_rate":0.0,"timestamp":1609539250,"path_taken":["R","M","M","M","M","R","T","?","R","M","R","?","E","?","M","BOSS","R","M","M","M","?","R","T","E","?","R","$","?","R","?","M","BOSS","R","M","M","?","?","M","T","M","$","R","E","?","R","?","M","BOSS"],"items_purchased_type":["Relic","Card","Potion","Potion","Card"],"build_version":"2020-12-22","purchased_purges":1,"victory":false,"max_hp_per_floor":[70,70,70,70,70,70,70,70,80,80,80,80,87,87,87,87,87,87,87,87,87,87,87,87,87,87,87,87,87,87,87,87,87,87,87,87,87,87,87,87,87,87,84,84,84,84,84,84,84,84,84,84],"card_choices":[{"not_picked":["hexamod:SpectralAdrenaline","hexamod:BacktrackSmack"],"picked":"hexamod:RadiantFlame","floor":2.0},{"not_picked":["hexamod:ThermalTransfer","hexamod:Hexaguard"],"picked":"hexamod:ExtraCrispy","floor":3.0},{"not_picked":["hexamod:NecessarySacrifice","hexamod:BacktrackSmack"],"picked":"hexamod:RadiantFlame","floor":4.0},{"not_picked":["hexamod:Haunt","hexamod:BacktrackSmack"],"picked":"hexamod:RainOfEmbers","floor":5.0},{"not_picked":["hexamod:BacktrackSmack","hexamod:SpectralAdrenaline"],"picked":"hexamod:Hexaguard","floor":10.0},{"not_picked":["hexamod:ShieldOfDarkness","hexamod:SpectersWail"],"picked":"hexamod:BurningTouch","floor":13.0},{"not_picked":["hexamod:GhostLash","hexamod:UnleashSpirits"],"picked":"hexamod:NightmareGuise","floor":14.0},{"not_picked":["hexamod:FastForward","hexamod:GhostLash"],"picked":"hexamod:Hexaguard","floor":15.0},{"not_picked":["hexamod:UnleashSpirits","hexamod:ParanormalForm"],"picked":"hexamod:WildfireWeapon","floor":16.0},{"not_picked":["hexamod:SpectersWail","hexamod:Hexaguard"],"picked":"hexamod:RadiantFlame","floor":19.0},{"not_picked":["hexamod:Firestarter+1","hexamod:GhostShield"],"picked":"hexamod:ThermalTransfer+1","floor":20.0},{"not_picked":["hexamod:ShieldOfDarkness","hexamod:FastForward+1"],"picked":"hexamod:PhantomFireball+1","floor":21.0},{"not_picked":["hexamod:FourthSeal","hexamod:Again"],"picked":"hexamod:ThirdSeal","floor":25.0},{"not_picked":["hexamod:BacktrackSmack","hexamod:TimeOfNeed"],"picked":"hexamod:SixthSeal","floor":26.0},{"not_picked":["hexamod:GhostLash","hexamod:HauntingEcho"],"picked":"hexamod:Hexaguard","floor":26.0},{"not_picked":["hexamod:BurningTouch","hexamod:NightmareStrike"],"picked":"hexamod:ExtraCrispy","floor":28.0},{"not_picked":["hexamod:HeatCrush","hexamod:HeatMetal"],"picked":"hexamod:StepThrough","floor":29.0},{"not_picked":["hexamod:GhostLash+1","hexamod:Hexaguard"],"picked":"hexamod:ExtraCrispy","floor":29.0},{"not_picked":["hexamod:FastForward","hexamod:ThermalTransfer"],"picked":"hexamod:BurningTouch+1","floor":32.0},{"not_picked":["hexamod:SpectersWail+1","hexamod:NightmareStrike+1"],"picked":"hexamod:PhantomFireball","floor":32.0},{"not_picked":["hexamod:SearingWound","hexamod:FifthSeal"],"picked":"hexamod:HexaLevel","floor":33.0},{"not_picked":["hexamod:StepThrough","hexamod:InspiringFlames"],"picked":"hexamod:ThirdSeal","floor":36.0},{"not_picked":["hexamod:BurningTouch","hexamod:RetreatToShadows+1"],"picked":"hexamod:ThermalTransfer","floor":36.0},{"not_picked":["hexamod:HauntingEcho","hexamod:AdvancingGuard"],"picked":"hexamod:Hexaguard+1","floor":37.0},{"not_picked":["hexamod:InspiringFlames+1","hexamod:AdvancingGuard"],"picked":"hexamod:DynamicBlow","floor":37.0},{"not_picked":["hexamod:NightmareStrike","hexamod:HauntingEcho+1"],"picked":"hexamod:AdvancingGuard","floor":39.0},{"not_picked":["hexamod:TimeOfNeed","hexamod:SpectersWail"],"picked":"hexamod:SoulSteal+1","floor":40.0},{"not_picked":["hexamod:SpectersWail","hexamod:GhostLash+1"],"picked":"hexamod:ThermalTransfer","floor":40.0},{"not_picked":["hexamod:SixthSeal","hexamod:ShieldOfDarkness"],"picked":"hexamod:GhostShield","floor":42.0},{"not_picked":["hexamod:CatchUp","hexamod:RadiantFlame"],"picked":"hexamod:SecondSeal","floor":42.0},{"not_picked":["hexamod:Firestarter+1","hexamod:BurningTouch"],"picked":"hexamod:Hexaguard","floor":43.0},{"not_picked":["hexamod:Firestarter+1","hexamod:Incineration+1"],"picked":"hexamod:HexaLevel","floor":45.0},{"not_picked":["hexamod:Haunt","hexamod:Firestarter+1"],"picked":"hexamod:RetreatToShadows","floor":45.0},{"not_picked":["hexamod:Hexaguard+1","hexamod:InspiringFlames"],"picked":"hexamod:FirstSeal","floor":48.0},{"not_picked":["hexamod:GhostLash","hexamod:Incineration"],"picked":"hexamod:StepThrough","floor":48.0},{"not_picked":["hexamod:ChargedBarrage","hexamod:ShieldOfDarkness"],"picked":"hexamod:GhostShield+1","floor":49.0}],"player_experience":18049,"relics_obtained":[{"floor":13.0,"key":"Strawberry"},{"floor":22.0,"key":"Oddly Smooth Stone"},{"floor":24.0,"key":"Vajra"},{"floor":25.0,"key":"Bag of Marbles"},{"floor":38.0,"key":"Bottled Tornado"},{"floor":41.0,"key":"HornCleat"},{"floor":45.0,"key":"Anchor"},{"floor":48.0,"key":"Lizard Tail"}],"event_choices":[{"cards_removed":["hexamod:Strike"],"damage_healed":0.0,"max_hp_gain":0.0,"max_hp_loss":0.0,"gold_gain":0.0,"event_name":"Purifier","player_choice":"Purged","floor":12.0,"gold_loss":0.0,"damage_taken":0.0},{"damage_healed":0.0,"max_hp_gain":0.0,"max_hp_loss":0.0,"gold_gain":0.0,"event_name":"OrinTheCat","player_choice":"Ignored","floor":46.0,"gold_loss":0.0,"damage_taken":0.0}],"is_beta":false,"boss_relics":[{"not_picked":["Coffee Dripper","Runic Pyramid"],"picked":"Velvet Choker"},{"not_picked":["hexamod:IceCube","Sozu"],"picked":"Astrolabe"}],"items_purged_floors":[43],"is_endless":false,"potions_floor_spawned":[2,10,13,14,19,25,29,36,45,48,49],"killed_by":"downfall:Defect","ascension_level":0}}