{"host":"92108ef2q9tm8rod","time":1609472706,"event":{"mods":["BaseMod","Defuse TimeMaze Blight","Minty Spire (QoL Compilation)","StSLib","The Jungle"],"gold_per_floor":[113,133,145,165,115,115,115,145,197,215,215,215,255,298,298,426,426,449,473,26,26,26,26,44,44,44,44,82,126,126,126,126,252,252,277,338,338,352,352,352,352,352,376,376,228,261,261,211,211,211],"floor_reached":51,"playtime":2148,"items_purged":["Recycle+1"],"score":800,"play_id":"30b3ff06-b80b-41cf-a8b4-f362fc775947","local_time":"20210101034506","daily_mods":["SealedDeck","Purple Cards","Heirloom","Flight"],"is_ascension_mode":false,"campfire_choices":[{"data":"Recycle","floor":6.0,"key":"SMITH"},{"data":"Redo","floor":7.0,"key":"SMITH"},{"data":"PathToVictory","floor":12.0,"key":"SMITH"},{"floor":15.0,"key":"REST"},{"data":"Gash","floor":23.0,"key":"SMITH"},{"data":"Conserve Battery","floor":25.0,"key":"SMITH"},{"floor":27.0,"key":"DIG"},{"floor":30.0,"key":"DIG"},{"floor":32.0,"key":"REST"},{"floor":40.0,"key":"REST"},{"floor":41.0,"key":"REST"},{"data":"Streamline","floor":42.0,"key":"SMITH"},{"floor":44.0,"key":"DIG"},{"data":"Conserve Battery","floor":49.0,"key":"SMITH"}],"circlet_count":0,"master_deck":["Streamline+1","Conserve Battery+1","Redo+1","Gash+1","Conserve Battery+1","PathToVictory+1","Electrodynamics","Echo Form+1"],"relics":["Cracked Core","TungstenRod","Shuriken","Akabeko","Golden Idol","Orichalcum","Bag of Marbles","ClockworkSouvenir","Shovel","Gremlin Horn","Smiling Mask","Frozen Egg 2","Boot","Busted Crown","Calipers","Pen Nib","Ancient Tea Set","Anchor","HornCleat"],"acts_visited":["Exordium","Exordium","TheBeyond"],"potions_floor_usage":[50,50,50],"damage_taken":[{"damage":0.0,"enemies":"2 Louse","floor":1.0,"turns":2.0},{"damage":0.0,"enemies":"Jaw Worm","floor":2.0,"turns":2.0},{"damage":0.0,"enemies":"Small Slimes","floor":3.0,"turns":2.0},{"damage":0.0,"enemies":"Exordium Wildlife","floor":4.0,"turns":3.0},{"damage":7.0,"enemies":"Lagavulin","floor":8.0,"turns":5.0},{"damage":0.0,"enemies":"Lots of Slimes","floor":10.0,"turns":2.0},{"damage":1.0,"enemies":"Gremlin Nob","floor":13.0,"turns":3.0},{"damage":6.0,"enemies":"3 Sentries","floor":14.0,"turns":5.0},{"damage":5.0,"enemies":"Slime Boss","floor":16.0,"turns":7.0},{"damage":1.0,"enemies":"theJungle:GiantWrat","floor":18.0,"turns":4.0},{"damage":0.0,"enemies":"Shell Parasite","floor":19.0,"turns":3.0},{"damage":9.0,"enemies":"theJungle:2_Flameangoes","floor":24.0,"turns":4.0},{"damage":20.0,"enemies":"theJungle:Cassacara","floor":28.0,"turns":6.0},{"damage":0.0,"enemies":"theJungle:MamaSnecko","floor":29.0,"turns":3.0},{"damage":0.0,"enemies":"theJungle:QueenSpyder","floor":33.0,"turns":5.0},{"damage":4.0,"enemies":"3 Shapes","floor":35.0,"turns":3.0},{"damage":41.0,"enemies":"2 Orb Walkers","floor":36.0,"turns":4.0},{"damage":2.0,"enemies":"3 Darklings","floor":38.0,"turns":3.0},{"damage":12.0,"enemies":"Nemesis","floor":46.0,"turns":5.0},{"damage":20,"enemies":"Time Eater","floor":50,"turns":6}],"seed_played":"5866485620841067053","potions_obtained":[{"floor":1.0,"key":"GamblersBrew"},{"floor":3.0,"key":"Regen Potion"},{"floor":10.0,"key":"EssenceOfDarkness"},{"floor":16.0,"key":"Dexterity Potion"},{"floor":19.0,"key":"Fruit Juice"},{"floor":29.0,"key":"Ancient Potion"},{"floor":33.0,"key":"EssenceOfSteel"},{"floor":36.0,"key":"Ancient Potion"},{"floor":46.0,"key":"Dexterity Potion"}],"is_trial":true,"path_per_floor":["M","M","M","M","?","R","R","E","T","M","?","R","E","E","R","B",null,"M","M","$","?","?","R","M","R","T","R","E","E","R","$","R","B",null,"M","?","?","M","?","R","R","R","T","R","$","E","?","$","R","B",null],"character_chosen":"DEFECT","items_purchased":["ClockworkSouvenir","Shovel","Anchor"],"campfire_rested":4,"item_purchase_floors":[20,20,45],"current_hp_per_floor":[75,75,75,75,75,75,75,68,68,68,51,51,50,58,75,70,75,74,79,79,80,76,76,67,67,67,67,47,47,47,47,72,72,85,81,40,40,38,38,63,85,85,85,85,85,73,73,73,73,53],"gold":211,"neow_bonus":"","is_daily":false,"chose_seed":false,"campfire_upgraded":7,"win_rate":0.0,"timestamp":1609472706,"path_taken":["M","M","M","M","?","R","R","E","T","M","?","R","E","E","R","BOSS","M","M","$","?","?","R","M","R","T","R","E","E","R","$","R","BOSS","M","?","?","?","?","R","R","R","T","R","$","E","?","$","R","BOSS"],"items_purchased_type":["Relic","Relic","Relic"],"build_version":"2020-12-22","purchased_purges":1,"victory":true,"max_hp_per_floor":[75,75,75,75,75,75,75,75,75,75,75,75,75,75,75,75,75,75,80,80,80,85,85,85,85,85,85,85,85,85,85,85,85,85,85,85,85,85,85,85,85,85,85,85,85,85,85,85,85,85],"card_choices":[{"not_picked":["BootSequence","FlyingSleeves","Stack"],"picked":"SKIP","floor":1.0},{"not_picked":["Prostrate","Beam Cell","Protect"],"picked":"SKIP","floor":2.0},{"not_picked":["ClearTheMind","CrushJoints","FlyingSleeves"],"picked":"SKIP","floor":3.0},{"not_picked":["Coolheaded","Weave","WindmillStrike"],"picked":"SKIP","floor":4.0},{"not_picked":["Recycle","Rebound","Sweeping Beam"],"picked":"SKIP","floor":8.0},{"not_picked":["Halt","Wallop","Rebound"],"picked":"SKIP","floor":10.0},{"not_picked":["CrushJoints","ClearTheMind","BowlingBash"],"picked":"SKIP","floor":13.0},{"not_picked":["WindmillStrike","Sweeping Beam","Sanctity"],"picked":"SKIP","floor":14.0},{"not_picked":["Machine Learning","Judgement"],"picked":"Electrodynamics","floor":16.0},{"not_picked":["Heatsinks","ClearTheMind+1","Cold Snap"],"picked":"SKIP","floor":18.0},{"not_picked":["ForeignInfluence","Prostrate+1","CutThroughFate+1"],"picked":"SKIP","floor":19.0},{"not_picked":["Skim","WaveOfTheHand+1","Sweeping Beam+1"],"picked":"SKIP","floor":24.0},{"not_picked":["PathToVictory+1","Genetic Algorithm","Leap"],"picked":"SKIP","floor":28.0},{"not_picked":["Melter","Stack+1","Core Surge"],"picked":"SKIP","floor":29.0},{"not_picked":["DevaForm+1","Electrodynamics+1"],"picked":"Echo Form+1","floor":33.0},{"not_picked":["Conserve Battery+1"],"picked":"SKIP","floor":35.0},{"not_picked":["Lockon"],"picked":"SKIP","floor":38.0},{"not_picked":["Heatsinks+1"],"picked":"SKIP","floor":46.0}],"player_experience":3226350,"relics_obtained":[{"floor":8.0,"key":"Shuriken"},{"floor":9.0,"key":"Akabeko"},{"floor":13.0,"key":"Orichalcum"},{"floor":14.0,"key":"Bag of Marbles"},{"floor":26.0,"key":"Gremlin Horn"},{"floor":27.0,"key":"Smiling Mask"},{"floor":28.0,"key":"Frozen Egg 2"},{"floor":30.0,"key":"Boot"},{"floor":36.0,"key":"Calipers"},{"floor":43.0,"key":"Pen Nib"},{"floor":44.0,"key":"Ancient Tea Set"},{"floor":46.0,"key":"HornCleat"}],"event_choices":[{"cards_removed":["Streamline"],"damage_healed":0.0,"max_hp_gain":0.0,"max_hp_loss":0.0,"gold_gain":0.0,"event_name":"The Cleric","player_choice":"Card Removal","floor":5.0,"gold_loss":50.0,"damage_taken":0.0},{"damage_healed":0.0,"max_hp_gain":0.0,"max_hp_loss":0.0,"gold_gain":0.0,"event_name":"Golden Idol","player_choice":"Take Damage","floor":11.0,"gold_loss":0.0,"damage_taken":18.0,"relics_obtained":["Golden Idol"]},{"damage_healed":0.0,"max_hp_gain":0.0,"max_hp_loss":0.0,"gold_gain":0.0,"event_name":"Mysterious Sphere","player_choice":"Fight","floor":36.0,"gold_loss":0.0,"damage_taken":0.0},{"cards_removed":["Consecrate"],"damage_healed":0.0,"max_hp_gain":0.0,"max_hp_loss":0.0,"gold_gain":0.0,"event_name":"Purifier","player_choice":"Purged","floor":37.0,"gold_loss":0.0,"damage_taken":0.0},{"damage_healed":0.0,"max_hp_gain":0.0,"max_hp_loss":0.0,"gold_gain":0.0,"event_name":"SensoryStone","player_choice":"Memory 1","floor":39.0,"gold_loss":0.0,"damage_taken":0.0},{"cards_removed":["Sanctity"],"damage_healed":0.0,"max_hp_gain":0.0,"max_hp_loss":0.0,"gold_gain":0.0,"event_name":"Falling","player_choice":"Removed Skill","floor":47.0,"gold_loss":0.0,"damage_taken":0.0}],"is_beta":false,"boss_relics":[{"not_picked":["Calling Bell","Inserter","Sozu"]},{"not_picked":["Velvet Choker","Fusion Hammer"],"picked":"Busted Crown"}],"items_purged_floors":[48],"is_endless":false,"potions_floor_spawned":[1,3,10,16,19,29,33,36,46],"ascension_level":0}}