{"host":"uuef13iiy6j2c50k","time":1609544637,"event":{"mods":["BaseMod","Minty Spire (QoL Compilation)","Quick Restart","Relic Stats","Slay-I","StSLib","SuperFastMode"],"gold_per_floor":[115,115,115,115,133,133,159,159,184,109,119,119,96,112,112,112,112],"floor_reached":16,"playtime":194,"items_purged":["Strike_R"],"score":148,"play_id":"6f485871-3298-410b-b7c8-444a7504e3dd","local_time":"20210101134357","is_ascension_mode":true,"campfire_choices":[{"data":"Whirlwind","floor":6,"key":"SMITH"},{"data":"True Grit","floor":8,"key":"SMITH"},{"data":"Pommel Strike","floor":15,"key":"SMITH"}],"circlet_count":0,"master_deck":["Strike_R","Strike_R","Strike_R","Defend_R","Defend_R","Defend_R+1","Defend_R","Bash+1","Feel No Pain","Exhume","Whirlwind+1","True Grit+1","Pommel Strike+1","Sword Boomerang"],"relics":["Burning Blood","NeowsBlessing","Charon\u0027s Ashes","Centennial Puzzle","Golden Idol"],"acts_visited":["Exordium"],"potions_floor_usage":[],"damage_taken":[{"damage":0,"enemies":"Cultist","floor":1,"turns":1},{"damage":0,"enemies":"2 Louse","floor":5,"turns":1},{"damage":0,"enemies":"3 Sentries","floor":7,"turns":1},{"damage":7,"enemies":"Small Slimes","floor":11,"turns":4},{"damage":0,"enemies":"Exordium Wildlife","floor":14,"turns":2},{"damage":0,"enemies":"Hexaghost","floor":16,"turns":2}],"seed_played":"2247001595704555710","potions_obtained":[{"floor":11,"key":"EssenceOfSteel"},{"floor":14,"key":"Fruit Juice"}],"is_trial":false,"path_per_floor":["M","?","?","?","M","R","E","R","T","$","M","?","$","M","R","B"],"character_chosen":"IRONCLAD","items_purchased":["Pommel Strike"],"campfire_rested":0,"item_purchase_floors":[13],"current_hp_per_floor":[80,80,64,64,70,70,76,76,76,76,75,74,74,74,74,74,74],"gold":112,"neow_bonus":"THREE_ENEMY_KILL","is_daily":false,"chose_seed":false,"campfire_upgraded":3,"win_rate":0.0,"timestamp":1609544637,"path_taken":["M","?","?","?","?","R","E","R","T","$","M","?","$","M","R","BOSS"],"items_purchased_type":["Card"],"build_version":"2020-12-22","purchased_purges":1,"victory":false,"max_hp_per_floor":[80,80,80,80,80,80,80,80,80,80,80,74,74,74,74,74,74],"relic_stats":{"Centennial Puzzle":[3],"counters":[6,11],"Golden Idol":3,"Charon\u0027s Ashes":[6],"obtain_stats":[{"Centennial Puzzle":9,"NeowsBlessing":0,"Golden Idol":12,"Charon\u0027s Ashes":7,"Burning Blood":0},{"Centennial Puzzle":3,"NeowsBlessing":0,"Golden Idol":4,"Charon\u0027s Ashes":3,"Burning Blood":0},{"Centennial Puzzle":3,"NeowsBlessing":0,"Golden Idol":7,"Charon\u0027s Ashes":3,"Burning Blood":0}],"Burning Blood":18},"card_choices":[{"not_picked":["Headbutt","Flex"],"picked":"Feel No Pain","floor":1},{"not_picked":["Perfected Strike","Flex"],"picked":"Whirlwind","floor":5},{"not_picked":["Combust","Body Slam"],"picked":"True Grit","floor":7},{"not_picked":["Wild Strike","Iron Wave","Flex"],"picked":"SKIP","floor":11},{"not_picked":["Wild Strike","Bloodletting"],"picked":"Sword Boomerang","floor":14}],"player_experience":38706,"relics_obtained":[{"floor":7,"key":"Charon\u0027s Ashes"},{"floor":9,"key":"Centennial Puzzle"}],"event_choices":[{"damage_healed":0,"gold_gain":0,"player_choice":"Ignored","damage_taken":0,"max_hp_gain":0,"max_hp_loss":0,"event_name":"Liars Game","floor":2,"gold_loss":0},{"damage_healed":0,"gold_gain":0,"player_choice":"Entered Light","damage_taken":16,"max_hp_gain":0,"max_hp_loss":0,"event_name":"Shining Light","floor":3,"gold_loss":0,"cards_upgraded":["Defend_R","Bash"]},{"damage_healed":0,"gold_gain":0,"cards_transformed":["Strike_R"],"player_choice":"Change","damage_taken":0,"max_hp_gain":0,"max_hp_loss":0,"event_name":"Living Wall","floor":4,"gold_loss":0,"cards_obtained":["Exhume"]},{"damage_healed":0,"gold_gain":0,"player_choice":"Lose Max HP","damage_taken":0,"relics_obtained":["Golden Idol"],"max_hp_gain":0,"max_hp_loss":6,"event_name":"Golden Idol","floor":12,"gold_loss":0}],"is_beta":false,"boss_relics":[],"items_purged_floors":[10],"is_endless":false,"potions_floor_spawned":[11,14],"killed_by":"Hexaghost","ascension_level":4}}