{"host":"lts6tz2h67nqtpoe","time":1609476104,"event":{"mods":["AchievementEnabler","BaseMod","Colored Powertips","Downfall","Googly Eyes","Minty Spire (QoL Compilation)","Permanent Neow","Quick Restart","Replay The Spire","StSLib"],"gold_per_floor":[111,111,111,180,105,130,130,174,174,200,210,210],"floor_reached":11,"playtime":392,"items_purged":["Pain"],"score":158,"play_id":"88008f58-0663-4841-bed9-20669d06a172","local_time":"20201231204144","is_ascension_mode":true,"campfire_choices":[{"floor":7.0,"key":"REST"}],"circlet_count":0,"master_deck":["AscendersBane","Strike_G+1","Strike_G+1","Strike_G+1","Strike_G+1","Strike_G+1","Defend_G","Defend_G","Defend_G","Defend_G","Defend_G","Survivor","Neutralize","Storm of Steel","Phantasmal Killer"],"relics":["Fusion Hammer","Ancient Tea Set","Replay:Bandana","Smiling Mask","Replay:Bottled Eggs"],"acts_visited":["Exordium"],"potions_floor_usage":[],"damage_taken":[{"damage":4.0,"enemies":"Small Slimes","floor":1.0,"turns":4.0},{"damage":41.0,"enemies":"Gremlin Nob","floor":6.0,"turns":6.0},{"damage":26.0,"enemies":"3 Sentries","floor":8.0,"turns":13.0},{"damage":0.0,"enemies":"2 Louse","floor":10.0,"turns":3.0},{"damage":20,"enemies":"Lagavulin","floor":11,"turns":4}],"seed_played":"6163785560693764247","potions_obtained":[{"floor":1.0,"key":"FearPotion"},{"floor":4.0,"key":"Guardian:BlockOnCardUsePotion"},{"floor":6.0,"key":"Poison Potion"}],"is_trial":false,"path_per_floor":["M","?","?","?","$","E","R","E","T","M","E"],"character_chosen":"THE_SILENT","items_purchased":[],"campfire_rested":1,"item_purchase_floors":[],"current_hp_per_floor":[55,55,55,55,55,14,33,7,7,7,0,0],"gold":210,"neow_bonus":"BOSS_RELIC","is_daily":false,"chose_seed":false,"campfire_upgraded":0,"win_rate":0.0,"timestamp":1609476104,"path_taken":["M","?","?","?","$","E","R","E","T","M","E"],"items_purchased_type":[],"build_version":"2020-12-22","purchased_purges":1,"victory":false,"max_hp_per_floor":[66,66,66,66,66,66,66,66,66,66,66,66],"card_choices":[{"not_picked":["Leg Sweep","Poisoned Stab","Quick Slash"],"picked":"SKIP","floor":1.0},{"not_picked":["Dagger Spray","Poisoned Stab"],"picked":"Storm of Steel","floor":6.0},{"not_picked":["Quick Slash","Dagger Throw","Slice"],"picked":"SKIP","floor":8.0},{"not_picked":["Setup","Cloak And Dagger"],"picked":"Phantasmal Killer","floor":10.0}],"player_experience":303269,"relics_obtained":[{"floor":4.0,"key":"Ancient Tea Set"},{"floor":6.0,"key":"Replay:Bandana"},{"floor":8.0,"key":"Smiling Mask"},{"floor":9.0,"key":"Replay:Bottled Eggs"}],"event_choices":[{"damage_healed":0.0,"max_hp_gain":0.0,"max_hp_loss":0.0,"gold_gain":0.0,"event_name":"Golden Wing","player_choice":"Ignored","floor":2.0,"gold_loss":0.0,"damage_taken":0.0},{"damage_healed":0.0,"max_hp_gain":0.0,"max_hp_loss":0.0,"gold_gain":0.0,"event_name":"Shining Light","player_choice":"Ignored","floor":3.0,"gold_loss":0.0,"damage_taken":0.0}],"is_beta":false,"boss_relics":[],"items_purged_floors":[5],"is_endless":false,"potions_floor_spawned":[1,6],"killed_by":"Lagavulin","ascension_level":20}}