{"host":"u1pme1jhvp02dnrz","time":1609463251,"event":{"mods":["AchievementEnabler","BaseMod","Bestiary","Colored Map","Colored Powertips","Highlight Path","Minty Spire (QoL Compilation)","Relic Stats"],"gold_per_floor":[109,109,124,144,1,1,1,1,1,1,0,0,11,11,11,108,108,108],"floor_reached":17,"playtime":1621,"items_purged":[],"score":143,"play_id":"1db1418b-3637-4957-9924-f89dcbda193a","local_time":"20201231200731","is_ascension_mode":false,"campfire_choices":[{"data":"Wallop","floor":6.0,"key":"SMITH"},{"data":"Evaluate","floor":15.0,"key":"SMITH"}],"circlet_count":0,"master_deck":["Strike_P","Strike_P","Strike_P","Strike_P","Defend_P","Defend_P","Defend_P","Defend_P","Eruption","Vigilance","FollowUp+1","Evaluate+1","Wallop+1","FollowUp","Tantrum","Scrawl"],"relics":["PureWater","NeowsBlessing","Juzu Bracelet","Pantograph","Black Star"],"acts_visited":["Exordium","TheCity"],"potions_floor_usage":[],"damage_taken":[{"damage":0.0,"enemies":"2 Louse","floor":1.0,"turns":1.0},{"damage":0.0,"enemies":"Jaw Worm","floor":3.0,"turns":1.0},{"damage":0.0,"enemies":"Cultist","floor":4.0,"turns":1.0},{"damage":12.0,"enemies":"Exordium Thugs","floor":13.0,"turns":4.0},{"damage":29.0,"enemies":"Hexaghost","floor":16.0,"turns":7.0}],"seed_played":"2951370717948073349","potions_obtained":[{"floor":1.0,"key":"LiquidBronze"},{"floor":16.0,"key":"Fire Potion"}],"is_trial":false,"path_per_floor":["M","?","M","M","$","R","?","?","T","$","?","$","M","$","R","B",null],"character_chosen":"WATCHER","items_purchased":["Juzu Bracelet"],"campfire_rested":0,"item_purchase_floors":[5],"current_hp_per_floor":[72,72,72,72,72,72,72,72,72,72,72,72,60,60,60,43,72,72],"gold":108,"neow_bonus":"THREE_ENEMY_KILL","is_daily":false,"chose_seed":false,"campfire_upgraded":2,"win_rate":0.0,"timestamp":1609463251,"path_taken":["M","?","M","M","$","R","?","?","T","$","?","$","M","?","R","BOSS"],"items_purchased_type":["Relic"],"build_version":"2020-12-22","purchased_purges":0,"victory":false,"max_hp_per_floor":[72,72,72,72,72,72,72,72,72,72,72,72,72,72,72,72,72,72],"relic_stats":{"counters":[5,14],"Pantograph":12,"Juzu Bracelet":1,"Black Star":0,"obtain_stats":[{"NeowsBlessing":0,"Pantograph":9,"Juzu Bracelet":5,"Black Star":17,"PureWater":0},{"NeowsBlessing":0,"Pantograph":3,"Juzu Bracelet":3,"Black Star":5,"PureWater":0},{"NeowsBlessing":0,"Pantograph":3,"Juzu Bracelet":3,"Black Star":14,"PureWater":0}]},"card_choices":[{"not_picked":["Nirvana","SashWhip"],"picked":"FollowUp","floor":1.0},{"not_picked":["Perseverance","PathToVictory"],"picked":"Evaluate","floor":3.0},{"not_picked":["InnerPeace","Sanctity"],"picked":"Wallop","floor":4.0},{"not_picked":["FlyingSleeves","Worship"],"picked":"Tantrum","floor":13.0},{"not_picked":["MasterReality","Alpha"],"picked":"Scrawl","floor":16.0}],"player_experience":197229,"relics_obtained":[{"floor":9.0,"key":"Pantograph"}],"event_choices":[{"damage_healed":0.0,"max_hp_gain":0.0,"max_hp_loss":0.0,"gold_gain":0.0,"event_name":"Living Wall","player_choice":"Grow","floor":2.0,"gold_loss":0.0,"damage_taken":0.0,"cards_upgraded":["FollowUp"]},{"damage_healed":0.0,"max_hp_gain":0.0,"max_hp_loss":0.0,"gold_gain":0.0,"event_name":"NoteForYourself","player_choice":"Ignored","floor":7.0,"gold_loss":0.0,"damage_taken":0.0},{"damage_healed":0.0,"max_hp_gain":0.0,"max_hp_loss":0.0,"gold_gain":0.0,"event_name":"Match and Keep!","player_choice":"1 cards matched","floor":8.0,"gold_loss":0.0,"damage_taken":0.0,"cards_obtained":["FollowUp"]},{"damage_healed":0.0,"max_hp_gain":0.0,"max_hp_loss":0.0,"gold_gain":0.0,"event_name":"World of Goop","player_choice":"Left Gold","floor":11.0,"gold_loss":1.0,"damage_taken":0.0}],"is_beta":false,"boss_relics":[{"not_picked":["SlaversCollar","Snecko Eye"],"picked":"Black Star"}],"items_purged_floors":[],"is_endless":false,"potions_floor_spawned":[1,16],"ascension_level":0}}