{"host":"fm9e0lfunjlbhzxv","time":1609470888,"event":{"mods":["2.2 Compatiblity","Astrologer","BaseMod","Better Match","Better Skull","Better Third Choice","Colored Map","Colored Powertips","Downfall","Key Reminder","Minty Spire (QoL Compilation)","Permanent Neow","Rare Cards Sparkle","Relic Stats","Remilia??????","StSLib","The Administrix","The Bug Knight","The Cursed","The Disciple","The Mystic","The Servant 0.9.4","The Vixen","slay the spire mod where everything is the same but ironclad has a cowboy hat"],"gold_per_floor":[166,266,282,293,293,293,73,105,130,159,175,125,141,141,141,237,237,270,270,25,38,58,103,137,62,115,162,162,197,197,243,243,341,341,351,351,261,273,303,333,369,172,172,188,239,259,293,311,311,331,331,331,37,62,62],"floor_reached":56,"playtime":4236,"items_purged":["Strike_RM","Strike_RM","Defend_RM","FavorOfDestiny+1"],"score":1404,"play_id":"61e75cfb-e595-499b-8f6a-8f2a0c4dc08c","local_time":"20201231191448","is_ascension_mode":true,"campfire_choices":[{"data":"KillingBlow","floor":6,"key":"SMITH"},{"data":"ScarletGensokyo","floor":15,"key":"SMITH"},{"data":"ScarletShoot","floor":28,"key":"SMITH"},{"data":"expansioncontent:Chronoboost","floor":30,"key":"SMITH"},{"floor":32,"key":"RECALL"},{"data":"Defend_RM","floor":49,"key":"SMITH"},{"data":"TwelveNightmare","floor":52,"key":"SMITH"}],"circlet_count":0,"master_deck":["Defend_RM+1","Defend_RM+1","RedMoon+1","ScarletShoot+1","LeisurelyOfLord+1","ScarletImprint+1","TwelveNightmare+1","KillingBlow+1","UnstableMagic+1","ScarletDevil+1","ScarletImprint+1","TransientEternity","Stigmanizer+1","expansioncontent:Chronoboost+1","TwelveNightmare","MastersStateliness+1"],"relics":["Tiny House","Orichalcum","War Paint","Anchor","Molten Egg 2","Mango","Busted Crown","PreservedInsect","Oddly Smooth Stone","Whetstone","Vajra","Pen Nib","Lizard Tail","ScarletEmblem","WingedGreaves","Mummified Hand","TheVixenMod:UmbreonRelic","Torii","Bag of Marbles","Centennial Puzzle"],"acts_visited":["Exordium","TheCity","TheBeyond","TheEnding"],"potions_floor_usage":[31,38,47,55],"damage_taken":[{"damage":3,"enemies":"Jaw Worm","floor":1,"turns":4},{"damage":8,"enemies":"Cultist","floor":3,"turns":6},{"damage":0,"enemies":"2 Louse","floor":4,"turns":3},{"damage":1,"enemies":"Gremlin Nob","floor":8,"turns":2},{"damage":24,"enemies":"HollowMod:MossKnight","floor":10,"turns":7},{"damage":10,"enemies":"Exordium Thugs","floor":11,"turns":6},{"damage":0,"enemies":"Looter","floor":13,"turns":3},{"damage":32,"enemies":"Hexaghost","floor":16,"turns":12},{"damage":0,"enemies":"Chosen","floor":18,"turns":2},{"damage":0,"enemies":"Spheric Guardian","floor":21,"turns":1},{"damage":22,"enemies":"Snecko","floor":22,"turns":6},{"damage":0,"enemies":"Book of Stabbing","floor":23,"turns":3},{"damage":4,"enemies":"Centurion and Healer","floor":24,"turns":5},{"damage":21,"enemies":"Gremlin Leader","floor":27,"turns":3},{"damage":11,"enemies":"Book of Stabbing","floor":29,"turns":5},{"damage":26,"enemies":"Slavers","floor":31,"turns":4},{"damage":16,"enemies":"Automaton","floor":33,"turns":7},{"damage":1,"enemies":"3 Darklings","floor":35,"turns":4},{"damage":5,"enemies":"3 Shapes","floor":38,"turns":4},{"damage":0,"enemies":"Sphere and 2 Shapes","floor":39,"turns":4},{"damage":24,"enemies":"Reptomancer","floor":40,"turns":3},{"damage":10,"enemies":"Writhing Mass","floor":41,"turns":5},{"damage":4,"enemies":"3 Darklings","floor":44,"turns":3},{"damage":13,"enemies":"Giant Head","floor":45,"turns":7},{"damage":1,"enemies":"Giant Head","floor":46,"turns":4},{"damage":14,"enemies":"Reptomancer","floor":47,"turns":3},{"damage":17,"enemies":"Transient","floor":48,"turns":5},{"damage":11,"enemies":"Donu and Deca","floor":50,"turns":8},{"damage":1,"enemies":"Shield and Spear","floor":54,"turns":4},{"damage":44,"enemies":"The Heart","floor":55,"turns":8}],"seed_played":"6902582889707779195","potions_obtained":[{"floor":0,"key":"EntropicBrew"},{"floor":1,"key":"Regen Potion"},{"floor":10,"key":"Ancient Potion"},{"floor":13,"key":"BlessingOfTheForge"},{"floor":16,"key":"Swift Potion"},{"floor":29,"key":"sneckomod:MuddlingPotion"},{"floor":31,"key":"FearPotion"},{"floor":33,"key":"LiquidMemories"},{"floor":47,"key":"DestinyDice"},{"floor":48,"key":"GamblersBrew"}],"is_trial":false,"path_per_floor":["M","?","M","M","?","R","$","E","T","E","M","?","M","T","R","B",null,"M","?","$","M","M","E","M","?","T","E","R","E","R","E","R","B",null,"M","?","?","M","M","E","M","$","T","M","E","?","E","M","R","B",null,"R","$","E","B",null],"character_chosen":"REMILIA","items_purchased":["Orichalcum","PreservedInsect","TwelveNightmare","Bag of Marbles"],"campfire_rested":0,"item_purchase_floors":[7,20,42,53],"current_hp_per_floor":[80,80,72,72,72,72,72,73,73,55,47,47,47,61,61,45,94,94,94,94,94,72,83,87,87,87,74,74,72,72,58,58,64,94,93,89,89,84,84,60,57,57,57,57,78,81,75,89,89,89,89,89,89,89,89],"gold":62,"neow_bonus":"BOSS_RELIC","is_daily":false,"chose_seed":false,"campfire_upgraded":6,"win_rate":0.0,"timestamp":1609470888,"path_taken":["M","?","?","M","?","R","?","E","T","E","M","?","M","?","R","BOSS","M","?","$","?","M","E","M","?","T","E","R","E","R","E","R","BOSS","M","?","?","M","M","E","?","$","T","?","E","?","E","M","R","BOSS","R","$","E","BOSS"],"items_purchased_type":["Relic","Relic","Card","Relic"],"build_version":"2020-12-22","purchased_purges":4,"victory":true,"max_hp_per_floor":[80,80,80,80,80,80,80,80,80,80,80,80,80,94,94,94,94,94,94,94,94,94,94,94,94,94,94,94,94,94,94,94,94,94,94,89,89,89,89,89,89,89,89,89,89,89,89,89,89,89,89,89,89,89,89],"relic_stats":{"Lizard Tail":0,"Centennial Puzzle":[3],"Busted Crown":48,"Torii":14,"counters":[30,141],"Mummified Hand":[23],"PreservedInsect":480,"Pen Nib":[23],"Whetstone":["ScarletImprint","LeisurelyOfLord"],"Orichalcum":[60],"War Paint":["UnstableMagic","RedMoon"],"obtain_stats":[{"Tiny House":0,"Torii":47,"Oddly Smooth Stone":23,"Vajra":27,"Mango":14,"PreservedInsect":20,"Pen Nib":29,"Whetstone":26,"ScarletEmblem":34,"Orichalcum":7,"War Paint":8,"ScarletHat":0,"keyreminder:keyreminder":31,"Anchor":9,"Lizard Tail":31,"Centennial Puzzle":54,"Busted Crown":17,"Mummified Hand":45,"Molten Egg 2":10,"WingedGreaves":40,"Bag of Marbles":53,"TheVixenMod:UmbreonRelic":46},{"Tiny House":0,"Torii":26,"Oddly Smooth Stone":12,"Vajra":14,"Mango":7,"PreservedInsect":9,"Pen Nib":15,"Whetstone":13,"ScarletEmblem":17,"Orichalcum":3,"War Paint":4,"ScarletHat":0,"keyreminder:keyreminder":16,"Anchor":4,"Lizard Tail":16,"Centennial Puzzle":29,"Busted Crown":8,"Mummified Hand":24,"Molten Egg 2":5,"WingedGreaves":21,"Bag of Marbles":28,"TheVixenMod:UmbreonRelic":24},{"Tiny House":0,"Torii":116,"Oddly Smooth Stone":55,"Vajra":63,"Mango":31,"PreservedInsect":45,"Pen Nib":68,"Whetstone":60,"ScarletEmblem":79,"Orichalcum":13,"War Paint":15,"ScarletHat":0,"keyreminder:keyreminder":72,"Anchor":15,"Lizard Tail":72,"Centennial Puzzle":133,"Busted Crown":43,"Mummified Hand":109,"Molten Egg 2":22,"WingedGreaves":94,"Bag of Marbles":129,"TheVixenMod:UmbreonRelic":109}]},"card_choices":[{"not_picked":["UnderTheZenith","BloodHunter"],"picked":"LeisurelyOfLord","floor":0},{"not_picked":["BlasphemousPunishment","CharismaGuard"],"picked":"ScarletImprint","floor":1},{"not_picked":["ScarletDevilSign","RedMagic"],"picked":"ScarletGensokyo","floor":3},{"not_picked":["CharismaGuard","BloodHunter"],"picked":"TwelveNightmare","floor":4},{"not_picked":["EndlessAdversity","KillingBlow"],"picked":"UnstableMagic","floor":8},{"not_picked":["RedMagic","BadLadyScramble"],"picked":"ScarletDevil+1","floor":10},{"not_picked":["LeisurelyOfLord+1","BlasphemousPunishment"],"picked":"ScarletImprint+1","floor":11},{"not_picked":["ScarletSymphony","MastersStateliness"],"picked":"FavorOfDestiny","floor":13},{"not_picked":["CeilingFear","EquivalentExchange"],"picked":"TransientEternity","floor":16},{"not_picked":[],"picked":"Stigmanizer+1","floor":18},{"not_picked":["DiffusionOfMisfortune+1"],"picked":"SKIP","floor":21},{"not_picked":["RedRainbow+1"],"picked":"SKIP","floor":22},{"not_picked":["RedMagic"],"picked":"SKIP","floor":23},{"not_picked":["BloodHunter"],"picked":"SKIP","floor":24},{"not_picked":[],"picked":"expansioncontent:Chronoboost","floor":25},{"not_picked":["BombardNight+1"],"picked":"SKIP","floor":27},{"not_picked":["VampireFantasy"],"picked":"SKIP","floor":29},{"not_picked":["ScarletImprint+1"],"picked":"SKIP","floor":31},{"not_picked":["BloodHunter+1"],"picked":"SKIP","floor":35},{"not_picked":["BloodyTrap+1"],"picked":"SKIP","floor":38},{"not_picked":["EndlessAdversity+1"],"picked":"SKIP","floor":39},{"not_picked":["ScarletGensokyo+1"],"picked":"SKIP","floor":40},{"not_picked":["RedRainbow+1"],"picked":"SKIP","floor":41},{"not_picked":[],"picked":"MastersStateliness+1","floor":44},{"not_picked":["Stigmanizer+1"],"picked":"SKIP","floor":45},{"not_picked":["EndlessAdversity+1"],"picked":"SKIP","floor":47},{"not_picked":["Stigmanizer+1"],"picked":"SKIP","floor":48},{"not_picked":["BloodAndWine+1"],"picked":"SKIP","floor":54}],"player_experience":712934,"relics_obtained":[{"floor":8,"key":"War Paint"},{"floor":9,"key":"Anchor"},{"floor":10,"key":"Molten Egg 2"},{"floor":14,"key":"Mango"},{"floor":23,"key":"Oddly Smooth Stone"},{"floor":26,"key":"Whetstone"},{"floor":27,"key":"Vajra"},{"floor":29,"key":"Pen Nib"},{"floor":31,"key":"Lizard Tail"},{"floor":40,"key":"WingedGreaves"},{"floor":45,"key":"Mummified Hand"},{"floor":47,"key":"Torii"},{"floor":54,"key":"Centennial Puzzle"}],"event_choices":[{"damage_healed":0,"gold_gain":100,"player_choice":"Pray","damage_taken":0,"max_hp_gain":0,"max_hp_loss":0,"event_name":"Golden Shrine","floor":2,"gold_loss":0},{"damage_healed":0,"gold_gain":0,"cards_transformed":["Defend_RM"],"player_choice":"Transformed","damage_taken":0,"max_hp_gain":0,"max_hp_loss":0,"event_name":"Transmorgrifier","floor":5,"gold_loss":0,"cards_obtained":["KillingBlow"]},{"cards_removed":["Strike_RM"],"damage_healed":0,"gold_gain":0,"player_choice":"Card Removal","damage_taken":0,"max_hp_gain":0,"max_hp_loss":0,"event_name":"The Cleric","floor":12,"gold_loss":50},{"cards_removed":["Strike_RM"],"damage_healed":0,"gold_gain":0,"player_choice":"Purged","damage_taken":0,"max_hp_gain":0,"max_hp_loss":0,"event_name":"Purifier","floor":19,"gold_loss":0},{"damage_healed":0,"gold_gain":0,"player_choice":"1","damage_taken":0,"max_hp_gain":0,"max_hp_loss":0,"event_name":"betterMatch:BetterMatch","floor":25,"gold_loss":0,"cards_obtained":["betterMatch:ColorlessUncommonCard","betterMatch:UncommonCard","betterMatch:ColorlessUncommonCard"]},{"damage_healed":0,"gold_gain":0,"player_choice":"Max HP","damage_taken":0,"max_hp_gain":0,"max_hp_loss":5,"event_name":"Winding Halls","floor":36,"gold_loss":0},{"cards_removed":["ScarletGensokyo"],"damage_healed":0,"gold_gain":0,"player_choice":"Upgrade and Remove","damage_taken":0,"max_hp_gain":0,"max_hp_loss":0,"event_name":"Designer","floor":37,"gold_loss":90,"cards_upgraded":["FavorOfDestiny"]},{"damage_healed":0,"gold_gain":0,"player_choice":"Fight the Beast\u0027s assailants","damage_taken":0,"relics_obtained":["TheVixenMod:UmbreonRelic"],"max_hp_gain":0,"max_hp_loss":0,"event_name":"Creature of the Night","floor":46,"gold_loss":0}],"is_beta":false,"boss_relics":[{"not_picked":["Philosopher\u0027s Stone","Fusion Hammer"],"picked":"Busted Crown"},{"not_picked":["APieceOfRedMist","SacredBark"],"picked":"ScarletEmblem"}],"items_purged_floors":[7,20,42,53],"is_endless":false,"potions_floor_spawned":[1,10,13,18,24,27,29,31,33,39,41,45,47,48,54],"ascension_level":1}}