{"host":"4cz9gr89nglr7k8k","time":1609540665,"event":{"mods":["BaseMod","Minty Spire (QoL Compilation)","Relic Stats","Slay-I"],"gold_per_floor":[119,119,4,17,29,29,47,47,47,47,47,47,63,63,63,141,141,157,157,77,95,0,0,0,17,63,63,113,128,128,141,141,141,141],"floor_reached":33,"playtime":890,"items_purged":[],"score":470,"play_id":"def5ac72-7373-48f6-a12b-65c002f60915","local_time":"20210101233745","is_ascension_mode":true,"campfire_choices":[{"data":"Rampage","floor":6,"key":"SMITH"},{"data":"Flame Barrier","floor":8,"key":"SMITH"},{"data":"Ghostly Armor","floor":10,"key":"SMITH"},{"data":"Sword Boomerang","floor":12,"key":"SMITH"},{"data":"Sever Soul","floor":15,"key":"SMITH"},{"floor":23,"key":"REST"},{"floor":30,"key":"REST"},{"floor":32,"key":"REST"}],"circlet_count":0,"master_deck":["AscendersBane","Strike_R+1","Strike_R+1","Strike_R+1","Strike_R+1","Defend_R+1","Defend_R+1","Bash","Clothesline","Rampage+1","Ghostly Armor+1","Sword Boomerang+1","Flame Barrier+1","Intimidate","Sever Soul+1","Impervious","Twin Strike","Infernal Blade","Cleave","Decay","Power Through","Cleave","Thunderclap"],"relics":["Burning Blood","NeowsBlessing","Darkstone Periapt","Empty Cage","Anchor"],"acts_visited":["Exordium","TheCity"],"potions_floor_usage":[21,33],"damage_taken":[{"damage":0,"enemies":"Cultist","floor":1,"turns":1},{"damage":0,"enemies":"Small Slimes","floor":4,"turns":1},{"damage":0,"enemies":"2 Louse","floor":5,"turns":1},{"damage":17,"enemies":"Large Slime","floor":7,"turns":6},{"damage":0,"enemies":"2 Fungi Beasts","floor":13,"turns":4},{"damage":65,"enemies":"The Guardian","floor":16,"turns":15},{"damage":40,"enemies":"Spheric Guardian","floor":18,"turns":6},{"damage":24,"enemies":"Shell Parasite","floor":21,"turns":5},{"damage":26,"enemies":"Snecko","floor":25,"turns":7},{"damage":10,"enemies":"Snake Plant","floor":29,"turns":5},{"damage":32,"enemies":"3 Cultists","floor":31,"turns":6},{"damage":72,"enemies":"Automaton","floor":33,"turns":6}],"seed_played":"-2291764851482417141","potions_obtained":[{"floor":7,"key":"SteroidPotion"},{"floor":25,"key":"Energy Potion"},{"floor":29,"key":"ElixirPotion"}],"is_trial":false,"path_per_floor":["M","?","$","M","M","R","M","R","T","R","$","R","M","$","R","B",null,"M","?","$","M","?","R","?","M","T","?","?","M","R","M","R","B"],"character_chosen":"IRONCLAD","items_purchased":["Rampage","Ghostly Armor","Infernal Blade"],"campfire_rested":3,"item_purchase_floors":[3,3,20],"current_hp_per_floor":[74,74,74,75,75,75,64,64,64,64,64,64,70,70,70,11,59,25,25,25,7,7,29,35,15,15,31,31,27,51,25,49,0,0],"gold":141,"neow_bonus":"THREE_ENEMY_KILL","is_daily":false,"chose_seed":false,"campfire_upgraded":5,"win_rate":0.0,"timestamp":1609540665,"path_taken":["M","?","$","?","M","R","M","R","T","R","?","R","M","$","R","BOSS","M","?","$","M","?","R","?","M","T","?","?","M","R","?","R","BOSS"],"items_purchased_type":["Card","Card","Card"],"build_version":"2020-12-22","purchased_purges":0,"victory":false,"max_hp_per_floor":[75,75,75,75,75,75,75,75,75,75,75,75,75,75,75,75,75,75,75,75,75,75,75,81,81,81,81,81,81,81,81,81,81,81],"relic_stats":{"Darkstone Periapt":6,"counters":[12,63],"obtain_stats":[{"Darkstone Periapt":9,"Anchor":26,"NeowsBlessing":0,"Empty Cage":17,"Burning Blood":0},{"Darkstone Periapt":4,"Anchor":9,"NeowsBlessing":0,"Empty Cage":6,"Burning Blood":0},{"Darkstone Periapt":9,"Anchor":46,"NeowsBlessing":0,"Empty Cage":28,"Burning Blood":0}],"Burning Blood":55},"card_choices":[{"not_picked":["Armaments","Wild Strike"],"picked":"Clothesline","floor":1},{"not_picked":["Havoc","Body Slam"],"picked":"Sword Boomerang","floor":4},{"not_picked":["Warcry","Iron Wave"],"picked":"Flame Barrier","floor":5},{"not_picked":["Wild Strike","Headbutt"],"picked":"Intimidate","floor":7},{"not_picked":["Sentinel","True Grit"],"picked":"Sever Soul","floor":13},{"not_picked":["Juggernaut","Limit Break"],"picked":"Impervious","floor":16},{"not_picked":["Perfected Strike","Headbutt"],"picked":"Twin Strike","floor":18},{"not_picked":["Dropkick","Evolve"],"picked":"Cleave","floor":21},{"not_picked":["Ghostly Armor","Sword Boomerang"],"picked":"Power Through","floor":25},{"not_picked":["Brutality","Clothesline"],"picked":"Cleave","floor":29},{"not_picked":["Ghostly Armor","Sword Boomerang"],"picked":"Thunderclap","floor":31}],"player_experience":1470760,"relics_obtained":[{"floor":9,"key":"Darkstone Periapt"},{"floor":26,"key":"Anchor"}],"event_choices":[{"cards_removed":["Defend_R"],"damage_healed":0,"gold_gain":0,"player_choice":"Purged","damage_taken":0,"max_hp_gain":0,"max_hp_loss":0,"event_name":"Purifier","floor":2,"gold_loss":0},{"damage_healed":0,"gold_gain":0,"player_choice":"Simplicity","damage_taken":0,"max_hp_gain":0,"max_hp_loss":0,"event_name":"Back to Basics","floor":19,"gold_loss":0,"cards_upgraded":["Strike_R","Strike_R","Strike_R","Strike_R","Defend_R","Defend_R"]},{"damage_healed":0,"gold_gain":0,"player_choice":"Paid Fearfully","damage_taken":0,"max_hp_gain":0,"max_hp_loss":0,"event_name":"Masked Bandits","floor":22,"gold_loss":95},{"damage_healed":0,"gold_gain":0,"player_choice":"Smashed Altar","damage_taken":0,"max_hp_gain":0,"max_hp_loss":0,"event_name":"Forgotten Altar","floor":24,"gold_loss":0,"cards_obtained":["Decay"]},{"damage_healed":16,"gold_gain":0,"player_choice":"Heal","damage_taken":0,"max_hp_gain":0,"max_hp_loss":0,"event_name":"The Library","floor":27,"gold_loss":0},{"damage_healed":0,"gold_gain":100,"player_choice":"Bet on Murderer","damage_taken":0,"max_hp_gain":0,"max_hp_loss":0,"event_name":"The Joust","floor":28,"gold_loss":50}],"is_beta":false,"boss_relics":[{"not_picked":["Runic Pyramid","Velvet Choker"],"picked":"Empty Cage"}],"items_purged_floors":[],"is_endless":false,"potions_floor_spawned":[7,25,29],"killed_by":"Automaton","ascension_level":20}}