{"host":"novohdx135h0xyrr","time":1609461489,"event":{"mods":["BaseMod","Colored Map","Colored Powertips","Highlight Path","Minty Spire (QoL Compilation)"],"gold_per_floor":[109,109,126,126,51,80,92,92,116,116,116,134,167,187,187,284,284,304,323,323,323],"floor_reached":20,"playtime":1488,"items_purged":["Defend_P"],"score":184,"play_id":"0425a680-19e6-458f-85b3-4339eef4e6ec","local_time":"20201231163809","is_ascension_mode":false,"campfire_choices":[{"data":"Vigilance","floor":8,"key":"SMITH"},{"data":"CarveReality","floor":11,"key":"SMITH"},{"floor":15,"key":"REST"}],"circlet_count":0,"master_deck":["Strike_P","Strike_P","Strike_P","Defend_P","Defend_P","Defend_P","Eruption+1","Vigilance+1","ClearTheMind","EmptyFist","Evaluate","CarveReality+1","Consecrate","EmptyBody","EmptyFist","ReachHeaven"],"relics":["PureWater","Art of War","Regal Pillow","Mummified Hand","SlaversCollar"],"acts_visited":["Exordium","TheCity"],"potions_floor_usage":[6,6,12,13,16,16,19,19,20],"damage_taken":[{"damage":1,"enemies":"Jaw Worm","floor":1,"turns":5},{"damage":0,"enemies":"Small Slimes","floor":3,"turns":4},{"damage":18,"enemies":"Lagavulin","floor":6,"turns":5},{"damage":0,"enemies":"Cultist","floor":7,"turns":3},{"damage":0,"enemies":"Exordium Wildlife","floor":12,"turns":3},{"damage":33,"enemies":"Gremlin Nob","floor":13,"turns":4},{"damage":0,"enemies":"Gremlin Gang","floor":14,"turns":2},{"damage":70,"enemies":"Slime Boss","floor":16,"turns":15},{"damage":41,"enemies":"3 Byrds","floor":18,"turns":5},{"damage":2,"enemies":"2 Thieves","floor":19,"turns":4},{"damage":47,"enemies":"Snake Plant","floor":20,"turns":5}],"seed_played":"7798340369828437443","potions_obtained":[{"floor":0,"key":"BottledMiracle"},{"floor":0,"key":"SneckoOil"},{"floor":0,"key":"ColorlessPotion"},{"floor":3,"key":"Strength Potion"},{"floor":10,"key":"ColorlessPotion"},{"floor":10,"key":"Explosive Potion"},{"floor":13,"key":"GamblersBrew"},{"floor":14,"key":"Regen Potion"},{"floor":16,"key":"EntropicBrew"}],"is_trial":false,"path_per_floor":["M","?","M","?","$","E","M","R","T","?","R","M","E","M","R","B",null,"M","M","M"],"character_chosen":"WATCHER","items_purchased":[],"campfire_rested":1,"item_purchase_floors":[],"current_hp_per_floor":[71,71,71,71,71,53,53,53,53,53,53,53,20,20,56,1,72,31,29,0,0],"gold":323,"neow_bonus":"THREE_SMALL_POTIONS","is_daily":false,"chose_seed":false,"campfire_upgraded":2,"win_rate":0.0,"timestamp":1609461489,"path_taken":["M","?","M","?","$","E","?","R","T","?","R","M","E","M","R","BOSS","M","M","?"],"items_purchased_type":[],"build_version":"2020-12-22","purchased_purges":1,"victory":false,"max_hp_per_floor":[72,72,72,72,72,72,72,72,72,72,72,72,72,72,72,72,72,72,72,72,72],"card_choices":[{"not_picked":["MentalFortress","WaveOfTheHand"],"picked":"ClearTheMind","floor":1},{"not_picked":["ClearTheMind","Consecrate"],"picked":"EmptyFist","floor":3},{"not_picked":["FollowUp","Tantrum"],"picked":"Evaluate","floor":6},{"not_picked":["EmptyFist","Collect"],"picked":"CarveReality","floor":7},{"not_picked":["Indignation","JustLucky"],"picked":"Consecrate","floor":12},{"not_picked":["PathToVictory","Ragnarok"],"picked":"EmptyBody","floor":13},{"not_picked":["JustLucky","Halt"],"picked":"EmptyFist","floor":14},{"not_picked":["CrushJoints","Consecrate"],"picked":"ReachHeaven","floor":18},{"not_picked":["Halt","Consecrate+1","Adaptation"],"picked":"SKIP","floor":19}],"player_experience":160664,"relics_obtained":[{"floor":6,"key":"Art of War"},{"floor":9,"key":"Regal Pillow"},{"floor":13,"key":"Mummified Hand"}],"event_choices":[{"damage_healed":0,"gold_gain":0,"player_choice":"Grow","damage_taken":0,"max_hp_gain":0,"max_hp_loss":0,"event_name":"Living Wall","floor":2,"gold_loss":0,"cards_upgraded":["Eruption"]},{"cards_removed":["Strike_P"],"damage_healed":0,"gold_gain":0,"player_choice":"Purged","damage_taken":0,"max_hp_gain":0,"max_hp_loss":0,"event_name":"Purifier","floor":4,"gold_loss":0},{"damage_healed":0,"gold_gain":0,"player_choice":"Got Potions","damage_taken":0,"max_hp_gain":0,"max_hp_loss":0,"event_name":"Lab","floor":10,"gold_loss":0}],"is_beta":false,"boss_relics":[{"not_picked":["Philosopher\u0027s Stone","Runic Dome"],"picked":"SlaversCollar"}],"items_purged_floors":[5],"is_endless":false,"potions_floor_spawned":[3,13,14,16],"killed_by":"Snake Plant","ascension_level":0}}