{"host":"1u4zr9vl8my47i07","time":1609459608,"event":{"mods":["AchievementEnabler","BaseMod","DeckTracker","Highlight Path","Keyboard Shortcuts","Minty Spire (QoL Compilation)","Practice Mode","Relic Stats","StSLib","The Animator","Uncapped"],"gold_per_floor":[99,119,132,144,144,144,174,187,212,212,238,248,248,274,274,274,351,351,362,362,362,362,382,382,411,425,451,282,301,321,356,368,368,440,440,451,451,465,465,475,475,506,506,561,581,581,605,605,619,619,619,619],"floor_reached":53,"playtime":2413,"items_purged":[],"score":2693,"play_id":"4ff546ef-7306-428e-979b-7b78e22bcd5c","local_time":"20210101090648","is_ascension_mode":true,"campfire_choices":[{"floor":16,"key":"REST"},{"data":"Fiend Fire","floor":24,"key":"SMITH"},{"floor":33,"key":"REST"},{"floor":41,"key":"REST"},{"floor":43,"key":"REST"},{"floor":46,"key":"REST"},{"floor":48,"key":"REST"},{"floor":50,"key":"REST"}],"circlet_count":0,"master_deck":["Blood for Blood+1","Shockwave+1","Fiend Fire+1","Battle Trance+1","Dark Embrace+1","Feel No Pain+1","Sentinel+1","Sentinel+1","Defend_R+1","Defend_R+1","Offering+1","Shrug It Off+1","Shrug It Off+1","Corruption+1","Whirlwind+1","Second Wind+1","Rage+1","Fiend Fire+1"],"relics":["Black Blood","Dead Branch","Blue Candle","Chemical X","Calipers","Bottled Tornado","Sozu","Bottled Lightning","Kunai","Pear","Paper Frog","Unceasing Top","Omamori","Mango","Bag of Preparation","Anchor"],"acts_visited":["Exordium","TheCity","TheBeyond"],"potions_floor_usage":[],"damage_taken":[{"damage":0,"enemies":"Cultist","floor":2,"turns":2},{"damage":0,"enemies":"Jaw Worm","floor":3,"turns":1},{"damage":6,"enemies":"Small Slimes","floor":4,"turns":1},{"damage":6,"enemies":"Gremlin Nob","floor":7,"turns":1},{"damage":6,"enemies":"Exordium Thugs","floor":8,"turns":2},{"damage":0,"enemies":"3 Sentries","floor":9,"turns":1},{"damage":6,"enemies":"Gremlin Nob","floor":11,"turns":1},{"damage":9,"enemies":"Looter","floor":12,"turns":1},{"damage":6,"enemies":"Lagavulin","floor":14,"turns":1},{"damage":6,"enemies":"Large Slime","floor":15,"turns":1},{"damage":6,"enemies":"Hexaghost","floor":17,"turns":1},{"damage":6,"enemies":"2 Thieves","floor":19,"turns":1},{"damage":9,"enemies":"3 Byrds","floor":23,"turns":2},{"damage":6,"enemies":"Gremlin Leader","floor":25,"turns":1},{"damage":6,"enemies":"Centurion and Healer","floor":26,"turns":1},{"damage":6,"enemies":"Snake Plant","floor":29,"turns":1},{"damage":6,"enemies":"Snecko","floor":30,"turns":1},{"damage":6,"enemies":"Book of Stabbing","floor":31,"turns":1},{"damage":9,"enemies":"Centurion and Healer","floor":32,"turns":1},{"damage":11,"enemies":"Automaton","floor":34,"turns":4},{"damage":12,"enemies":"3 Darklings","floor":36,"turns":1},{"damage":6,"enemies":"Orb Walker","floor":38,"turns":1},{"damage":9,"enemies":"Spire Growth","floor":40,"turns":1},{"damage":18,"enemies":"Reptomancer","floor":42,"turns":1},{"damage":15,"enemies":"Maw","floor":45,"turns":1},{"damage":6,"enemies":"3 Darklings","floor":49,"turns":1},{"damage":21,"enemies":"Donu and Deca","floor":51,"turns":1},{"damage":13,"enemies":"Awakened One","floor":52,"turns":3}],"seed_played":"6082960239282799889","potions_obtained":[],"is_trial":true,"path_per_floor":["M","M","M","M","?","$","E","M","E","T","E","M","?","E","M","R","B",null,"M","?","?","?","M","R","E","M","T","$","M","M","E","M","R","B",null,"M","?","M","?","M","R","E","R","T","M","R","T","R","M","R","B","B",null],"character_chosen":"IRONCLAD","items_purchased":["Omamori"],"campfire_rested":7,"item_purchase_floors":[28],"current_hp_per_floor":[68,75,75,75,80,80,80,80,80,80,90,90,90,90,90,90,90,90,90,63,63,95,95,95,95,95,95,95,95,95,109,109,109,109,109,109,109,109,109,109,109,103,109,109,106,109,109,109,109,109,100,99],"gold":619,"neow_bonus":"","is_daily":false,"chose_seed":false,"campfire_upgraded":1,"win_rate":0.0,"timestamp":1609459608,"path_taken":["M","M","?","?","?","E","M","E","T","E","M","?","E","?","R","BOSS","M","?","?","?","M","R","E","?","T","$","?","M","E","M","R","BOSS","M","?","M","?","M","R","E","R","T","M","R","?","R","M","R","BOSS","BOSS"],"items_purchased_type":["Relic"],"build_version":"2020-12-22","purchased_purges":0,"victory":true,"max_hp_per_floor":[75,75,75,75,80,80,80,80,80,80,90,90,90,90,90,90,90,90,90,95,95,95,95,95,95,95,95,95,95,95,109,109,109,109,109,109,109,109,109,109,109,109,109,109,109,109,109,109,109,109,109,109],"relic_stats":{"Sozu":6,"counters":[29,36],"Dead Branch":[576],"Blue Candle":[0],"Black Blood":204,"Bag of Preparation":[8],"Chemical X":[23],"Kunai":[10],"obtain_stats":[{"Calipers":0,"Pear":11,"Dead Branch":0,"Blue Candle":0,"Black Blood":0,"Mango":31,"Omamori":28,"Bag of Preparation":44,"Bottled Tornado":0,"Burning Blood":0,"Sozu":0,"Anchor":47,"Chemical X":0,"Bottled Lightning":9,"Kunai":10,"Unceasing Top":25,"Paper Frog":14},{"Calipers":0,"Pear":8,"Dead Branch":0,"Blue Candle":0,"Black Blood":0,"Mango":19,"Omamori":16,"Bag of Preparation":25,"Bottled Tornado":0,"Burning Blood":0,"Sozu":0,"Anchor":26,"Chemical X":0,"Bottled Lightning":7,"Kunai":7,"Unceasing Top":15,"Paper Frog":10},{"Calipers":0,"Pear":9,"Dead Branch":0,"Blue Candle":0,"Black Blood":0,"Mango":21,"Omamori":18,"Bag of Preparation":30,"Bottled Tornado":0,"Burning Blood":0,"Sozu":0,"Anchor":31,"Chemical X":0,"Bottled Lightning":8,"Kunai":8,"Unceasing Top":17,"Paper Frog":11}],"Unceasing Top":[0]},"card_choices":[{"not_picked":["Sword Boomerang","Clothesline","Heavy Blade"],"picked":"SKIP","floor":2},{"not_picked":["Clothesline","Warcry","Clash"],"picked":"SKIP","floor":3},{"not_picked":["Heavy Blade","Cleave","Dropkick"],"picked":"SKIP","floor":4},{"not_picked":["Feel No Pain","True Grit","Clothesline"],"picked":"SKIP","floor":7},{"not_picked":["Flex","True Grit","Uppercut"],"picked":"SKIP","floor":8},{"not_picked":["Uppercut","Brutality","Thunderclap"],"picked":"SKIP","floor":9},{"not_picked":["Dropkick","True Grit","Uppercut"],"picked":"SKIP","floor":11},{"not_picked":["Sword Boomerang","Pommel Strike","Dark Embrace"],"picked":"SKIP","floor":12},{"not_picked":["Pummel","Pommel Strike","Clash"],"picked":"SKIP","floor":14},{"not_picked":["Clothesline","True Grit","Sword Boomerang"],"picked":"SKIP","floor":15},{"not_picked":["Offering","Immolate"],"picked":"Fiend Fire","floor":17},{"not_picked":["Perfected Strike","Infernal Blade","Clash+1"],"picked":"SKIP","floor":19},{"not_picked":["Blood for Blood","Pommel Strike","Spot Weakness"],"picked":"SKIP","floor":23},{"not_picked":["Headbutt","Pommel Strike","Sentinel"],"picked":"SKIP","floor":25},{"not_picked":["Shrug It Off","Cleave+1","Carnage"],"picked":"SKIP","floor":26},{"not_picked":["Thunderclap","Cleave","Flex"],"picked":"SKIP","floor":29},{"not_picked":["Heavy Blade","Body Slam","Whirlwind"],"picked":"SKIP","floor":30},{"not_picked":["Armaments","Dark Embrace","Headbutt"],"picked":"SKIP","floor":31},{"not_picked":["Thunderclap+1","Battle Trance","Flex"],"picked":"SKIP","floor":32},{"not_picked":["Iron Wave","Flex","Combust"],"picked":"SKIP","floor":36},{"not_picked":["Sword Boomerang+1","Hemokinesis","Body Slam"],"picked":"SKIP","floor":38},{"not_picked":["Heavy Blade","Havoc","Infernal Blade"],"picked":"SKIP","floor":40},{"not_picked":["Clothesline","Heavy Blade","Flex"],"picked":"SKIP","floor":42},{"not_picked":["Armaments","Infernal Blade+1","Warcry+1"],"picked":"SKIP","floor":45},{"not_picked":["Clothesline","Combust","True Grit"],"picked":"SKIP","floor":49}],"player_experience":229928,"relics_obtained":[{"floor":9,"key":"Bottled Lightning"},{"floor":10,"key":"Kunai"},{"floor":11,"key":"Pear"},{"floor":14,"key":"Paper Frog"},{"floor":25,"key":"Unceasing Top"},{"floor":31,"key":"Mango"},{"floor":44,"key":"Bag of Preparation"},{"floor":47,"key":"Anchor"}],"event_choices":[{"damage_healed":0,"gold_gain":0,"player_choice":"Donut","damage_taken":0,"max_hp_gain":5,"max_hp_loss":0,"event_name":"Big Fish","floor":5,"gold_loss":0},{"cards_removed":["Rupture"],"damage_healed":0,"gold_gain":0,"player_choice":"Offered Uncommon","damage_taken":0,"max_hp_gain":0,"max_hp_loss":0,"event_name":"Bonfire Elementals","floor":13,"gold_loss":0},{"damage_healed":0,"gold_gain":0,"player_choice":"Shed Blood","damage_taken":32,"max_hp_gain":5,"max_hp_loss":0,"event_name":"Forgotten Altar","floor":20,"gold_loss":0},{"cards_removed":["Bash"],"damage_healed":0,"gold_gain":0,"player_choice":"Elegance","damage_taken":0,"max_hp_gain":0,"max_hp_loss":0,"event_name":"Back to Basics","floor":21,"gold_loss":0},{"damage_healed":32,"gold_gain":0,"player_choice":"Full Heal","damage_taken":0,"max_hp_gain":0,"max_hp_loss":0,"event_name":"Wheel of Change","floor":22,"gold_loss":0},{"cards_removed":["Defend_R"],"damage_healed":0,"gold_gain":0,"player_choice":"Removed Skill","damage_taken":0,"max_hp_gain":0,"max_hp_loss":0,"event_name":"Falling","floor":37,"gold_loss":0},{"damage_healed":0,"gold_gain":0,"player_choice":"Memory 1","damage_taken":0,"max_hp_gain":0,"max_hp_loss":0,"event_name":"SensoryStone","floor":39,"gold_loss":0}],"is_beta":false,"boss_relics":[{"not_picked":["Busted Crown","Coffee Dripper","Black Star"]},{"not_picked":["Pandora\u0027s Box","Snecko Eye","Velvet Choker"]}],"items_purged_floors":[],"is_endless":false,"potions_floor_spawned":[3,4,7,11,12,26,30,31,34,36,38,49],"ascension_level":20}}