{"host":"nqsrckqog5ia9mbo","time":1609540582,"event":{"mods":["AchievementEnabler","BaseMod","Colored Map","Highlight Path","Minty Spire (QoL Compilation)"],"gold_per_floor":[110,129,129,147,162,162,188,188,188,188,113,113,125,160,160,160,160],"floor_reached":16,"playtime":1424,"items_purged":["Rainbow"],"score":110,"play_id":"af8903aa-1c23-402a-9986-d94d19af849f","local_time":"20210101233622","is_ascension_mode":false,"campfire_choices":[{"floor":6,"key":"REST"},{"data":"Glacier","floor":8,"key":"SMITH"},{"data":"Coolheaded","floor":10,"key":"SMITH"},{"floor":15,"key":"REST"}],"circlet_count":0,"master_deck":["Strike_B","Strike_B","Strike_B","Strike_B","Defend_B","Defend_B","Defend_B","Zap","Dualcast+1","CurseOfTheBell","Cold Snap","Coolheaded+1","Glacier+1","Self Repair"],"relics":["Calling Bell","Calipers","Mercury Hourglass","Pen Nib","Shuriken","Blue Candle","Ornamental Fan"],"acts_visited":["Exordium"],"potions_floor_usage":[16],"damage_taken":[{"damage":5,"enemies":"Cultist","floor":1,"turns":4},{"damage":9,"enemies":"Jaw Worm","floor":2,"turns":4},{"damage":5,"enemies":"2 Louse","floor":4,"turns":2},{"damage":11,"enemies":"Exordium Wildlife","floor":5,"turns":4},{"damage":9,"enemies":"3 Sentries","floor":7,"turns":7},{"damage":3,"enemies":"3 Louse","floor":13,"turns":4},{"damage":42,"enemies":"Gremlin Nob","floor":14,"turns":6},{"damage":39,"enemies":"Hexaghost","floor":16,"turns":16}],"seed_played":"-6116755226550685731","potions_obtained":[{"floor":1,"key":"Energy Potion"},{"floor":2,"key":"DuplicationPotion"},{"floor":14,"key":"Fire Potion"}],"is_trial":false,"path_per_floor":["M","M","?","M","M","R","E","R","T","R","$","?","M","E","R","B"],"character_chosen":"DEFECT","items_purchased":[],"campfire_rested":2,"item_purchase_floors":[],"current_hp_per_floor":[70,61,54,49,38,60,51,51,51,51,51,51,48,13,35,0,0],"gold":160,"neow_bonus":"BOSS_RELIC","is_daily":false,"chose_seed":false,"campfire_upgraded":2,"win_rate":0.0,"timestamp":1609540582,"path_taken":["M","M","?","M","M","R","E","R","T","R","$","?","M","E","R","BOSS"],"items_purchased_type":[],"build_version":"2020-12-22","purchased_purges":1,"victory":false,"max_hp_per_floor":[75,75,75,75,75,75,75,75,75,75,75,75,75,75,75,75,75],"card_choices":[{"not_picked":["Beam Cell","Static Discharge","Stack"],"picked":"SKIP","floor":1},{"not_picked":["Compile Driver","Streamline"],"picked":"Rainbow","floor":2},{"not_picked":["Beam Cell","FTL"],"picked":"Cold Snap","floor":4},{"not_picked":["Chaos","Lockon"],"picked":"Coolheaded","floor":5},{"not_picked":["Conserve Battery","Redo"],"picked":"Glacier","floor":7},{"not_picked":["Sweeping Beam","Scrape"],"picked":"Self Repair","floor":13},{"not_picked":["Chaos","Steam","Fusion"],"picked":"SKIP","floor":14}],"player_experience":61024,"relics_obtained":[{"floor":0,"key":"Calipers"},{"floor":0,"key":"Mercury Hourglass"},{"floor":0,"key":"Pen Nib"},{"floor":7,"key":"Shuriken"},{"floor":9,"key":"Blue Candle"},{"floor":14,"key":"Ornamental Fan"}],"event_choices":[{"cards_removed":["Defend_B"],"damage_healed":0,"gold_gain":0,"player_choice":"Card Removal","damage_taken":7,"max_hp_gain":0,"max_hp_loss":0,"event_name":"Golden Wing","floor":3,"gold_loss":0},{"damage_healed":0,"gold_gain":0,"player_choice":"Grow","damage_taken":0,"max_hp_gain":0,"max_hp_loss":0,"event_name":"Living Wall","floor":12,"gold_loss":0,"cards_upgraded":["Dualcast"]}],"is_beta":false,"boss_relics":[],"items_purged_floors":[11],"is_endless":false,"potions_floor_spawned":[1,2,14],"killed_by":"Hexaghost","ascension_level":0}}