{"host":"raai0vtvcfkt8csp","time":1609528570,"event":{"mods":["2.2 Compatiblity","BaseMod","Beaked The Cultist","Block Reminder","DeckTracker","Defective Defect","GifTheSpireLib","Minty Spire (QoL Compilation)","Quick Restart","Random Character Button","Rare Cards Sparkle","StSLib","Unceasing Turn Reminder"],"gold_per_floor":[119,119,194,194,209,209,236,250,250,268,294,294,323,334,334,334,334],"floor_reached":16,"playtime":871,"items_purged":[],"score":152,"play_id":"729a25cb-f960-4a1c-9fb3-be0175637c74","local_time":"20210101201610","is_ascension_mode":true,"campfire_choices":[{"data":"beaked:BraceForImpact","floor":6,"key":"SMITH"},{"floor":12,"key":"DIG"},{"data":"beaked:Ceremony","floor":15,"key":"SMITH"}],"circlet_count":0,"master_deck":["beaked:Strike_Y","beaked:Strike_Y","beaked:Strike_Y","beaked:Strike_Y","beaked:Strike_Y","beaked:Defend_Y","beaked:Defend_Y","beaked:Defend_Y","beaked:Defend_Y","beaked:Ceremony","beaked:Ceremony","beaked:Ceremony+1","beaked:BloodForTheGods","beaked:BraceForImpact+1","beaked:DarkTribute","beaked:Insight","beaked:Daydream","beaked:SurvivalInstinct","beaked:RitualOfBody","beaked:Brace"],"relics":["beaked:MendingPlumage","NeowsBlessing","Turnip","Bird Faced Urn","Shovel","Gremlin Horn","Bag of Preparation"],"acts_visited":["Exordium"],"potions_floor_usage":[10,13],"damage_taken":[{"damage":0,"enemies":"Small Slimes","floor":1,"turns":1},{"damage":0,"enemies":"Jaw Worm","floor":5,"turns":1},{"damage":0,"enemies":"3 Sentries","floor":7,"turns":1},{"damage":12,"enemies":"Cultist","floor":8,"turns":5},{"damage":8,"enemies":"Red Slaver","floor":10,"turns":7},{"damage":49,"enemies":"Lagavulin","floor":11,"turns":10},{"damage":54,"enemies":"Gremlin Nob","floor":13,"turns":7},{"damage":37,"enemies":"Blue Slaver","floor":14,"turns":16},{"damage":142,"enemies":"Hexaghost","floor":16,"turns":16}],"seed_played":"4782017340689444444","potions_obtained":[{"floor":1,"key":"Weak Potion"},{"floor":8,"key":"SkillPotion"},{"floor":14,"key":"SpeedPotion"}],"is_trial":false,"path_per_floor":["M","?","?","?","M","R","E","M","T","M","E","R","E","M","R","B"],"character_chosen":"BEAKED_THE_CULTIST","items_purchased":[],"campfire_rested":0,"item_purchase_floors":[],"current_hp_per_floor":[50,50,39,39,40,40,43,43,43,50,50,50,7,50,50,0,0],"gold":334,"neow_bonus":"THREE_ENEMY_KILL","is_daily":false,"chose_seed":false,"campfire_upgraded":2,"win_rate":0.0,"timestamp":1609528570,"path_taken":["M","?","?","?","?","R","E","M","T","M","E","R","E","M","R","BOSS"],"items_purchased_type":[],"build_version":"2020-12-22","purchased_purges":0,"victory":false,"max_hp_per_floor":[50,50,50,50,50,50,50,50,50,50,50,50,50,50,50,50,50],"card_choices":[{"not_picked":["beaked:DigDeep","beaked:Flinch"],"picked":"beaked:BloodForTheGods","floor":1},{"not_picked":["beaked:Struggle","beaked:Windmill"],"picked":"beaked:BraceForImpact","floor":5},{"not_picked":["beaked:SacrificialDive","beaked:DigDeep"],"picked":"beaked:DarkTribute","floor":7},{"not_picked":["beaked:MachineSpirit","beaked:Daydream"],"picked":"beaked:Insight","floor":8},{"not_picked":["beaked:Pecker","beaked:FeelMyPain"],"picked":"beaked:Daydream","floor":10},{"not_picked":["beaked:WildInstinct","beaked:WarriorEssence"],"picked":"beaked:SurvivalInstinct","floor":11},{"not_picked":["beaked:FullHouse","beaked:Brace"],"picked":"beaked:RitualOfBody","floor":13},{"not_picked":["beaked:Insight","beaked:HuntressSpirit"],"picked":"beaked:Brace","floor":14}],"player_experience":639425,"relics_obtained":[{"floor":7,"key":"Turnip"},{"floor":9,"key":"Bird Faced Urn"},{"floor":11,"key":"Shovel"},{"floor":12,"key":"Gremlin Horn"},{"floor":13,"key":"Bag of Preparation"}],"event_choices":[{"damage_healed":0,"gold_gain":0,"player_choice":"Ignored","damage_taken":0,"max_hp_gain":0,"max_hp_loss":0,"event_name":"Golden Wing","floor":2,"gold_loss":0},{"damage_healed":0,"gold_gain":75,"player_choice":"Gather Gold","damage_taken":11,"max_hp_gain":0,"max_hp_loss":0,"event_name":"World of Goop","floor":3,"gold_loss":0},{"cards_removed":["beaked:Strike_Y"],"damage_healed":0,"gold_gain":0,"player_choice":"Offered Basic","damage_taken":0,"max_hp_gain":0,"max_hp_loss":0,"event_name":"Bonfire Elementals","floor":4,"gold_loss":0}],"is_beta":false,"boss_relics":[],"items_purged_floors":[],"is_endless":false,"potions_floor_spawned":[1,8,14],"killed_by":"Hexaghost","ascension_level":1}}