{"host":"98zq812qbocdqs0d","time":1609526246,"event":{"mods":["BaseMod","GifTheSpireLib","Minty Spire (QoL Compilation)","Replay The Spire","StSLib","The Cursed","The Hierophant"],"gold_per_floor":[110,110,128,203,203,236,236,254,254,270,270,285,285,301,301,405,405,415,159,175,250,250,250],"floor_reached":22,"playtime":1487,"items_purged":[],"score":317,"play_id":"5294a6b3-1972-4105-87ae-846200f96e7b","local_time":"20210101193726","is_ascension_mode":true,"campfire_choices":[{"data":"Wild Strike","floor":7,"key":"SMITH"},{"floor":15,"key":"REST"}],"circlet_count":0,"master_deck":["AscendersBane","Strike_R","Strike_R","Strike_R","Strike_R","Strike_R","Defend_R","Defend_R+1","Defend_R","Defend_R","Bash","Pommel Strike","Wild Strike+1","Self Repair+1","Reaper","Twin Strike","Twin Strike","Pommel Strike+1","Seeing Red"],"relics":["NeowsBlessing","Iron Core","Ornamental Fan","WingedGreaves","Honey Jar","ReplayTheSpireMod:Shallot"],"acts_visited":["Exordium","TheCity"],"potions_floor_usage":[16,18,20],"damage_taken":[{"damage":0,"enemies":"Small Slimes","floor":1,"turns":1},{"damage":0,"enemies":"Jaw Worm","floor":3,"turns":1},{"damage":0,"enemies":"Gremlin Nob","floor":6,"turns":1},{"damage":6,"enemies":"Cultist","floor":8,"turns":3},{"damage":19,"enemies":"3 Louse","floor":10,"turns":3},{"damage":14,"enemies":"Red Slaver","floor":12,"turns":2},{"damage":21,"enemies":"Lots of Slimes","floor":14,"turns":5},{"damage":85,"enemies":"Fading Forest","floor":16,"turns":11},{"damage":44,"enemies":"Shell Parasite","floor":18,"turns":5},{"damage":3,"enemies":"Chosen","floor":20,"turns":4},{"damage":16,"enemies":"Centurion and Healer","floor":22,"turns":4}],"seed_played":"1529438330487743703","potions_obtained":[{"floor":1,"key":"EntropicBrew"},{"floor":8,"key":"FearPotion"},{"floor":12,"key":"Energy Potion"},{"floor":13,"key":"Flashbang"}],"is_trial":false,"path_per_floor":["M","$","M","?","?","E","R","M","T","M","?","M","?","M","R","B",null,"M","$","M","?","M"],"character_chosen":"IRONCLAD","items_purchased":["ReplayTheSpireMod:Shallot"],"campfire_rested":1,"item_purchase_floors":[19],"current_hp_per_floor":[78,78,80,69,69,79,79,80,80,80,80,68,68,66,80,24,66,32,32,45,37,29,29],"gold":250,"neow_bonus":"THREE_ENEMY_KILL","is_daily":false,"chose_seed":false,"campfire_upgraded":1,"win_rate":0.0,"timestamp":1609526246,"path_taken":["M","$","M","?","?","E","R","M","T","M","?","M","?","M","R","BOSS","M","$","?","?","?"],"items_purchased_type":["Relic"],"build_version":"2020-12-22","purchased_purges":0,"victory":false,"max_hp_per_floor":[80,80,80,80,80,80,80,80,80,80,80,80,80,80,80,80,80,80,80,80,80,80,80],"card_choices":[{"not_picked":["Bloodletting","Armaments"],"picked":"Pommel Strike","floor":1},{"not_picked":["Clash","Warcry"],"picked":"Wild Strike","floor":3},{"not_picked":["Scorching Beam","Force Field"],"picked":"Reaper","floor":6},{"not_picked":["Entrench","Rampage"],"picked":"Twin Strike","floor":8},{"not_picked":["Gash","Rip and Tear"],"picked":"Twin Strike","floor":10},{"not_picked":["Armaments","Flex","Clash"],"picked":"SKIP","floor":12},{"not_picked":["Headbutt","Rupture","Dark Embrace"],"picked":"SKIP","floor":14},{"not_picked":["Shrug It Off","Life Link","Clash"],"picked":"Pommel Strike+1","floor":18},{"not_picked":["Armaments","ReplayTheSpireMod:Corrosion Curse","ReplayTheSpireMod:Muscle Training"],"picked":"Seeing Red","floor":20}],"player_experience":883789,"relics_obtained":[{"floor":6,"key":"Ornamental Fan"},{"floor":9,"key":"WingedGreaves"}],"event_choices":[{"damage_healed":0,"gold_gain":75,"player_choice":"Gather Gold","damage_taken":11,"max_hp_gain":0,"max_hp_loss":0,"event_name":"World of Goop","floor":4,"gold_loss":0},{"damage_healed":0,"gold_gain":0,"player_choice":"Got Potions","damage_taken":0,"max_hp_gain":0,"max_hp_loss":0,"event_name":"Lab","floor":13,"gold_loss":0},{"damage_healed":0,"gold_gain":75,"player_choice":"Touch","damage_taken":8,"max_hp_gain":0,"max_hp_loss":0,"event_name":"FaceTrader","floor":21,"gold_loss":0}],"is_beta":false,"boss_relics":[{"not_picked":["Black Star","Tiny House"],"picked":"Honey Jar"}],"items_purged_floors":[],"is_endless":false,"potions_floor_spawned":[1,8,12,14],"killed_by":"Centurion and Healer","ascension_level":10}}