{"host":"j45ucdvl5ntpx4kf","time":1609478856,"event":{"mods":["AchievementEnabler","BaseMod","Colored Map","Colored Powertips","Minty Spire (QoL Compilation)","StSLib"],"gold_per_floor":[117,47,67,85,3,3,29,29,29,29,29,55,55,55,55,151,151,166,185,185,199,219,250,250,263,263,263,263,283,283,295,295,391,391,405,455,455,531,551,551,886,886,960,977,977,1010,1026,471,471,471],"floor_reached":51,"playtime":2175,"items_purged":[],"score":879,"play_id":"e82c7ccf-1044-4b46-8463-56e7ae8f5b20","local_time":"20210101002736","is_ascension_mode":true,"campfire_choices":[{"data":"Noxious Fumes","floor":6,"key":"SMITH"},{"floor":13,"key":"REST"},{"floor":15,"key":"REST"},{"floor":24,"key":"REST"},{"floor":27,"key":"REST"},{"floor":32,"key":"REST"},{"floor":40,"key":"REST"},{"floor":42,"key":"REST"},{"floor":45,"key":"REST"},{"floor":49,"key":"REST"}],"circlet_count":0,"master_deck":["Defend_G+1","Defend_G","Defend_G","Defend_G+1","Defend_G","Survivor","Neutralize","Blade Dance","Noxious Fumes+1","Flying Knee","Accuracy","Blade Dance","A Thousand Cuts","Noxious Fumes+1","Blade Dance","Deflect+1","Catalyst+1","Blade Dance","PiercingWail+1","Cloak And Dagger+1","Catalyst+1","Blur+1","Catalyst+1"],"relics":["Empty Cage","Kunai","Sundial","Oddly Smooth Stone","Tiny Chest","WristBlade","Paper Crane","Girya","Bottled Tornado","SlaversCollar","Du-Vu Doll","Old Coin","Blue Candle","Gremlin Horn","Mercury Hourglass","Vajra","TheAbacus"],"acts_visited":["Exordium","TheCity","TheBeyond"],"potions_floor_usage":[21,33,33,35,41,50,50],"damage_taken":[{"damage":1,"enemies":"Jaw Worm","floor":1,"turns":5},{"damage":0,"enemies":"Small Slimes","floor":3,"turns":4},{"damage":0,"enemies":"Cultist","floor":4,"turns":3},{"damage":18,"enemies":"Lagavulin","floor":7,"turns":6},{"damage":18,"enemies":"Gremlin Nob","floor":12,"turns":4},{"damage":11,"enemies":"Hexaghost","floor":16,"turns":10},{"damage":6,"enemies":"Chosen","floor":18,"turns":4},{"damage":14,"enemies":"Shell Parasite","floor":19,"turns":4},{"damage":0,"enemies":"Snecko","floor":21,"turns":3},{"damage":19,"enemies":"Shelled Parasite and Fungi","floor":22,"turns":6},{"damage":8,"enemies":"Gremlin Leader","floor":23,"turns":6},{"damage":24,"enemies":"Snake Plant","floor":25,"turns":5},{"damage":2,"enemies":"3 Cultists","floor":29,"turns":4},{"damage":20,"enemies":"Centurion and Healer","floor":31,"turns":4},{"damage":6,"enemies":"Champ","floor":33,"turns":7},{"damage":19,"enemies":"3 Shapes","floor":35,"turns":5},{"damage":9,"enemies":"Mind Bloom Boss Battle","floor":36,"turns":6},{"damage":18,"enemies":"3 Darklings","floor":39,"turns":5},{"damage":51,"enemies":"Nemesis","floor":41,"turns":9},{"damage":16,"enemies":"Spire Growth","floor":44,"turns":4},{"damage":2,"enemies":"Reptomancer","floor":46,"turns":5},{"damage":1,"enemies":"Sphere and 2 Shapes","floor":47,"turns":4},{"damage":29,"enemies":"Awakened One","floor":50,"turns":9}],"seed_played":"6216248578152450690","potions_obtained":[{"floor":7,"key":"Strength Potion"},{"floor":12,"key":"SteroidPotion"},{"floor":18,"key":"BlessingOfTheForge"},{"floor":19,"key":"CunningPotion"},{"floor":22,"key":"FearPotion"},{"floor":29,"key":"SpeedPotion"},{"floor":30,"key":"Block Potion"},{"floor":35,"key":"Regen Potion"},{"floor":46,"key":"AttackPotion"},{"floor":47,"key":"SteroidPotion"}],"is_trial":false,"path_per_floor":["M","$","M","M","$","R","E","?","T","?","$","E","R","?","R","B",null,"M","M","?","M","M","E","R","M","T","R","T","M","?","M","R","B",null,"M","?","?","T","M","R","E","R","T","M","R","E","M","$","R","B",null],"character_chosen":"THE_SILENT","items_purchased":["Noxious Fumes","Accuracy","Mercury Hourglass","Vajra","TheAbacus"],"campfire_rested":9,"item_purchase_floors":[2,5,48,48,48],"current_hp_per_floor":[69,69,69,69,69,69,51,44,44,41,41,23,44,30,51,40,70,64,50,50,50,31,23,44,20,20,41,41,39,39,19,40,34,70,51,42,42,42,24,45,9,30,30,14,35,33,32,32,53,24],"gold":471,"neow_bonus":"BOSS_RELIC","is_daily":false,"chose_seed":false,"campfire_upgraded":1,"win_rate":0.0,"timestamp":1609478856,"path_taken":["M","$","M","M","$","R","E","?","T","?","$","E","R","?","R","BOSS","M","M","?","?","M","E","R","M","T","R","?","M","?","M","R","BOSS","M","?","?","?","?","R","E","R","T","M","R","E","M","$","R","BOSS"],"items_purchased_type":["Card","Card","Relic","Relic","Relic"],"build_version":"2020-12-22","purchased_purges":0,"victory":true,"max_hp_per_floor":[70,70,70,70,70,70,70,70,70,70,70,70,70,70,70,70,70,70,70,70,70,70,70,70,70,70,70,70,70,70,70,70,70,70,70,70,70,70,70,70,70,70,70,70,70,70,70,70,70,70],"card_choices":[{"not_picked":["Eviscerate","PiercingWail"],"picked":"Blade Dance","floor":1},{"not_picked":["Expertise","Deflect"],"picked":"Flying Knee","floor":3},{"not_picked":["Tactician","Dagger Spray","Blade Dance"],"picked":"SKIP","floor":4},{"not_picked":["Outmaneuver","Dagger Throw","Choke"],"picked":"SKIP","floor":7},{"not_picked":["Catalyst","Escape Plan"],"picked":"Blade Dance","floor":12},{"not_picked":["Phantasmal Killer","Tools of the Trade"],"picked":"A Thousand Cuts","floor":16},{"not_picked":["Underhanded Strike+1","Deadly Poison"],"picked":"Noxious Fumes+1","floor":18},{"not_picked":["Dagger Throw","Predator"],"picked":"Blade Dance","floor":19},{"not_picked":["Deadly Poison","Bane+1"],"picked":"Deflect+1","floor":21},{"not_picked":["Distraction","Dagger Spray"],"picked":"Catalyst+1","floor":22},{"not_picked":["Bane","Prepared"],"picked":"Blade Dance","floor":23},{"not_picked":["Acrobatics","Slice+1","Corpse Explosion"],"picked":"SKIP","floor":25},{"not_picked":["Underhanded Strike","Slice"],"picked":"PiercingWail+1","floor":29},{"not_picked":["Slice","Prepared","Quick Slash"],"picked":"SKIP","floor":31},{"not_picked":["Infinite Blades","Underhanded Strike+1","Blur"],"picked":"SKIP","floor":35},{"not_picked":["Underhanded Strike","Masterful Stab"],"picked":"Cloak And Dagger+1","floor":36},{"not_picked":["Leg Sweep+1","Flying Knee+1","Prepared"],"picked":"SKIP","floor":39},{"not_picked":["Flying Knee+1","Expertise+1"],"picked":"Catalyst+1","floor":41},{"not_picked":["Quick Slash","Bouncing Flask","Underhanded Strike"],"picked":"SKIP","floor":44},{"not_picked":["Backflip","Well Laid Plans"],"picked":"Blur+1","floor":46},{"not_picked":["Backstab","Expertise"],"picked":"Catalyst+1","floor":47}],"player_experience":117609,"relics_obtained":[{"floor":7,"key":"Kunai"},{"floor":9,"key":"Sundial"},{"floor":12,"key":"Tiny Chest"},{"floor":23,"key":"Paper Crane"},{"floor":26,"key":"Girya"},{"floor":28,"key":"Bottled Tornado"},{"floor":36,"key":"Du-Vu Doll"},{"floor":41,"key":"Old Coin"},{"floor":43,"key":"Blue Candle"},{"floor":46,"key":"Gremlin Horn"}],"event_choices":[{"cards_removed":["Strike_G"],"damage_healed":0,"gold_gain":0,"player_choice":"Card Removal","damage_taken":7,"max_hp_gain":0,"max_hp_loss":0,"event_name":"Golden Wing","floor":8,"gold_loss":0},{"damage_healed":0,"gold_gain":0,"player_choice":"Success","damage_taken":3,"relics_obtained":["Oddly Smooth Stone"],"max_hp_gain":0,"max_hp_loss":0,"event_name":"Scrap Ooze","floor":10,"gold_loss":0},{"damage_healed":0,"gold_gain":0,"player_choice":"Entered Light","damage_taken":14,"max_hp_gain":0,"max_hp_loss":0,"event_name":"Shining Light","floor":14,"gold_loss":0,"cards_upgraded":["Defend_G","Defend_G"]},{"cards_removed":["Strike_G"],"damage_healed":0,"gold_gain":0,"player_choice":"Purged","damage_taken":0,"max_hp_gain":0,"max_hp_loss":0,"event_name":"Purifier","floor":20,"gold_loss":0},{"damage_healed":0,"gold_gain":0,"player_choice":"Got Potions","damage_taken":0,"max_hp_gain":0,"max_hp_loss":0,"event_name":"Lab","floor":30,"gold_loss":0},{"damage_healed":0,"gold_gain":0,"player_choice":"Fight","damage_taken":0,"max_hp_gain":0,"max_hp_loss":0,"event_name":"MindBloom","floor":36,"gold_loss":0},{"cards_removed":["Strike_G"],"damage_healed":0,"gold_gain":0,"player_choice":"Removed Attack","damage_taken":0,"max_hp_gain":0,"max_hp_loss":0,"event_name":"Falling","floor":37,"gold_loss":0}],"is_beta":false,"boss_relics":[{"not_picked":["Tiny House","Astrolabe"],"picked":"WristBlade"},{"not_picked":["Fusion Hammer","Pandora\u0027s Box"],"picked":"SlaversCollar"}],"items_purged_floors":[],"is_endless":false,"potions_floor_spawned":[7,12,18,19,22,29,31,35,46,47],"ascension_level":2}}