{"host":"wkcoec525dnrk4jw","time":1609504929,"event":{"mods":["BaseMod","Conspire","Minty Spire (QoL Compilation)","Quick Restart","Replay The Spire","Shop Mod","StSLib","TestMod","The Bug Knight","The Cursed","[IsaacMod]ÒÔÈö¼âËþ"],"gold_per_floor":[114,114,130,130,130,130,215,281,329,329,398,476,476,568,577,755,764,837,910,301,385,385,385,424,424,514,173,173,173],"floor_reached":28,"playtime":1420,"items_purged":[],"score":283,"play_id":"ee5b2ee7-3c58-409b-b7a0-072526f35cd3","local_time":"20210101204209","is_ascension_mode":true,"campfire_choices":[{"data":"Strike_P","floor":6.0,"key":"SMITH"},{"floor":10.0,"key":"REST"},{"floor":13.0,"key":"REST"},{"floor":23.0,"key":"REST"},{"floor":25,"key":"REST"}],"circlet_count":1,"master_deck":["Strike_P+1","Strike_P+1","Strike_P","Strike_P","Defend_P","Defend_P+1","Defend_P","Defend_P+1","Eruption+1","Vigilance+1","Neutralize+1","Strike_B","EmptyMind+1","Delirium","Replay:ManipulateFuture","ThirdEye+1","JustLucky","PathToVictory","PathToVictory","HandOfGreed+1","LessonLearned+1","Vault","Crescendo","Replay:ManipulateFuture+1","ReachHeaven","LessonLearned","LessonLearned"],"relics":["PureWater","HushsDoor","testmod-TestBox","testmod-HeartOfStrike","D6","Golden Idol","ReplayTheSpireMod:Ring of Challenge","Ring of Searing","Circlet","War Paint","Gremlin Food","CeramicFish","Smiling Mask","Snecko Eye","Pen Nib","Guide Book","BookofShadows","Nunchaku","testmod-InfectionSource","Durian","Shuriken"],"acts_visited":["Exordium","TheCity"],"potions_floor_usage":[],"damage_taken":[{"damage":0.0,"enemies":"Jaw Worm","floor":1.0,"turns":2.0},{"damage":1.0,"enemies":"conspire:RoseBush","floor":3.0,"turns":2.0},{"damage":34.0,"enemies":"HollowMod:MossKnight","floor":7.0,"turns":5.0},{"damage":6.0,"enemies":"Cultist","floor":8.0,"turns":2.0},{"damage":4.0,"enemies":"3 Louse","floor":11.0,"turns":3.0},{"damage":17.0,"enemies":"Lots of Slimes","floor":12.0,"turns":5.0},{"damage":13.0,"enemies":"Lagavulin","floor":14.0,"turns":3.0},{"damage":33.0,"enemies":"The Guardian","floor":16.0,"turns":6.0},{"damage":28.0,"enemies":"conspire:FuzzyDice","floor":18.0,"turns":5.0},{"damage":0.0,"enemies":"Spheric Guardian","floor":19.0,"turns":2.0},{"damage":9.0,"enemies":"Cultist and Chosen","floor":21.0,"turns":5.0},{"damage":21,"enemies":"Replay:Snechameleon","floor":24,"turns":4},{"damage":11,"enemies":"Slavers","floor":28,"turns":2}],"seed_played":"-3941576687816306907","potions_obtained":[{"floor":8.0,"key":"Energy Potion"},{"floor":11.0,"key":"BottledMiracle"},{"floor":12.0,"key":"SkillPotion"},{"floor":14.0,"key":"Elixir"},{"floor":18.0,"key":"testmod-TimePotion"},{"floor":19.0,"key":"Venom Potion"}],"is_trial":false,"path_per_floor":["M","?","M","?","?","R","E","M","T","R","M","M","R","E","R","B",null,"M","M","$","M","?","R","E","R","T","$","E"],"character_chosen":"WATCHER","items_purchased":["Vault","Guide Book","BookofShadows","Nunchaku","ReachHeaven","Shuriken","LessonLearned"],"campfire_rested":4,"item_purchase_floors":[17,20,20,20,20,27,27],"current_hp_per_floor":[72,54,53,53,53,53,33,27,27,48,53,36,57,44,44,11,69,41,41,41,32,32,52,31,51,56,56,45,45],"gold":173,"neow_bonus":"ONE_RARE_RELIC","is_daily":false,"chose_seed":false,"campfire_upgraded":1,"win_rate":0.0,"timestamp":1609504929,"path_taken":["M","?","?","?","?","R","E","M","T","R","M","M","R","E","R","BOSS","M","M","$","M","?","R","E","R","T","$","E"],"items_purchased_type":["Card","Relic","Relic","Relic","Card","Relic","Card"],"build_version":"2020-12-22","purchased_purges":0,"victory":false,"max_hp_per_floor":[72,72,72,72,72,72,72,72,72,72,72,72,72,72,72,72,69,69,69,69,69,69,69,69,69,74,74,74,74],"card_choices":[{"not_picked":[],"picked":"SuicideKing","floor":0.0},{"not_picked":["Nirvana","Bomb"],"picked":"EmptyMind","floor":1.0},{"not_picked":["Protect","FollowUp","Swivel"],"picked":"SKIP","floor":3.0},{"not_picked":["Establishment","DeceiveReality"],"picked":"Replay:ManipulateFuture","floor":7.0},{"not_picked":["Prostrate","Nirvana"],"picked":"ThirdEye","floor":8.0},{"not_picked":["MentalFortress","Replay:ManipulateFuture"],"picked":"JustLucky","floor":11.0},{"not_picked":["Vengeance","Perseverance"],"picked":"PathToVictory","floor":12.0},{"not_picked":["JustLucky","BattleHymn"],"picked":"PathToVictory","floor":14.0},{"not_picked":["Brilliance","Judgement"],"picked":"LessonLearned","floor":16.0},{"not_picked":["Halt","EmptyFist"],"picked":"Crescendo","floor":18.0},{"not_picked":["TalkToTheHand","BowlingBash"],"picked":"Replay:ManipulateFuture+1","floor":19.0},{"not_picked":["EmptyMind","FlyingSleeves","WheelKick"],"picked":"SKIP","floor":21.0},{"not_picked":["Adaptation","Tantrum","PathToVictory"],"picked":"SKIP","floor":24}],"player_experience":184715,"relics_obtained":[{"floor":5.0,"key":"ReplayTheSpireMod:Ring of Challenge"},{"floor":5.0,"key":"Ring of Searing"},{"floor":7.0,"key":"War Paint"},{"floor":9.0,"key":"Gremlin Food"},{"floor":12.0,"key":"CeramicFish"},{"floor":14.0,"key":"Smiling Mask"},{"floor":18.0,"key":"Pen Nib"},{"floor":24,"key":"testmod-InfectionSource"},{"floor":26,"key":"Durian"}],"event_choices":[{"damage_healed":0.0,"max_hp_gain":0.0,"max_hp_loss":0.0,"gold_gain":0.0,"event_name":"Golden Idol","player_choice":"Take Damage","floor":2.0,"gold_loss":0.0,"damage_taken":18.0,"relics_obtained":["Golden Idol"]},{"damage_healed":0.0,"max_hp_gain":0.0,"max_hp_loss":0.0,"gold_gain":0.0,"event_name":"conspire:Investor","player_choice":"Leave","floor":22.0,"gold_loss":0.0,"damage_taken":0.0}],"is_beta":false,"boss_relics":[{"not_picked":["Philosopher\u0027s Stone","Ectoplasm"],"picked":"Snecko Eye"},{"not_picked":[]}],"items_purged_floors":[],"is_endless":false,"potions_floor_spawned":[8,11,12,14,18,19],"killed_by":"Slavers","ascension_level":1}}