{"host":"daa8jqyg4gqfaysm","time":1609516480,"event":{"mods":["BaseMod","Colored Powertips","Minty Spire (QoL Compilation)","StSLib"],"gold_per_floor":[113,78,156,12,12,23,23,42,42,71,82,115,115,150,150,224,224,224,158,108,108,108,108,108,108,108,108,108,33,33,33,33,33,33,33,33,33,33,33,33,33,33],"floor_reached":41,"playtime":2119,"items_purged":["Strike_G"],"score":941,"play_id":"de2d866f-0cc0-4125-8d58-d9827e9f5a1b","local_time":"20210101235440","is_ascension_mode":true,"campfire_choices":[{"data":"Neutralize","floor":7,"key":"SMITH"},{"data":"Malaise","floor":13,"key":"SMITH"},{"data":"Footwork","floor":15,"key":"SMITH"},{"data":"Dagger Spray","floor":23,"key":"SMITH"},{"data":"Glass Knife","floor":28,"key":"SMITH"},{"floor":32,"key":"REST"}],"circlet_count":0,"master_deck":["AscendersBane","Defend_G+1","Defend_G+1","Defend_G+1","Defend_G+1","Defend_G+1","Survivor","Neutralize+1","Tactician+1","Dagger Throw+1","Dash+1","Acrobatics+1","Masterful Stab","Deadly Poison","Backflip","Footwork+1","Dodge and Roll","Malaise+1","Glass Knife+1","Cloak And Dagger+1","Dagger Spray+1","Acrobatics","Blur","Die Die Die","Footwork"],"relics":["Astrolabe","InkBottle","Juzu Bracelet","Boot","Smiling Mask","Ectoplasm","HornCleat","MawBank","Mercury Hourglass","Potion Belt","Gambling Chip","Ninja Scroll","SacredBark","Peace Pipe","Bottled Tornado"],"acts_visited":["Exordium","TheCity","TheBeyond"],"potions_floor_usage":[10,16,27,40,40,40],"damage_taken":[{"damage":7,"enemies":"Small Slimes","floor":1,"turns":3},{"damage":0,"enemies":"Jaw Worm","floor":6,"turns":2},{"damage":0,"enemies":"Cultist","floor":8,"turns":3},{"damage":10,"enemies":"Gremlin Nob","floor":10,"turns":4},{"damage":0,"enemies":"3 Louse","floor":11,"turns":4},{"damage":3,"enemies":"Lagavulin","floor":12,"turns":5},{"damage":14,"enemies":"Gremlin Nob","floor":14,"turns":5},{"damage":0,"enemies":"Slime Boss","floor":16,"turns":9},{"damage":0,"enemies":"Chosen","floor":18,"turns":5},{"damage":0,"enemies":"Shell Parasite","floor":22,"turns":4},{"damage":5,"enemies":"Slavers","floor":24,"turns":9},{"damage":3,"enemies":"Gremlin Leader","floor":27,"turns":7},{"damage":0,"enemies":"Cultist and Chosen","floor":30,"turns":4},{"damage":0,"enemies":"Colosseum Slavers","floor":31,"turns":3},{"damage":3,"enemies":"Colosseum Nobs","floor":31,"turns":5},{"damage":12,"enemies":"Automaton","floor":33,"turns":15},{"damage":0,"enemies":"3 Shapes","floor":35,"turns":6},{"damage":0,"enemies":"Mind Bloom Boss Battle","floor":36,"turns":8},{"damage":0,"enemies":"Orb Walker","floor":37,"turns":4},{"damage":58,"enemies":"Giant Head","floor":40,"turns":15},{"damage":0,"enemies":"Maw","floor":41,"turns":4}],"seed_played":"126210510575486516","potions_obtained":[{"floor":1,"key":"CunningPotion"},{"floor":10,"key":"ColorlessPotion"},{"floor":11,"key":"DuplicationPotion"},{"floor":16,"key":"Fire Potion"},{"floor":27,"key":"FearPotion"},{"floor":33,"key":"BlessingOfTheForge"},{"floor":36,"key":"LiquidMemories"},{"floor":40,"key":"BlessingOfTheForge"}],"is_trial":false,"path_per_floor":["M","?","?","$","?","M","R","M","T","E","M","E","R","E","R","B",null,"M","?","$","?","M","R","E","?","T","E","R","?","M","?","R","B",null,"M","?","M","?","$","E","M"],"character_chosen":"THE_SILENT","items_purchased":["Masterful Stab","Deadly Poison"],"campfire_rested":1,"item_purchase_floors":[4,4],"current_hp_per_floor":[52,66,66,66,66,66,66,66,66,56,56,53,53,39,39,39,59,59,59,59,59,59,59,54,50,50,47,47,47,47,44,63,51,62,62,62,62,62,62,4,4,4],"gold":33,"neow_bonus":"BOSS_RELIC","is_daily":false,"chose_seed":false,"campfire_upgraded":5,"win_rate":0.0,"timestamp":1609516480,"path_taken":["M","?","?","$","?","M","R","M","T","E","M","E","R","E","R","BOSS","M","?","$","?","M","R","E","?","T","E","R","?","M","?","R","BOSS","M","?","M","?","?","E","M"],"items_purchased_type":["Card","Card"],"build_version":"2020-12-22","purchased_purges":1,"victory":false,"max_hp_per_floor":[66,66,66,66,66,66,66,66,66,66,66,66,66,66,66,66,66,66,66,66,66,66,66,66,66,66,66,66,66,66,66,66,66,66,66,66,66,66,66,66,66,66],"card_choices":[{"not_picked":["Leg Sweep","Noxious Fumes"],"picked":"Acrobatics","floor":1},{"not_picked":["Concentrate","Cloak And Dagger"],"picked":"Backflip","floor":6},{"not_picked":["Backflip","Outmaneuver"],"picked":"Footwork","floor":8},{"not_picked":["Dash","Finisher"],"picked":"Dodge and Roll","floor":10},{"not_picked":["Dodge and Roll","Quick Slash","Infinite Blades"],"picked":"SKIP","floor":11},{"not_picked":["Dodge and Roll","All Out Attack"],"picked":"Malaise","floor":12},{"not_picked":["Crippling Poison","Backflip","Sucker Punch"],"picked":"SKIP","floor":14},{"not_picked":["Doppelganger","Burst"],"picked":"Glass Knife","floor":16},{"not_picked":["Escape Plan","Well Laid Plans"],"picked":"Cloak And Dagger+1","floor":18},{"not_picked":["Prepared","Cloak And Dagger"],"picked":"Dagger Spray","floor":22},{"not_picked":["Slice","Poisoned Stab"],"picked":"Acrobatics","floor":24},{"not_picked":["Quick Slash","Underhanded Strike"],"picked":"Blur","floor":27},{"not_picked":["Quick Slash","Concentrate","Blur"],"picked":"SKIP","floor":30},{"not_picked":["Doppelganger","Bullet Time"],"picked":"Die Die Die","floor":33},{"not_picked":["Blade Dance","Prepared","Acrobatics"],"picked":"SKIP","floor":35},{"not_picked":["Blade Dance+1","Outmaneuver"],"picked":"Footwork","floor":37},{"not_picked":["Storm of Steel","Bane+1","Leg Sweep+1"],"picked":"SKIP","floor":40}],"player_experience":767525,"relics_obtained":[{"floor":9,"key":"InkBottle"},{"floor":10,"key":"Juzu Bracelet"},{"floor":12,"key":"Boot"},{"floor":14,"key":"Smiling Mask"},{"floor":24,"key":"MawBank"},{"floor":26,"key":"Mercury Hourglass"},{"floor":27,"key":"Potion Belt"},{"floor":31,"key":"Gambling Chip"},{"floor":31,"key":"Ninja Scroll"},{"floor":36,"key":"Peace Pipe"},{"floor":40,"key":"Bottled Tornado"}],"event_choices":[{"damage_healed":16,"gold_gain":0,"player_choice":"Healed","damage_taken":0,"max_hp_gain":0,"max_hp_loss":0,"event_name":"The Cleric","floor":2,"gold_loss":35},{"damage_healed":0,"gold_gain":78,"player_choice":"Gained Gold","damage_taken":0,"max_hp_gain":0,"max_hp_loss":0,"event_name":"Golden Wing","floor":3,"gold_loss":0},{"damage_healed":0,"gold_gain":0,"player_choice":"Grow","damage_taken":0,"max_hp_gain":0,"max_hp_loss":0,"event_name":"Living Wall","floor":5,"gold_loss":0,"cards_upgraded":["Acrobatics"]},{"damage_healed":0,"gold_gain":0,"player_choice":"Paid Gold","damage_taken":0,"relics_obtained":["HornCleat"],"max_hp_gain":0,"max_hp_loss":0,"event_name":"WeMeetAgain","floor":19,"gold_loss":66},{"damage_healed":0,"gold_gain":0,"player_choice":"Simplicity","damage_taken":0,"max_hp_gain":0,"max_hp_loss":0,"event_name":"Back to Basics","floor":21,"gold_loss":0,"cards_upgraded":["Strike_G","Defend_G","Defend_G","Defend_G","Defend_G","Defend_G"]},{"damage_healed":0,"gold_gain":0,"player_choice":"Bought 0 Potions","damage_taken":0,"max_hp_gain":0,"max_hp_loss":0,"event_name":"The Woman in Blue","floor":25,"gold_loss":0},{"cards_removed":["Strike_G"],"damage_healed":0,"gold_gain":0,"player_choice":"Gave Gold","damage_taken":0,"max_hp_gain":0,"max_hp_loss":0,"event_name":"Beggar","floor":29,"gold_loss":75},{"damage_healed":0,"gold_gain":0,"player_choice":"Fight","damage_taken":0,"max_hp_gain":0,"max_hp_loss":0,"event_name":"Colosseum","floor":31,"gold_loss":0},{"damage_healed":0,"gold_gain":0,"player_choice":"Fought Nobs","damage_taken":0,"max_hp_gain":0,"max_hp_loss":0,"event_name":"Colosseum","floor":31,"gold_loss":0},{"damage_healed":0,"gold_gain":0,"player_choice":"Fight","damage_taken":0,"max_hp_gain":0,"max_hp_loss":0,"event_name":"MindBloom","floor":36,"gold_loss":0},{"damage_healed":0,"gold_gain":0,"player_choice":"Memory 1","damage_taken":0,"max_hp_gain":0,"max_hp_loss":0,"event_name":"SensoryStone","floor":38,"gold_loss":0}],"is_beta":false,"boss_relics":[{"not_picked":["Pandora\u0027s Box","Black Star"],"picked":"Ectoplasm"},{"not_picked":["Snecko Eye","Velvet Choker"],"picked":"SacredBark"}],"items_purged_floors":[20],"is_endless":false,"potions_floor_spawned":[1,10,11,16,22,27,31,33,36,40],"killed_by":"Maw","ascension_level":16}}