{"host":"yqwjrm3sou8w5ks3","time":1609538792,"event":{"mods":["Aspiration","BaseMod","Better Third Choice","BetterRewards","Colored Map","Colored Powertips","Conspire","Downfall","Energized Spire","GifTheSpireLib","Halation","Hermit","Hubris","Mimic Mod","Minty Spire (QoL Compilation)","Replay The Spire","Reworked Bosses","Spikes Relics","StSLib","Stuff the Spire","The Blue Laboratory","UnlockEverythingMod","Wandering Minibosses","vexMod"],"gold_per_floor":[110,122,122,271,282,313,326,326,326,352,1122,1136,1150,1150,1150,1221,2332,2232,1338,1338,1338,1338,1338,1338,1338,1338,1338,1338,1338,1338,834,834,834,834,834,834,39,39,39,39,39,39,39,39,39,39,39,39,39,39,39,39,39,39,39,39],"floor_reached":57,"playtime":3751,"items_purged":["StuffTheSpire:Injection","Strike_G","Strike_G","Strike_G","Defend_G"],"score":4710,"play_id":"9c3c1343-dd20-477b-8bbc-aa3c62d0e4aa","local_time":"20210101230632","is_ascension_mode":true,"campfire_choices":[{"data":"Blade Dance","floor":8,"key":"SMITH"},{"data":"Replay:Bag of Tricks","floor":15,"key":"SMITH"},{"data":"Adrenaline","floor":28,"key":"SMITH"},{"data":"Backflip","floor":30,"key":"SMITH"},{"data":"Burst","floor":32,"key":"SMITH"},{"data":"A Thousand Cuts","floor":40,"key":"SMITH"},{"data":"A Thousand Cuts+1","floor":47,"key":"SMITH"},{"floor":49,"key":"RECALL"},{"data":"Burst+1","floor":53,"key":"SMITH"}],"circlet_count":0,"master_deck":["Strike_G","Defend_G","Defend_G","Defend_G","Defend_G","Survivor","Reforge+1","Neutralize+3","Hidden Blade","Dagger Spray+2","Blade Dance+1","Cloak And Dagger","Replay:Bag of Tricks+1","Master of Strategy","Dagger Spray+1","Backflip+1","Adrenaline+1","Burst+2","A Thousand Cuts+2","Blur","Finisher"],"relics":["Ring of the Snake","hubris:FunFungus","Quantum Egg","conspire:InfiniteJournal","TheAbacus","energizedSpire:MagnifyingGlass","Pen Nib","Matryoshka","aspiration:HatOfInfinitePower","vexMod:PaidLearning","Mango","Mirror","StuffTheSpire:Tea","Pantograph","StuffTheSpire:TintedRock","Ectoplasm","Bag of Preparation","StuffTheSpire:BottledEssence","The Specimen","Tiny Chest","NlothsMask","Vajra","Vajra","Oddly Smooth Stone","Tough Bandages","Whetstone","Orrery","Ectoplasm","wanderingMiniBosses:AbyssPearl","Onion Ring","halation:Sosunser","WizardHat","hubris:Icosahedron","Iron Hammer","Art of War","vexMod:MemoryStick","ReplayTheSpireMod:Ring of Exchange","vexMod:BarristanHead","Gremlin Food"],"acts_visited":["Exordium","TheCity","TheBeyond","TheEnding"],"potions_floor_usage":[6,12,33,56],"damage_taken":[{"damage":0,"enemies":"conspire:RoseBush","floor":1,"turns":5},{"damage":0,"enemies":"Cultist","floor":2,"turns":4},{"damage":0,"enemies":"Jaw Worm","floor":5,"turns":2},{"damage":1,"enemies":"Lagavulin","floor":6,"turns":6},{"damage":3,"enemies":"Exordium Thugs","floor":7,"turns":5},{"damage":7,"enemies":"3 Sentries","floor":10,"turns":6},{"damage":0,"enemies":"2 Fungi Beasts","floor":12,"turns":5},{"damage":0,"enemies":"conspire:2 RoseBushes","floor":13,"turns":4},{"damage":18,"enemies":"Hexaghost","floor":16,"turns":7},{"damage":6,"enemies":"2 Thieves","floor":18,"turns":4},{"damage":0,"enemies":"Chosen","floor":20,"turns":2},{"damage":0,"enemies":"Snake Plant","floor":21,"turns":4},{"damage":0,"enemies":"Snecko","floor":22,"turns":3},{"damage":0,"enemies":"Book of Stabbing","floor":23,"turns":4},{"damage":1,"enemies":"Gremlin Leader","floor":25,"turns":2},{"damage":9,"enemies":"conspire:SneckoGhost","floor":27,"turns":5},{"damage":0,"enemies":"Centurion and Healer","floor":29,"turns":2},{"damage":1,"enemies":"Pondfish","floor":33,"turns":7},{"damage":0,"enemies":"3 Darklings","floor":35,"turns":1},{"damage":0,"enemies":"Orb Walker","floor":36,"turns":3},{"damage":0,"enemies":"Transient","floor":38,"turns":3},{"damage":6,"enemies":"R_Hoarder","floor":41,"turns":3},{"damage":0,"enemies":"Writhing Mass","floor":42,"turns":2},{"damage":0,"enemies":"Nemesis","floor":48,"turns":1},{"damage":0,"enemies":"hubris:GrandSnecko","floor":50,"turns":2},{"damage":0,"enemies":"bossMod:newAwakened","floor":51,"turns":3},{"damage":0,"enemies":"Shield and Spear","floor":55,"turns":2},{"damage":106,"enemies":"The Heart","floor":56,"turns":7}],"seed_played":"-8634204900786072185","potions_obtained":[{"floor":1,"key":"blueLaboratory:FruitPunch"},{"floor":3,"key":"blueLaboratory:EmptyBottle"},{"floor":5,"key":"blueLaboratory:BlinkPotion"},{"floor":10,"key":"blueLaboratory:ArtificerPotion"},{"floor":12,"key":"Fruit Juice"},{"floor":23,"key":"Guardian:BlockOnCardUsePotion"},{"floor":29,"key":"blueLaboratory:BottledHope"},{"floor":35,"key":"SpeedPotion"}],"is_trial":false,"path_per_floor":["M","M","?","$","M","E","M","R","T","E","$","M","M","?","R","B",null,"M","$","M","M","M","E","?","E","T","E","R","M","R","$","R","B",null,"M","M","$","M","?","R","E","M","T","T","?","?","R","E","R","B","B",null,"R","$","E","B",null],"character_chosen":"THE_SILENT","items_purchased":["Quantum Egg","conspire:InfiniteJournal","TheAbacus","Reforge","Pen Nib","Matryoshka","aspiration:HatOfInfinitePower","vexMod:PaidLearning","Mango","Blade Dance","Master of Strategy","Bag of Preparation","StuffTheSpire:BottledEssence","The Specimen","Regen Potion","Whetstone","Orrery","Onion Ring","halation:Sosunser","WizardHat"],"campfire_rested":0,"item_purchase_floors":[0,0,0,0,0,0,4,4,4,4,11,19,19,19,19,31,31,37,37,37],"current_hp_per_floor":[71,71,71,85,85,87,87,87,87,87,87,92,92,92,92,84,90,86,86,86,91,92,92,92,91,91,92,92,92,92,92,92,92,92,92,92,92,92,92,92,86,87,87,87,87,57,57,57,57,82,92,92,92,92,92,7],"gold":39,"neow_bonus":"","is_daily":false,"chose_seed":false,"campfire_upgraded":8,"win_rate":0.0,"timestamp":1609538792,"path_taken":["M","M","?","$","M","E","M","R","T","E","$","M","?","?","R","BOSS","M","$","M","M","M","E","?","E","T","E","R","M","R","?","R","BOSS","M","M","$","M","?","R","E","M","T","?","?","?","R","E","R","BOSS","BOSS","R","$","E","BOSS"],"items_purchased_type":["Relic","Relic","Relic","Card","Relic","Relic","Relic","Relic","Relic","Card","Card","Relic","Relic","Relic","Potion","Relic","Relic","Relic","Relic","Relic"],"build_version":"2020-12-13","purchased_purges":5,"victory":true,"max_hp_per_floor":[71,71,71,85,85,87,87,87,87,87,87,92,92,92,92,92,92,92,92,92,92,92,92,92,92,92,92,92,92,92,92,92,92,92,92,92,92,92,92,92,92,92,92,92,92,92,92,92,92,92,92,92,92,92,92,92],"card_choices":[{"not_picked":["hubris:Counter","Sucker Punch"],"picked":"Hidden Blade","floor":1},{"not_picked":["PiercingWail","Heel Hook"],"picked":"Dagger Spray","floor":2},{"not_picked":["PiercingWail","Blur","Dagger Throw"],"picked":"SKIP","floor":5},{"not_picked":["Backflip","Hidden Blade"],"picked":"Cloak And Dagger","floor":6},{"not_picked":["Poisoned Stab","Heel Hook","Deflect"],"picked":"SKIP","floor":7},{"not_picked":["Blade Dance","Reflex"],"picked":"Replay:Bag of Tricks","floor":10},{"not_picked":["Deflect","Poisoned Stab","Flying Knee"],"picked":"SKIP","floor":12},{"not_picked":["InfectiousVector","Cloak And Dagger","Underhanded Strike"],"picked":"SKIP","floor":13},{"not_picked":["Bouncing Flask","Endless Agony"],"picked":"Dagger Spray+1","floor":18},{"not_picked":["StuffTheSpire:Python","Outmaneuver"],"picked":"Backflip","floor":20},{"not_picked":["Masterful Stab","hubris:SlightOfHand","StuffTheSpire:Repulse+1"],"picked":"SKIP","floor":21},{"not_picked":["Replay:Poison Smokescreen","Dagger Throw+1","Fluid Movement+1"],"picked":"SKIP","floor":22},{"not_picked":["hubris:SlightOfHand","Dash"],"picked":"Adrenaline","floor":23},{"not_picked":["Blade Dance","Slice","StuffTheSpire:Repulse"],"picked":"SKIP","floor":25},{"not_picked":["hubris:Sniper","StuffTheSpire:Sprint","Cloak And Dagger"],"picked":"SKIP","floor":27},{"not_picked":["Flying Knee","Dagger Throw","Deadly Poison"],"picked":"SKIP","floor":29},{"not_picked":["Dodge and Roll","conspire:DoublingDagger"],"picked":"Burst","floor":31},{"not_picked":["Poison Darts","Tools of the Trade"],"picked":"A Thousand Cuts","floor":33},{"not_picked":["Slice","Cloak And Dagger","Acrobatics"],"picked":"SKIP","floor":35},{"not_picked":["Cloak And Dagger","Hidden Blade","Slice+1"],"picked":"SKIP","floor":36},{"not_picked":["Backstab+1","Dodge and Roll","ReplayTheSpireMod:Necrosis"],"picked":"SKIP","floor":38},{"not_picked":["Deflect","Hidden Blade"],"picked":"Blur","floor":41},{"not_picked":["Deflect","Bane","StuffTheSpire:BumpUp+1"],"picked":"SKIP","floor":42},{"not_picked":["StuffTheSpire:Injection+1","Crippling Poison","Flying Knee+1"],"picked":"SKIP","floor":48},{"not_picked":["Flying Knee","Well Laid Plans"],"picked":"Finisher","floor":55}],"player_experience":92576,"relics_obtained":[{"floor":6,"key":"Mirror"},{"floor":9,"key":"StuffTheSpire:Tea"},{"floor":9,"key":"Pantograph"},{"floor":10,"key":"StuffTheSpire:TintedRock"},{"floor":23,"key":"Tiny Chest"},{"floor":25,"key":"Oddly Smooth Stone"},{"floor":27,"key":"Tough Bandages"},{"floor":36,"key":"wanderingMiniBosses:AbyssPearl"},{"floor":41,"key":"Iron Hammer"},{"floor":43,"key":"Art of War"},{"floor":44,"key":"vexMod:MemoryStick"},{"floor":45,"key":"ReplayTheSpireMod:Ring of Exchange"},{"floor":48,"key":"vexMod:BarristanHead"},{"floor":55,"key":"Gremlin Food"}],"event_choices":[{"damage_healed":0,"gold_gain":0,"player_choice":"Got Potions","damage_taken":0,"max_hp_gain":0,"max_hp_loss":0,"event_name":"Lab","floor":3,"gold_loss":0},{"cards_removed":["Strike_G"],"damage_healed":0,"gold_gain":0,"player_choice":"Purged","damage_taken":0,"max_hp_gain":0,"max_hp_loss":0,"event_name":"Purifier","floor":14,"gold_loss":0},{"damage_healed":0,"gold_gain":0,"player_choice":"Trade","damage_taken":0,"relics_obtained":["NlothsMask"],"max_hp_gain":0,"max_hp_loss":0,"event_name":"FaceTrader","floor":24,"gold_loss":0}],"is_beta":false,"boss_relics":[{"not_picked":["Velvet Choker","energizedSpire:RedRose","halation:PlatinumPhoenix"]},{"not_picked":["HoveringKite","energizedSpire:HugeHouse","hubris:GrandSneckoEye"]}],"items_purged_floors":[0,4,11,19,31],"is_endless":false,"potions_floor_spawned":[1,5,10,12,21,23,29,35,36,41,55],"ascension_level":20}}