{"host":"11728qvdvolffudn","time":1609525565,"event":{"mods":["BaseMod","Block Reminder","Colored Powertips","Custom Start","Displayed Cursed Tome","Highlight Path","Minty Spire (QoL Compilation)","Permanent Neow","Quick Restart","Rare Cards Sparkle","Relic Stats"],"gold_per_floor":[116,41,41,41,41,41,54,54,54,98,98,116,129,150,150,270,270,293,208,308,321,97,97,138,151,151,151,183,183,200,200,200,304,304,319,319,334,334,387,420,420,454,477,492,503,13,27,27,27,27],"floor_reached":51,"playtime":2254,"items_purged":["Doubt","Spot Weakness"],"score":793,"play_id":"cd864d07-a047-4557-9968-8dbeafa18649","local_time":"20210101182605","is_ascension_mode":false,"campfire_choices":[{"data":"Limit Break","floor":6,"key":"SMITH"},{"data":"Inflame","floor":8,"key":"SMITH"},{"floor":11,"key":"REST"},{"floor":15,"key":"REST"},{"data":"Infernal Blade","floor":23,"key":"SMITH"},{"data":"Shrug It Off","floor":29,"key":"SMITH"},{"data":"Iron Wave","floor":32,"key":"SMITH"},{"data":"Iron Wave","floor":41,"key":"SMITH"},{"floor":49,"key":"REST"}],"circlet_count":0,"master_deck":["Strike_R","Strike_R","Defend_R","Defend_R","Defend_R","Defend_R","Bash","Limit Break+1","Limit Break+1","Shrug It Off+1","Iron Wave+1","Infernal Blade+1","Iron Wave+1","Pummel","Limit Break","Limit Break+1","Ghostly Armor+1","Cleave","Shrug It Off+1","Whirlwind","Iron Wave+1","Good Instincts+1"],"relics":["Black Blood","Bloody Idol","Centennial Puzzle","CaptainsWheel","Regal Pillow","Brimstone","Sundial","Toxic Egg 2","Toy Ornithopter","Philosopher\u0027s Stone","Calipers","Darkstone Periapt","Bronze Scales","Omamori","Meat on the Bone"],"acts_visited":["Exordium","TheCity","TheBeyond"],"potions_floor_usage":[10,13,16,28,33,39,40,42,47],"damage_taken":[{"damage":27,"enemies":"Jaw Worm","floor":1,"turns":9},{"damage":0,"enemies":"2 Louse","floor":7,"turns":7},{"damage":41,"enemies":"Gremlin Nob","floor":10,"turns":5},{"damage":0,"enemies":"Small Slimes","floor":12,"turns":4},{"damage":12,"enemies":"Exordium Thugs","floor":13,"turns":4},{"damage":10,"enemies":"Large Slime","floor":14,"turns":5},{"damage":29,"enemies":"The Guardian","floor":16,"turns":8},{"damage":4,"enemies":"Spheric Guardian","floor":18,"turns":5},{"damage":30,"enemies":"2 Thieves","floor":21,"turns":4},{"damage":33,"enemies":"Gremlin Leader","floor":24,"turns":3},{"damage":8,"enemies":"Centurion and Healer","floor":25,"turns":4},{"damage":14,"enemies":"Book of Stabbing","floor":28,"turns":3},{"damage":11,"enemies":"3 Cultists","floor":30,"turns":3},{"damage":13,"enemies":"Champ","floor":33,"turns":4},{"damage":18,"enemies":"Orb Walker","floor":35,"turns":3},{"damage":14,"enemies":"3 Darklings","floor":37,"turns":4},{"damage":41,"enemies":"2 Orb Walkers","floor":39,"turns":5},{"damage":51,"enemies":"Nemesis","floor":40,"turns":5},{"damage":19,"enemies":"Reptomancer","floor":42,"turns":4},{"damage":20,"enemies":"4 Shapes","floor":44,"turns":3},{"damage":24,"enemies":"Writhing Mass","floor":45,"turns":3},{"damage":11,"enemies":"Jaw Worm Horde","floor":47,"turns":3},{"damage":20,"enemies":"Donu and Deca","floor":50,"turns":4}],"seed_played":"-5698853478580586399","potions_obtained":[{"floor":7,"key":"Swift Potion"},{"floor":10,"key":"FearPotion"},{"floor":12,"key":"Dexterity Potion"},{"floor":13,"key":"SteroidPotion"},{"floor":21,"key":"GamblersBrew"},{"floor":24,"key":"ColorlessPotion"},{"floor":25,"key":"DistilledChaos"},{"floor":30,"key":"LiquidBronze"},{"floor":35,"key":"Strength Potion"},{"floor":36,"key":"DistilledChaos"},{"floor":40,"key":"Weak Potion"},{"floor":45,"key":"Energy Potion"},{"floor":47,"key":"FearPotion"}],"is_trial":false,"path_per_floor":["M","$","?","?","?","R","M","R","T","E","R","M","M","M","R","B",null,"M","?","?","M","$","R","E","M","T","?","E","R","M","?","R","B",null,"M","?","M","?","?","E","R","E","T","M","M","$","M","?","R","B",null],"character_chosen":"IRONCLAD","items_purchased":["Brimstone","Pummel","Whirlwind","PowerPotion","Meat on the Bone"],"campfire_rested":3,"item_purchase_floors":[22,22,46,46,46],"current_hp_per_floor":[59,59,59,39,39,39,45,45,45,10,34,40,34,30,54,31,80,80,80,80,62,62,62,41,45,45,45,48,48,54,54,54,63,80,79,79,80,80,61,32,32,35,40,37,30,30,53,53,80,72],"gold":27,"neow_bonus":"TRANSFORM_TWO_CARDS","is_daily":false,"chose_seed":true,"campfire_upgraded":6,"win_rate":0.0,"timestamp":1609525565,"path_taken":["M","$","?","?","?","R","?","R","T","E","R","M","M","M","R","BOSS","M","?","?","M","$","R","E","?","T","?","E","R","M","?","R","BOSS","M","?","?","?","?","E","R","E","T","M","M","$","M","?","R","BOSS"],"items_purchased_type":["Relic","Card","Card","Potion","Relic"],"build_version":"2020-12-22","purchased_purges":2,"victory":true,"max_hp_per_floor":[80,80,80,80,80,80,80,80,80,80,80,80,80,80,80,80,80,80,80,80,80,80,80,80,80,80,80,80,80,80,80,80,80,80,80,80,80,80,80,80,80,80,80,80,80,80,80,80,80,80],"relic_stats":{"Darkstone Periapt":0,"Centennial Puzzle":[60],"Regal Pillow":3,"counters":[23,102],"Sundial":[6],"Bloody Idol":58,"Bronze Scales":[45],"Black Blood":226,"obtain_stats":[{"Darkstone Periapt":40,"Regal Pillow":19,"Calipers":39,"Golden Idol":4,"Black Blood":17,"Omamori":43,"Burning Blood":0,"Centennial Puzzle":9,"CaptainsWheel":10,"Brimstone":22,"Sundial":24,"Bloody Idol":27,"Bronze Scales":42,"Philosopher\u0027s Stone":34,"Toxic Egg 2":26,"Toy Ornithopter":28,"Meat on the Bone":46},{"Darkstone Periapt":18,"Regal Pillow":8,"Calipers":17,"Golden Idol":1,"Black Blood":7,"Omamori":19,"Burning Blood":0,"Centennial Puzzle":2,"CaptainsWheel":3,"Brimstone":9,"Sundial":10,"Bloody Idol":11,"Bronze Scales":19,"Philosopher\u0027s Stone":14,"Toxic Egg 2":11,"Toy Ornithopter":12,"Meat on the Bone":21},{"Darkstone Periapt":85,"Regal Pillow":47,"Calipers":80,"Golden Idol":9,"Black Blood":42,"Omamori":89,"Burning Blood":0,"Centennial Puzzle":16,"CaptainsWheel":21,"Brimstone":51,"Sundial":54,"Bloody Idol":58,"Bronze Scales":89,"Philosopher\u0027s Stone":68,"Toxic Egg 2":58,"Toy Ornithopter":61,"Meat on the Bone":95}],"Toy Ornithopter":25,"Meat on the Bone":12},"card_choices":[{"not_picked":["True Grit","Clash"],"picked":"Shrug It Off","floor":1},{"not_picked":["Shrug It Off","Pummel"],"picked":"Inflame","floor":7},{"not_picked":["Pommel Strike","Dual Wield"],"picked":"Iron Wave","floor":10},{"not_picked":["True Grit","Twin Strike","Havoc"],"picked":"SKIP","floor":12},{"not_picked":["Warcry","Havoc","Evolve"],"picked":"SKIP","floor":13},{"not_picked":["Metallicize","Disarm"],"picked":"Spot Weakness","floor":14},{"not_picked":["Fire Breathing","Anger"],"picked":"Infernal Blade","floor":18},{"not_picked":["Cleave","Entrench"],"picked":"Iron Wave","floor":21},{"not_picked":["Sword Boomerang","Cleave"],"picked":"Limit Break","floor":24},{"not_picked":["Iron Wave","Carnage","Rage+1"],"picked":"SKIP","floor":25},{"not_picked":["Pommel Strike","Fire Breathing"],"picked":"Limit Break+1","floor":28},{"not_picked":["True Grit+1","Clothesline"],"picked":"Ghostly Armor+1","floor":30},{"not_picked":["Armaments+1","Pommel Strike+1","Cleave+1"],"picked":"SKIP","floor":35},{"not_picked":["Anger+1","Carnage+1","Wild Strike"],"picked":"SKIP","floor":37},{"not_picked":["Shockwave+1","Feel No Pain+1","Thunderclap"],"picked":"SKIP","floor":40},{"not_picked":["Brutality","Entrench+1"],"picked":"Shrug It Off+1","floor":42},{"not_picked":["Dropkick","True Grit+1","Wild Strike"],"picked":"SKIP","floor":44},{"not_picked":["Dropkick","Wild Strike+1","Flex+1"],"picked":"SKIP","floor":45},{"not_picked":["Twin Strike+1","Thunderclap+1"],"picked":"Iron Wave+1","floor":47},{"not_picked":["Finesse+1","Jack Of All Trades+1"],"picked":"Good Instincts+1","floor":48}],"player_experience":62936,"relics_obtained":[{"floor":9,"key":"Centennial Puzzle"},{"floor":10,"key":"CaptainsWheel"},{"floor":24,"key":"Sundial"},{"floor":26,"key":"Toxic Egg 2"},{"floor":28,"key":"Toy Ornithopter"},{"floor":39,"key":"Calipers"},{"floor":40,"key":"Darkstone Periapt"},{"floor":42,"key":"Bronze Scales"},{"floor":43,"key":"Omamori"}],"event_choices":[{"damage_healed":0,"gold_gain":0,"player_choice":"Grow","damage_taken":0,"max_hp_gain":0,"max_hp_loss":0,"event_name":"Living Wall","floor":3,"gold_loss":0,"cards_upgraded":["Limit Break"]},{"damage_healed":0,"gold_gain":0,"player_choice":"Take Damage","damage_taken":20,"relics_obtained":["Golden Idol"],"max_hp_gain":0,"max_hp_loss":0,"event_name":"Golden Idol","floor":4,"gold_loss":0},{"cards_removed":["Strike_R"],"damage_healed":0,"gold_gain":0,"player_choice":"Offered Basic","damage_taken":0,"max_hp_gain":0,"max_hp_loss":0,"event_name":"Bonfire Elementals","floor":5,"gold_loss":0},{"damage_healed":0,"gold_gain":0,"player_choice":"Obtained Relic","damage_taken":0,"relics_obtained":["Regal Pillow"],"max_hp_gain":0,"max_hp_loss":0,"event_name":"Addict","floor":19,"gold_loss":85},{"damage_healed":0,"gold_gain":100,"player_choice":"Pray","damage_taken":0,"max_hp_gain":0,"max_hp_loss":0,"event_name":"Golden Shrine","floor":20,"gold_loss":0},{"damage_healed":0,"gold_gain":0,"player_choice":"Gave Idol","damage_taken":0,"relics_obtained":["Bloody Idol"],"max_hp_gain":0,"max_hp_loss":0,"event_name":"Forgotten Altar","floor":27,"relics_lost":["Golden Idol"],"gold_loss":0},{"damage_healed":0,"gold_gain":0,"player_choice":"Read","damage_taken":0,"max_hp_gain":0,"max_hp_loss":0,"event_name":"The Library","floor":31,"gold_loss":0,"cards_obtained":["Cleave"]},{"damage_healed":0,"gold_gain":0,"player_choice":"Got Potions","damage_taken":0,"max_hp_gain":0,"max_hp_loss":0,"event_name":"Lab","floor":36,"gold_loss":0},{"cards_removed":["Inflame"],"damage_healed":0,"gold_gain":0,"player_choice":"Removed Power","damage_taken":0,"max_hp_gain":0,"max_hp_loss":0,"event_name":"Falling","floor":38,"gold_loss":0},{"damage_healed":0,"gold_gain":0,"player_choice":"Fight","damage_taken":0,"max_hp_gain":0,"max_hp_loss":0,"event_name":"Mysterious Sphere","floor":39,"gold_loss":0},{"damage_healed":0,"gold_gain":0,"player_choice":"Memory 1","damage_taken":0,"max_hp_gain":0,"max_hp_loss":0,"event_name":"SensoryStone","floor":48,"gold_loss":0}],"is_beta":false,"boss_relics":[{"not_picked":["Pandora\u0027s Box","Calling Bell"],"picked":"Black Blood"},{"not_picked":["Sozu","Tiny House"],"picked":"Philosopher\u0027s Stone"}],"items_purged_floors":[2,46],"is_endless":false,"potions_floor_spawned":[7,10,12,13,21,24,25,30,35,40,45,47],"ascension_level":0}}