{"host":"nzm1i0l8mrsm8hd2","time":1609485224,"event":{"mods":["Act Like it!","Aspiration","BaseMod","Conspire","Gensokyo","Minty Spire (QoL Compilation)","Pale of the Ancients","Quick Restart","RumiaBox-露米娅的神秘盒子","Spicy Shops","StSLib","The Alterego","Yakumo Yukari mod"],"gold_per_floor":[139,139,30,49,129,129,156,171,171,71,71,71,1,20,20,117,117,117,117],"floor_reached":18,"playtime":455,"items_purged":["AT_purpleEX"],"score":242,"play_id":"81733a13-53d7-453f-b64e-32b8e3a0889a","local_time":"20210101151344","is_ascension_mode":true,"campfire_choices":[{"data":"Observe_purple_2","floor":6.0,"key":"SMITH"},{"data":"RuleDissolution_purple","floor":15.0,"key":"SMITH"}],"circlet_count":0,"master_deck":["AT_purpleEX","AT_purpleEX","Defend_purpleEX","Defend_purpleEX","Defend_purpleEX","Defend_purpleEX+1","Observe_purple_1","Observe_purple_2+1","Mirror_FourBoundary_purple","Human_Monster_Realm_purple+1","RuleDissolution_purple+1","Fantasy_PerpetualMotionMachine_purple","WangLiang_OokamiKakushi_purple"],"relics":["Boundary_crack","Memoryfragments_purpleEX","NeowsBlessing","Baka","Orichalcum","Mercury Hourglass","aspiration:SeaSaltIceCream","aspiration:Nostalgia","Cracked Core","Mummified Hand"],"acts_visited":["Exordium"],"potions_floor_usage":[],"damage_taken":[{"damage":0.0,"enemies":"Gensokyo:3_Fairies","floor":1.0,"turns":2.0},{"damage":0.0,"enemies":"Gensokyo:Gryphon","floor":4.0,"turns":1.0},{"damage":21.0,"enemies":"Gensokyo:Aya","floor":7.0,"turns":1.0},{"damage":12.0,"enemies":"Gensokyo:2_Kodama","floor":8.0,"turns":1.0},{"damage":1.0,"enemies":"Gensokyo:Kitsune","floor":14.0,"turns":4.0},{"damage":10.0,"enemies":"Gensokyo:Yukari","floor":16.0,"turns":8.0},{"damage":0,"enemies":"Gensokyo:Yukari","floor":18,"turns":1}],"seed_played":"-2369723305647669914","potions_obtained":[{"floor":8.0,"key":"Ancient Potion"},{"floor":14.0,"key":"EssenceOfSteel"},{"floor":16.0,"key":"Swift Potion"}],"is_trial":false,"path_per_floor":["M","?","$","M","?","R","E","M","T","?","T","?","?","M","R","B",null,"B"],"character_chosen":"Youkari","items_purchased":["Mirror_FourBoundary_purple"],"campfire_rested":0,"item_purchase_floors":[3],"current_hp_per_floor":[70,70,70,70,70,70,49,37,37,37,37,37,37,41,41,36,36,36,36],"gold":117,"neow_bonus":"THREE_ENEMY_KILL","is_daily":false,"chose_seed":false,"campfire_upgraded":2,"win_rate":0.0,"timestamp":1609485224,"path_taken":["M","?","?","?","?","R","E","?","T","?","?","?","?","M","R","BOSS","BOSS"],"items_purchased_type":["Card"],"build_version":"2020-12-22","purchased_purges":1,"victory":false,"max_hp_per_floor":[70,70,70,100,100,100,100,100,100,100,100,100,100,100,100,100,100,100,100],"card_choices":[{"not_picked":["Umbrella_purple","Extrememeaning_purpleEX","MonsterNeedle_purple"],"picked":"SKIP","floor":1.0},{"not_picked":["OpenedBox_purple","SharpContractionReality_purple","Shallow_ocean_purpleEX"],"picked":"SKIP","floor":4.0},{"not_picked":["Boundary_DreamRealityDamnation_purple","Realm_recovery_purpleEX"],"picked":"Human_Monster_Realm_purple","floor":7.0},{"not_picked":["SharpContractionReality_purple","Shallow_ocean_purpleEX"],"picked":"RuleDissolution_purple","floor":8.0},{"not_picked":["SfantasyHide_purple","ButterflyHabitatTemple_purple"],"picked":"Fantasy_PerpetualMotionMachine_purple","floor":14.0},{"not_picked":["Theboundaryofcreation_purpleEX","Price_of_realm_purpleEX"],"picked":"WangLiang_OokamiKakushi_purple","floor":16.0}],"player_experience":576296,"relics_obtained":[{"floor":1.0,"key":"Baka"},{"floor":7.0,"key":"Orichalcum"},{"floor":9.0,"key":"Mercury Hourglass"},{"floor":11.0,"key":"Mummified Hand"}],"event_choices":[],"is_beta":false,"boss_relics":[],"items_purged_floors":[3],"is_endless":false,"potions_floor_spawned":[8,14,16],"killed_by":"Gensokyo:Yukari","ascension_level":1}}