{"host":"6ko66ogg91i6g7xq","time":1609534716,"event":{"mods":["AchievementEnabler","Act Like it!","BaseMod","Colored Map","Colored Powertips","Downfall","Hermit","Minty Spire (QoL Compilation)","Quick Restart","Relic Stats","StSLib","The Jungle","everything is the same but u backflip on backflip"],"gold_per_floor":[113,133,308,308,308,344,359,359,359,359,394,15,38,79,79,203,266,289,289,304,304,304,304,339,360,440,517,542,581,581,596,596,596,596],"floor_reached":33,"playtime":1550,"items_purged":["Regret"],"score":373,"play_id":"d91e6731-a147-4ae6-b786-6f65eb528c9b","local_time":"20210101155836","is_ascension_mode":true,"campfire_choices":[{"floor":8,"key":"RECALL"},{"floor":15,"key":"REST"},{"data":"Backstab","floor":23,"key":"SMITH"},{"data":"Adrenaline","floor":30,"key":"SMITH"},{"data":"Finisher","floor":32,"key":"SMITH"}],"circlet_count":0,"master_deck":["Strike_G+1","Strike_G","Strike_G","Strike_G","Strike_G","Defend_G","Defend_G","Defend_G+1","Defend_G","Defend_G","Survivor","Neutralize","Deadly Poison","Doubt","Blur","Blade Dance","Flash of Steel+1","Finisher+1","Blade Dance","After Image","Backstab+1","Blur","Adrenaline+1","Finisher+1"],"relics":["Ring of the Snake","NeowsBlessing","Golden Idol","PreservedInsect","The Courier","Nunchaku","Orichalcum","Toy Ornithopter","Snake Skull","Tiny House","Mercury Hourglass","HornCleat","Bottled Lightning","Omamori"],"acts_visited":["Exordium","TheCity"],"potions_floor_usage":[11,13,16,22,24,29,33],"damage_taken":[{"damage":0,"enemies":"2 Louse","floor":1,"turns":1},{"damage":0,"enemies":"Small Slimes","floor":2,"turns":1},{"damage":0,"enemies":"3 Sentries","floor":6,"turns":2},{"damage":0,"enemies":"Jaw Worm","floor":7,"turns":4},{"damage":14,"enemies":"Lagavulin","floor":11,"turns":6},{"damage":1,"enemies":"Large Slime","floor":13,"turns":6},{"damage":4,"enemies":"3 Sentries","floor":14,"turns":4},{"damage":28,"enemies":"The Guardian","floor":16,"turns":13},{"damage":8,"enemies":"2 Thieves","floor":18,"turns":4},{"damage":6,"enemies":"Chosen","floor":20,"turns":8},{"damage":0,"enemies":"Snake Plant","floor":22,"turns":1},{"damage":7,"enemies":"Slavers","floor":24,"turns":5},{"damage":0,"enemies":"Cultist and Chosen","floor":25,"turns":4},{"damage":8,"enemies":"Shelled Parasite and Fungi","floor":28,"turns":4},{"damage":0,"enemies":"Gremlin Leader","floor":29,"turns":4},{"damage":0,"enemies":"Snecko","floor":31,"turns":2},{"damage":47,"enemies":"Automaton","floor":33,"turns":12}],"seed_played":"-3891127883297785947","potions_obtained":[{"floor":2,"key":"sneckomod:MuddlingPotion"},{"floor":6,"key":"ColorlessPotion"},{"floor":7,"key":"GamblersBrew"},{"floor":16,"key":"Fire Potion"},{"floor":17,"key":"SmokeBomb"},{"floor":25,"key":"AttackPotion"},{"floor":29,"key":"AttackPotion"}],"is_trial":false,"path_per_floor":["M","M","?","?","?","E","M","R","T","?","E","$","M","E","R","B",null,"M","?","M","?","M","R","E","M","T","T","M","E","R","M","R","B"],"character_chosen":"THE_SILENT","items_purchased":["Flash of Steel","Orichalcum","Toy Ornithopter"],"campfire_rested":1,"item_purchase_floors":[12,12,12],"current_hp_per_floor":[70,70,70,56,39,39,39,39,39,39,25,25,29,25,46,23,75,67,67,61,61,66,66,64,64,64,64,56,61,61,61,61,19,19],"gold":596,"neow_bonus":"THREE_ENEMY_KILL","is_daily":false,"chose_seed":false,"campfire_upgraded":3,"win_rate":0.0,"timestamp":1609534716,"path_taken":["M","M","?","?","?","E","M","R","T","?","E","$","?","E","R","BOSS","M","?","M","?","?","R","E","M","T","?","M","E","R","M","R","BOSS"],"items_purchased_type":["Card","Relic","Relic"],"build_version":"2020-12-22","purchased_purges":1,"victory":false,"max_hp_per_floor":[70,70,70,70,70,70,70,70,70,70,70,70,70,70,70,70,75,75,75,75,75,75,75,75,75,75,75,75,75,75,75,75,75,75],"relic_stats":{"Nunchaku":[21],"counters":[17,81],"Golden Idol":108,"PreservedInsect":141,"Snake Skull":[13],"Orichalcum":[78],"obtain_stats":[{"Tiny House":17,"NeowsBlessing":0,"Golden Idol":5,"PreservedInsect":6,"The Courier":10,"Snake Skull":14,"Omamori":29,"Orichalcum":12,"Mercury Hourglass":24,"Nunchaku":11,"HornCleat":26,"Bottled Lightning":27,"Toy Ornithopter":12,"Ring of the Snake":0},{"Tiny House":8,"NeowsBlessing":0,"Golden Idol":2,"PreservedInsect":3,"The Courier":4,"Snake Skull":7,"Omamori":15,"Orichalcum":5,"Mercury Hourglass":12,"Nunchaku":5,"HornCleat":13,"Bottled Lightning":13,"Toy Ornithopter":5,"Ring of the Snake":0},{"Tiny House":37,"NeowsBlessing":0,"Golden Idol":2,"PreservedInsect":4,"The Courier":8,"Snake Skull":24,"Omamori":67,"Orichalcum":14,"Mercury Hourglass":55,"Nunchaku":14,"HornCleat":59,"Bottled Lightning":59,"Toy Ornithopter":14,"Ring of the Snake":0}],"Toy Ornithopter":30,"Ring of the Snake":[34],"Mercury Hourglass":[89]},"card_choices":[{"not_picked":["Backflip","Blade Dance"],"picked":"Deadly Poison","floor":1},{"not_picked":["Distraction","Backstab","Quick Slash"],"picked":"SKIP","floor":2},{"not_picked":["Skewer","Quick Slash"],"picked":"Blur","floor":6},{"not_picked":["PiercingWail","Masterful Stab","Infinite Blades"],"picked":"SKIP","floor":7},{"not_picked":["Reflex","Prepared"],"picked":"Blade Dance","floor":11},{"not_picked":["PiercingWail","Blade Dance"],"picked":"Finisher","floor":13},{"not_picked":["Night Terror","Slice"],"picked":"Blade Dance","floor":14},{"not_picked":["Bullet Time","Wraith Form v2"],"picked":"After Image","floor":16},{"not_picked":["Poisoned Stab","Infinite Blades"],"picked":"Backstab","floor":17},{"not_picked":["Backflip","Deadly Poison"],"picked":"Blur","floor":18},{"not_picked":["Quick Slash","PiercingWail","Deadly Poison+1"],"picked":"SKIP","floor":20},{"not_picked":["Bane+1","Flechettes"],"picked":"Adrenaline","floor":24},{"not_picked":["Dagger Throw","Endless Agony","Dodge and Roll"],"picked":"SKIP","floor":25},{"not_picked":["Cloak And Dagger","Deflect"],"picked":"Finisher","floor":28},{"not_picked":["Prepared","Quick Slash","Setup"],"picked":"SKIP","floor":29},{"not_picked":["Deflect+1","Eviscerate","PiercingWail+1"],"picked":"SKIP","floor":31}],"player_experience":280991,"relics_obtained":[{"floor":6,"key":"PreservedInsect"},{"floor":11,"key":"Nunchaku"},{"floor":14,"key":"Snake Skull"},{"floor":24,"key":"Mercury Hourglass"},{"floor":26,"key":"HornCleat"},{"floor":27,"key":"Bottled Lightning"},{"floor":29,"key":"Omamori"}],"event_choices":[{"damage_healed":0,"gold_gain":175,"player_choice":"AGREE","damage_taken":0,"max_hp_gain":0,"max_hp_loss":0,"event_name":"Liars Game","floor":3,"gold_loss":0,"cards_obtained":["Doubt"]},{"damage_healed":0,"gold_gain":0,"player_choice":"Entered Light","damage_taken":14,"max_hp_gain":0,"max_hp_loss":0,"event_name":"Shining Light","floor":4,"gold_loss":0,"cards_upgraded":["Strike_G","Defend_G"]},{"damage_healed":0,"gold_gain":0,"player_choice":"Take Damage","damage_taken":17,"relics_obtained":["Golden Idol"],"max_hp_gain":0,"max_hp_loss":0,"event_name":"Golden Idol","floor":5,"gold_loss":0},{"damage_healed":0,"gold_gain":0,"player_choice":"Box","damage_taken":0,"relics_obtained":["The Courier"],"max_hp_gain":0,"max_hp_loss":0,"event_name":"Big Fish","floor":10,"gold_loss":0,"cards_obtained":["Regret"]},{"damage_healed":0,"gold_gain":0,"player_choice":"Ignored","damage_taken":0,"max_hp_gain":0,"max_hp_loss":0,"event_name":"Ghosts","floor":19,"gold_loss":0},{"damage_healed":0,"gold_gain":0,"player_choice":"Forge","damage_taken":0,"max_hp_gain":0,"max_hp_loss":0,"event_name":"Accursed Blacksmith","floor":21,"gold_loss":0,"cards_upgraded":["Finisher"]}],"is_beta":false,"boss_relics":[{"not_picked":["Empty Cage","Runic Dome"],"picked":"Tiny House"}],"items_purged_floors":[12],"is_endless":false,"potions_floor_spawned":[2,6,7,16,22,25,29],"killed_by":"Automaton","ascension_level":1}}