{"host":"czzthkrvfe6r7fjf","time":1609478523,"event":{"mods":["ATMod(∞¢Ë™Mod)","Act Like it!","BaseMod","Downfall","GungeonMod","Marisa£®ÏF”Í°°ƒß¿Ì…≥£©","Minty Spire (QoL Compilation)","Quick Restart","StSLib","The Servant 0.9.4","Waifu the Spire","°æπ¶ƒ‹Mod°øªÏ„Á÷Æª∑–ﬁ∏¥≤π∂°"],"gold_per_floor":[110,110,123,273,273,306,91,104,129,154,187,201,215,248,248,319,319,339,339,351,351,351],"floor_reached":21,"playtime":717,"items_purged":["Regret"],"score":448,"play_id":"aef5f45c-df08-49ae-8aab-e5cc6631bc77","local_time":"20210101132203","is_ascension_mode":true,"campfire_choices":[{"floor":15.0,"key":"REST"}],"circlet_count":0,"master_deck":["AscendersBane","Strike_G","Strike_G","Strike_G","Strike_G","Strike_G","Defend_G","Defend_G","Defend_G","Defend_G","Defend_G","Survivor","Neutralize","AT_FamilyPortrait","AT_WindFlip","PiercingWail","Doubt","Acrobatics","Backstab","Tactician","Reflex","Deflect","Necronomicurse"],"relics":["Ring of the Snake","AT_ATBox","NeowsBlessing","DemoMod:PinkGuonStone","Oddly Smooth Stone","Vajra","DemoMod:GnawedKey","Potion Belt","Odd Mushroom","Nunchaku","Boot","Cursed Key","Necronomicon"],"acts_visited":["Exordium","TheCity"],"potions_floor_usage":[20],"damage_taken":[{"damage":0.0,"enemies":"Jaw Worm","floor":1.0,"turns":1.0},{"damage":0.0,"enemies":"2 Louse","floor":3.0,"turns":1.0},{"damage":0.0,"enemies":"3 Sentries","floor":6.0,"turns":1.0},{"damage":0.0,"enemies":"Small Slimes","floor":8.0,"turns":3.0},{"damage":0.0,"enemies":"The Mushroom Lair","floor":10.0,"turns":2.0},{"damage":13.0,"enemies":"Gremlin Nob","floor":11.0,"turns":3.0},{"damage":6.0,"enemies":"Blue Slaver","floor":12.0,"turns":3.0},{"damage":0.0,"enemies":"Lots of Slimes","floor":13.0,"turns":1.0},{"damage":0.0,"enemies":"3 Sentries","floor":14.0,"turns":6.0},{"damage":33.0,"enemies":"Slime Boss","floor":16.0,"turns":10.0},{"damage":6.0,"enemies":"Shell Parasite","floor":18.0,"turns":8.0},{"damage":13,"enemies":"Chosen","floor":20,"turns":6},{"damage":23,"enemies":"Snake Plant","floor":21,"turns":5}],"seed_played":"320415920581556757","potions_obtained":[{"floor":1.0,"key":"AttackPotion"},{"floor":11.0,"key":"Swift Potion"},{"floor":12.0,"key":"LiquidMemories"},{"floor":14.0,"key":"FearPotion"},{"floor":16.0,"key":"DuplicationPotion"}],"is_trial":false,"path_per_floor":["M","?","M","?","?","E","$","M","T","?","E","M","M","E","R","B",null,"M","?","M","M"],"character_chosen":"THE_SILENT","items_purchased":["Acrobatics","DemoMod:GnawedKey"],"campfire_rested":1,"item_purchase_floors":[7,7],"current_hp_per_floor":[59,66,66,66,40,40,40,40,40,40,27,21,21,21,42,9,57,51,30,17,0,0],"gold":351,"neow_bonus":"THREE_ENEMY_KILL","is_daily":false,"chose_seed":false,"campfire_upgraded":0,"win_rate":0.0,"timestamp":1609478523,"path_taken":["M","?","M","?","?","E","$","M","T","?","E","?","?","E","R","BOSS","M","?","M","M"],"items_purchased_type":["Card","Relic"],"build_version":"2020-12-22","purchased_purges":1,"victory":false,"max_hp_per_floor":[66,73,73,73,73,73,73,73,73,73,73,73,73,73,73,73,73,73,73,73,73,73],"card_choices":[{"not_picked":["Dash","AT_ThistleTea"],"picked":"AT_WindFlip","floor":1.0},{"not_picked":["Blade Dance","Backflip"],"picked":"PiercingWail","floor":3.0},{"not_picked":["Poisoned Stab","Caltrops","Expertise"],"picked":"SKIP","floor":6.0},{"not_picked":["Bane","Heel Hook","Sucker Punch"],"picked":"SKIP","floor":8.0},{"not_picked":["Backflip","Setup"],"picked":"Backstab","floor":10.0},{"not_picked":["Backflip","Flying Knee"],"picked":"Tactician","floor":11.0},{"not_picked":["AT_WomanClash","AT_Desolate"],"picked":"Reflex","floor":12.0},{"not_picked":["Cloak And Dagger","Poisoned Stab","AT_WindRun"],"picked":"SKIP","floor":13.0},{"not_picked":["Accuracy","Malaise"],"picked":"Deflect","floor":14.0},{"not_picked":["Dash","Backflip","Catalyst"],"picked":"SKIP","floor":18.0},{"not_picked":["Quick Slash","PiercingWail","Bane"],"picked":"SKIP","floor":20}],"player_experience":494297,"relics_obtained":[{"floor":6.0,"key":"Vajra"},{"floor":9.0,"key":"Potion Belt"},{"floor":10.0,"key":"Odd Mushroom"},{"floor":11.0,"key":"Nunchaku"},{"floor":14.0,"key":"Boot"},{"floor":19.0,"key":"Necronomicon"}],"event_choices":[{"damage_healed":0.0,"max_hp_gain":0.0,"max_hp_loss":0.0,"gold_gain":0.0,"event_name":"Big Fish","player_choice":"Box","floor":2.0,"gold_loss":0.0,"damage_taken":0.0,"relics_obtained":["DemoMod:PinkGuonStone"],"cards_obtained":["Regret"]},{"damage_healed":0.0,"max_hp_gain":0.0,"max_hp_loss":0.0,"gold_gain":150.0,"event_name":"Liars Game","player_choice":"AGREE","floor":4.0,"gold_loss":0.0,"damage_taken":0.0,"cards_obtained":["Doubt"]},{"damage_healed":0.0,"max_hp_gain":0.0,"max_hp_loss":0.0,"gold_gain":0.0,"event_name":"Scrap Ooze","player_choice":"Success","floor":5.0,"gold_loss":0.0,"damage_taken":26.0,"relics_obtained":["Oddly Smooth Stone"]},{"damage_healed":0.0,"max_hp_gain":0.0,"max_hp_loss":0.0,"gold_gain":0.0,"event_name":"Mushrooms","player_choice":"Fought Mushrooms","floor":10.0,"gold_loss":0.0,"damage_taken":0.0},{"damage_healed":0.0,"max_hp_gain":0.0,"max_hp_loss":0.0,"gold_gain":0.0,"event_name":"Cursed Tome","player_choice":"Obtained Book","floor":19.0,"gold_loss":0.0,"damage_taken":21.0}],"is_beta":false,"boss_relics":[{"not_picked":["SlaversCollar","Fusion Hammer"],"picked":"Cursed Key"}],"items_purged_floors":[7],"is_endless":false,"potions_floor_spawned":[1,11,12,14,16],"killed_by":"Snake Plant","ascension_level":16}}