{"host":"hftfn8mq057nycux","time":1609507399,"event":{"mods":["Act Like it!","Arknights The Spire","BaseMod","Minty Spire (QoL Compilation)","StSLib"],"gold_per_floor":[164,164,180,200,217,217,230,257,257,257,276,295,34,52,52,154,154,173,173,98,113,24,55,55,55,55],"floor_reached":25,"playtime":1480,"items_purged":["ats:Strike G","ats:Strike S"],"score":225,"play_id":"310da052-605a-4827-ad6b-c47d7bfcf216","local_time":"20210101212319","is_ascension_mode":false,"campfire_choices":[{"data":"ats:Emotion Absorption","floor":6.0,"key":"SMITH"},{"data":"ats:Disruption Kick","floor":10,"key":"SMITH"},{"data":"Discovery","floor":15,"key":"SMITH"},{"data":"ats:Dogmatic Field","floor":24,"key":"SMITH"}],"circlet_count":0,"master_deck":["ats:Strike C+1","ats:Armor Crushing Shot","ats:Defend","ats:Defend","ats:Defend","ats:Defend","ats:Emotion Absorption+1","ats:Part Time Job","ats:Apocalypse","ats:Closed Bolt Burst Fire","ats:Disruption Kick+1","ats:Powerful Strike","ats:Ignite","ats:Composite Medical Shells","Discovery+1","ats:Cat Scratch","ats:Wolf Pack","ats:Dogmatic Field+1","ats:Healing Drone","ats:Burning Ground","ats:Defend Order"],"relics":["Tiny House","ats:Originium","Eternal Feather","Ornamental Fan","Membership Card","Black Star","ats:Industrial Water Cannon","The Courier"],"acts_visited":["Exordium","TheCity"],"potions_floor_usage":[8,21,21],"damage_taken":[{"damage":5.0,"enemies":"Cultist","floor":1.0,"turns":4.0},{"damage":5.0,"enemies":"Jaw Worm","floor":3.0,"turns":4.0},{"damage":2.0,"enemies":"2 Louse","floor":4.0,"turns":2.0},{"damage":29.0,"enemies":"Lots of Slimes","floor":5.0,"turns":5.0},{"damage":19.0,"enemies":"Red Slaver","floor":7.0,"turns":5.0},{"damage":60,"enemies":"3 Sentries","floor":8,"turns":12},{"damage":2,"enemies":"3 Louse","floor":11,"turns":3},{"damage":1,"enemies":"Exordium Wildlife","floor":12,"turns":2},{"damage":5,"enemies":"2 Fungi Beasts","floor":14,"turns":3},{"damage":62,"enemies":"The Guardian","floor":16,"turns":14},{"damage":0,"enemies":"Spheric Guardian","floor":18,"turns":3},{"damage":27,"enemies":"2 Thieves","floor":21,"turns":4},{"damage":100,"enemies":"Gremlin Leader","floor":23,"turns":11},{"damage":116,"enemies":"Book of Stabbing","floor":25,"turns":8}],"seed_played":"7234821308336791871","potions_obtained":[{"floor":0.0,"key":"Regen Potion"},{"floor":1.0,"key":"Regen Potion"},{"floor":3.0,"key":"FearPotion"},{"floor":7.0,"key":"GamblersBrew"},{"floor":12,"key":"SteroidPotion"},{"floor":21,"key":"LiquidBronze"}],"is_trial":false,"path_per_floor":["M","?","M","M","M","R","M","E","T","R","M","M","$","M","R","B",null,"M","?","?","M","$","E","R","E"],"character_chosen":"DOCTOR_CLASS","items_purchased":["Membership Card","Discovery","ats:Cat Scratch","ats:Burning Ground"],"campfire_rested":0,"item_purchase_floors":[13,13,13,22],"current_hp_per_floor":[72,72,73,75,70,70,61,48,48,57,64,67,67,62,71,40,77,77,77,77,56,56,54,66,0,0],"gold":55,"neow_bonus":"BOSS_RELIC","is_daily":false,"chose_seed":false,"campfire_upgraded":4,"win_rate":0.0,"timestamp":1609507399,"path_taken":["M","?","?","M","M","R","M","E","T","R","M","M","$","M","R","BOSS","M","?","?","M","$","E","R","E"],"items_purchased_type":["Relic","Card","Card","Card"],"build_version":"2020-12-22","purchased_purges":2,"victory":false,"max_hp_per_floor":[77,77,77,77,77,77,77,77,77,77,77,77,77,77,77,77,77,77,77,77,77,77,77,77,77,77],"card_choices":[{"not_picked":["ats:Shell Defense","ats:Healing Strengthening"],"picked":"ats:Part Time Job","floor":0.0},{"not_picked":["ats:Leaping Hammer","ats:Assault Order"],"picked":"ats:Apocalypse","floor":1.0},{"not_picked":["ats:Curse Doll","ats:Leaping Hammer"],"picked":"ats:Closed Bolt Burst Fire","floor":3.0},{"not_picked":["ats:Poison Spread","ats:Soul Absorption"],"picked":"ats:Disruption Kick","floor":4.0},{"not_picked":["ats:Apocalypse","ats:Hammer On","ats:Poison Spread"],"picked":"SKIP","floor":5.0},{"not_picked":["ats:Flexible Camouflage","ats:Shell Defense","ats:Guardian Obelisk"],"picked":"SKIP","floor":7.0},{"not_picked":["ats:Revitalization","ats:Consecutive Shot Auto"],"picked":"ats:Powerful Strike","floor":8},{"not_picked":["ats:Thermite Blade","ats:Steam Pump"],"picked":"ats:Ignite","floor":11},{"not_picked":["ats:Poison Spread","ats:Revitalization"],"picked":"ats:Composite Medical Shells","floor":12},{"not_picked":["ats:Red Shift","ats:Apocalypse"],"picked":"ats:Wolf Pack","floor":14},{"not_picked":["ats:Soul Rend","ats:Durian"],"picked":"ats:Dogmatic Field","floor":16},{"not_picked":["ats:Childhood Dance","ats:Shell Defense","ats:Ignite"],"picked":"SKIP","floor":18},{"not_picked":["ats:Directed Diagnosis","ats:Shell Defense+1"],"picked":"ats:Healing Drone","floor":21},{"not_picked":["ats:Ignite","ats:Curse Doll"],"picked":"ats:Defend Order","floor":23}],"player_experience":196057,"relics_obtained":[{"floor":8,"key":"ats:Originium"},{"floor":8,"key":"Eternal Feather"},{"floor":9,"key":"Ornamental Fan"},{"floor":23,"key":"ats:Industrial Water Cannon"},{"floor":23,"key":"ats:Originium"},{"floor":23,"key":"The Courier"}],"event_choices":[{"damage_healed":0.0,"max_hp_gain":0.0,"max_hp_loss":0.0,"gold_gain":0.0,"event_name":"NoteForYourself","player_choice":"Ignored","floor":2.0,"gold_loss":0.0,"damage_taken":0.0},{"damage_healed":0,"gold_gain":0,"player_choice":"Ignored","damage_taken":0,"max_hp_gain":0,"max_hp_loss":0,"event_name":"Vampires","floor":19,"gold_loss":0},{"cards_removed":["ats:Strike V"],"damage_healed":0,"gold_gain":0,"player_choice":"Gave Gold","damage_taken":0,"max_hp_gain":0,"max_hp_loss":0,"event_name":"Beggar","floor":20,"gold_loss":75}],"is_beta":false,"boss_relics":[{"not_picked":["Runic Pyramid","Busted Crown"],"picked":"Black Star"}],"items_purged_floors":[13,22],"is_endless":false,"potions_floor_spawned":[1,3,7,12,16,21],"killed_by":"Book of Stabbing","ascension_level":0}}