{"host":"hkfd27larxvbrzdx","time":1609488950,"event":{"mods":["AchievementEnabler","BaseMod","Colored Map","Colored Powertips","DeckTracker","Minty Spire (QoL Compilation)"],"gold_per_floor":[115,133,148,148,160,160,194,194,220,253,253,265,265,277,277,376,376,395,413,433,433,59,59,59],"floor_reached":23,"playtime":3017,"items_purged":["Strike_B"],"score":278,"play_id":"ff0f61a7-8e6e-476b-b771-b196b0bd7a8c","local_time":"20210101161550","is_ascension_mode":true,"campfire_choices":[{"data":"Zap","floor":6.0,"key":"SMITH"},{"data":"Chill","floor":8.0,"key":"SMITH"},{"data":"Hologram","floor":11.0,"key":"SMITH"},{"data":"Glacier","floor":15.0,"key":"SMITH"}],"circlet_count":0,"master_deck":["Strike_B","Strike_B","Strike_B","Defend_B","Defend_B+1","Defend_B+1","Defend_B","Zap+1","Dualcast","Glacier+1","Sweeping Beam","Ball Lightning","Self Repair","Chill+1","Hologram+1","Turbo","Go for the Eyes","Barrage+1","Steam","White Noise","Coolheaded"],"relics":["FrozenCore","War Paint","Orichalcum","Akabeko","Blood Vial","Ancient Tea Set","Pen Nib","Lantern","Frozen Eye"],"acts_visited":["Exordium","TheCity"],"potions_floor_usage":[23],"damage_taken":[{"damage":7.0,"enemies":"Jaw Worm","floor":1.0,"turns":4.0},{"damage":3.0,"enemies":"Cultist","floor":2.0,"turns":4.0},{"damage":0.0,"enemies":"2 Louse","floor":3.0,"turns":3.0},{"damage":15.0,"enemies":"Large Slime","floor":5.0,"turns":5.0},{"damage":8.0,"enemies":"Lagavulin","floor":7.0,"turns":7.0},{"damage":8.0,"enemies":"Gremlin Nob","floor":10.0,"turns":4.0},{"damage":1.0,"enemies":"Looter","floor":12.0,"turns":3.0},{"damage":6.0,"enemies":"Blue Slaver","floor":14.0,"turns":3.0},{"damage":0.0,"enemies":"The Guardian","floor":16.0,"turns":14.0},{"damage":7.0,"enemies":"2 Thieves","floor":18.0,"turns":5.0},{"damage":0.0,"enemies":"Shell Parasite","floor":19.0,"turns":11.0},{"damage":19.0,"enemies":"Snake Plant","floor":20.0,"turns":6.0},{"damage":67,"enemies":"Gremlin Leader","floor":23,"turns":10}],"seed_played":"-8340391861723897590","potions_obtained":[{"floor":3.0,"key":"Swift Potion"},{"floor":5.0,"key":"Strength Potion"},{"floor":10.0,"key":"Weak Potion"},{"floor":14.0,"key":"ColorlessPotion"},{"floor":19.0,"key":"Explosive Potion"}],"is_trial":false,"path_per_floor":["M","M","M","?","M","R","E","R","T","E","R","M","?","M","R","B",null,"M","M","M","?","$","E"],"character_chosen":"DEFECT","items_purchased":["Lantern","Frozen Eye"],"campfire_rested":0,"item_purchase_floors":[22,22],"current_hp_per_floor":[68,65,65,65,50,50,49,49,49,50,50,58,55,58,58,67,75,68,75,63,63,63,0,0],"gold":59,"neow_bonus":"RANDOM_COMMON_RELIC","is_daily":false,"chose_seed":false,"campfire_upgraded":4,"win_rate":0.0,"timestamp":1609488950,"path_taken":["M","M","M","?","?","R","E","R","T","E","R","M","?","M","R","BOSS","M","M","M","?","$","E"],"items_purchased_type":["Relic","Relic"],"build_version":"2020-12-22","purchased_purges":1,"victory":false,"max_hp_per_floor":[75,75,75,75,75,75,75,75,75,75,75,75,75,75,75,75,75,75,75,75,75,75,75,75],"card_choices":[{"not_picked":["Go for the Eyes","Leap"],"picked":"Glacier","floor":1.0},{"not_picked":["Skim","Barrage"],"picked":"Sweeping Beam","floor":2.0},{"not_picked":["Scrape","Redo"],"picked":"Ball Lightning","floor":3.0},{"not_picked":["Tempest","Steam Power"],"picked":"Self Repair","floor":5.0},{"not_picked":["Coolheaded","White Noise"],"picked":"Chill","floor":7.0},{"not_picked":["Cold Snap","Turbo"],"picked":"Hologram","floor":10.0},{"not_picked":["Darkness","Beam Cell"],"picked":"Turbo","floor":12.0},{"not_picked":["Turbo","Steam"],"picked":"Go for the Eyes","floor":14.0},{"not_picked":["Rip and Tear+1","Ball Lightning"],"picked":"Barrage+1","floor":18.0},{"not_picked":["Ball Lightning+1","Rebound"],"picked":"Steam","floor":19.0},{"not_picked":["Reprogram","Stack"],"picked":"White Noise","floor":20}],"player_experience":184707,"relics_obtained":[{"floor":7.0,"key":"Akabeko"},{"floor":9.0,"key":"Blood Vial"},{"floor":10.0,"key":"Ancient Tea Set"}],"event_choices":[{"damage_healed":0.0,"max_hp_gain":0.0,"max_hp_loss":0.0,"gold_gain":0.0,"event_name":"WeMeetAgain","player_choice":"Gave Potion","floor":4.0,"gold_loss":0.0,"damage_taken":0.0,"relics_obtained":["Orichalcum"]},{"damage_healed":0.0,"max_hp_gain":0.0,"max_hp_loss":0.0,"gold_gain":0.0,"event_name":"Scrap Ooze","player_choice":"Success","floor":13.0,"gold_loss":0.0,"damage_taken":3.0,"relics_obtained":["Pen Nib"]},{"damage_healed":0,"gold_gain":0,"player_choice":"Read","damage_taken":0,"max_hp_gain":0,"max_hp_loss":0,"event_name":"The Library","floor":21,"gold_loss":0,"cards_obtained":["Coolheaded"]}],"is_beta":false,"boss_relics":[{"not_picked":["Ectoplasm","Fusion Hammer"],"picked":"FrozenCore"}],"items_purged_floors":[22],"is_endless":false,"potions_floor_spawned":[3,5,10,14,19,20],"killed_by":"Gremlin Leader","ascension_level":2}}