{"host":"nia1zwr35jsu5y7h","time":1609530861,"event":{"mods":["2.2 Compatiblity","Abigail Mod","Bard","BaseMod","Colored Map","Conspire","Downfall","Friendly Minions","Hermit","Highlight Path","Hubris","Infinite Spire","Kiyohime????","Koishi","Marisa????????","Minty Spire (QoL Compilation)","Quick Restart","Replay The Spire","Shade Mod","Shop Mod","StSLib","The Administrix","The Animator","The Construct","The Cursed","The Disciple","The Mystic","The Necromancer","The Servant 0.9.4"],"gold_per_floor":[109,184,184,204,218,250,263,263,287,297,330,42,71,13,13,114,114,134,146,146,146,157,157,173,208,234,268,12,29,59,141,141,245,245,259,259,259,259,278,304,304,336,414,414,429,455,500,528,540,552,552],"floor_reached":50,"playtime":2538,"items_purged":["Shade:Defend_Shade","Shade:Defend_Shade"],"score":767,"play_id":"957f2103-a1c3-4e07-8d8b-3ab6acc48243","local_time":"20210101115421","is_ascension_mode":true,"campfire_choices":[{"data":"Shade:PressTheAttack","floor":8,"key":"SMITH"},{"data":"Shade:OneIsEnough","floor":15,"key":"SMITH"},{"data":"Slimebound:CheckThePlaybook","floor":23,"key":"SMITH"},{"floor":32,"key":"REST"},{"data":"Shade:UnbarTheGrave","floor":41,"key":"SMITH"},{"data":"Shade:PoundOfFlesh","floor":44,"key":"SMITH"},{"floor":49,"key":"REST"}],"circlet_count":0,"master_deck":["Shade:Strike_Shade","Shade:Strike_Shade","Shade:Strike_Shade","Shade:AnimateDead","Shade:CarefulCut","Shade:GraveStillness","Shade:FleshToFlesh","Shade:CloudOfShrapnel+1","Shade:Brains","Shade:Excise","Shade:PressTheAttack+1","Shade:AblativeArmor","Shade:PoundOfFlesh+1","Shade:OpenGraves","Shade:OneIsEnough+1","Shade:Excise+1","Shade:DarkOfNight","AbeCurse","Shade:Trample","Shade:AuraOfUnlife","Slimebound:CheckThePlaybook+1","Shade:Bite_Shade+1","Shade:SpectralStrikes","Shade:GraveStillness+1","Shade:Patience+1","Shade:StitchTogether","Shade:Consume","Shade:SpectralStrikes+1","Shade:ScuttlingHand","Shade:DangerousRitual+1","Shade:UnbarTheGrave+1","Shade:Tombstone","Shade:CallOfTheGrave+1","Shade:Bite_Shade+1","Shade:FleshToFlesh+1"],"relics":["Shade:YorickSkull","Tiny Chest","Oddly Smooth Stone","Orichalcum","Sling","CaptainsWheel","Abe\u0027s Treasure","Strawberry","Juzu Bracelet","construct:BoolHorns","Membership Card","StoneCalendar","infinitespire:EmpoweringShard","hubris:TerracottaHorce","Potion Belt","infinitespire:Beetle Shell","hubris:DeckOfHolding","MawBank","hexamod:BolsterEngine"],"acts_visited":["Exordium","TheCity","TheBeyond"],"potions_floor_usage":[19,27,33,33,50,50,50,50],"damage_taken":[{"damage":0,"enemies":"Small Slimes","floor":1,"turns":4},{"damage":0,"enemies":"conspire:RoseBush","floor":4,"turns":3},{"damage":0,"enemies":"Cultist","floor":5,"turns":4},{"damage":0,"enemies":"Lagavulin","floor":6,"turns":10},{"damage":0,"enemies":"Red Slaver","floor":7,"turns":6},{"damage":0,"enemies":"3 Louse","floor":10,"turns":5},{"damage":0,"enemies":"Replay:BlueRogue","floor":11,"turns":8},{"damage":0,"enemies":"Lagavulin","floor":13,"turns":8},{"damage":1,"enemies":"Slime Boss","floor":16,"turns":11},{"damage":0,"enemies":"Spheric Guardian","floor":18,"turns":6},{"damage":0,"enemies":"2 Thieves","floor":19,"turns":5},{"damage":3,"enemies":"Cultist and Chosen","floor":22,"turns":7},{"damage":0,"enemies":"Snake Plant","floor":24,"turns":5},{"damage":6,"enemies":"Nightmare","floor":25,"turns":8},{"damage":38,"enemies":"Gremlin Leader","floor":27,"turns":8},{"damage":0,"enemies":"conspire:HollyBat","floor":29,"turns":9},{"damage":1,"enemies":"Replay:Snechameleon","floor":30,"turns":6},{"damage":5,"enemies":"Collector","floor":33,"turns":10},{"damage":0,"enemies":"Orb Walker","floor":35,"turns":4},{"damage":0,"enemies":"3 Shapes","floor":39,"turns":6},{"damage":32,"enemies":"Nightmare","floor":40,"turns":7},{"damage":19,"enemies":"Nemesis","floor":42,"turns":7},{"damage":18,"enemies":"Jaw Worm Horde","floor":45,"turns":4},{"damage":10,"enemies":"Giant Head","floor":47,"turns":6},{"damage":13,"enemies":"Spire Growth","floor":48,"turns":5},{"damage":45,"enemies":"Time Eater","floor":50,"turns":4}],"seed_played":"3308843069983682015","potions_obtained":[{"floor":1,"key":"Elixir"},{"floor":4,"key":"Adrenaline Potion"},{"floor":10,"key":"Elixir"},{"floor":22,"key":"GamblersBrew"},{"floor":29,"key":"Toxic Potion"},{"floor":30,"key":"DistilledChaos"},{"floor":35,"key":"Ancient Potion"},{"floor":45,"key":"SteroidPotion"},{"floor":47,"key":"Adrenaline Potion"}],"is_trial":false,"path_per_floor":["M","?","?","M","M","E","M","R","T","M","E","$","E","$","R","B",null,"M","M","?","?","M","R","M","NM","T","E","$","M","E","T","R","B",null,"M","?","?","?","M","NM","R","E","T","R","M","T","E","M","R","B"],"character_chosen":"SHADE","items_purchased":["Shade:OpenGraves","Sling","Shade:Excise+1","Membership Card","Shade:SpectralStrikes","Shade:GraveStillness+1"],"campfire_rested":2,"item_purchase_floors":[12,12,14,28,28,28],"current_hp_per_floor":[47,36,36,36,36,36,36,36,36,36,36,36,36,36,36,35,65,65,65,43,43,40,40,40,41,41,3,3,9,14,14,35,46,66,72,72,72,72,72,50,50,44,44,44,26,26,19,12,33,0,0],"gold":552,"neow_bonus":"TRANSFORM_TWO_CARDS","is_daily":false,"chose_seed":false,"campfire_upgraded":5,"win_rate":0.0,"timestamp":1609530861,"path_taken":["M","?","?","M","?","E","M","R","T","M","E","?","E","$","R","BOSS","M","M","?","?","M","R","M","NM","T","E","$","M","E","?","R","BOSS","M","?","?","?","M","NM","R","E","T","R","M","?","E","M","R","BOSS"],"items_purchased_type":["Card","Relic","Card","Relic","Card","Card"],"build_version":"2020-12-22","purchased_purges":2,"victory":false,"max_hp_per_floor":[65,65,65,65,65,65,65,65,65,65,65,65,65,65,65,65,65,65,65,65,65,65,65,65,72,72,72,72,72,72,72,72,72,72,72,72,72,72,72,72,72,72,72,72,72,72,72,72,72,72,72],"card_choices":[{"not_picked":["Shade:FuneraryArmor","Shade:PressTheAttack"],"picked":"Shade:CloudOfShrapnel","floor":1},{"not_picked":["Shade:ClawBack","Shade:FuneraryArmor"],"picked":"Shade:Brains","floor":4},{"not_picked":["Shade:Premonition","Shade:Brains"],"picked":"Shade:Excise","floor":5},{"not_picked":["Shade:ExtraLimbs","Shade:RitualOffering"],"picked":"Shade:PressTheAttack","floor":6},{"not_picked":["Shade:CoffinDance","Shade:FuneraryArmor","Shade:GraveStillness"],"picked":"SKIP","floor":7},{"not_picked":["Shade:Asphyxiate","Shade:FuneraryJewels"],"picked":"Shade:AblativeArmor","floor":10},{"not_picked":["Shade:CloudOfShrapnel","Shade:WallOfFlesh"],"picked":"Shade:PoundOfFlesh","floor":11},{"not_picked":["Shade:CoffinDance","Shade:GraveStillness"],"picked":"Shade:OneIsEnough","floor":13},{"not_picked":["Shade:SelfBurial","Shade:SoulPierce"],"picked":"Shade:DarkOfNight","floor":16},{"not_picked":["Shade:CloudOfShrapnel+1","Shade:Frenzy"],"picked":"Shade:Trample","floor":18},{"not_picked":["Shade:Bonestorm","Shade:FreshBones"],"picked":"Shade:AuraOfUnlife","floor":19},{"not_picked":["Shade:FeralStrike+1","Shade:ClawBack","Shade:Trample"],"picked":"SKIP","floor":22},{"not_picked":["Shade:Bonestorm","Shade:Frenzy","Shade:CommandSoldier"],"picked":"SKIP","floor":24},{"not_picked":["Shade:GreyBargain","Shade:ExtraLimbs","Shade:FuneraryArmor"],"picked":"SKIP","floor":25},{"not_picked":["Shade:GreyBargain","Shade:SpontaneousRitual"],"picked":"Shade:Bite_Shade+1","floor":27},{"not_picked":["Shade:ScuttlingHand","Shade:Haruspicy+1"],"picked":"Shade:Patience+1","floor":29},{"not_picked":["Shade:OpenGraves","Shade:RitualOffering"],"picked":"Shade:StitchTogether","floor":30},{"not_picked":["Shade:SelfBurial","Shade:SoulPierce"],"picked":"Shade:Consume","floor":33},{"not_picked":["Shade:AncientSpear+1","Shade:ClawBack"],"picked":"Shade:SpectralStrikes+1","floor":35},{"not_picked":["Shade:WallOfFlesh+1","Shade:Doomsay+1"],"picked":"Shade:DangerousRitual+1","floor":39},{"not_picked":["Shade:GraveStillness","Shade:BoneShards"],"picked":"Shade:UnbarTheGrave","floor":40},{"not_picked":["Shade:ExtraLimbs+1","Shade:FleshLikeOak"],"picked":"Shade:Tombstone","floor":42},{"not_picked":["Shade:FreshBones","Shade:GreyBargain"],"picked":"Shade:CallOfTheGrave+1","floor":45},{"not_picked":["Shade:FleshOffering+1","Shade:WallOfFlesh"],"picked":"Shade:Bite_Shade+1","floor":47},{"not_picked":["Shade:AncientSpear","Shade:FingerOfDeath"],"picked":"Shade:FleshToFlesh+1","floor":48}],"player_experience":2239412,"relics_obtained":[{"floor":6,"key":"Tiny Chest"},{"floor":9,"key":"Oddly Smooth Stone"},{"floor":11,"key":"Orichalcum"},{"floor":13,"key":"CaptainsWheel"},{"floor":25,"key":"Strawberry"},{"floor":26,"key":"Juzu Bracelet"},{"floor":27,"key":"construct:BoolHorns"},{"floor":30,"key":"StoneCalendar"},{"floor":31,"key":"infinitespire:EmpoweringShard"},{"floor":40,"key":"Potion Belt"},{"floor":42,"key":"infinitespire:Beetle Shell"},{"floor":43,"key":"hubris:DeckOfHolding"},{"floor":46,"key":"MawBank"},{"floor":47,"key":"hexamod:BolsterEngine"}],"event_choices":[{"damage_healed":0,"gold_gain":75,"player_choice":"Gather Gold","damage_taken":11,"max_hp_gain":0,"max_hp_loss":0,"event_name":"World of Goop","floor":2,"gold_loss":0},{"damage_healed":0,"gold_gain":0,"player_choice":"Forge","damage_taken":0,"max_hp_gain":0,"max_hp_loss":0,"event_name":"Accursed Blacksmith","floor":3,"gold_loss":0,"cards_upgraded":["Shade:CloudOfShrapnel"]},{"damage_healed":0,"gold_gain":0,"player_choice":"Ignored","damage_taken":0,"max_hp_gain":0,"max_hp_loss":0,"event_name":"Ghosts","floor":21,"gold_loss":0},{"damage_healed":0,"gold_gain":0,"cards_transformed":["Shade:Defend_Shade"],"player_choice":"Transformed","damage_taken":0,"max_hp_gain":0,"max_hp_loss":0,"event_name":"Transmorgrifier","floor":36,"gold_loss":0,"cards_obtained":["Shade:ScuttlingHand"]},{"damage_healed":0,"gold_gain":0,"player_choice":"Ignored","damage_taken":0,"max_hp_gain":0,"max_hp_loss":0,"event_name":"Tomb of Lord Red Mask","floor":37,"gold_loss":0},{"damage_healed":0,"gold_gain":0,"player_choice":"Leave","damage_taken":0,"max_hp_gain":0,"max_hp_loss":0,"event_name":"conspire:Investor","floor":38,"gold_loss":0}],"is_beta":false,"boss_relics":[{"not_picked":["Snecko Eye","Replay:Bronze Core"],"picked":"Abe\u0027s Treasure"},{"not_picked":["Replay:Wanted Poster","hubris:VirtuousBlindfold"],"picked":"hubris:TerracottaHorce"}],"items_purged_floors":[12,28],"is_endless":false,"potions_floor_spawned":[1,4,10,11,16,22,24,25,29,30,35,45,47],"killed_by":"Time Eater","ascension_level":1}}