{"host":"2n2g1vowfllvjtvi","time":1609500239,"event":{"mods":["AchievementEnabler","BaseMod","Custom Start","GifTheSpireLib","Keyboard Shortcuts","Minty Spire (QoL Compilation)","Quick Restart","Rare Cards Sparkle","StSLib","SuperFastMode"],"gold_per_floor":[119,49,49,64,64,99,99,134,134,209,209,227,227,227,227,304,304,317,592,612,612,612],"floor_reached":21,"playtime":410,"items_purged":[],"score":368,"play_id":"8f709c72-5f4d-4347-8b76-563fd692d76b","local_time":"20210101202359","is_ascension_mode":true,"campfire_choices":[{"data":"Double Tap","floor":7,"key":"SMITH"},{"data":"Uppercut","floor":11,"key":"SMITH"},{"data":"Fire Breathing","floor":13,"key":"SMITH"},{"data":"Carnage","floor":15,"key":"SMITH"}],"circlet_count":0,"master_deck":["AscendersBane","Strike_R","Strike_R","Strike_R","Strike_R","Defend_R","Defend_R","Defend_R","Defend_R","Bash","Uppercut+1","Double Tap+1","Wild Strike","Fire Breathing+1","Carnage+1","Bludgeon","Regret"],"relics":["Burning Blood","NeowsBlessing","WingedGreaves","InkBottle","Snecko Eye"],"acts_visited":["Exordium","TheCity"],"potions_floor_usage":[16,16,18],"damage_taken":[{"damage":0,"enemies":"Jaw Worm","floor":1,"turns":1},{"damage":0,"enemies":"2 Louse","floor":4,"turns":1},{"damage":0,"enemies":"Lagavulin","floor":6,"turns":1},{"damage":23,"enemies":"Gremlin Nob","floor":8,"turns":4},{"damage":6,"enemies":"Small Slimes","floor":12,"turns":3},{"damage":27,"enemies":"The Guardian","floor":16,"turns":9},{"damage":0,"enemies":"Spheric Guardian","floor":18,"turns":2},{"damage":66,"enemies":"3 Byrds","floor":20,"turns":6},{"damage":4,"enemies":"Shelled Parasite and Fungi","floor":21,"turns":2}],"seed_played":"-8243709628525104368","potions_obtained":[{"floor":4,"key":"BlessingOfTheForge"},{"floor":6,"key":"AttackPotion"},{"floor":16,"key":"LiquidMemories"}],"is_trial":false,"path_per_floor":["M","$","?","M","$","E","R","E","T","?","R","M","R","?","R","B",null,"M","?","M","M"],"character_chosen":"IRONCLAD","items_purchased":["Double Tap"],"campfire_rested":0,"item_purchase_floors":[2],"current_hp_per_floor":[74,74,74,75,75,75,75,58,58,47,47,47,47,47,47,26,63,69,69,9,5,5],"gold":612,"neow_bonus":"THREE_ENEMY_KILL","is_daily":false,"chose_seed":false,"campfire_upgraded":4,"win_rate":0.0,"timestamp":1609500239,"path_taken":["M","$","?","M","$","E","R","E","T","?","R","M","R","?","R","BOSS","M","?","?","?"],"items_purchased_type":["Card"],"build_version":"2020-12-22","purchased_purges":0,"victory":false,"max_hp_per_floor":[75,75,75,75,75,75,75,75,75,75,75,75,75,75,75,75,75,75,75,75,75,75],"card_choices":[{"not_picked":["Armaments","Bloodletting"],"picked":"Uppercut","floor":1},{"not_picked":["Sword Boomerang","Havoc"],"picked":"Wild Strike","floor":4},{"not_picked":["Body Slam","Iron Wave","Warcry"],"picked":"SKIP","floor":6},{"not_picked":["Second Wind","Feel No Pain"],"picked":"Fire Breathing","floor":8},{"not_picked":["Thunderclap","Body Slam"],"picked":"Carnage","floor":12},{"not_picked":["Double Tap","Feed"],"picked":"Bludgeon","floor":16},{"not_picked":["Rampage","Infernal Blade","Perfected Strike"],"picked":"SKIP","floor":18},{"not_picked":["Sentinel","Anger","True Grit"],"picked":"SKIP","floor":20}],"player_experience":412738,"relics_obtained":[{"floor":6,"key":"WingedGreaves"},{"floor":8,"key":"InkBottle"}],"event_choices":[{"cards_removed":["Strike_R"],"damage_healed":0,"gold_gain":0,"player_choice":"Forget","damage_taken":0,"max_hp_gain":0,"max_hp_loss":0,"event_name":"Living Wall","floor":3,"gold_loss":0},{"damage_healed":0,"gold_gain":75,"player_choice":"Gather Gold","damage_taken":11,"max_hp_gain":0,"max_hp_loss":0,"event_name":"World of Goop","floor":10,"gold_loss":0},{"damage_healed":0,"gold_gain":0,"player_choice":"0 cards matched","damage_taken":0,"max_hp_gain":0,"max_hp_loss":0,"event_name":"Match and Keep!","floor":14,"gold_loss":0,"cards_obtained":[]},{"damage_healed":0,"gold_gain":275,"player_choice":"Desecrate","damage_taken":0,"max_hp_gain":0,"max_hp_loss":0,"event_name":"Golden Shrine","floor":19,"gold_loss":0,"cards_obtained":["Regret"]}],"is_beta":false,"boss_relics":[{"not_picked":["Ectoplasm","Sozu"],"picked":"Snecko Eye"}],"items_purged_floors":[],"is_endless":false,"potions_floor_spawned":[4,6,16],"killed_by":"Shelled Parasite and Fungi","ascension_level":15}}