{"host":"hvutsrv30nr3m3gn","time":1609470064,"event":{"mods":["BaseMod","Colored Powertips","Downfall","Hermit","Marisa????????","Minty Spire (QoL Compilation)","StSLib","The Animator","The Bug Knight","The Cursed"],"gold_per_floor":[99,99,99,99,99,124,124,137,147,147,147,147],"floor_reached":10,"playtime":495,"items_purged":[],"score":64,"play_id":"9f88f8bc-067c-4e4e-a38d-2a76d910feb2","local_time":"20201231200104","is_ascension_mode":false,"campfire_choices":[{"data":"Guardian:TwinSlam","floor":1,"key":"SMITH"}],"circlet_count":0,"master_deck":["Guardian:Strike_Guardian","Guardian:Strike_Guardian","Guardian:Strike_Guardian","Guardian:Defend_Guardian","Guardian:Defend_Guardian","Guardian:Defend_Guardian","Guardian:Defend_Guardian","Guardian:CurlUp","Guardian:TwinSlam+1","Guardian:Gem_Red","Guardian:TimeCapacitor","Guardian:DecasProtection","Guardian:TimeBomb","Guardian:TimeBomb","Guardian:Reroute+1"],"relics":["Guardian:ModeShifter","downfall:HeartsMalice","Molten Egg 2"],"acts_visited":["Exordium"],"potions_floor_usage":[],"damage_taken":[{"damage":0,"enemies":"2 Louse","floor":2,"turns":1},{"damage":0,"enemies":"Small Slimes","floor":3,"turns":1},{"damage":0,"enemies":"Jaw Worm","floor":4,"turns":1},{"damage":26,"enemies":"3 Sentries","floor":6,"turns":10},{"damage":9,"enemies":"Blue Slaver","floor":8,"turns":4},{"damage":16,"enemies":"Exordium Wildlife","floor":9,"turns":6},{"damage":30,"enemies":"Gremlin Nob","floor":10,"turns":3}],"seed_played":"9010044524230034803","potions_obtained":[{"floor":6,"key":"LiquidMemories"},{"floor":8,"key":"Fire Potion"},{"floor":9,"key":"BlessingOfTheForge"}],"is_trial":false,"path_per_floor":["R","M","M","M","?","E","T","M","M","E"],"character_chosen":"GUARDIAN","items_purchased":[],"campfire_rested":0,"item_purchase_floors":[],"current_hp_per_floor":[80,80,80,80,80,54,54,45,29,0,0,0],"gold":147,"neow_bonus":"THREE_ENEMY_KILL","is_daily":false,"chose_seed":false,"campfire_upgraded":1,"win_rate":0.0,"timestamp":1609470064,"path_taken":["R","M","M","M","?","E","T","M","M","E"],"items_purchased_type":[],"build_version":"2020-12-22","purchased_purges":0,"victory":false,"max_hp_per_floor":[80,80,80,80,80,80,80,80,80,80,80,80],"card_choices":[{"not_picked":["Guardian:TemporalShield","Guardian:Suspension"],"picked":"Guardian:Gem_Red","floor":2},{"not_picked":["Guardian:Emergency","Guardian:DecasProtection"],"picked":"Guardian:TimeCapacitor","floor":3},{"not_picked":["Guardian:VentSteam","Guardian:TemporalShield"],"picked":"Guardian:DecasProtection","floor":4},{"not_picked":["Guardian:CrystalBeam+1","Guardian:TimeCapacitor"],"picked":"Guardian:TimeBomb","floor":6},{"not_picked":["Guardian:Gem_Crimson","Guardian:SpikerProtocol"],"picked":"Guardian:TimeBomb","floor":8},{"not_picked":["Guardian:Emergency","Guardian:Suspension"],"picked":"Guardian:Reroute+1","floor":9}],"player_experience":61334,"relics_obtained":[{"floor":6,"key":"Molten Egg 2"}],"event_choices":[],"is_beta":false,"boss_relics":[],"items_purged_floors":[],"is_endless":false,"potions_floor_spawned":[6,8,9],"killed_by":"Gremlin Nob","ascension_level":0}}