{"host":"igj4vwc42ivwqexo","time":1609471320,"event":{"mods":["BaseMod","Better Third Choice","Koishi","Marisa????????","Minty Spire (QoL Compilation)","Shop Mod","StSLib","The Blue Laboratory","The Disciple","The Hierophant","The Servant 0.9.4"],"gold_per_floor":[212,212,227,227,239,239,249,249,273,287,287,317,342,361,361,463,463,480,505,580,580,592,592,618,633,633,653,653,679,689,702,702,798,798,817,817,445,461,476,476,476,476],"floor_reached":41,"playtime":6091,"items_purged":["Strike_P"],"score":558,"play_id":"d0d5897b-8570-4be5-96e4-5b327fc8bd95","local_time":"20210101042200","is_ascension_mode":true,"campfire_choices":[{"data":"Eruption","floor":6,"key":"SMITH"},{"data":"Judgement","floor":8,"key":"SMITH"},{"data":"Study","floor":11,"key":"SMITH"},{"data":"ClearTheMind","floor":15,"key":"SMITH"},{"data":"Establishment","floor":23,"key":"SMITH"},{"data":"WindmillStrike","floor":28,"key":"SMITH"},{"data":"SpiritShield","floor":32,"key":"SMITH"},{"data":"EmptyMind","floor":40,"key":"SMITH"}],"circlet_count":0,"master_deck":["Strike_P","Strike_P","Defend_P","Defend_P","Defend_P","Eruption+1","Vigilance","FearNoEvil","Judgement+1","Protect","EmptyFist","Study+1","Vengeance","WindmillStrike","ClearTheMind+1","Establishment+1","CurseOfTheBell","BattleHymn+1","BattleHymn","Sanctity","Crescendo+1","EmptyFist","WindmillStrike+1","SpiritShield+1","EmptyMind+1","Devotion","Evaluate+1","Perseverance+1"],"relics":["HolyWater","Tiny Chest","Pen Nib","Dream Catcher","Calling Bell","Anchor","The Courier","FossilizedHelix","Red Mask","Kunai","Lantern","Matryoshka","StoneCalendar","TheAbacus","Bottled Flame"],"acts_visited":["Exordium","TheCity","TheBeyond"],"potions_floor_usage":[24,38,39],"damage_taken":[{"damage":0,"enemies":"2 Louse","floor":1,"turns":4},{"damage":0,"enemies":"Small Slimes","floor":3,"turns":1},{"damage":0,"enemies":"Cultist","floor":5,"turns":2},{"damage":1,"enemies":"Exordium Wildlife","floor":7,"turns":4},{"damage":0,"enemies":"Blue Slaver","floor":10,"turns":1},{"damage":12,"enemies":"Gremlin Nob","floor":13,"turns":3},{"damage":0,"enemies":"3 Louse","floor":14,"turns":3},{"damage":12,"enemies":"The Guardian","floor":16,"turns":9},{"damage":0,"enemies":"Shell Parasite","floor":18,"turns":5},{"damage":10,"enemies":"Masked Bandits","floor":19,"turns":4},{"damage":0,"enemies":"Spheric Guardian","floor":22,"turns":2},{"damage":23,"enemies":"Gremlin Leader","floor":24,"turns":5},{"damage":4,"enemies":"3 Cultists","floor":25,"turns":4},{"damage":0,"enemies":"Chosen and Byrds","floor":27,"turns":6},{"damage":7,"enemies":"Slavers","floor":29,"turns":4},{"damage":0,"enemies":"Snecko","floor":30,"turns":3},{"damage":0,"enemies":"Sentry and Sphere","floor":31,"turns":3},{"damage":0,"enemies":"Champ","floor":33,"turns":8},{"damage":0,"enemies":"Orb Walker","floor":35,"turns":4},{"damage":22,"enemies":"3 Darklings","floor":38,"turns":3},{"damage":11,"enemies":"Sphere and 2 Shapes","floor":39,"turns":5},{"damage":37,"enemies":"2 Orb Walkers","floor":41,"turns":3}],"seed_played":"3575516719945464465","potions_obtained":[{"floor":3,"key":"blueLaboratory:CorrosionFlask"},{"floor":13,"key":"blueLaboratory:PyrophylliteBrew"},{"floor":16,"key":"DistilledChaos"},{"floor":19,"key":"Regen Potion"},{"floor":25,"key":"BlessingOfTheForge"},{"floor":27,"key":"Dexterity Potion"},{"floor":38,"key":"blueLaboratory:BottleOfVodka"}],"is_trial":false,"path_per_floor":["M","?","M","?","M","R","M","R","T","M","R","?","E","M","R","B",null,"M","?","?","T","M","R","E","M","T","M","R","E","M","M","R","B",null,"M","?","$","M","M","R","?"],"character_chosen":"WATCHER","items_purchased":["TheAbacus","Bottled Flame"],"campfire_rested":0,"item_purchase_floors":[37,37],"current_hp_per_floor":[72,72,72,65,65,65,64,64,64,64,64,64,52,52,52,40,72,72,62,55,55,55,55,44,40,40,40,40,33,33,33,33,33,72,72,68,68,46,35,35,0,0],"gold":476,"neow_bonus":"HUNDRED_GOLD","is_daily":false,"chose_seed":false,"campfire_upgraded":8,"win_rate":0.0,"timestamp":1609471320,"path_taken":["M","?","M","?","M","R","M","R","T","M","R","?","E","M","R","BOSS","M","?","?","?","?","R","E","M","T","M","R","E","M","M","R","BOSS","M","?","$","M","M","R","?"],"items_purchased_type":["Relic","Relic"],"build_version":"2020-12-22","purchased_purges":1,"victory":false,"max_hp_per_floor":[72,72,72,72,72,72,72,72,72,72,72,72,72,72,72,72,72,72,72,72,72,72,72,72,72,72,72,72,72,72,72,72,72,72,72,68,68,68,68,68,68,68],"card_choices":[{"not_picked":["JustLucky","CrushJoints"],"picked":"FearNoEvil","floor":1},{"not_picked":["WreathOfFlame","Meditate"],"picked":"Protect","floor":3},{"not_picked":["Consecrate","SashWhip"],"picked":"EmptyFist","floor":5},{"not_picked":["Conclude","Evaluate"],"picked":"Study","floor":7},{"not_picked":["PathToVictory","WreathOfFlame"],"picked":"Vengeance","floor":10},{"not_picked":["CrushJoints","WreathOfFlame"],"picked":"WindmillStrike","floor":13},{"not_picked":["ThirdEye","EmptyBody"],"picked":"ClearTheMind","floor":14},{"not_picked":["Brilliance","Vault"],"picked":"Establishment","floor":16},{"not_picked":["Worship+1","EmptyFist"],"picked":"BattleHymn+1","floor":18},{"not_picked":["Nirvana","Worship"],"picked":"BattleHymn","floor":19},{"not_picked":["Halt","Weave+1"],"picked":"Sanctity","floor":22},{"not_picked":["Omniscience","ClearTheMind"],"picked":"Crescendo+1","floor":24},{"not_picked":["Evaluate+1","FollowUp"],"picked":"EmptyFist","floor":25},{"not_picked":["Evaluate","Weave+1"],"picked":"WindmillStrike","floor":27},{"not_picked":["ClearTheMind","SashWhip"],"picked":"SpiritShield","floor":29},{"not_picked":["BowlingBash","Consecrate","ForeignInfluence"],"picked":"SKIP","floor":30},{"not_picked":["Vengeance","Meditate"],"picked":"EmptyMind","floor":31},{"not_picked":["LessonLearned","Establishment"],"picked":"Devotion","floor":33},{"not_picked":["Halt","CutThroughFate"],"picked":"Evaluate+1","floor":35},{"not_picked":["Conclude+1","ClearTheMind","Study"],"picked":"SKIP","floor":38},{"not_picked":["Halt+1","PathToVictory"],"picked":"Perseverance+1","floor":39}],"player_experience":296920,"relics_obtained":[{"floor":9,"key":"Tiny Chest"},{"floor":13,"key":"Dream Catcher"},{"floor":17,"key":"Anchor"},{"floor":17,"key":"The Courier"},{"floor":17,"key":"FossilizedHelix"},{"floor":19,"key":"Red Mask"},{"floor":21,"key":"Kunai"},{"floor":24,"key":"Lantern"},{"floor":26,"key":"Matryoshka"},{"floor":29,"key":"StoneCalendar"}],"event_choices":[{"damage_healed":0,"gold_gain":0,"cards_transformed":["Strike_P"],"player_choice":"Change","damage_taken":0,"max_hp_gain":0,"max_hp_loss":0,"event_name":"Living Wall","floor":2,"gold_loss":0,"cards_obtained":["Judgement"]},{"cards_removed":["Defend_P"],"damage_healed":0,"gold_gain":0,"player_choice":"Card Removal","damage_taken":7,"max_hp_gain":0,"max_hp_loss":0,"event_name":"Golden Wing","floor":4,"gold_loss":0},{"damage_healed":0,"gold_gain":30,"player_choice":"Searched \u00273\u0027 times","damage_taken":0,"relics_obtained":["Pen Nib"],"max_hp_gain":0,"max_hp_loss":0,"event_name":"Dead Adventurer","floor":12,"gold_loss":0},{"damage_healed":0,"gold_gain":0,"player_choice":"Fought Bandits","damage_taken":0,"max_hp_gain":0,"max_hp_loss":0,"event_name":"Masked Bandits","floor":19,"gold_loss":0},{"damage_healed":0,"gold_gain":75,"player_choice":"Touch","damage_taken":7,"max_hp_gain":0,"max_hp_loss":0,"event_name":"FaceTrader","floor":20,"gold_loss":0},{"damage_healed":0,"gold_gain":0,"player_choice":"Max HP","damage_taken":0,"max_hp_gain":0,"max_hp_loss":4,"event_name":"Winding Halls","floor":36,"gold_loss":0},{"damage_healed":0,"gold_gain":0,"player_choice":"Fight","damage_taken":0,"max_hp_gain":0,"max_hp_loss":0,"event_name":"Mysterious Sphere","floor":41,"gold_loss":0}],"is_beta":false,"boss_relics":[{"not_picked":["Busted Crown","Snecko Eye"],"picked":"Calling Bell"},{"not_picked":["Fusion Hammer","Velvet Choker"],"picked":"HolyWater"}],"items_purged_floors":[37],"is_endless":false,"potions_floor_spawned":[3,13,16,19,22,25,27,31,38],"killed_by":"2 Orb Walkers","ascension_level":3}}