{"host":"jlioisuqr94vbevf","time":1609532920,"event":{"mods":["BaseMod","Minty Spire (QoL Compilation)"],"gold_per_floor":[115,125,125,11,25,25,38,63,90,110,126,126,140,24,24,128,128,143,20,20,39,39,39,39],"floor_reached":23,"playtime":1744,"items_purged":["Pain"],"score":261,"play_id":"7aee2219-3be8-4d08-8923-c39354745247","local_time":"20210101212840","is_ascension_mode":true,"campfire_choices":[{"data":"Neutralize","floor":6,"key":"SMITH"},{"floor":12,"key":"REST"},{"data":"Bane","floor":15,"key":"SMITH"}],"circlet_count":0,"master_deck":["Strike_G","Strike_G","Strike_G","Defend_G","Defend_G","Defend_G","Defend_G","Defend_G","Survivor","Neutralize+1","Deflect","Dagger Throw","Noxious Fumes","Underhanded Strike","Masterful Stab","Sucker Punch","Bane+1","Slice","Adrenaline","Poisoned Stab","Bouncing Flask","Bullet Time","Backflip","Footwork","Flying Knee","Acrobatics","Eviscerate","Cloak And Dagger"],"relics":["Ring of the Snake","Torii","Tiny Chest","Strawberry","Philosopher\u0027s Stone"],"acts_visited":["Exordium","TheCity"],"potions_floor_usage":[5,8,11],"damage_taken":[{"damage":8,"enemies":"Small Slimes","floor":1,"turns":6},{"damage":7,"enemies":"2 Louse","floor":2,"turns":4},{"damage":1,"enemies":"Jaw Worm","floor":5,"turns":4},{"damage":1,"enemies":"3 Louse","floor":7,"turns":4},{"damage":15,"enemies":"Gremlin Nob","floor":8,"turns":4},{"damage":13,"enemies":"Large Slime","floor":10,"turns":6},{"damage":10,"enemies":"2 Fungi Beasts","floor":11,"turns":3},{"damage":2,"enemies":"Blue Slaver","floor":13,"turns":4},{"damage":21,"enemies":"Slime Boss","floor":16,"turns":10},{"damage":13,"enemies":"Shell Parasite","floor":18,"turns":4},{"damage":3,"enemies":"3 Byrds","floor":21,"turns":4},{"damage":38,"enemies":"Gremlin Leader","floor":23,"turns":7}],"seed_played":"-494441649676770986","potions_obtained":[{"floor":2,"key":"DistilledChaos"},{"floor":5,"key":"GamblersBrew"},{"floor":10,"key":"ColorlessPotion"},{"floor":11,"key":"Energy Potion"}],"is_trial":false,"path_per_floor":["M","M","?","$","M","R","M","E","T","M","M","R","M","$","R","B",null,"M","$","?","M","?","E"],"character_chosen":"THE_SILENT","items_purchased":["Noxious Fumes","Poisoned Stab","Bouncing Flask","Footwork","Flying Knee"],"campfire_rested":1,"item_purchase_floors":[4,14,14,19,19],"current_hp_per_floor":[55,48,70,70,69,69,68,53,60,47,37,60,58,58,58,37,67,54,54,54,51,37,0,0],"gold":39,"neow_bonus":"ONE_RARE_RELIC","is_daily":false,"chose_seed":false,"campfire_upgraded":2,"win_rate":0.0,"timestamp":1609532920,"path_taken":["M","M","?","$","M","R","M","E","T","M","M","R","M","$","R","BOSS","M","$","?","M","?","E"],"items_purchased_type":["Card","Card","Card","Card","Card"],"build_version":"2020-12-22","purchased_purges":1,"victory":false,"max_hp_per_floor":[70,70,70,70,70,70,70,70,77,77,77,77,77,77,77,77,77,77,77,77,77,82,82,82],"card_choices":[{"not_picked":["Well Laid Plans","Concentrate"],"picked":"Deflect","floor":1},{"not_picked":["Choke","Sucker Punch"],"picked":"Dagger Throw","floor":2},{"not_picked":["Catalyst","Setup"],"picked":"Underhanded Strike","floor":5},{"not_picked":["Underhanded Strike","Bane"],"picked":"Masterful Stab","floor":7},{"not_picked":["Grand Finale","Setup"],"picked":"Sucker Punch","floor":8},{"not_picked":["Backflip","Prepared"],"picked":"Bane","floor":10},{"not_picked":["Underhanded Strike","Choke"],"picked":"Slice","floor":11},{"not_picked":["Blur","Cloak And Dagger"],"picked":"Adrenaline","floor":13},{"not_picked":["Malaise","A Thousand Cuts"],"picked":"Bullet Time","floor":16},{"not_picked":["Underhanded Strike","Expertise"],"picked":"Backflip","floor":18},{"not_picked":["Blade Dance","Infinite Blades"],"picked":"Cloak And Dagger","floor":21}],"player_experience":351314,"relics_obtained":[{"floor":8,"key":"Tiny Chest"},{"floor":9,"key":"Strawberry"}],"event_choices":[{"damage_healed":23,"gold_gain":0,"player_choice":"Banana","damage_taken":0,"max_hp_gain":0,"max_hp_loss":0,"event_name":"Big Fish","floor":3,"gold_loss":0},{"damage_healed":0,"gold_gain":0,"cards_transformed":["Strike_G","Strike_G"],"player_choice":"Became Test Subject","damage_taken":0,"max_hp_gain":0,"max_hp_loss":0,"event_name":"Drug Dealer","floor":20,"gold_loss":0,"cards_obtained":["Acrobatics","Eviscerate"]},{"damage_healed":0,"gold_gain":0,"player_choice":"Shed Blood","damage_taken":19,"max_hp_gain":5,"max_hp_loss":0,"event_name":"Forgotten Altar","floor":22,"gold_loss":0}],"is_beta":false,"boss_relics":[{"not_picked":["WristBlade","Runic Pyramid"],"picked":"Philosopher\u0027s Stone"}],"items_purged_floors":[4],"is_endless":false,"potions_floor_spawned":[2,5,10,11],"killed_by":"Gremlin Leader","ascension_level":7}}