{"host":"h8k9dndf1ns7wsjc","time":1609465643,"event":{"mods":["2.2 Compatiblity","AchievementEnabler","Act Like it!","BaseMod","Better Altar","Better Skull","Better Vampires","BetterRewards","Communication Mod","Downfall","Minty Spire (QoL Compilation)","Permanent Neow","Remove Card Discount Mod","Spicy Shops","StSLib"],"gold_per_floor":[99,114,564,6,106,140,140,140,155,155,175,175,195,195,211,311,311,311,326,326,337,356,356,410,335,360,374,394,27,69,190,223,341,353,365,396,433,284,393,407,407,20,54,83,8,26,68,94,122,122],"floor_reached":51,"playtime":5083,"items_purged":["Slimebound:Icky","Slimebound:Icky","Slimebound:Icky","Parasite","sneckomod:Strike","sneckomod:Strike","sneckomod:Defend","sneckomod:Defend","sneckomod:Defend+1","sneckomod:TailWhip+1","sneckomod:SnekBite","sneckomod:QuickMove"],"score":818,"play_id":"a2ad82a7-30a7-4931-acd7-9dba8351f23d","local_time":"20210101024723","is_ascension_mode":false,"campfire_choices":[{"data":"sneckomod:Unknown","floor":1,"key":"SMITH"},{"floor":10,"key":"REST"},{"floor":18,"key":"RECALL"},{"floor":25,"key":"REST"},{"floor":35,"key":"REST"},{"floor":45,"key":"REST"}],"circlet_count":0,"master_deck":["sneckomod:Unknown+1","sneckomod:Unknown+2","sneckomod:UnknownEthereal","sneckomod:UnknownRarePower+1","sneckomod:UnknownUncommonPower+1","sneckomod:DiceBoulder","sneckomod:SoulExchange","sneckomod:UnknownClassHEXA_GHOST_PURPLE+1","sneckomod:UnknownUncommonPower+1","sneckomod:SoulRoll","sneckomod:SnakeSap","sneckomod:UnknownRareSkill+1","sneckomod:DiceBlock","sneckomod:UnknownEthereal+1","sneckomod:UnknownUncommonAttack+1","sneckomod:UnknownBlock+1","sneckomod:SoulDraw","sneckomod:UnknownCommonAttack+1","sneckomod:Unknown0Cost+1","sneckomod:UnknownCommonAttack+1","sneckomod:UnknownWeak+1","sneckomod:Unknown3Cost+1","sneckomod:SnakeSap+1","sneckomod:MasterEye+1","sneckomod:SnakeSap","sneckomod:CheapStock+1","sneckomod:QuickBite","sneckomod:UnknownUncommonPower+1","sneckomod:DiceCrush","sneckomod:SoulDraw","sneckomod:QuickBite+1","sneckomod:Unknown2Cost+1","sneckomod:UnknownRareSkill+1"],"relics":["sneckomod:SneckoSoul","Lantern","sneckomod:UnknownEgg","PreservedInsect","Matryoshka","Fusion Hammer","CeramicFish","Pen Nib","downfall:HeartBlessingRed","Strawberry","Pantograph","MawBank","StoneCalendar","White Beast Statue","Philosopher\u0027s Stone","Lee\u0027s Waffle","Potion Belt","Toy Ornithopter","Bottled Tornado","sneckomod:LoadedDie","Bird Faced Urn","Oddly Smooth Stone","Bronze Scales","downfall:HeartBlessingGreen","Regal Pillow"],"acts_visited":["Exordium","TheCity","TheBeyond"],"potions_floor_usage":[16,16,28,31,32,38,39,40,43,44,46,47,49,50,50,50,50,50,50],"damage_taken":[{"damage":15,"enemies":"Small Slimes","floor":2,"turns":5},{"damage":10,"enemies":"downfall:FleeingMerchant","floor":4,"turns":4},{"damage":36,"enemies":"3 Sentries","floor":6,"turns":7},{"damage":2,"enemies":"Lagavulin","floor":8,"turns":8},{"damage":0,"enemies":"Jaw Worm","floor":9,"turns":1},{"damage":8,"enemies":"2 Louse","floor":11,"turns":2},{"damage":0,"enemies":"Red Slaver","floor":13,"turns":2},{"damage":1,"enemies":"3 Louse","floor":15,"turns":3},{"damage":71,"enemies":"downfall:Ironclad","floor":16,"turns":10},{"damage":0,"enemies":"Spheric Guardian","floor":19,"turns":3},{"damage":26,"enemies":"Cultist and Chosen","floor":21,"turns":5},{"damage":24,"enemies":"Sentry and Sphere","floor":22,"turns":4},{"damage":6,"enemies":"Snake Plant","floor":26,"turns":3},{"damage":15,"enemies":"Cultist and Chosen","floor":27,"turns":6},{"damage":35,"enemies":"3 Cultists","floor":28,"turns":5},{"damage":10,"enemies":"downfall:FleeingMerchant","floor":29,"turns":4},{"damage":21,"enemies":"Book of Stabbing","floor":30,"turns":2},{"damage":20,"enemies":"downfall:Watcher","floor":31,"turns":7},{"damage":3,"enemies":"Centurion and Healer","floor":32,"turns":3},{"damage":27,"enemies":"downfall:Defect","floor":33,"turns":7},{"damage":46,"enemies":"3 Shapes","floor":36,"turns":3},{"damage":8,"enemies":"Orb Walker","floor":37,"turns":3},{"damage":25,"enemies":"downfall:FleeingMerchant","floor":38,"turns":4},{"damage":2,"enemies":"downfall:LadyInBlue","floor":39,"turns":4},{"damage":0,"enemies":"Sphere and 2 Shapes","floor":40,"turns":2},{"damage":0,"enemies":"downfall:FleeingMerchant","floor":42,"turns":1},{"damage":33,"enemies":"Nemesis","floor":43,"turns":5},{"damage":6,"enemies":"Writhing Mass","floor":44,"turns":2},{"damage":52,"enemies":"Spire Growth","floor":46,"turns":4},{"damage":35,"enemies":"Reptomancer","floor":47,"turns":5},{"damage":31,"enemies":"3 Darklings","floor":48,"turns":3},{"damage":43,"enemies":"4 Shapes","floor":49,"turns":4},{"damage":44,"enemies":"downfall:Silent","floor":50,"turns":5}],"seed_played":"-4425317968471397006","potions_obtained":[{"floor":6,"key":"FairyPotion"},{"floor":9,"key":"SneckoOil"},{"floor":11,"key":"LiquidBronze"},{"floor":15,"key":"sneckomod:MuddlingPotion"},{"floor":22,"key":"Dexterity Potion"},{"floor":26,"key":"SkillPotion"},{"floor":31,"key":"Block Potion"},{"floor":32,"key":"Fire Potion"},{"floor":37,"key":"Regen Potion"},{"floor":38,"key":"DuplicationPotion"},{"floor":39,"key":"PowerPotion"},{"floor":39,"key":"DistilledChaos"},{"floor":39,"key":"SpeedPotion"},{"floor":40,"key":"champ:CounterPotion"},{"floor":43,"key":"EntropicBrew"},{"floor":44,"key":"Regen Potion"},{"floor":46,"key":"PowerPotion"},{"floor":47,"key":"sneckomod:OffclassReductionPotion"},{"floor":48,"key":"Block Potion"},{"floor":49,"key":"Block Potion"}],"is_trial":false,"path_per_floor":["R","M","?","$","?","E","T","E","M","R","M","?","M","?","M","B",null,"R","M","?","M","M","?","T","R","M","M","M","$","E","?","M","B",null,"R","M","M","?","?","M","T","$","E","M","R","M","E","M","M","B",null],"character_chosen":"THE_SNECKO","items_purchased":["sneckomod:UnknownEgg","sneckomod:UnknownUncommonPower+1","sneckomod:DiceBoulder","Strawberry","Pantograph","sneckomod:UnknownCommonAttack+1","Lee\u0027s Waffle","sneckomod:LoadedDie","Bird Faced Urn","Oddly Smooth Stone","sneckomod:QuickBite","sneckomod:UnknownUncommonPower+1","sneckomod:DiceCrush"],"campfire_rested":4,"item_purchase_floors":[4,4,4,29,29,29,38,42,42,42,42,42,42],"current_hp_per_floor":[90,84,84,76,76,40,40,38,39,67,60,60,60,83,82,12,96,96,96,88,62,49,81,81,97,92,77,57,55,42,48,46,45,108,108,72,64,115,115,115,115,116,93,98,116,91,81,65,57,98],"gold":122,"neow_bonus":"RANDOM_COMMON_RELIC","is_daily":false,"chose_seed":false,"campfire_upgraded":1,"win_rate":0.0,"timestamp":1609465643,"path_taken":["R","M","?","$","?","E","T","E","?","R","M","?","?","?","M","BOSS","R","M","?","?","M","?","T","R","M","M","M","$","E","?","M","BOSS","R","M","M","?","?","M","T","$","E","?","R","M","E","M","M","BOSS"],"items_purchased_type":["Relic","Card","Card","Relic","Relic","Card","Relic","Relic","Relic","Relic","Card","Card","Card"],"build_version":"2020-12-22","purchased_purges":12,"victory":true,"max_hp_per_floor":[90,91,91,93,93,93,93,93,94,94,95,95,95,95,95,96,96,96,96,96,96,97,97,97,97,98,98,99,104,105,106,107,108,108,108,108,108,115,115,115,115,116,116,116,116,116,116,117,118,118],"card_choices":[{"not_picked":["sneckomod:UnknownCommonAttack","sneckomod:UnknownWeak"],"picked":"sneckomod:UnknownEthereal","floor":2},{"not_picked":["sneckomod:UnknownVulnerable","sneckomod:QuickMove"],"picked":"sneckomod:UnknownRarePower","floor":4},{"not_picked":["sneckomod:UnknownStrike+1","sneckomod:Unknown1Cost+1"],"picked":"sneckomod:SoulExchange","floor":6},{"not_picked":["sneckomod:SoulDraw","sneckomod:SnekBeam","sneckomod:DiceBlock"],"picked":"SKIP","floor":8},{"not_picked":["sneckomod:SlitherStrike","sneckomod:QuickBite"],"picked":"sneckomod:UnknownClassHEXA_GHOST_PURPLE+1","floor":9},{"not_picked":["sneckomod:DiceBlock","sneckomod:Mudshield"],"picked":"sneckomod:UnknownUncommonPower+1","floor":11},{"not_picked":["sneckomod:Unknown2Cost+1","sneckomod:UnknownClassHEXA_GHOST_PURPLE+1"],"picked":"sneckomod:SoulRoll","floor":13},{"not_picked":["sneckomod:UnknownBlock+1","sneckomod:UnknownStrike+1"],"picked":"sneckomod:SnakeSap","floor":15},{"not_picked":["sneckomod:DangerNoodle","sneckomod:UnlimitedRolls"],"picked":"sneckomod:UnknownRareSkill+1","floor":16},{"not_picked":["sneckomod:DefensiveFlair","sneckomod:UnknownExhaust+1"],"picked":"sneckomod:QuickMove","floor":19},{"not_picked":["sneckomod:UnknownUncommonAttack+1","sneckomod:UnknownClassPURPLE+1"],"picked":"sneckomod:DiceBlock","floor":21},{"not_picked":["sneckomod:Unknown2Cost+1","sneckomod:SnakeSap"],"picked":"sneckomod:UnknownEthereal+1","floor":22},{"not_picked":["sneckomod:UnknownStrike+1","sneckomod:UnknownEthereal+1"],"picked":"sneckomod:UnknownUncommonAttack+1","floor":26},{"not_picked":["sneckomod:DiceCrush","sneckomod:UnknownCommonSkill+1","sneckomod:UnknownClassGREEN+1"],"picked":"SKIP","floor":27},{"not_picked":["sneckomod:UnknownCommonAttack+1","sneckomod:UnknownUncommonSkill+1"],"picked":"sneckomod:UnknownBlock+1","floor":28},{"not_picked":["sneckomod:UnknownExhaust+1","sneckomod:UnknownCommonSkill+1"],"picked":"sneckomod:SoulDraw","floor":29},{"not_picked":["sneckomod:SnekBeam","sneckomod:SerpentMind"],"picked":"sneckomod:Unknown0Cost+1","floor":30},{"not_picked":["sneckomod:WideSting","sneckomod:DiceBlock+1"],"picked":"sneckomod:UnknownCommonAttack+1","floor":31},{"not_picked":["sneckomod:DiceBlock+1","sneckomod:UnknownVulnerable+1"],"picked":"sneckomod:UnknownWeak+1","floor":32},{"not_picked":["sneckomod:MorePower","sneckomod:SoulExchange"],"picked":"sneckomod:Unknown3Cost+1","floor":33},{"not_picked":["sneckomod:UnknownCommonAttack+1","sneckomod:UnknownWeak+1"],"picked":"sneckomod:SnakeSap+1","floor":36},{"not_picked":["sneckomod:SoulCleanse+1","sneckomod:DiceCrush+1"],"picked":"sneckomod:MasterEye+1","floor":37},{"not_picked":["sneckomod:Nope","sneckomod:UnknownClassTHE_CHAMP_GRAY+1"],"picked":"sneckomod:SnakeSap","floor":38},{"not_picked":["sneckomod:UnknownWeak+1","sneckomod:RainOfDice+1"],"picked":"sneckomod:CheapStock+1","floor":39},{"not_picked":["sneckomod:UnknownUncommonAttack+1","sneckomod:UnknownCommonSkill+1","sneckomod:IronFang+1"],"picked":"SKIP","floor":40},{"not_picked":["sneckomod:SoulExchange","sneckomod:UnknownUncommonAttack+1","sneckomod:UnknownCommonSkill+1"],"picked":"SKIP","floor":42},{"not_picked":["sneckomod:DiceBlock","sneckomod:UnknownVulnerable+1","sneckomod:UnknownCommonAttack+1"],"picked":"SKIP","floor":43},{"not_picked":["sneckomod:UnknownCommonSkill+1","sneckomod:RainOfDice"],"picked":"sneckomod:SoulDraw","floor":44},{"not_picked":["sneckomod:UnknownEthereal+1","sneckomod:IronFang","sneckomod:UnknownWeak+1"],"picked":"SKIP","floor":46},{"not_picked":["sneckomod:UnknownUncommonSkill+1","sneckomod:UnknownEthereal+1"],"picked":"sneckomod:QuickBite+1","floor":47},{"not_picked":["sneckomod:UnknownClassGUARDIAN+1","sneckomod:DiceBoulder"],"picked":"sneckomod:Unknown2Cost+1","floor":48},{"not_picked":["sneckomod:UnknownCommonAttack+1","sneckomod:ImprovisedAttack"],"picked":"sneckomod:UnknownRareSkill+1","floor":49}],"player_experience":439034,"relics_obtained":[{"floor":6,"key":"PreservedInsect"},{"floor":7,"key":"Matryoshka"},{"floor":24,"key":"CeramicFish"},{"floor":24,"key":"Pen Nib"},{"floor":30,"key":"MawBank"},{"floor":31,"key":"StoneCalendar"},{"floor":31,"key":"White Beast Statue"},{"floor":39,"key":"Potion Belt"},{"floor":41,"key":"Toy Ornithopter"},{"floor":41,"key":"Bottled Tornado"},{"floor":43,"key":"Bronze Scales"},{"floor":47,"key":"Regal Pillow"}],"event_choices":[{"damage_healed":0,"gold_gain":0,"player_choice":"Upgraded","damage_taken":0,"max_hp_gain":0,"max_hp_loss":0,"event_name":"Upgrade Shrine","floor":12,"gold_loss":0,"cards_upgraded":["sneckomod:UnknownRarePower"]},{"damage_healed":23,"gold_gain":0,"player_choice":"Healed and dodged fight","damage_taken":0,"max_hp_gain":0,"max_hp_loss":0,"event_name":"Mushrooms","floor":14,"gold_loss":0,"cards_obtained":["Parasite"]},{"damage_healed":32,"gold_gain":0,"player_choice":"Heal","damage_taken":0,"max_hp_gain":0,"max_hp_loss":0,"event_name":"The Library","floor":23,"gold_loss":0}],"is_beta":false,"boss_relics":[{"not_picked":["Calling Bell","Coffee Dripper"],"picked":"Fusion Hammer"},{"not_picked":["Busted Crown","Runic Pyramid"],"picked":"Philosopher\u0027s Stone"}],"items_purged_floors":[4,4,4,29,29,29,29,29,38,38,42,42],"is_endless":false,"potions_floor_spawned":[6,9,11,15,22,26,30,31,32,33,36,37,38,40,42,43,44,46,47,48,49],"ascension_level":0}}