{"host":"rmsq46plbpwfbxcc","time":1609485197,"event":{"mods":["AchievementEnabler","BaseMod","Colored Map","Colored Powertips","DeckTracker","KOR Keyword Fix","Minty Spire (QoL Compilation)","Permanent Neow","Quick Restart","SuperFastMode"],"gold_per_floor":[110,125,139,156,81,81,107,107,107,107,107,127,127,127,127,204,204,224,224,149,167,186,186,214,214,262,262,187,205,239,258,258,336,336,347,50,60,60,60,60,88,88,135,163,180,13,25,25,25,25],"floor_reached":51,"playtime":1263,"items_purged":["Strike_G","Strike_G"],"score":1342,"play_id":"287af8d9-58c8-4215-95a2-a27563a2ff7c","local_time":"20210101161317","is_ascension_mode":true,"campfire_choices":[{"data":"Glass Knife","floor":6.0,"key":"SMITH"},{"floor":8.0,"key":"REST"},{"data":"Blade Dance","floor":11.0,"key":"SMITH"},{"data":"Neutralize","floor":15.0,"key":"SMITH"},{"data":"Blade Dance","floor":23.0,"key":"SMITH"},{"floor":25.0,"key":"REST"},{"data":"Terror","floor":27.0,"key":"SMITH"},{"data":"Cloak And Dagger","floor":32.0,"key":"SMITH"},{"data":"Envenom","floor":40.0,"key":"SMITH"},{"data":"Accuracy","floor":42.0,"key":"SMITH"},{"floor":49.0,"key":"REST"}],"circlet_count":0,"master_deck":["AscendersBane","Defend_G","Defend_G","Survivor+1","Neutralize+1","CurseOfTheBell","Terror+1","Glass Knife+1","Blade Dance+1","Choke","Phantasmal Killer+1","Finisher","Blade Dance+1","Blur","Cloak And Dagger+1","Envenom+1","Footwork","Flash of Steel","Well Laid Plans","Dramatic Entrance","Noxious Fumes","Accuracy+1","Acrobatics","Backflip"],"relics":["Calling Bell","Bronze Scales","Shuriken","Tingsha","Ice Cream","Gremlin Horn","Akabeko","Mummified Hand","WristBlade","Snake Skull","Bag of Marbles","War Paint","Empty Cage","Darkstone Periapt","Centennial Puzzle","Question Card","Happy Flower"],"acts_visited":["Exordium","TheCity","TheBeyond"],"potions_floor_usage":[50],"damage_taken":[{"damage":0.0,"enemies":"Cultist","floor":1.0,"turns":5.0},{"damage":1.0,"enemies":"Small Slimes","floor":2.0,"turns":5.0},{"damage":4.0,"enemies":"2 Louse","floor":3.0,"turns":2.0},{"damage":1.0,"enemies":"Blue Slaver","floor":4.0,"turns":5.0},{"damage":45.0,"enemies":"Gremlin Nob","floor":7.0,"turns":5.0},{"damage":0.0,"enemies":"2 Fungi Beasts","floor":12.0,"turns":3.0},{"damage":2.0,"enemies":"Hexaghost","floor":16.0,"turns":5.0},{"damage":0.0,"enemies":"3 Byrds","floor":18.0,"turns":2.0},{"damage":6.0,"enemies":"Spheric Guardian","floor":21.0,"turns":3.0},{"damage":6.0,"enemies":"Snake Plant","floor":22.0,"turns":2.0},{"damage":15.0,"enemies":"Book of Stabbing","floor":24.0,"turns":3.0},{"damage":0.0,"enemies":"Snecko","floor":29.0,"turns":3.0},{"damage":0.0,"enemies":"Slavers","floor":30.0,"turns":1.0},{"damage":0.0,"enemies":"Centurion and Healer","floor":31.0,"turns":3.0},{"damage":24.0,"enemies":"Champ","floor":33.0,"turns":5.0},{"damage":3.0,"enemies":"Orb Walker","floor":35.0,"turns":2.0},{"damage":0.0,"enemies":"3 Darklings","floor":37.0,"turns":3.0},{"damage":8.0,"enemies":"Giant Head","floor":41.0,"turns":5.0},{"damage":28.0,"enemies":"Nemesis","floor":44.0,"turns":5.0},{"damage":2.0,"enemies":"4 Shapes","floor":45.0,"turns":5.0},{"damage":2.0,"enemies":"Sphere and 2 Shapes","floor":47.0,"turns":2.0},{"damage":26,"enemies":"Donu and Deca","floor":50,"turns":4}],"seed_played":"-4636264313341327245","potions_obtained":[{"floor":4.0,"key":"SkillPotion"},{"floor":7.0,"key":"PowerPotion"},{"floor":16.0,"key":"Swift Potion"},{"floor":18.0,"key":"Strength Potion"},{"floor":21.0,"key":"DistilledChaos"},{"floor":29.0,"key":"ColorlessPotion"},{"floor":30.0,"key":"ColorlessPotion"},{"floor":33.0,"key":"Fire Potion"},{"floor":47.0,"key":"Ancient Potion"}],"is_trial":false,"path_per_floor":["M","M","M","M","?","R","E","R","T","?","R","M","T","?","R","B",null,"M","?","?","M","M","R","E","R","T","R","$","M","E","M","R","B",null,"M","$","M","?","?","R","E","R","T","E","M","$","M","$","R","B",null],"character_chosen":"THE_SILENT","items_purchased":["Flash of Steel","Well Laid Plans","Happy Flower"],"campfire_rested":3,"item_purchase_floors":[36,36,46],"current_hp_per_floor":[59,58,54,53,53,53,8,27,27,20,20,20,20,15,15,13,53,53,35,35,29,23,23,8,29,29,29,29,29,29,29,29,5,55,52,52,52,52,52,52,44,44,44,16,14,14,12,12,33,7],"gold":25,"neow_bonus":"BOSS_RELIC","is_daily":false,"chose_seed":false,"campfire_upgraded":8,"win_rate":0.0,"timestamp":1609485197,"path_taken":["M","M","?","M","?","R","E","R","T","?","R","M","?","?","R","BOSS","M","?","?","M","M","R","E","R","T","R","$","M","E","M","R","BOSS","M","$","M","?","?","R","E","R","T","E","M","$","?","?","R","BOSS"],"items_purchased_type":["Card","Card","Relic"],"build_version":"2020-12-22","purchased_purges":2,"victory":true,"max_hp_per_floor":[66,66,66,66,66,66,66,66,66,66,66,66,66,66,66,66,66,66,71,71,71,71,71,71,71,71,71,71,71,71,71,71,71,71,71,71,71,71,71,71,71,71,71,71,71,71,71,71,71,71],"card_choices":[{"not_picked":["Underhanded Strike","Deflect"],"picked":"Terror","floor":1.0},{"not_picked":["Reflex","Underhanded Strike","Deadly Poison"],"picked":"SKIP","floor":2.0},{"not_picked":["Acrobatics","Outmaneuver","Predator"],"picked":"SKIP","floor":3.0},{"not_picked":["Deflect","Well Laid Plans"],"picked":"Glass Knife","floor":4.0},{"not_picked":["Blur","Poisoned Stab"],"picked":"Blade Dance","floor":7.0},{"not_picked":["Eviscerate","Leg Sweep"],"picked":"Choke","floor":12.0},{"not_picked":["Wraith Form v2","Night Terror"],"picked":"Phantasmal Killer","floor":16.0},{"not_picked":["Dodge and Roll","Acrobatics"],"picked":"Finisher","floor":18.0},{"not_picked":["Flying Knee","Slice"],"picked":"Blade Dance","floor":21.0},{"not_picked":["Dagger Throw","Deflect","Finisher"],"picked":"SKIP","floor":22.0},{"not_picked":["Slice","Masterful Stab+1","Bane"],"picked":"SKIP","floor":24.0},{"not_picked":["Slice","Skewer","Dagger Spray"],"picked":"SKIP","floor":29.0},{"not_picked":["Outmaneuver","Deflect"],"picked":"Blur","floor":30.0},{"not_picked":["Noxious Fumes","Leg Sweep"],"picked":"Cloak And Dagger","floor":31.0},{"not_picked":["Adrenaline","A Thousand Cuts"],"picked":"Envenom","floor":33.0},{"not_picked":["Backstab","Dash"],"picked":"Footwork","floor":35.0},{"not_picked":["Skewer+1","Predator+1","Sucker Punch"],"picked":"SKIP","floor":37.0},{"not_picked":["PanicButton","Bandage Up"],"picked":"Dramatic Entrance","floor":38.0},{"not_picked":["Underhanded Strike+1","A Thousand Cuts"],"picked":"Accuracy","floor":41.0},{"not_picked":["Deadly Poison","Caltrops"],"picked":"Acrobatics","floor":44.0},{"not_picked":["Prepared","Noxious Fumes","Choke","Heel Hook"],"picked":"SKIP","floor":45.0},{"not_picked":["Acrobatics","Concentrate+1","Flying Knee"],"picked":"Backflip","floor":47.0}],"player_experience":1428372,"relics_obtained":[{"floor":0.0,"key":"Bronze Scales"},{"floor":0.0,"key":"Shuriken"},{"floor":0.0,"key":"Tingsha"},{"floor":7.0,"key":"Ice Cream"},{"floor":9.0,"key":"Gremlin Horn"},{"floor":13.0,"key":"Akabeko"},{"floor":24.0,"key":"Snake Skull"},{"floor":26.0,"key":"Bag of Marbles"},{"floor":30.0,"key":"War Paint"},{"floor":41.0,"key":"Darkstone Periapt"},{"floor":43.0,"key":"Centennial Puzzle"},{"floor":44.0,"key":"Question Card"}],"event_choices":[{"cards_removed":["Strike_G"],"damage_healed":0.0,"max_hp_gain":0.0,"max_hp_loss":0.0,"gold_gain":0.0,"event_name":"The Cleric","player_choice":"Card Removal","floor":5.0,"gold_loss":75.0,"damage_taken":0.0},{"cards_removed":["Strike_G"],"damage_healed":0.0,"max_hp_gain":0.0,"max_hp_loss":0.0,"gold_gain":0.0,"event_name":"Golden Wing","player_choice":"Card Removal","floor":10.0,"gold_loss":0.0,"damage_taken":7.0},{"damage_healed":0.0,"max_hp_gain":0.0,"max_hp_loss":0.0,"gold_gain":0.0,"event_name":"Scrap Ooze","player_choice":"Success","floor":14.0,"gold_loss":0.0,"damage_taken":5.0,"relics_obtained":["Mummified Hand"]},{"damage_healed":0.0,"max_hp_gain":5.0,"max_hp_loss":0.0,"gold_gain":0.0,"event_name":"Forgotten Altar","player_choice":"Shed Blood","floor":19.0,"gold_loss":0.0,"damage_taken":23.0},{"cards_removed":["Defend_G"],"damage_healed":0.0,"max_hp_gain":0.0,"max_hp_loss":0.0,"gold_gain":0.0,"event_name":"Beggar","player_choice":"Gave Gold","floor":20.0,"gold_loss":75.0,"damage_taken":0.0},{"damage_healed":0.0,"max_hp_gain":0.0,"max_hp_loss":0.0,"gold_gain":0.0,"event_name":"SensoryStone","player_choice":"Memory 1","floor":38.0,"gold_loss":0.0,"damage_taken":0.0},{"damage_healed":0.0,"max_hp_gain":0.0,"max_hp_loss":0.0,"gold_gain":0.0,"cards_transformed":["Strike_G"],"event_name":"Transmorgrifier","player_choice":"Transformed","floor":39.0,"gold_loss":0.0,"damage_taken":0.0,"cards_obtained":["Noxious Fumes"]}],"is_beta":false,"boss_relics":[{"not_picked":["Philosopher\u0027s Stone","SlaversCollar"],"picked":"WristBlade"},{"not_picked":["Snecko Eye","SacredBark"],"picked":"Empty Cage"}],"items_purged_floors":[28,36],"is_endless":false,"potions_floor_spawned":[4,7,16,18,21,29,30,33,47],"ascension_level":16}}