{"host":"wg33yb1rgt3nbe17","time":1609462248,"event":{"mods":["AchievementEnabler","BaseMod","Colored Map","Downfall","Minty Spire (QoL Compilation)","Permanent Neow","Relic Stats","StSLib"],"gold_per_floor":[116,64,64,82,30,48,66,66,66,92,92,92,123,135,135,208,208,220,220,220,239,254,254,283,303,303,303,80,80,80,93,93,172,172,183,183,183,183],"floor_reached":37,"playtime":1163,"items_purged":["Strike_R"],"score":754,"play_id":"933b5f25-6afe-4439-86a0-b72ebb5f26d8","local_time":"20201231195048","is_ascension_mode":true,"campfire_choices":[{"data":"Clothesline","floor":8,"key":"SMITH"},{"floor":11,"key":"REST"},{"floor":15,"key":"REST"},{"floor":23,"key":"REST"},{"floor":27,"key":"REST"},{"data":"Limit Break","floor":29,"key":"SMITH"},{"floor":32,"key":"REST"}],"circlet_count":0,"master_deck":["AscendersBane","Strike_R+1","Strike_R+1","Strike_R+1","Defend_R+1","Defend_R+1","Bash","Cleave","Disarm+1","Clothesline+1","Twin Strike","Battle Trance","Hemokinesis","Ghostly Armor","Immolate","Bloodletting","Pommel Strike","True Grit","Inflame","Limit Break+1","Reaper","Ghostly Armor","Bloodletting","Shrug It Off","Double Tap","Double Tap+1","Seeing Red+1","Headbutt+1","Entrench"],"relics":["Burning Blood","Incense Burner","Question Card","Smiling Mask","SacredBark","Nloth\u0027s Gift","Bird Faced Urn","Matryoshka","Orrery","Astrolabe"],"acts_visited":["Exordium","TheCity","TheBeyond"],"potions_floor_usage":[13,16,16,18,31,33],"damage_taken":[{"damage":1,"enemies":"2 Louse","floor":1,"turns":3},{"damage":6,"enemies":"Cultist","floor":4,"turns":3},{"damage":9,"enemies":"Jaw Worm","floor":6,"turns":4},{"damage":10,"enemies":"2 Fungi Beasts","floor":7,"turns":4},{"damage":39,"enemies":"Lagavulin","floor":10,"turns":6},{"damage":17,"enemies":"Gremlin Nob","floor":13,"turns":5},{"damage":21,"enemies":"Exordium Thugs","floor":14,"turns":5},{"damage":32,"enemies":"Hexaghost","floor":16,"turns":10},{"damage":19,"enemies":"Shell Parasite","floor":18,"turns":3},{"damage":15,"enemies":"Chosen","floor":21,"turns":5},{"damage":20,"enemies":"Centurion and Healer","floor":22,"turns":4},{"damage":13,"enemies":"Gremlin Leader","floor":24,"turns":5},{"damage":12,"enemies":"Cultist and Chosen","floor":25,"turns":7},{"damage":18,"enemies":"Snecko","floor":31,"turns":5},{"damage":71,"enemies":"Champ","floor":33,"turns":12},{"damage":28,"enemies":"3 Shapes","floor":35,"turns":2},{"damage":39,"enemies":"3 Darklings","floor":37,"turns":4}],"seed_played":"2256915124369090796","potions_obtained":[{"floor":10,"key":"Weak Potion"},{"floor":13,"key":"AttackPotion"},{"floor":14,"key":"SteroidPotion"},{"floor":16,"key":"champ:CounterPotion"},{"floor":24,"key":"EssenceOfSteel"},{"floor":25,"key":"Explosive Potion"},{"floor":31,"key":"BloodPotion"},{"floor":33,"key":"Swift Potion"}],"is_trial":false,"path_per_floor":["M","$","?","M","$","M","M","R","T","E","R","?","E","M","R","B",null,"M","?","?","M","M","R","E","M","T","R","$","R","?","M","R","B",null,"M","?","M"],"character_chosen":"IRONCLAD","items_purchased":["Pommel Strike","Clothesline","Orrery"],"campfire_rested":5,"item_purchase_floors":[2,5,28],"current_hp_per_floor":[55,55,55,55,55,52,48,48,48,15,37,37,26,11,33,7,58,45,45,45,36,22,44,37,33,33,55,55,55,55,49,71,20,61,39,39,0,0],"gold":183,"neow_bonus":"ONE_RARE_RELIC","is_daily":false,"chose_seed":false,"campfire_upgraded":2,"win_rate":0.0,"timestamp":1609462248,"path_taken":["M","$","?","M","?","M","?","R","T","E","R","?","E","M","R","BOSS","M","?","?","?","?","R","E","M","T","R","$","R","?","M","R","BOSS","M","?","M"],"items_purchased_type":["Card","Card","Relic"],"build_version":"2020-12-22","purchased_purges":1,"victory":false,"max_hp_per_floor":[75,75,75,75,75,75,75,75,75,75,75,75,75,75,75,75,75,75,75,75,75,75,75,75,75,75,75,75,75,75,75,75,75,75,75,75,75,75],"relic_stats":{"counters":[17,87],"Bird Faced Urn":[6],"Astrolabe":["Double Tap","Seeing Red","Headbutt"],"Nloth\u0027s Gift":3,"Question Card":17,"Smiling Mask":25,"obtain_stats":[{"Matryoshka":26,"SacredBark":17,"Bird Faced Urn":24,"Astrolabe":34,"Orrery":28,"Incense Burner":0,"Nloth\u0027s Gift":20,"Bottled Lightning":10,"Question Card":9,"Smiling Mask":13,"Burning Blood":0},{"Matryoshka":13,"SacredBark":8,"Bird Faced Urn":12,"Astrolabe":15,"Orrery":13,"Incense Burner":0,"Nloth\u0027s Gift":9,"Bottled Lightning":5,"Question Card":4,"Smiling Mask":6,"Burning Blood":0},{"Matryoshka":64,"SacredBark":40,"Bird Faced Urn":57,"Astrolabe":81,"Orrery":64,"Incense Burner":0,"Nloth\u0027s Gift":43,"Bottled Lightning":20,"Question Card":14,"Smiling Mask":25,"Burning Blood":0}],"Burning Blood":96},"card_choices":[{"not_picked":["Body Slam","Thunderclap"],"picked":"Cleave","floor":1},{"not_picked":["Heavy Blade","Iron Wave"],"picked":"Disarm","floor":4},{"not_picked":["Blood for Blood","Shrug It Off"],"picked":"Twin Strike","floor":6},{"not_picked":["Thunderclap","Armaments"],"picked":"Battle Trance","floor":7},{"not_picked":["Berserk","Clothesline","Twin Strike"],"picked":"Hemokinesis","floor":10},{"not_picked":["Pummel","Searing Blow","Flex"],"picked":"Ghostly Armor","floor":13},{"not_picked":["Cleave","Perfected Strike","Wild Strike"],"picked":"Anger","floor":14},{"not_picked":["Brutality","Barricade","Exhume"],"picked":"Immolate","floor":16},{"not_picked":["Thunderclap","Rage","Warcry+1"],"picked":"Bloodletting","floor":18},{"not_picked":["Body Slam","Feel No Pain","Anger"],"picked":"True Grit","floor":21},{"not_picked":["Dark Embrace","Perfected Strike","Body Slam+1"],"picked":"Inflame","floor":22},{"not_picked":["Searing Blow","Offering","Juggernaut"],"picked":"Limit Break","floor":24},{"not_picked":["Feel No Pain","Havoc","Anger"],"picked":"Sword Boomerang","floor":25},{"not_picked":["Pommel Strike","Anger+1","Flex"],"picked":"Reaper","floor":28},{"not_picked":["Anger","Armaments","Clash"],"picked":"Ghostly Armor","floor":28},{"not_picked":["Dark Embrace+1","Flame Barrier+1","Armaments+1"],"picked":"Bloodletting","floor":28},{"not_picked":["Hemokinesis","Anger","Heavy Blade"],"picked":"Shrug It Off","floor":28},{"not_picked":["Havoc","Iron Wave","Body Slam","Heavy Blade"],"picked":"SKIP","floor":31},{"not_picked":["Corruption","Fiend Fire","Immolate"],"picked":"Double Tap","floor":33},{"not_picked":["Dark Embrace","Thunderclap","Bloodletting"],"picked":"Entrench","floor":35}],"player_experience":624327,"relics_obtained":[{"floor":9,"key":"Question Card"},{"floor":10,"key":"Bottled Lightning"},{"floor":13,"key":"Smiling Mask"},{"floor":24,"key":"Bird Faced Urn"},{"floor":26,"key":"Matryoshka"}],"event_choices":[{"cards_removed":["Defend_R"],"damage_healed":0,"gold_gain":0,"player_choice":"Purged","damage_taken":0,"max_hp_gain":0,"max_hp_loss":0,"event_name":"Purifier","floor":3,"gold_loss":0},{"damage_healed":0,"gold_gain":0,"player_choice":"Forge","damage_taken":0,"max_hp_gain":0,"max_hp_loss":0,"event_name":"Accursed Blacksmith","floor":12,"gold_loss":0,"cards_upgraded":["Disarm"]},{"damage_healed":0,"gold_gain":0,"cards_transformed":["Defend_R","Strike_R"],"player_choice":"Became Test Subject","damage_taken":0,"max_hp_gain":0,"max_hp_loss":0,"event_name":"Drug Dealer","floor":19,"gold_loss":0,"cards_obtained":["Pommel Strike","Power Through"]},{"damage_healed":0,"gold_gain":0,"player_choice":"Traded Relic","damage_taken":0,"relics_obtained":["Nloth\u0027s Gift"],"max_hp_gain":0,"max_hp_loss":0,"event_name":"N\u0027loth","floor":20,"relics_lost":["Bottled Lightning"],"gold_loss":0},{"damage_healed":0,"gold_gain":0,"player_choice":"Simplicity","damage_taken":0,"max_hp_gain":0,"max_hp_loss":0,"event_name":"Back to Basics","floor":30,"gold_loss":0,"cards_upgraded":["Strike_R","Strike_R","Strike_R","Defend_R","Defend_R"]},{"cards_removed":["Sword Boomerang"],"damage_healed":0,"gold_gain":0,"player_choice":"Removed Attack","damage_taken":0,"max_hp_gain":0,"max_hp_loss":0,"event_name":"Falling","floor":36,"gold_loss":0}],"is_beta":false,"boss_relics":[{"not_picked":["Philosopher\u0027s Stone","Runic Dome"],"picked":"SacredBark"},{"not_picked":["Empty Cage","Runic Cube"],"picked":"Astrolabe"}],"items_purged_floors":[28],"is_endless":false,"potions_floor_spawned":[10,13,14,16,24,25,31,33,35],"killed_by":"3 Darklings","ascension_level":18}}