{"host":"wonp23fsqqcu31ie","time":1609497060,"event":{"mods":["2.2 Compatiblity","AchievementEnabler","Aspiration","BaseMod","Bestiary","Better Altar","Better Match","Better Sensory Stone","Better Skull","Better Third Choice","BetterRewards","Block Reminder","Colored Map","Colored Powertips","Conspire","Curses Come First","DeckTracker","Displayed Cursed Tome","Downfall","Hermit","Highlight Path","Hubris","Marisa????????","Minty Spire (QoL Compilation)","Permanent Neow","Quick Restart","Rare Cards Sparkle","Relic Stats","Replay The Spire","Robot Space Explorer","Shade Mod","Shop Mod","StSLib","SuperFastMode","The Animator","The Cursed","The Gatherer","The Marked","The Necromancer","The Runesmith","The Servant 0.9.4"],"gold_per_floor":[110,120,144,163,175,175,205,205,205,236,236,254,254,274,274,373,373,387,387,387,662,682,682,682],"floor_reached":23,"playtime":565,"items_purged":[],"score":276,"play_id":"2e770a03-64ac-47b0-a48d-16eaf0ca3de4","local_time":"20210101213100","is_ascension_mode":true,"campfire_choices":[{"floor":6,"key":"REST"},{"floor":8,"key":"REST"},{"data":"UltimateShortwave","floor":13,"key":"SMITH"},{"data":"MeteoricShower","floor":15,"key":"SMITH"}],"circlet_count":0,"master_deck":["Strike_MRS","Strike_MRS","Strike_MRS","Strike_MRS","Defend_MRS","Defend_MRS","Defend_MRS","Defend_MRS","MasterSpark","UpSweep","WitchLeyline","NonDirectionalLaser","6A","UltimateShortwave+1","MeteoricShower+1","EscapeVelocity","NonDirectionalLaser","AbsoluteMagnitude","Melter","Necronomicurse","Regret","GravityBeat+1"],"relics":["MiniHakkero","hubris:Potato","Bag of Marbles","Smiling Mask","Matryoshka","hexamod:BolsterEngine","aspiration:DefectSkillbook","Necronomicon","aspiration:RitualStick"],"acts_visited":["Exordium","TheCity"],"potions_floor_usage":[16,16,16,23],"damage_taken":[{"damage":6,"enemies":"Cultist","floor":1,"turns":4},{"damage":7,"enemies":"Jaw Worm","floor":2,"turns":2},{"damage":0,"enemies":"2 Louse","floor":4,"turns":1},{"damage":21,"enemies":"Exordium Thugs","floor":5,"turns":3},{"damage":9,"enemies":"Gremlin Nob","floor":7,"turns":3},{"damage":4,"enemies":"3 Sentries","floor":10,"turns":4},{"damage":0,"enemies":"Looter","floor":12,"turns":2},{"damage":0,"enemies":"2 Fungi Beasts","floor":14,"turns":2},{"damage":0,"enemies":"Fading Forest","floor":16,"turns":11},{"damage":21,"enemies":"3 Byrds","floor":18,"turns":3},{"damage":1,"enemies":"Spheric Guardian","floor":22,"turns":3},{"damage":31,"enemies":"Slavers","floor":23,"turns":2}],"seed_played":"-6584407913400191765","potions_obtained":[{"floor":4,"key":"Elixir"},{"floor":10,"key":"Strength Potion"},{"floor":12,"key":"GamblersBrew"},{"floor":14,"key":"PowerPotion"},{"floor":18,"key":"Explosive Potion"}],"is_trial":false,"path_per_floor":["M","M","T","M","M","R","E","R","T","E","?","M","R","M","R","B",null,"M","?","?","?","M","E"],"character_chosen":"MARISA","items_purchased":[],"campfire_rested":2,"item_purchase_floors":[],"current_hp_per_floor":[48,41,41,41,20,42,33,55,55,51,85,85,85,85,85,85,85,64,48,31,31,30,0,0],"gold":682,"neow_bonus":"ONE_RARE_RELIC","is_daily":false,"chose_seed":false,"campfire_upgraded":2,"win_rate":0.0,"timestamp":1609497060,"path_taken":["M","M","?","M","M","R","E","R","T","E","?","?","R","?","R","BOSS","M","?","?","?","M","E"],"items_purchased_type":[],"build_version":"2020-12-22","purchased_purges":0,"victory":false,"max_hp_per_floor":[75,75,75,75,75,75,75,75,75,75,85,85,85,85,85,85,85,85,85,85,85,85,85,85],"relic_stats":{"counters":[12,40],"Necronomicon":[1],"Smiling Mask":0,"obtain_stats":[{"Matryoshka":9,"aspiration:DefectSkillbook":17,"Bag of Marbles":3,"Necronomicon":19,"MiniHakkero":0,"hexamod:BolsterEngine":10,"Smiling Mask":7,"hubris:Potato":0,"aspiration:RitualStick":20},{"Matryoshka":5,"aspiration:DefectSkillbook":9,"Bag of Marbles":2,"Necronomicon":10,"MiniHakkero":0,"hexamod:BolsterEngine":6,"Smiling Mask":5,"hubris:Potato":0,"aspiration:RitualStick":10},{"Matryoshka":13,"aspiration:DefectSkillbook":32,"Bag of Marbles":6,"Necronomicon":35,"MiniHakkero":0,"hexamod:BolsterEngine":17,"Smiling Mask":13,"hubris:Potato":0,"aspiration:RitualStick":35}],"aspiration:RitualStick":[0]},"card_choices":[{"not_picked":["MilkyWay","Acceleration"],"picked":"WitchLeyline","floor":1},{"not_picked":["MilkyWay","StarBarrage"],"picked":"NonDirectionalLaser","floor":2},{"not_picked":["SuperPerseids","PowerUp"],"picked":"BlazingStar","floor":4},{"not_picked":["FairyDestructionRay","EventHorizon"],"picked":"6A","floor":5},{"not_picked":["StarBarrage","GravityBeat"],"picked":"UltimateShortwave","floor":7},{"not_picked":["MilkyWay","StarlightTyphoon"],"picked":"MeteoricShower","floor":10},{"not_picked":["DC","EnergyFlow"],"picked":"EscapeVelocity","floor":12},{"not_picked":["StarlightTyphoon","DarkSpark"],"picked":"NonDirectionalLaser","floor":14},{"not_picked":["StarDustReverie","UltimateShortwave"],"picked":"AbsoluteMagnitude","floor":16},{"not_picked":["Crystallizer","PowerUp+1","BasicCrystalCard"],"picked":"Melter","floor":18},{"not_picked":["Hologram","Ball Lightning","Coolheaded+1"],"picked":"GravityBeat+1","floor":22}],"player_experience":431424,"relics_obtained":[{"floor":3,"key":"Bag of Marbles"},{"floor":7,"key":"Smiling Mask"},{"floor":9,"key":"Matryoshka"},{"floor":10,"key":"hexamod:BolsterEngine"}],"event_choices":[{"cards_removed":["BlazingStar"],"damage_healed":24,"gold_gain":0,"player_choice":"Offered Rare","damage_taken":0,"max_hp_gain":10,"max_hp_loss":0,"event_name":"Bonfire Elementals","floor":11,"gold_loss":0},{"damage_healed":0,"gold_gain":0,"player_choice":"Obtained Book","damage_taken":16,"max_hp_gain":0,"max_hp_loss":0,"event_name":"Cursed Tome","floor":19,"gold_loss":0},{"damage_healed":0,"gold_gain":275,"player_choice":"Desecrate","damage_taken":0,"max_hp_gain":0,"max_hp_loss":0,"event_name":"Golden Shrine","floor":21,"gold_loss":0,"cards_obtained":["Regret"]}],"is_beta":false,"boss_relics":[{"not_picked":["aspiration:RunicSpoon","Black Star"],"picked":"aspiration:DefectSkillbook"}],"items_purged_floors":[],"is_endless":false,"potions_floor_spawned":[4,10,12,14,18],"killed_by":"Slavers","ascension_level":2}}