{"host":"nqsrckqog5ia9mbo","time":1609511569,"event":{"mods":["BaseMod","Colored Map","Minty Spire (QoL Compilation)"],"gold_per_floor":[118,128,145,145,91,116,116,144,144,155,155,165,175,189,189,291,291,310,329,342,342,357,357,357],"floor_reached":23,"playtime":1500,"items_purged":[],"score":242,"play_id":"c424a0ae-03d7-4a51-8761-6b4d625a2169","local_time":"20210101153249","is_ascension_mode":true,"campfire_choices":[{"floor":7,"key":"REST"},{"floor":11,"key":"REST"},{"data":"Whirlwind","floor":15,"key":"SMITH"}],"circlet_count":0,"master_deck":["Defend_R","Bash","Body Slam","Sword Boomerang","Sword Boomerang","Armaments","Whirlwind+1","Spot Weakness","Inflame","Clash+1","Inflame","Bite","Bite","Bite","Bite","Bite"],"relics":["Black Blood","Bottled Lightning","Mummified Hand","Matryoshka"],"acts_visited":["Exordium","TheCity"],"potions_floor_usage":[8,13,16,18,22,22,23],"damage_taken":[{"damage":11,"enemies":"Jaw Worm","floor":1,"turns":2},{"damage":6,"enemies":"Cultist","floor":2,"turns":3},{"damage":0,"enemies":"Small Slimes","floor":3,"turns":3},{"damage":15,"enemies":"Gremlin Nob","floor":6,"turns":4},{"damage":36,"enemies":"3 Sentries","floor":8,"turns":8},{"damage":16,"enemies":"Red Slaver","floor":10,"turns":3},{"damage":10,"enemies":"Looter","floor":12,"turns":3},{"damage":10,"enemies":"2 Fungi Beasts","floor":13,"turns":3},{"damage":6,"enemies":"Large Slime","floor":14,"turns":2},{"damage":30,"enemies":"Hexaghost","floor":16,"turns":9},{"damage":30,"enemies":"Shell Parasite","floor":18,"turns":4},{"damage":10,"enemies":"3 Byrds","floor":19,"turns":3},{"damage":37,"enemies":"Snake Plant","floor":20,"turns":4},{"damage":47,"enemies":"Snecko","floor":22,"turns":5},{"damage":28,"enemies":"Gremlin Leader","floor":23,"turns":3}],"seed_played":"-4252869000448117774","potions_obtained":[{"floor":6,"key":"Block Potion"},{"floor":8,"key":"ElixirPotion"},{"floor":12,"key":"DuplicationPotion"},{"floor":13,"key":"GamblersBrew"},{"floor":14,"key":"HeartOfIron"},{"floor":16,"key":"DistilledChaos"},{"floor":19,"key":"Strength Potion"},{"floor":20,"key":"FairyPotion"},{"floor":22,"key":"ColorlessPotion"}],"is_trial":false,"path_per_floor":["M","M","M","?","$","E","R","E","T","M","R","M","M","M","R","B",null,"M","M","M","?","M","E"],"character_chosen":"IRONCLAD","items_purchased":["Armaments"],"campfire_rested":2,"item_purchase_floors":[5],"current_hp_per_floor":[51,51,57,57,57,48,72,42,42,32,56,52,48,48,48,24,80,62,64,39,39,17,12,12],"gold":357,"neow_bonus":"REMOVE_TWO","is_daily":false,"chose_seed":false,"campfire_upgraded":1,"win_rate":0.0,"timestamp":1609511569,"path_taken":["M","M","M","?","$","E","R","E","T","M","R","?","M","M","R","BOSS","M","M","M","?","M","E"],"items_purchased_type":["Card"],"build_version":"2020-12-22","purchased_purges":0,"victory":false,"max_hp_per_floor":[80,80,80,80,80,80,80,80,80,80,80,80,80,80,80,80,80,80,80,80,56,56,56,56],"card_choices":[{"not_picked":["Anger","Pommel Strike"],"picked":"Body Slam","floor":1},{"not_picked":["Twin Strike","Pommel Strike"],"picked":"Sword Boomerang","floor":2},{"not_picked":["Second Wind","Seeing Red"],"picked":"Sword Boomerang","floor":3},{"not_picked":["True Grit","Disarm"],"picked":"Whirlwind","floor":6},{"not_picked":["Thunderclap","Pommel Strike","Power Through"],"picked":"SKIP","floor":8},{"not_picked":["Intimidate","Warcry","Fire Breathing"],"picked":"SKIP","floor":10},{"not_picked":["Clothesline","Rage"],"picked":"Spot Weakness","floor":12},{"not_picked":["Barricade","Twin Strike"],"picked":"Inflame","floor":13},{"not_picked":["Pommel Strike","Reckless Charge","Anger"],"picked":"SKIP","floor":14},{"not_picked":["Reckless Charge","Twin Strike"],"picked":"Clash+1","floor":18},{"not_picked":["Perfected Strike+1","Infernal Blade","Feel No Pain+1"],"picked":"SKIP","floor":19},{"not_picked":["Twin Strike","Sever Soul"],"picked":"Inflame","floor":20},{"not_picked":["Entrench","Twin Strike","Anger"],"picked":"SKIP","floor":22}],"player_experience":38442,"relics_obtained":[{"floor":6,"key":"Bottled Lightning"},{"floor":8,"key":"Mummified Hand"},{"floor":9,"key":"Matryoshka"}],"event_choices":[{"cards_removed":["Defend_R"],"damage_healed":0,"gold_gain":0,"player_choice":"Offered Basic","damage_taken":0,"max_hp_gain":0,"max_hp_loss":0,"event_name":"Bonfire Elementals","floor":4,"gold_loss":0},{"damage_healed":0,"gold_gain":0,"player_choice":"Became a vampire","damage_taken":0,"max_hp_gain":0,"max_hp_loss":24,"event_name":"Vampires","floor":21,"gold_loss":0,"cards_obtained":["Bite","Bite","Bite","Bite","Bite"]}],"is_beta":false,"boss_relics":[{"not_picked":["Ectoplasm","Coffee Dripper"],"picked":"Black Blood"}],"items_purged_floors":[],"is_endless":false,"potions_floor_spawned":[6,8,12,13,14,16,19,20,22],"killed_by":"Gremlin Leader","ascension_level":1}}