{"host":"bbjnqymry46jz0fa","time":1609507071,"event":{"mods":["BaseMod","DeckTracker","Minty Spire (QoL Compilation)","Quick Restart","StSLib","SuperFastMode"],"gold_per_floor":[118,118,133,133,58,84,97,130,200,211,136,149,149,149,149,149,149],"floor_reached":16,"playtime":294,"items_purged":["Strike_R"],"score":270,"play_id":"9df030a6-3272-4592-a3e3-8a05fcbdb5d9","local_time":"20210101221751","is_ascension_mode":true,"campfire_choices":[{"data":"Bash","floor":15,"key":"SMITH"}],"circlet_count":0,"master_deck":["AscendersBane","Strike_R","Strike_R","Strike_R","Defend_R","Defend_R+1","Defend_R","Defend_R+1","Bash+1","Evolve+1","Cleave","Reaper","Feel No Pain"],"relics":["Burning Blood","NeowsBlessing","Eternal Feather","Nunchaku","Charon\u0027s Ashes","Question Card","Golden Idol"],"acts_visited":["Exordium"],"potions_floor_usage":[16,16],"damage_taken":[{"damage":0,"enemies":"Cultist","floor":1,"turns":1},{"damage":0,"enemies":"Small Slimes","floor":3,"turns":1},{"damage":0,"enemies":"Lagavulin","floor":6,"turns":1},{"damage":4,"enemies":"Jaw Worm","floor":7,"turns":3},{"damage":28,"enemies":"3 Sentries","floor":8,"turns":9},{"damage":12,"enemies":"2 Fungi Beasts","floor":10,"turns":2},{"damage":15,"enemies":"3 Louse","floor":12,"turns":3},{"damage":59,"enemies":"Slime Boss","floor":16,"turns":9}],"seed_played":"899815365684816234","potions_obtained":[{"floor":1,"key":"Dexterity Potion"},{"floor":6,"key":"FearPotion"}],"is_trial":false,"path_per_floor":["M","T","M","?","$","E","M","E","T","M","?","M","?","?","R","B"],"character_chosen":"IRONCLAD","items_purchased":[],"campfire_rested":0,"item_purchase_floors":[],"current_hp_per_floor":[74,74,75,52,52,58,60,38,38,40,40,43,43,43,49,0,0],"gold":149,"neow_bonus":"THREE_ENEMY_KILL","is_daily":false,"chose_seed":false,"campfire_upgraded":1,"win_rate":0.0,"timestamp":1609507071,"path_taken":["M","?","M","?","$","E","?","E","T","M","?","M","?","?","R","BOSS"],"items_purchased_type":[],"build_version":"2020-12-22","purchased_purges":1,"victory":false,"max_hp_per_floor":[75,75,75,75,75,75,75,75,75,75,75,75,68,68,68,68,68],"card_choices":[{"not_picked":["Hemokinesis","Body Slam"],"picked":"Evolve","floor":1},{"not_picked":["True Grit","Clash","Metallicize"],"picked":"SKIP","floor":3},{"not_picked":["Clash","Juggernaut"],"picked":"Cleave","floor":6},{"not_picked":["Headbutt","Body Slam","Infernal Blade"],"picked":"SKIP","floor":7},{"not_picked":["Uppercut","Twin Strike"],"picked":"Reaper","floor":8},{"not_picked":["Clash","Anger","Heavy Blade","Iron Wave"],"picked":"SKIP","floor":10},{"not_picked":["Clash","Anger","Heavy Blade","Iron Wave"],"picked":"SKIP","floor":10},{"not_picked":["Sword Boomerang","Armaments","Twin Strike"],"picked":"Feel No Pain","floor":12}],"player_experience":725276,"relics_obtained":[{"floor":2,"key":"Eternal Feather"},{"floor":6,"key":"Nunchaku"},{"floor":8,"key":"Charon\u0027s Ashes"},{"floor":9,"key":"Question Card"}],"event_choices":[{"damage_healed":0,"gold_gain":0,"player_choice":"Entered Light","damage_taken":23,"max_hp_gain":0,"max_hp_loss":0,"event_name":"Shining Light","floor":4,"gold_loss":0,"cards_upgraded":["Defend_R","Defend_R"]},{"cards_removed":["Strike_R"],"damage_healed":0,"gold_gain":0,"player_choice":"Card Removal","damage_taken":0,"max_hp_gain":0,"max_hp_loss":0,"event_name":"The Cleric","floor":11,"gold_loss":75},{"damage_healed":0,"gold_gain":0,"player_choice":"Lose Max HP","damage_taken":0,"relics_obtained":["Golden Idol"],"max_hp_gain":0,"max_hp_loss":7,"event_name":"Golden Idol","floor":13,"gold_loss":0},{"damage_healed":0,"gold_gain":0,"player_choice":"Upgraded","damage_taken":0,"max_hp_gain":0,"max_hp_loss":0,"event_name":"Upgrade Shrine","floor":14,"gold_loss":0,"cards_upgraded":["Evolve"]}],"is_beta":false,"boss_relics":[],"items_purged_floors":[5],"is_endless":false,"potions_floor_spawned":[1,6],"killed_by":"Slime Boss","ascension_level":20}}