{"host":"newqdrzxfhh2im9e","time":1609522408,"event":{"mods":["AchievementEnabler","BaseMod","BetterRewards","Block Reminder","Colored Map","Jorbs\u0027s Wanderer Trilogy","Minty Spire (QoL Compilation)","Rare Cards Sparkle","Shop Mod","StSLib"],"gold_per_floor":[114,114,214,232,8,8,43,43,92,92,106,106,119,152,152,248,248,258,258,258,275,275,275,275,275],"floor_reached":24,"playtime":1052,"items_purged":[],"score":253,"play_id":"f952b926-7146-485f-a592-7477ff87d2b1","local_time":"20210101093328","is_ascension_mode":true,"campfire_choices":[{"data":"Glacier","floor":6,"key":"SMITH"},{"data":"Sunder","floor":8,"key":"SMITH"},{"data":"Darkness","floor":10,"key":"SMITH"},{"data":"Streamline","floor":15,"key":"SMITH"},{"data":"Thunder Strike","floor":23,"key":"SMITH"}],"circlet_count":0,"master_deck":["Strike_B","Strike_B","Strike_B","Strike_B","Defend_B","Defend_B","Defend_B","Defend_B","Zap","Dualcast+1","Glacier+1","Darkness+1","Sunder+1","Streamline+1","All For One+1","Conserve Battery","Thunder Strike+1","Gash+1","Scrape+1"],"relics":["Cracked Core","Art of War","Ancient Tea Set","Juzu Bracelet","Smiling Mask","Black Star","GremlinMask"],"acts_visited":["Exordium","TheCity"],"potions_floor_usage":[14,18],"damage_taken":[{"damage":2,"enemies":"Jaw Worm","floor":1,"turns":2},{"damage":0,"enemies":"2 Louse","floor":4,"turns":2},{"damage":9,"enemies":"3 Sentries","floor":7,"turns":7},{"damage":0,"enemies":"Cultist","floor":11,"turns":2},{"damage":9,"enemies":"2 Fungi Beasts","floor":13,"turns":2},{"damage":16,"enemies":"Gremlin Nob","floor":14,"turns":3},{"damage":32,"enemies":"The Guardian","floor":16,"turns":7},{"damage":37,"enemies":"3 Byrds","floor":18,"turns":5},{"damage":6,"enemies":"Spheric Guardian","floor":21,"turns":3},{"damage":44,"enemies":"Gremlin Leader","floor":24,"turns":8}],"seed_played":"-5823361264349438214","potions_obtained":[{"floor":11,"key":"Strength Potion"},{"floor":16,"key":"DistilledChaos"}],"is_trial":false,"path_per_floor":["M","?","?","M","$","R","E","R","T","R","M","?","M","E","R","B",null,"M","?","?","M","?","R","E"],"character_chosen":"DEFECT","items_purchased":["Art of War","Sunder"],"campfire_rested":0,"item_purchase_floors":[5,5],"current_hp_per_floor":[73,73,73,73,73,73,64,64,64,64,64,64,55,39,39,7,58,21,21,21,15,40,40,0,0],"gold":275,"neow_bonus":"UPGRADE_CARD","is_daily":false,"chose_seed":false,"campfire_upgraded":5,"win_rate":0.0,"timestamp":1609522408,"path_taken":["M","?","?","?","$","R","E","R","T","R","M","?","M","E","R","BOSS","M","?","?","M","?","R","E"],"items_purchased_type":["Relic","Card"],"build_version":"2020-12-22","purchased_purges":0,"victory":false,"max_hp_per_floor":[75,75,75,75,75,75,75,75,75,75,75,75,75,75,75,75,75,75,75,75,75,75,75,75,75],"card_choices":[{"not_picked":["Ball Lightning","Capacitor"],"picked":"Glacier","floor":1},{"not_picked":["Coolheaded","Go for the Eyes"],"picked":"Darkness","floor":4},{"not_picked":["Sunder","Stack"],"picked":"Streamline","floor":7},{"not_picked":["Leap","Cold Snap"],"picked":"All For One","floor":11},{"not_picked":["Leap","Glacier","Cold Snap"],"picked":"SKIP","floor":13},{"not_picked":["Rip and Tear","Rebound"],"picked":"Conserve Battery","floor":14},{"not_picked":["Reboot","Hyperbeam"],"picked":"Thunder Strike","floor":16},{"not_picked":["Beam Cell","Steam+1"],"picked":"Gash+1","floor":18},{"not_picked":["Sunder+1","Hologram"],"picked":"Scrape+1","floor":21}],"player_experience":663495,"relics_obtained":[{"floor":7,"key":"Ancient Tea Set"},{"floor":9,"key":"Juzu Bracelet"},{"floor":14,"key":"Smiling Mask"}],"event_choices":[{"damage_healed":0,"gold_gain":0,"player_choice":"Ignored","damage_taken":0,"max_hp_gain":0,"max_hp_loss":0,"event_name":"Golden Wing","floor":2,"gold_loss":0},{"damage_healed":0,"gold_gain":100,"player_choice":"Pray","damage_taken":0,"max_hp_gain":0,"max_hp_loss":0,"event_name":"Golden Shrine","floor":3,"gold_loss":0},{"damage_healed":0,"gold_gain":0,"player_choice":"Upgraded","damage_taken":0,"max_hp_gain":0,"max_hp_loss":0,"event_name":"Upgrade Shrine","floor":12,"gold_loss":0,"cards_upgraded":["All For One"]},{"damage_healed":0,"gold_gain":0,"player_choice":"Ignored","damage_taken":0,"max_hp_gain":0,"max_hp_loss":0,"event_name":"Ghosts","floor":19,"gold_loss":0},{"damage_healed":0,"gold_gain":0,"player_choice":"Trade","damage_taken":0,"relics_obtained":["GremlinMask"],"max_hp_gain":0,"max_hp_loss":0,"event_name":"FaceTrader","floor":20,"gold_loss":0},{"damage_healed":25,"gold_gain":0,"player_choice":"Heal","damage_taken":0,"max_hp_gain":0,"max_hp_loss":0,"event_name":"The Library","floor":22,"gold_loss":0}],"is_beta":false,"boss_relics":[{"not_picked":["Ectoplasm","Empty Cage"],"picked":"Black Star"}],"items_purged_floors":[],"is_endless":false,"potions_floor_spawned":[11,16],"killed_by":"Gremlin Leader","ascension_level":5}}