{"host":"5t6h2siq57l98co3","time":1609536450,"event":{"mods":["AchievementEnabler","Act Like it!","Aspiration","BaseMod","Better Altar","Better Match","Better Note","Better Sensory Stone","Better Skull","Better Third Choice","BetterRewards","CCEM","CatGirl Mod","Clawfect","Colored Map","Colored Powertips","Curses Come First","Displayed Cursed Tome","Downfall","Gold Saver","Googly Eyes","Highlight Path","Infinite Spire","Jedi Mod","Mimic Mod","Minty Spire (QoL Compilation)","Permanent Neow","Prisma Mod","RatMod","Replay The Spire","Spicy Shops","StSLib","The Alterego","The Jungle","Transform Curses","Virulent Crown","Yuri Mod","everything is the same but u backflip on backflip","vexMod"],"gold_per_floor":[2225,2235,2235,2235,2285,2317,2317,2342,2369,2400,2400,434,476,490,490,616,616,633,642,679,251,251,281,281,326,371,413,425,452,472,484,493,625,725,738,648,701,762,781,822,60,60,139,148,187,217,253,288,297,422,422,431,440,485,532,541,550,585,585,617,660,669,698,706,706,706,808,808,819,753,753,362,399,418,418,436,468,513,531,558,558,631,649,744,1455,1459,1468,1477,1516,1552,1587,1596,1615,1663,1681,1119,1157,1246,1286,1286,1391,1418,1451,1451,1469,1486,1499,1499],"floor_reached":107,"playtime":7614,"items_purged":["hexamod:Haunted","Normality","alterego_mod:Cooking+1"],"score":3402,"play_id":"716c93dc-8fba-4a39-a28b-50ee5c1a09e9","local_time":"20210101152730","daily_mods":["Vintage","Heirloom","DeadlyEvents","Binary","Cursed Run","Elite Swarm","Lethality","Night Terrors","downfall:WorldOfGoo"],"is_ascension_mode":false,"campfire_choices":[{"data":"alterego_mod:BigMeatyClaws","floor":7.0,"key":"SMITH"},{"data":"PrismaMod:ChloeCheapAttack","floor":11.0,"key":"SMITH"},{"data":"yuri:Virus","floor":15.0,"key":"SMITH"},{"floor":24.0,"key":"DIG"},{"data":"alterego_mod:Venus","floor":32.0,"key":"SMITH"},{"data":"Normality","floor":49.0,"key":"PURGE"},{"floor":59.0,"key":"DIG"},{"data":"PrismaMod:ChloeCaladbolg","floor":62.0,"key":"SMITH"},{"data":"infinitespire:Pacifist","floor":66.0,"key":"PURGE"},{"data":"PrismaMod:ChloeCheapAttack","floor":75.0,"key":"SMITH"},{"data":"yuri:BlackTea","floor":81.0,"key":"SMITH"},{"data":"PrismaMod:ChloeCarnivalDefend","floor":83.0,"key":"SMITH"},{"data":"PrismaMod:IllyaUberPoisonChannel","floor":92.0,"key":"SMITH"},{"data":"jedi:BattleThirst","floor":100,"key":"PURGE"}],"circlet_count":0,"master_deck":["alterego_mod:Strike+1","alterego_mod:Strike+1","alterego_mod:Strike+1","alterego_mod:Strike+1","alterego_mod:Defend+1","alterego_mod:Defend+1","alterego_mod:Defend+1","alterego_mod:Defend+1","alterego_mod:Impale+1","alterego_mod:BigMeatyClaws+1","alterego_mod:BrynhildrsRune+1","Injury","Amnesia","PrismaMod:MiyuDefenseAbsorbMinor+1","Amnesia","yuri:MagneticKnives+1","PrismaMod:ChloeCheapAttack+1","Clumsy","yuri:Virus+1","yuri:RhapsodyCurse","Shame","yuri:BlackTea+1","yuri:SturdyUniform+1","alterego_mod:AlterEgo+1","PrismaMod:IllyaPoisonTippedWeapons+1","alterego_mod:DiscoLights+1","Clumsy","alterego_mod:Rake+1","alterego_mod:Venus+1","yuri:BookBlue+1","Injury","Clumsy","PrismaMod:MiyuUncommonDexBuff+1","PrismaMod:ChloeDoubleRelicSpeed+1","alterego_mod:SideboobHour","Delirium","PrismaMod:ChloeCheapAttack+1","PrismaMod:MiyuUncommonAttack+1","sneckomod:Bewildered","ReplayTheSpireMod:IOU","PrismaMod:MiyuUncommonDexBuff+1","PrismaMod:IllyaCarnivalPrismaAstolfo","PrismaMod:IllyaPartialInstallAssassin+1","Overencumbered","Injury","alterego_mod:TrickOrTreatment+1","yuri:BookRed+1","Normality","Slimebound:Icky","alterego_mod:TrickOrTreatment+1","Apotheosis+1","PrismaMod:ChloeDiscardRecovery","PrismaMod:ChloeCheapAttack+1","alterego_mod:SakuraLabyrinth","PrismaMod:MiyuCommonAOEAttack","PrismaMod:MiyuUncommonAttack","PrismaMod:MiyuCarnivalDefend","Amnesia","yuri:DragonForm+1","CommonCold","PrismaMod:MiyuCheapStrBuff+1","PrismaMod:MiyuBride","Languid","Parasite","PrismaMod:ChloeCarnivalAOEAttack+1","PrismaMod:ChloeCaladbolg+1","PrismaMod:IllyaUberPoisonChannel+1","PrismaMod:ChloeCarnivalDefend+1","PrismaMod:ChloeCarnivalDefend+1","PrismaMod:IllyaCarnivalPrismaAstolfo+1","Injury","ReplayTheSpireMod:Splinters","yuri:Torment+1","PrismaMod:IllyaPoisonBomb+1","sneckomod:Bewildered","PrismaMod:ChloeAnyRareTrace+1","Regret","infinitespire:Pacifist","sneckomod:Bewildered","vexMod:UltimateCard","jedi:frostbite","sneckomod:Bewildered","ReplayTheSpireMod:Doomed","PrismaMod:IllyaUberPoisonChannel+1","Voices","PrismaMod:MiyuCheapDefend2+1","yuri:BookGreen+1","Spreading Infection","PrismaMod:MiyuUncommonDexBuff+1","ReplayTheSpireMod:Faulty Equipment","yuri:Virus+1","PrismaMod:ChloeCarnivalDefend+1","hexamod:Haunted","Voices","ReplayTheSpireMod:IOU","Pain","infinitespire:Pacifist","Normality","yuri:MarkovCurse","ReplayTheSpireMod:Splinters","PrismaMod:MiyuCheapDefend2+1","jedi:BattleThirst","jedi:frostbite","alterego_mod:BrynhildrRomantia+1","yuri:MarkovCurse","Doubt","Voices","Voices"],"relics":["Cursed Key","Darkstone Periapt","Du-Vu Doll","replay:Trail_Library","Unceasing Top","Mummified Hand","CCEMRelics:CocoNut","Frozen Egg 2","Ring of Greed","Tiny Chest","The Courier","Garlic","Pantograph","hexamod:BolsterEngine","Bag of Preparation","CCEMRelics:SpiritsEdge","jedi:crownofsimplicity","Gremlin Food","rat:BigChungusPlushie","Oddly Smooth Stone","theCatGirl:Ambush","CeramicFish","CCEMRelics:JestersCrown","Quantum Egg","vexMod:PlasmaPancake","Snack Pack","War Paint","CCEMRelics:PorcelainBowl","HornCleat","aspiration:FetidBarrel","Replay:Multitool","Pondfish Scales","Medical Kit","infinitespire:Lucky Rock","Pen Nib","ReplayTheSpireMod:TigerMarble","Vajra","Toy Ornithopter","infinitespire:FocusingShard","Thread and Needle","ReplayTheSpireMod:Ninjato","CaptainsWheel","Replay:Mystery Machine","Lizard Tail","Replay:Wanted Poster","rat:PhantomDancer","infinitespire:CheckeredPen","vexMod:RetaliationKit","CCEMRelics:WhiteRose","yuri:PortableGlitches","Turnip","Chemical X","jedi:heavyjacket","Question Card","CCEMRelics:DissonantTune","infinitespire:Midas Blood","vexMod:FocusSash","vexMod:MemoryStick","Nunchaku","Black Star","replay:Trail_Library","infinitespire:Satchel","Ancient Tea Set","Replay:Baseball","aspiration:SneckoTail","Kunai","Guardian:PocketSentry","Boot","Potion Belt","jedi:shrinkray","Happy Flower","CCEMRelics:Pendulum","CCEMRelics:GrapeVine","jedi:archwizardhat","Omamori","jedi:hotpepper","jedi:cryingmask","Replay:Bottled Steam","Toxic Egg 2","Molten Egg 2","StrikeDummy","Strawberry","Singing Bowl","Replay:PocketPolymizer","jedi:bottledfury","Whetstone","Dream Catcher","vexMod:ConsolationPrize","infinitespire:Bottled Soul","InkBottle","PreservedInsect","Golden Egg","jedi:angrymask","vexMod:RockOfEvil","vexMod:InvisibilityCloak","Replay:Bottled Eggs","Orichalcum","aspiration:ChemicalBlood","Mercury Hourglass","Torii","ReplayFunnel","theCatGirl:DriedFish","Replay:Wax Seal","infinitespire:Magic Flask","Blue Candle","vexMod:ScavengeHelm","White Beast Statue","Anchor","DollysMirror","infinitespire:PuzzleCube","aspiration:Lifesprig","Letter Opener","sneckomod:BlankCard","MealTicket","Ice Cream","Meat on the Bone","Replay:Ancient Bell","Replay:Bandana","vexMod:Dragonfruit","Calipers","Bottled Tornado","Art of War","CCEMRelics:GrindingGear","Onion Ring"],"acts_visited":["Exordium","TheCity","TheBeyond","Exordium","TheCity","TheBeyond","Exordium"],"potions_floor_usage":[],"damage_taken":[{"damage":0.0,"enemies":"Small Slimes","floor":1.0,"turns":2.0},{"damage":0.0,"enemies":"2 Louse","floor":2.0,"turns":4.0},{"damage":31.0,"enemies":"Gremlin Nob","floor":6.0,"turns":4.0},{"damage":14.0,"enemies":"Replay:BlueRogue","floor":8.0,"turns":4.0},{"damage":9.0,"enemies":"Lagavulin","floor":10.0,"turns":3.0},{"damage":0.0,"enemies":"Gremlin Nob","floor":13.0,"turns":1.0},{"damage":0.0,"enemies":"Cultist","floor":14.0,"turns":1.0},{"damage":0.0,"enemies":"Fading Forest","floor":16.0,"turns":5.0},{"damage":0.0,"enemies":"3 Byrds","floor":18.0,"turns":2.0},{"damage":0.0,"enemies":"Gremlin Leader","floor":20.0,"turns":2.0},{"damage":0.0,"enemies":"Nightmare","floor":23.0,"turns":2.0},{"damage":0.0,"enemies":"Gremlin Leader","floor":25.0,"turns":2.0},{"damage":0.0,"enemies":"Chosen","floor":26.0,"turns":3.0},{"damage":0.0,"enemies":"Replay:Snechameleon","floor":27.0,"turns":1.0},{"damage":0.0,"enemies":"Chosen","floor":28.0,"turns":1.0},{"damage":0.0,"enemies":"Snecko","floor":30.0,"turns":1.0},{"damage":0.0,"enemies":"Snake Plant","floor":31.0,"turns":1.0},{"damage":0.0,"enemies":"Champ","floor":33.0,"turns":3.0},{"damage":0.0,"enemies":"Orb Walker","floor":35.0,"turns":2.0},{"damage":3.0,"enemies":"R_Hoarder","floor":37.0,"turns":4.0},{"damage":0.0,"enemies":"2 Orb Walkers","floor":38.0,"turns":2.0},{"damage":0.0,"enemies":"3 Shapes","floor":39.0,"turns":2.0},{"damage":0.0,"enemies":"Nemesis","floor":40.0,"turns":3.0},{"damage":0.0,"enemies":"Reptomancer","floor":45.0,"turns":2.0},{"damage":0.0,"enemies":"Transient","floor":46.0,"turns":5.0},{"damage":0.0,"enemies":"R_Hoarder","floor":48.0,"turns":2.0},{"damage":0.0,"enemies":"Awakened One","floor":50.0,"turns":4.0},{"damage":0.0,"enemies":"Cultist","floor":52.0,"turns":1.0},{"damage":0.0,"enemies":"3 Sentries","floor":55.0,"turns":2.0},{"damage":0.0,"enemies":"Gremlin Nob","floor":58.0,"turns":1.0},{"damage":0.0,"enemies":"3 Sentries","floor":61.0,"turns":1.0},{"damage":0.0,"enemies":"Lagavulin","floor":63.0,"turns":1.0},{"damage":0.0,"enemies":"Jaw Worm","floor":64.0,"turns":1.0},{"damage":0.0,"enemies":"Slime Boss","floor":67.0,"turns":1.0},{"damage":0.0,"enemies":"2 Thieves","floor":69.0,"turns":1.0},{"damage":0.0,"enemies":"Gremlin Leader","floor":73.0,"turns":1.0},{"damage":0.0,"enemies":"Nightmare","floor":74.0,"turns":3.0},{"damage":0.0,"enemies":"Gremlin Leader","floor":76.0,"turns":2.0},{"damage":0.0,"enemies":"Book of Stabbing","floor":78.0,"turns":1.0},{"damage":0.0,"enemies":"Replay:Snechameleon","floor":80.0,"turns":1.0},{"damage":0.0,"enemies":"Book of Stabbing","floor":82.0,"turns":1.0},{"damage":0.0,"enemies":"Automaton","floor":84.0,"turns":1.0},{"damage":0.0,"enemies":"3 Shapes","floor":86.0,"turns":2.0},{"damage":0.0,"enemies":"3 Darklings","floor":88.0,"turns":1.0},{"damage":0.0,"enemies":"Sphere and 2 Shapes","floor":89.0,"turns":2.0},{"damage":0.0,"enemies":"R_Hoarder","floor":90.0,"turns":1.0},{"damage":0.0,"enemies":"Giant Head","floor":91.0,"turns":1.0},{"damage":0.0,"enemies":"R_Hoarder","floor":93.0,"turns":1.0},{"damage":5.0,"enemies":"Sphere and 2 Shapes","floor":94.0,"turns":2.0},{"damage":1.0,"enemies":"Sphere and 2 Shapes","floor":95.0,"turns":1.0},{"damage":0.0,"enemies":"Nemesis","floor":97.0,"turns":1.0},{"damage":1.0,"enemies":"Jaw Worm Horde","floor":98.0,"turns":1.0},{"damage":2,"enemies":"R_Hoarder","floor":99,"turns":2},{"damage":1,"enemies":"Donu and Deca","floor":101,"turns":3},{"damage":0,"enemies":"Jaw Worm","floor":103,"turns":1},{"damage":0,"enemies":"Small Slimes","floor":105,"turns":1},{"damage":1,"enemies":"infinitespire:Voidling","floor":106,"turns":1},{"damage":0,"enemies":"Exordium Wildlife","floor":107,"turns":1}],"seed_played":"-1692401335613421283","potions_obtained":[{"floor":6.0,"key":"Languid Potion"},{"floor":8.0,"key":"Languid Potion"},{"floor":13.0,"key":"Swift Potion"},{"floor":14.0,"key":"AttackPotion"},{"floor":25.0,"key":"BlessingOfTheForge"},{"floor":27.0,"key":"Dexterity Potion"},{"floor":50.0,"key":"Explosive Potion"},{"floor":61.0,"key":"LiquidMemories"},{"floor":76.0,"key":"CultistPotion"},{"floor":82.0,"key":"Reflective Coating"}],"is_trial":true,"path_per_floor":["M","M","?","?","?","E","R","E","T","E","R","$","E","M","R","B",null,"M","?","E","$","?","NM","R","E","MIM","E","M","T","M","M","R","B",null,"M","?","E","?","M","E","$","R","T","R","E","M","T","E","R","B",null,"M","?","?","E","T","R","E","R","T","E","R","E","M","AVR","R_BF","B",null,"M","?","AVR","$","E","NM","R","E","T","E","T","E","R","E","R","B",null,"M","?","M","MIM","E","E","R","E","MIM","M","$","E","M","E","R","B",null,"M","?","M","M","M"],"character_chosen":"The_Alterego","items_purchased":["CCEMRelics:SpiritsEdge","jedi:crownofsimplicity","Gremlin Food","rat:BigChungusPlushie","Oddly Smooth Stone","theCatGirl:Ambush","CeramicFish","CCEMRelics:JestersCrown","Quantum Egg","vexMod:PlasmaPancake","Snack Pack","War Paint","CCEMRelics:PorcelainBowl","EssenceOfSteel","Fruit Juice","Medical Kit","infinitespire:Lucky Rock","Pen Nib","PrismaMod:IllyaPoisonTippedWeapons+1","alterego_mod:DiscoLights+1","Turnip","Chemical X","jedi:heavyjacket","Question Card","Toxic Egg 2","Molten Egg 2","Anchor","DollysMirror","infinitespire:PuzzleCube","aspiration:Lifesprig"],"campfire_rested":0,"item_purchase_floors":[12,12,12,12,12,12,12,12,12,12,12,12,12,12,12,21,21,21,21,21,41,41,41,41,72,72,96,96,96,96],"current_hp_per_floor":[70,75,75,81,87,56,56,49,55,52,52,69,73,73,73,128,128,128,128,128,128,128,128,128,134,140,140,140,152,152,152,152,164,164,164,164,170,170,170,176,182,182,188,188,188,197,203,203,203,215,215,215,215,215,221,227,227,227,227,233,239,239,239,239,239,239,239,179,179,182,182,182,186,187,187,188,191,194,197,198,198,199,202,206,221,221,221,221,225,229,229,229,230,230,232,232,232,255,255,255,266,278,281,281,281,280,281,281],"gold":1499,"neow_bonus":"","is_daily":false,"chose_seed":false,"campfire_upgraded":9,"win_rate":0.0,"timestamp":1609536450,"path_taken":["M","M","?","?","?","E","R","E","T","E","R","$","E","M","R","BOSS","M","?","?","$","?","NM","R","E","MIM","E","M","?","M","M","R","BOSS","M","?","?","?","M","E","$","R","T","R","E","M","?","E","R","BOSS","M","?","?","?","?","R","E","R","T","E","R","E","M","AVR","R_BF","BOSS","M","?","AVR","?","?","NM","R","E","T","E","?","E","R","?","R","BOSS","M","?","?","?","?","E","R","?","MIM","M","$","E","M","E","R","BOSS","M","?","M","M","M"],"items_purchased_type":["Relic","Relic","Relic","Relic","Relic","Relic","Relic","Relic","Relic","Relic","Relic","Relic","Relic","Potion","Potion","Relic","Relic","Relic","Card","Card","Relic","Relic","Relic","Relic","Relic","Relic","Relic","Relic","Relic","Relic"],"build_version":"2020-12-22","purchased_purges":3,"victory":false,"max_hp_per_floor":[70,75,75,81,87,87,87,87,93,99,99,116,116,116,116,128,128,128,128,128,128,128,128,128,134,140,140,140,152,152,152,152,164,164,164,164,170,170,170,176,182,182,188,188,188,197,203,203,203,215,215,215,215,215,221,227,227,227,227,233,239,239,239,239,239,239,239,179,179,182,182,182,186,187,187,188,191,194,197,198,198,199,202,206,221,221,221,221,225,229,229,229,230,233,236,236,236,260,260,260,266,278,281,281,281,281,281,281],"card_choices":[{"not_picked":["alterego_mod:Alter","yuri:JumpScare"],"picked":"SKIP","floor":6.0},{"not_picked":["yuri:GhostForm+1"],"picked":"PrismaMod:MiyuDefenseAbsorbMinor","floor":8.0},{"not_picked":["yuri:MirrorInsanity"],"picked":"yuri:MagneticKnives+1","floor":10.0},{"not_picked":["alterego_mod:PainIsPleasure+1"],"picked":"yuri:Virus","floor":13.0},{"not_picked":["PrismaMod:IllyaCarnivalAttack"],"picked":"yuri:BlackTea","floor":16.0},{"not_picked":["yuri:DragonForm+1"],"picked":"alterego_mod:AlterEgo+1","floor":20.0},{"not_picked":["PrismaMod:IllyaUberPoisonChannel","alterego_mod:PainIsPleasure+1"],"picked":"SKIP","floor":23.0},{"not_picked":["PrismaMod:IllyaUberPoisonChannel","alterego_mod:PainIsPleasure+1"],"picked":"SKIP","floor":23.0},{"not_picked":["PrismaMod:ChloeReshuffleDiscard"],"picked":"alterego_mod:Rake","floor":25.0},{"not_picked":["PrismaMod:ChloeDoubleRelicSpeed+1"],"picked":"alterego_mod:Venus","floor":27.0},{"not_picked":["PrismaMod:MiyuEvokeAllDefend","PrismaMod:IllyaZwei"],"picked":"SKIP","floor":37.0},{"not_picked":["yuri:ThornRemove+1"],"picked":"PrismaMod:ChloeCheapAttack+1","floor":38.0},{"not_picked":["alterego_mod:Antipathy","PrismaMod:ChloeDoubleRelicSpeed+1"],"picked":"SKIP","floor":40.0},{"not_picked":["alterego_mod:Valkyrie","alterego_mod:InsideBaseball+1"],"picked":"PrismaMod:IllyaCarnivalPrismaAstolfo","floor":45.0},{"not_picked":["alterego_mod:InsideBaseball+1","PrismaMod:IllyaCarnivalOrbs"],"picked":"alterego_mod:TrickOrTreatment+1","floor":48.0},{"not_picked":["yuri:RelentlessStrikes+1","PrismaMod:ChloeCarnivalAttack"],"picked":"alterego_mod:TrickOrTreatment+1","floor":50.0},{"not_picked":["PrismaMod:MiyuDefenseAbsorbMinor","alterego_mod:Weigh"],"picked":"yuri:DragonForm+1","floor":55.0},{"not_picked":["alterego_mod:Lift+1","PrismaMod:MiyuEvokeAllAttack"],"picked":"PrismaMod:MiyuBride","floor":58.0},{"not_picked":["yuri:RelentlessStrikes+1","alterego_mod:Venus"],"picked":"PrismaMod:ChloeCarnivalAOEAttack","floor":61.0},{"not_picked":["yuri:MirrorInsanity","yuri:ExploitStrike"],"picked":"PrismaMod:IllyaUberPoisonChannel","floor":63.0},{"not_picked":["PrismaMod:ChloeAnyUncommonTrace","alterego_mod:RingBreak+1"],"picked":"PrismaMod:ChloeCarnivalDefend","floor":67.0},{"not_picked":["alterego_mod:Vow+1","PrismaMod:ChloeCarnivalAttack+1"],"picked":"PrismaMod:ChloeCarnivalDefend+1","floor":73.0},{"not_picked":["yuri:MagneticKnives+1","alterego_mod:Alter+1","alterego_mod:GIGAMILK+1"],"picked":"Singing Bowl","floor":74.0},{"not_picked":["PrismaMod:ChloeAnyCommonTrace+1","PrismaMod:ChloeAnyRareTrace+1","PrismaMod:ChloeAnySkillTrace+1"],"picked":"Singing Bowl","floor":76.0},{"not_picked":["PrismaMod:ChloeCarnivalDefend+1","PrismaMod:ChloeUnlimitedBladeWorks+1"],"picked":"yuri:Torment+1","floor":78.0},{"not_picked":["yuri:NoEscape+1","alterego_mod:InsideBaseball+1","alterego_mod:SideboobHour+1"],"picked":"Singing Bowl","floor":80.0},{"not_picked":["PrismaMod:ChloeUnlimitedBladeWorks+1","PrismaMod:MiyuUberDefend+1","PrismaMod:ChloeGreatTracePools+1"],"picked":"Singing Bowl","floor":82.0},{"not_picked":["PrismaMod:ChloeGreatTracePools+1","alterego_mod:VirginLaserPalladion+1","alterego_mod:IdEs+1"],"picked":"Singing Bowl","floor":84.0},{"not_picked":["PrismaMod:MiyuDefenseExplosion+1","yuri:Spin+1","yuri:GrowingInsanity+1"],"picked":"Singing Bowl","floor":89.0},{"not_picked":["PrismaMod:IllyaCarnivalAttack+1","PrismaMod:ChloeAnyCommonTrace+1","PrismaMod:ChloeCarnivalAttack+1"],"picked":"Singing Bowl","floor":90.0},{"not_picked":["PrismaMod:MiyuUberDefend+1","PrismaMod:MiyuDefendChannelDefend+1"],"picked":"PrismaMod:MiyuCheapDefend2+1","floor":91.0},{"not_picked":["PrismaMod:ChloeExhaustThree+1","PrismaMod:MiyuBride+1","PrismaMod:MiyuChannelDefendEvoke+1"],"picked":"Singing Bowl","floor":93.0},{"not_picked":["alterego_mod:DiscoLights+1","yuri:yuriQuickStrike+1"],"picked":"PrismaMod:MiyuUncommonDexBuff+1","floor":94.0},{"not_picked":["PrismaMod:ChloeCarnivalAttack+1","alterego_mod:InsideBaseball+1"],"picked":"PrismaMod:ChloeCarnivalDefend+1","floor":97.0},{"not_picked":["alterego_mod:IdEs+1","alterego_mod:ClassAdvantage+1"],"picked":"PrismaMod:MiyuCheapDefend2+1","floor":99},{"not_picked":["PrismaMod:ChloeCarnivalAttack+1","alterego_mod:Tantrum+1"],"picked":"alterego_mod:BrynhildrRomantia+1","floor":101},{"not_picked":["ReplayTheSpireMod:Splinters","Overencumbered"],"picked":"yuri:MarkovCurse","floor":102},{"not_picked":["hexamod:Haunted","Regret"],"picked":"Doubt","floor":102},{"not_picked":["Sickly","Writhe"],"picked":"Voices","floor":102}],"player_experience":934374,"relics_obtained":[{"floor":1.0,"key":"Mummified Hand"},{"floor":2.0,"key":"CCEMRelics:CocoNut"},{"floor":5.0,"key":"Ring of Greed"},{"floor":5.0,"key":"Tiny Chest"},{"floor":5.0,"key":"The Courier"},{"floor":6.0,"key":"Garlic"},{"floor":8.0,"key":"Pantograph"},{"floor":9.0,"key":"hexamod:BolsterEngine"},{"floor":10.0,"key":"Bag of Preparation"},{"floor":13.0,"key":"HornCleat"},{"floor":14.0,"key":"aspiration:FetidBarrel"},{"floor":18.0,"key":"Replay:Multitool"},{"floor":20.0,"key":"Pondfish Scales"},{"floor":23.0,"key":"ReplayTheSpireMod:TigerMarble"},{"floor":24.0,"key":"Vajra"},{"floor":25.0,"key":"Toy Ornithopter"},{"floor":26.0,"key":"infinitespire:FocusingShard"},{"floor":27.0,"key":"Thread and Needle"},{"floor":28.0,"key":"ReplayTheSpireMod:Ninjato"},{"floor":29.0,"key":"CaptainsWheel"},{"floor":30.0,"key":"Replay:Mystery Machine"},{"floor":31.0,"key":"Lizard Tail"},{"floor":35.0,"key":"rat:PhantomDancer"},{"floor":37.0,"key":"infinitespire:CheckeredPen"},{"floor":38.0,"key":"vexMod:RetaliationKit"},{"floor":39.0,"key":"CCEMRelics:WhiteRose"},{"floor":40.0,"key":"yuri:PortableGlitches"},{"floor":43.0,"key":"CCEMRelics:DissonantTune"},{"floor":45.0,"key":"infinitespire:Midas Blood"},{"floor":46.0,"key":"vexMod:FocusSash"},{"floor":47.0,"key":"vexMod:MemoryStick"},{"floor":48.0,"key":"Nunchaku"},{"floor":52.0,"key":"infinitespire:Satchel"},{"floor":55.0,"key":"Ancient Tea Set"},{"floor":55.0,"key":"Replay:Baseball"},{"floor":56.0,"key":"aspiration:SneckoTail"},{"floor":58.0,"key":"Kunai"},{"floor":58.0,"key":"Guardian:PocketSentry"},{"floor":59.0,"key":"Boot"},{"floor":60.0,"key":"Potion Belt"},{"floor":61.0,"key":"jedi:shrinkray"},{"floor":61.0,"key":"Happy Flower"},{"floor":63.0,"key":"CCEMRelics:Pendulum"},{"floor":63.0,"key":"CCEMRelics:GrapeVine"},{"floor":64.0,"key":"jedi:archwizardhat"},{"floor":69.0,"key":"jedi:cryingmask"},{"floor":73.0,"key":"StrikeDummy"},{"floor":73.0,"key":"Strawberry"},{"floor":74.0,"key":"Singing Bowl"},{"floor":74.0,"key":"Replay:PocketPolymizer"},{"floor":76.0,"key":"jedi:bottledfury"},{"floor":77.0,"key":"Whetstone"},{"floor":78.0,"key":"Dream Catcher"},{"floor":78.0,"key":"vexMod:ConsolationPrize"},{"floor":79.0,"key":"infinitespire:Bottled Soul"},{"floor":80.0,"key":"InkBottle"},{"floor":80.0,"key":"PreservedInsect"},{"floor":82.0,"key":"Golden Egg"},{"floor":82.0,"key":"jedi:angrymask"},{"floor":86.0,"key":"vexMod:InvisibilityCloak"},{"floor":88.0,"key":"Replay:Bottled Eggs"},{"floor":89.0,"key":"Orichalcum"},{"floor":89.0,"key":"aspiration:ChemicalBlood"},{"floor":90.0,"key":"Mercury Hourglass"},{"floor":90.0,"key":"Torii"},{"floor":91.0,"key":"ReplayFunnel"},{"floor":91.0,"key":"theCatGirl:DriedFish"},{"floor":93.0,"key":"Replay:Wax Seal"},{"floor":93.0,"key":"infinitespire:Magic Flask"},{"floor":94.0,"key":"Blue Candle"},{"floor":94.0,"key":"vexMod:ScavengeHelm"},{"floor":95.0,"key":"White Beast Statue"},{"floor":97.0,"key":"Letter Opener"},{"floor":97.0,"key":"sneckomod:BlankCard"},{"floor":98,"key":"MealTicket"},{"floor":99,"key":"Ice Cream"},{"floor":99,"key":"Meat on the Bone"},{"floor":103,"key":"Bottled Tornado"},{"floor":105,"key":"Art of War"},{"floor":106,"key":"CCEMRelics:GrindingGear"},{"floor":107,"key":"Onion Ring"}],"event_choices":[{"cards_removed":["yuri:Virus"],"damage_healed":0.0,"max_hp_gain":0.0,"max_hp_loss":0.0,"gold_gain":0.0,"event_name":"betterNote:BetterNote","player_choice":"Take \u0026 Give","floor":19.0,"gold_loss":0.0,"damage_taken":0.0,"cards_obtained":["yuri:SturdyUniform"]},{"damage_healed":0.0,"max_hp_gain":0.0,"max_hp_loss":7.0,"gold_gain":0.0,"event_name":"betterThird:BetterWriting","player_choice":"Simplicity","floor":22.0,"gold_loss":0.0,"damage_taken":0.0},{"cards_removed":["betterMatch:CurseCard"],"damage_healed":0.0,"max_hp_gain":0.0,"max_hp_loss":0.0,"gold_gain":0.0,"event_name":"Designer","player_choice":"Upgrade and Remove","floor":36.0,"gold_loss":90.0,"damage_taken":0.0,"cards_upgraded":["alterego_mod:Rake"]},{"damage_healed":0.0,"max_hp_gain":0.0,"max_hp_loss":0.0,"gold_gain":0.0,"event_name":"Mysterious Sphere","player_choice":"Fight","floor":38.0,"gold_loss":0.0,"damage_taken":0.0},{"damage_healed":215.0,"max_hp_gain":0.0,"max_hp_loss":215.0,"gold_gain":0.0,"event_name":"betterThird:BetterShining","player_choice":"Embrace","floor":53.0,"gold_loss":0.0,"damage_taken":0.0}],"is_beta":false,"boss_relics":[{"not_picked":["aspiration:RunicSpoon","jedi:paperlyon","vexMod:MegatonBomb"]},{"not_picked":["ReplayTheSpireMod:SealedPack","Sozu"],"picked":"Replay:Wanted Poster"},{"not_picked":["Coffee Dripper","vexMod:DeviousBotling"],"picked":"Black Star"},{"not_picked":["Busted Crown","aspiration:PoetsPen_weak"],"picked":"jedi:hotpepper"},{"not_picked":["aspiration:FutureDiary","SacredBark"],"picked":"vexMod:RockOfEvil"},{"not_picked":["Abe\u0027s Treasure","vexMod:CursedCompass"],"picked":"Replay:Ancient Bell"},{"not_picked":["Lantern","CCEMRelics:Barrel"],"picked":"Replay:Bandana"},{"not_picked":["infinitespire:BottledMercury","Replay:Accelerometer"],"picked":"vexMod:Dragonfruit"},{"not_picked":["jedi:gremlinknob","Counterbalance"],"picked":"Calipers"}],"items_purged_floors":[12,41,96],"is_endless":true,"potions_floor_spawned":[6,8,13,14,25,27,28,33,35,48,50,61,67,76,80,82,84,88,91,95,97,98,99,101,103,105,106,107],"killed_by":"Exordium Wildlife","ascension_level":0}}