{"host":"w3x3n9s6mrz4xpf0","time":1609496235,"event":{"mods":["BaseMod","Minty Spire (QoL Compilation)","StSLib","SuperFastMode"],"gold_per_floor":[110,122,122,122,135,160,160,194,194,204,279,292,292,141,141,219,219,238,238,252,152,170,195,195,220,245,357,386,398,410,450,462,549,561,591,620,652,96,96,96,130,146,146,161,188,188,213,231,231,231],"floor_reached":51,"playtime":2387,"items_purged":["Strike_G","Strike_G","Infinite Blades+1"],"score":1717,"play_id":"faac95f9-7d20-44b0-b8a1-137c6d148b5b","local_time":"20210101191715","is_ascension_mode":true,"campfire_choices":[{"floor":7.0,"key":"REST"},{"data":"Corpse Explosion","floor":15.0,"key":"SMITH"},{"data":"Backflip","floor":24.0,"key":"SMITH"},{"floor":29.0,"key":"REST"},{"data":"Blur","floor":32,"key":"SMITH"},{"data":"Adrenaline","floor":40,"key":"SMITH"},{"data":"Burst","floor":46,"key":"SMITH"},{"data":"Crippling Poison","floor":49,"key":"SMITH"}],"circlet_count":0,"master_deck":["AscendersBane","Survivor","Neutralize+1","CurseOfTheBell","Well Laid Plans+1","Deadly Poison","Poisoned Stab","After Image+1","Corpse Explosion+1","PiercingWail","Noxious Fumes+1","Backflip+1","After Image+1","Backflip","Footwork+1","Blur+1","Crippling Poison+1","After Image+1","Burst+1","Blade Dance","Accuracy+1","After Image+1","Heel Hook","Acrobatics","Crippling Poison+1","Adrenaline+1","Finesse"],"relics":["Calling Bell","Lantern","Frozen Egg 2","FossilizedHelix","Bottled Tornado","Shovel","Lizard Tail","Sozu","Pantograph","Vajra","MawBank","Prayer Wheel","Kunai","Potion Belt","Pandora\u0027s Box","Membership Card","Calipers","Anchor","Eternal Feather","Du-Vu Doll","Art of War","White Beast Statue"],"acts_visited":["Exordium","TheCity","TheBeyond"],"potions_floor_usage":[],"damage_taken":[{"damage":0.0,"enemies":"2 Louse","floor":1.0,"turns":4.0},{"damage":1.0,"enemies":"Small Slimes","floor":2.0,"turns":5.0},{"damage":0.0,"enemies":"Jaw Worm","floor":5.0,"turns":4.0},{"damage":40.0,"enemies":"Gremlin Nob","floor":6.0,"turns":6.0},{"damage":0.0,"enemies":"Lagavulin","floor":8.0,"turns":8.0},{"damage":0.0,"enemies":"Blue Slaver","floor":10.0,"turns":5.0},{"damage":0.0,"enemies":"Red Slaver","floor":12.0,"turns":4.0},{"damage":1.0,"enemies":"Slime Boss","floor":16.0,"turns":6.0},{"damage":19.0,"enemies":"2 Thieves","floor":18.0,"turns":5.0},{"damage":7.0,"enemies":"Shell Parasite","floor":20.0,"turns":4.0},{"damage":0.0,"enemies":"3 Cultists","floor":22.0,"turns":4.0},{"damage":0.0,"enemies":"Slavers","floor":23.0,"turns":5.0},{"damage":18.0,"enemies":"Gremlin Leader","floor":25.0,"turns":8.0},{"damage":0.0,"enemies":"Colosseum Slavers","floor":27.0,"turns":4.0},{"damage":0.0,"enemies":"Colosseum Nobs","floor":27.0,"turns":5.0},{"damage":0.0,"enemies":"Snake Plant","floor":28.0,"turns":5.0},{"damage":0,"enemies":"Book of Stabbing","floor":31,"turns":8},{"damage":0,"enemies":"Automaton","floor":33,"turns":12},{"damage":0,"enemies":"Orb Walker","floor":35,"turns":5},{"damage":11,"enemies":"3 Shapes","floor":36,"turns":4},{"damage":0,"enemies":"Writhing Mass","floor":37,"turns":8},{"damage":0,"enemies":"Giant Head","floor":41,"turns":8},{"damage":0,"enemies":"4 Shapes","floor":42,"turns":3},{"damage":0,"enemies":"Maw","floor":44,"turns":7},{"damage":0,"enemies":"Nemesis","floor":45,"turns":9},{"damage":0,"enemies":"Giant Head","floor":47,"turns":7},{"damage":0,"enemies":"3 Darklings","floor":48,"turns":3},{"damage":10,"enemies":"Donu and Deca","floor":50,"turns":7}],"seed_played":"7945118936774745962","potions_obtained":[{"floor":5.0,"key":"Ancient Potion"},{"floor":8.0,"key":"Poison Potion"},{"floor":10.0,"key":"BlessingOfTheForge"}],"is_trial":false,"path_per_floor":["M","M","?","?","M","E","R","E","T","M","?","M","?","$","R","B",null,"M","?","M","$","M","E","R","E","T","?","M","R","?","E","R","B",null,"M","M","M","$","?","R","E","M","T","M","E","R","E","M","R","B",null],"character_chosen":"THE_SILENT","items_purchased":["Noxious Fumes+1","Membership Card","Calipers","Adrenaline","Finesse","Anchor"],"campfire_rested":2,"item_purchase_floors":[14,38,38,38,38,38],"current_hp_per_floor":[63,62,55,41,41,1,22,22,22,22,11,11,11,11,11,10,55,36,36,29,29,29,29,29,11,11,11,11,32,32,32,32,57,67,67,56,56,56,56,56,56,56,56,56,56,66,66,66,66,56],"gold":231,"neow_bonus":"BOSS_RELIC","is_daily":false,"chose_seed":false,"campfire_upgraded":6,"win_rate":0.0,"timestamp":1609496235,"path_taken":["M","M","?","?","M","E","R","E","T","M","?","M","?","$","R","BOSS","M","?","M","$","M","E","R","E","T","?","M","R","?","E","R","BOSS","M","M","M","$","?","R","E","M","T","M","E","R","E","M","R","BOSS"],"items_purchased_type":["Card","Relic","Relic","Card","Card","Relic"],"build_version":"2020-12-22","purchased_purges":3,"victory":true,"max_hp_per_floor":[70,70,70,70,70,70,70,70,70,70,70,70,70,70,70,70,70,70,70,70,70,70,70,70,70,70,70,70,70,70,70,70,70,70,70,70,70,70,66,66,66,66,66,66,66,66,66,66,66,66],"card_choices":[{"not_picked":["Dash","Blade Dance"],"picked":"Well Laid Plans+1","floor":1.0},{"not_picked":["Deadly Poison","Deflect","Heel Hook"],"picked":"SKIP","floor":2.0},{"not_picked":["Deflect","Heel Hook"],"picked":"Deadly Poison","floor":2.0},{"not_picked":["Outmaneuver","Deadly Poison"],"picked":"Poisoned Stab","floor":5.0},{"not_picked":["Adrenaline","Outmaneuver"],"picked":"After Image+1","floor":6.0},{"not_picked":["Flying Knee","Quick Slash"],"picked":"Corpse Explosion","floor":8.0},{"not_picked":["Cloak And Dagger","Dagger Spray","Concentrate"],"picked":"SKIP","floor":10.0},{"not_picked":["Deflect","Eviscerate"],"picked":"PiercingWail","floor":12.0},{"not_picked":["Deflect","Underhanded Strike","Blade Dance+1"],"picked":"SKIP","floor":18.0},{"not_picked":["Outmaneuver","Acrobatics"],"picked":"After Image+1","floor":20.0},{"not_picked":["Finisher","Sucker Punch"],"picked":"Backflip","floor":22.0},{"not_picked":["Dagger Spray+1","Envenom+1","Setup"],"picked":"SKIP","floor":23.0},{"not_picked":["Concentrate","Slice"],"picked":"Footwork+1","floor":25.0},{"not_picked":["Sucker Punch","Leg Sweep"],"picked":"Blur","floor":27.0},{"not_picked":["Choke","Leg Sweep"],"picked":"Crippling Poison","floor":28.0},{"not_picked":["Well Laid Plans+1","Dodge and Roll","Poisoned Stab"],"picked":"SKIP","floor":28.0},{"not_picked":["Cloak And Dagger+1","Dagger Spray","Blade Dance"],"picked":"SKIP","floor":31},{"not_picked":["Phantasmal Killer","Glass Knife"],"picked":"After Image+1","floor":33},{"not_picked":["Sucker Punch","Dagger Spray","Cloak And Dagger+1"],"picked":"SKIP","floor":35},{"not_picked":["Poisoned Stab","Outmaneuver+1","Sucker Punch+1"],"picked":"SKIP","floor":35},{"not_picked":["PiercingWail","Riddle With Holes","Deflect+1"],"picked":"SKIP","floor":36},{"not_picked":["Setup","Slice+1","Concentrate"],"picked":"SKIP","floor":36},{"not_picked":["Sucker Punch","Quick Slash+1"],"picked":"Crippling Poison+1","floor":37},{"not_picked":["PiercingWail","Terror","Dodge and Roll"],"picked":"SKIP","floor":37},{"not_picked":["Backflip+1","Bane","Sucker Punch+1"],"picked":"SKIP","floor":41},{"not_picked":["Bouncing Flask+1","Envenom+1","Eviscerate+1"],"picked":"SKIP","floor":42},{"not_picked":["Acrobatics","Setup","Slice"],"picked":"SKIP","floor":42},{"not_picked":["Sucker Punch","Dagger Throw","Bouncing Flask"],"picked":"SKIP","floor":44},{"not_picked":["Well Laid Plans+1","Dagger Spray","Backflip+1"],"picked":"SKIP","floor":44},{"not_picked":["Flying Knee+1","Quick Slash","Finisher"],"picked":"SKIP","floor":45},{"not_picked":["Escape Plan","Expertise","Flechettes"],"picked":"SKIP","floor":47},{"not_picked":["Prepared","Underhanded Strike","Bullet Time"],"picked":"SKIP","floor":48},{"not_picked":["Poisoned Stab","Underhanded Strike","Endless Agony+1"],"picked":"SKIP","floor":48}],"player_experience":89404,"relics_obtained":[{"floor":0.0,"key":"Lantern"},{"floor":0.0,"key":"Frozen Egg 2"},{"floor":0.0,"key":"FossilizedHelix"},{"floor":6.0,"key":"Bottled Tornado"},{"floor":8.0,"key":"Shovel"},{"floor":9.0,"key":"Lizard Tail"},{"floor":23.0,"key":"Pantograph"},{"floor":25.0,"key":"Vajra"},{"floor":26.0,"key":"MawBank"},{"floor":27.0,"key":"Prayer Wheel"},{"floor":27.0,"key":"Kunai"},{"floor":31,"key":"Potion Belt"},{"floor":41,"key":"Eternal Feather"},{"floor":43,"key":"Du-Vu Doll"},{"floor":45,"key":"Art of War"},{"floor":47,"key":"White Beast Statue"}],"event_choices":[{"cards_removed":["Strike_G"],"damage_healed":0.0,"max_hp_gain":0.0,"max_hp_loss":0.0,"gold_gain":0.0,"event_name":"Golden Wing","player_choice":"Card Removal","floor":3.0,"gold_loss":0.0,"damage_taken":7.0},{"damage_healed":0.0,"max_hp_gain":0.0,"max_hp_loss":0.0,"gold_gain":0.0,"event_name":"Shining Light","player_choice":"Entered Light","floor":4.0,"gold_loss":0.0,"damage_taken":14.0,"cards_upgraded":["Defend_G","Neutralize"]},{"damage_healed":0.0,"max_hp_gain":0.0,"max_hp_loss":0.0,"gold_gain":75.0,"event_name":"World of Goop","player_choice":"Gather Gold","floor":11.0,"gold_loss":0.0,"damage_taken":11.0},{"damage_healed":0.0,"max_hp_gain":0.0,"max_hp_loss":0.0,"gold_gain":0.0,"event_name":"Scrap Ooze","player_choice":"Fled","floor":13.0,"gold_loss":0.0,"damage_taken":0.0},{"damage_healed":0.0,"max_hp_gain":0.0,"max_hp_loss":0.0,"gold_gain":0.0,"event_name":"The Library","player_choice":"Read","floor":19.0,"gold_loss":0.0,"damage_taken":0.0,"cards_obtained":["Backflip"]},{"damage_healed":0.0,"max_hp_gain":0.0,"max_hp_loss":0.0,"gold_gain":0.0,"event_name":"Colosseum","player_choice":"Fight","floor":27.0,"gold_loss":0.0,"damage_taken":0.0},{"damage_healed":0.0,"max_hp_gain":0.0,"max_hp_loss":0.0,"gold_gain":0.0,"event_name":"Colosseum","player_choice":"Fought Nobs","floor":27.0,"gold_loss":0.0,"damage_taken":0.0},{"damage_healed":0,"gold_gain":0,"player_choice":"Ignored","damage_taken":0,"max_hp_gain":0,"max_hp_loss":0,"event_name":"Cursed Tome","floor":30,"gold_loss":0},{"damage_healed":0,"gold_gain":0,"player_choice":"Max HP","damage_taken":0,"max_hp_gain":0,"max_hp_loss":4,"event_name":"Winding Halls","floor":39,"gold_loss":0}],"is_beta":false,"boss_relics":[{"not_picked":["Astrolabe","Ectoplasm"],"picked":"Sozu"},{"not_picked":["Busted Crown","HoveringKite"],"picked":"Pandora\u0027s Box"}],"items_purged_floors":[14,21,38],"is_endless":false,"potions_floor_spawned":[5,8,10,18,20,25,28,31,42,44,45,47,48],"ascension_level":13}}