{"host":"j4vm2xutdvrvbn3r","time":1609529236,"event":{"mods":["BaseMod","Better Third Choice","Googly Eyes","Minty Spire (QoL Compilation)","StSLib"],"gold_per_floor":[114,114,134,194,148,180,86,120,144,144,159,159,173,173,173,276,276,292,318,318,332,332,361,361,380,380,380,394,408,440,440,440,536,536,554,571,1,18,143,177,193,193,193,203,237,283,283,298,298,298],"floor_reached":51,"playtime":4289,"items_purged":["Writhe"],"score":955,"play_id":"e22f3b5f-6e89-4e06-9b8b-d3cda95f85e9","local_time":"20210101142716","is_ascension_mode":false,"campfire_choices":[{"data":"Eruption","floor":12,"key":"SMITH"},{"floor":15,"key":"REST"},{"data":"WindmillStrike","floor":24,"key":"SMITH"},{"data":"SashWhip","floor":27,"key":"SMITH"},{"data":"Judgement","floor":32,"key":"SMITH"},{"floor":47,"key":"REST"},{"floor":49,"key":"REST"}],"circlet_count":0,"master_deck":["Strike_P+1","Strike_P+1","Strike_P+1","Strike_P+1","Defend_P+1","Defend_P+1","Defend_P+1","Defend_P+1","Eruption+1","Vigilance","SashWhip+1","SandsOfTime","FlyingSleeves+1","PanicButton","Evaluate","WindmillStrike+1","ClearTheMind+1","DeusExMachina","LessonLearned","CurseOfTheBell","ReachHeaven","Crescendo","Consecrate+1","FearNoEvil","CrushJoints+1","FollowUp","Judgement+1","MasterReality+1","DeceiveReality+1","WheelKick+1","Wallop+1"],"relics":["PureWater","NeowsBlessing","betterThird:SlimedRelic","Strawberry","Shuriken","Bag of Marbles","Oddly Smooth Stone","Prayer Wheel","Calling Bell","Bag of Preparation","The Courier","Dead Branch","Red Mask","Juzu Bracelet","Meat on the Bone","Art of War","Incense Burner","Fusion Hammer","Vajra","Damaru","Medical Kit","Bronze Scales","Mercury Hourglass","Blue Candle","Question Card","Blood Vial","Lizard Tail"],"acts_visited":["Exordium","TheCity","TheBeyond"],"potions_floor_usage":[16,21,30,33,33,33,41,45,50,50],"damage_taken":[{"damage":0,"enemies":"Jaw Worm","floor":1,"turns":1},{"damage":0,"enemies":"2 Louse","floor":3,"turns":1},{"damage":0,"enemies":"3 Sentries","floor":6,"turns":1},{"damage":13,"enemies":"Lagavulin","floor":8,"turns":5},{"damage":0,"enemies":"Small Slimes","floor":11,"turns":2},{"damage":3,"enemies":"3 Louse","floor":13,"turns":2},{"damage":0,"enemies":"Slime Boss","floor":16,"turns":7},{"damage":8,"enemies":"Shell Parasite","floor":18,"turns":8},{"damage":9,"enemies":"Masked Bandits","floor":19,"turns":4},{"damage":2,"enemies":"3 Byrds","floor":21,"turns":8},{"damage":12,"enemies":"Gremlin Leader","floor":23,"turns":5},{"damage":0,"enemies":"Snecko","floor":25,"turns":2},{"damage":18,"enemies":"Centurion and Healer","floor":28,"turns":5},{"damage":6,"enemies":"Chosen and Byrds","floor":29,"turns":5},{"damage":0,"enemies":"Book of Stabbing","floor":30,"turns":4},{"damage":8,"enemies":"Automaton","floor":33,"turns":8},{"damage":0,"enemies":"3 Shapes","floor":35,"turns":1},{"damage":5,"enemies":"3 Darklings","floor":36,"turns":3},{"damage":0,"enemies":"4 Shapes","floor":38,"turns":3},{"damage":3,"enemies":"Nemesis","floor":40,"turns":3},{"damage":1,"enemies":"Spire Growth","floor":41,"turns":3},{"damage":1,"enemies":"Transient","floor":44,"turns":5},{"damage":26,"enemies":"Reptomancer","floor":45,"turns":5},{"damage":1,"enemies":"2 Orb Walkers","floor":46,"turns":4},{"damage":11,"enemies":"Maw","floor":48,"turns":5},{"damage":35,"enemies":"Donu and Deca","floor":50,"turns":5}],"seed_played":"-7187254039504083538","potions_obtained":[{"floor":3,"key":"SmokeBomb"},{"floor":6,"key":"Dexterity Potion"},{"floor":11,"key":"LiquidBronze"},{"floor":16,"key":"Swift Potion"},{"floor":18,"key":"Fire Potion"},{"floor":23,"key":"DistilledChaos"},{"floor":30,"key":"Block Potion"},{"floor":33,"key":"SpeedPotion"},{"floor":38,"key":"FearPotion"},{"floor":39,"key":"FairyPotion"},{"floor":41,"key":"ColorlessPotion"},{"floor":46,"key":"SteroidPotion"}],"is_trial":false,"path_per_floor":["M","?","M","?","?","E","$","E","T","?","M","R","M","?","R","B",null,"M","?","?","M","?","E","R","M","T","R","M","M","E","?","R","B",null,"M","M","$","M","?","E","M","?","T","M","E","?","R","M","R","B",null],"character_chosen":"WATCHER","items_purchased":["PanicButton","Vajra","Damaru","Medical Kit","Bronze Scales","ColorlessPotion"],"campfire_rested":3,"item_purchase_floors":[7,37,37,37,37,37],"current_hp_per_floor":[72,77,77,77,66,73,73,60,60,38,38,38,35,35,60,60,84,76,67,67,65,65,53,53,53,53,53,47,53,53,53,53,45,84,84,79,79,79,79,76,75,75,75,74,48,49,73,64,80,45],"gold":298,"neow_bonus":"THREE_ENEMY_KILL","is_daily":false,"chose_seed":false,"campfire_upgraded":4,"win_rate":0.0,"timestamp":1609529236,"path_taken":["M","?","M","?","?","E","$","E","T","?","M","R","?","?","R","BOSS","M","?","?","M","?","E","R","M","T","R","M","M","E","?","R","BOSS","M","M","$","M","?","E","M","?","T","M","E","?","R","M","R","BOSS"],"items_purchased_type":["Card","Relic","Relic","Relic","Relic","Potion"],"build_version":"2020-12-22","purchased_purges":1,"victory":true,"max_hp_per_floor":[72,77,77,77,77,84,84,84,84,84,84,84,84,84,84,84,84,84,84,84,84,84,84,84,84,84,84,84,84,84,84,84,84,84,84,84,84,84,84,84,84,80,80,80,80,80,80,80,80,80],"card_choices":[{"not_picked":["Protect","Meditate"],"picked":"SashWhip","floor":1},{"not_picked":["CrushJoints","DeceiveReality"],"picked":"SandsOfTime","floor":3},{"not_picked":["CutThroughFate","Nirvana"],"picked":"FlyingSleeves","floor":6},{"not_picked":["Prostrate","Sanctity"],"picked":"Evaluate","floor":8},{"not_picked":["Crescendo","LikeWater"],"picked":"WindmillStrike","floor":11},{"not_picked":["SignatureMove","ClearTheMind","BowlingBash"],"picked":"SKIP","floor":11},{"not_picked":["SignatureMove","BowlingBash"],"picked":"ClearTheMind","floor":11},{"not_picked":["CutThroughFate","PathToVictory"],"picked":"DeusExMachina","floor":13},{"not_picked":["Prostrate","Wallop","JustLucky"],"picked":"SKIP","floor":13},{"not_picked":["ConjureBlade","Ragnarok"],"picked":"LessonLearned","floor":16},{"not_picked":["FlyingSleeves","CrushJoints"],"picked":"ReachHeaven","floor":18},{"not_picked":["SashWhip","Study","BowlingBash"],"picked":"SKIP","floor":18},{"not_picked":["SashWhip","Swivel"],"picked":"Crescendo","floor":19},{"not_picked":["Sanctity","Study","Crescendo"],"picked":"SKIP","floor":21},{"not_picked":["Consecrate","Wireheading","Prostrate"],"picked":"SKIP","floor":21},{"not_picked":["Wireheading","Prostrate"],"picked":"Consecrate","floor":21},{"not_picked":["Sanctity","Study","Crescendo"],"picked":"SKIP","floor":21},{"not_picked":["SignatureMove+1","ThirdEye"],"picked":"FearNoEvil","floor":23},{"not_picked":["FlyingSleeves","Establishment"],"picked":"CrushJoints+1","floor":25},{"not_picked":["Protect","PathToVictory","CutThroughFate"],"picked":"SKIP","floor":25},{"not_picked":["Protect","PathToVictory","CutThroughFate"],"picked":"SKIP","floor":25},{"not_picked":["Halt+1","ForeignInfluence"],"picked":"FollowUp","floor":28},{"not_picked":["BowlingBash","SandsOfTime","Prostrate"],"picked":"SKIP","floor":28},{"not_picked":["Halt","FlurryOfBlows"],"picked":"Judgement","floor":29},{"not_picked":["PathToVictory","CutThroughFate","Crescendo"],"picked":"SKIP","floor":29},{"not_picked":["PathToVictory","CutThroughFate","Crescendo"],"picked":"SKIP","floor":29},{"not_picked":["Halt","Weave","Protect+1"],"picked":"SKIP","floor":30},{"not_picked":["SpiritShield","Establishment"],"picked":"MasterReality","floor":33},{"not_picked":["WindmillStrike","FollowUp","SandsOfTime+1"],"picked":"SKIP","floor":35},{"not_picked":["SashWhip+1","ClearTheMind","Halt"],"picked":"SKIP","floor":35},{"not_picked":["CutThroughFate","Indignation+1","FlurryOfBlows+1"],"picked":"SKIP","floor":36},{"not_picked":["DeceiveReality","Consecrate","SignatureMove"],"picked":"SKIP","floor":36},{"not_picked":["Protect+1","LikeWater+1"],"picked":"DeceiveReality+1","floor":38},{"not_picked":["Meditate","Wish","Collect+1"],"picked":"SKIP","floor":38},{"not_picked":["Apotheosis","Impatience","Magnetism"],"picked":"SKIP","floor":39},{"not_picked":["Sanctity","FlurryOfBlows","CarveReality+1"],"picked":"SKIP","floor":40},{"not_picked":["CutThroughFate","EmptyBody","BowlingBash+1"],"picked":"SKIP","floor":41},{"not_picked":["Pray","Prostrate","Swivel"],"picked":"SKIP","floor":41},{"not_picked":["EmptyMind","FlurryOfBlows+1","Perseverance+1"],"picked":"WheelKick+1","floor":44},{"not_picked":["Indignation","CutThroughFate","WreathOfFlame","Halt"],"picked":"SKIP","floor":44},{"not_picked":["Protect","CrushJoints+1","MentalFortress","Worship+1"],"picked":"SKIP","floor":45},{"not_picked":["Worship","Wireheading","DeceiveReality+1"],"picked":"Wallop+1","floor":48},{"not_picked":["ThirdEye","Protect","Halt+1","MentalFortress"],"picked":"SKIP","floor":48}],"player_experience":434101,"relics_obtained":[{"floor":6,"key":"Strawberry"},{"floor":8,"key":"Shuriken"},{"floor":9,"key":"Bag of Marbles"},{"floor":17,"key":"Bag of Preparation"},{"floor":17,"key":"The Courier"},{"floor":17,"key":"Dead Branch"},{"floor":19,"key":"Red Mask"},{"floor":23,"key":"Juzu Bracelet"},{"floor":26,"key":"Meat on the Bone"},{"floor":30,"key":"Art of War"},{"floor":39,"key":"Mercury Hourglass"},{"floor":40,"key":"Blue Candle"},{"floor":43,"key":"Question Card"},{"floor":45,"key":"Blood Vial"},{"floor":46,"key":"Lizard Tail"}],"event_choices":[{"damage_healed":0,"gold_gain":0,"player_choice":"Donut","damage_taken":0,"max_hp_gain":5,"max_hp_loss":0,"event_name":"Big Fish","floor":2,"gold_loss":0},{"damage_healed":0,"gold_gain":60,"player_choice":"Gained Gold","damage_taken":0,"max_hp_gain":0,"max_hp_loss":0,"event_name":"Golden Wing","floor":4,"gold_loss":0},{"damage_healed":0,"gold_gain":0,"player_choice":"Slimed","damage_taken":11,"max_hp_gain":0,"max_hp_loss":0,"event_name":"betterThird:BetterGoop","floor":5,"gold_loss":46},{"damage_healed":0,"gold_gain":1,"player_choice":"Relic Relic ","damage_taken":22,"max_hp_gain":0,"max_hp_loss":0,"event_name":"betterThird:BetterScrap","floor":10,"gold_loss":0,"cards_obtained":["Chaos"]},{"damage_healed":0,"gold_gain":0,"player_choice":"Ignored","damage_taken":0,"max_hp_gain":0,"max_hp_loss":0,"event_name":"Golden Idol","floor":14,"gold_loss":0},{"damage_healed":0,"gold_gain":0,"player_choice":"Fought Bandits","damage_taken":0,"max_hp_gain":0,"max_hp_loss":0,"event_name":"Masked Bandits","floor":19,"gold_loss":0},{"damage_healed":0,"gold_gain":0,"player_choice":"Ignored","damage_taken":0,"max_hp_gain":0,"max_hp_loss":0,"event_name":"Ghosts","floor":20,"gold_loss":0},{"damage_healed":0,"gold_gain":0,"player_choice":"Simplicity","damage_taken":0,"max_hp_gain":0,"max_hp_loss":8,"event_name":"betterThird:BetterWriting","floor":22,"gold_loss":0},{"damage_healed":0,"gold_gain":0,"player_choice":"Opened","damage_taken":0,"relics_obtained":["Incense Burner"],"max_hp_gain":0,"max_hp_loss":0,"event_name":"The Mausoleum","floor":31,"gold_loss":0,"cards_obtained":["Writhe"]},{"damage_healed":0,"gold_gain":0,"player_choice":"Random: Red","damage_taken":0,"max_hp_gain":0,"max_hp_loss":0,"event_name":"betterThird:BetterPortal","floor":39,"gold_loss":0},{"damage_healed":0,"gold_gain":0,"player_choice":"Max HP","damage_taken":0,"max_hp_gain":0,"max_hp_loss":4,"event_name":"Winding Halls","floor":42,"gold_loss":0},{"damage_healed":0,"gold_gain":0,"player_choice":"Fight","damage_taken":0,"max_hp_gain":0,"max_hp_loss":0,"event_name":"Mysterious Sphere","floor":46,"gold_loss":0}],"is_beta":false,"boss_relics":[{"not_picked":["Black Star","Coffee Dripper"],"picked":"Calling Bell"},{"not_picked":["HolyWater","Busted Crown"],"picked":"Fusion Hammer"}],"items_purged_floors":[37],"is_endless":false,"potions_floor_spawned":[3,6,11,16,18,23,30,33,38,41,44,46,48],"ascension_level":0}}