{"host":"3yynf0dn84873kbr","time":1609508693,"event":{"mods":["Act Like it!","BaseMod","CapriCore","Marisa£®ÏF”Í°°ƒß¿Ì…≥£©","Minty Spire (QoL Compilation)","Pale of the Ancients","StSLib","[IsaacMod]“‘»ˆº‚À˛"],"gold_per_floor":[114,189,202,214,214,257,275,275,275,275,295,295,308,322,322,451,451,465,465,465,485,361,379,379,379],"floor_reached":24,"playtime":1005,"items_purged":[],"score":200,"play_id":"57ba49b9-f395-497b-8d0d-31e1f5826583","local_time":"20210101214453","is_ascension_mode":false,"campfire_choices":[{"data":"Noxious Fumes","floor":8,"key":"SMITH"},{"data":"Dagger Throw","floor":10,"key":"SMITH"},{"data":"Cloak And Dagger","floor":12,"key":"SMITH"},{"floor":15,"key":"REST"}],"circlet_count":0,"master_deck":["Strike_G","Strike_G","Strike_G","Strike_G","Strike_G","Defend_G","Defend_G","Defend_G","Defend_G","Defend_G","Survivor","Neutralize","Noxious Fumes+1","Deflect","Dagger Throw+1","Escape Plan","Prepared","Cloak And Dagger+1","A Thousand Cuts","Well Laid Plans+1","Backflip+1","Accuracy","Cloak And Dagger","Tactician"],"relics":["Ring of the Snake","HushsDoor","Orichalcum","Leech","Golden Idol","TuHaoJin","Gambling Chip","SlaversCollar"],"acts_visited":["Exordium","TheCity"],"potions_floor_usage":[16,16,24],"damage_taken":[{"damage":1,"enemies":"Jaw Worm","floor":1,"turns":3},{"damage":0,"enemies":"Cultist","floor":3,"turns":3},{"damage":0,"enemies":"Small Slimes","floor":4,"turns":3},{"damage":30,"enemies":"Lagavulin","floor":6,"turns":8},{"damage":6,"enemies":"Exordium Wildlife","floor":7,"turns":4},{"damage":0,"enemies":"Blue Slaver","floor":11,"turns":4},{"damage":0,"enemies":"Gremlin Gang","floor":13,"turns":4},{"damage":5,"enemies":"2 Fungi Beasts","floor":14,"turns":3},{"damage":20,"enemies":"Hexaghost","floor":16,"turns":10},{"damage":16,"enemies":"2 Thieves","floor":18,"turns":4},{"damage":16,"enemies":"3 Byrds","floor":21,"turns":5},{"damage":27,"enemies":"Snake Plant","floor":23,"turns":6},{"damage":40,"enemies":"Masked Bandits","floor":24,"turns":3}],"seed_played":"-5456962531027113785","potions_obtained":[{"floor":1,"key":"CunningPotion"},{"floor":3,"key":"Explosive Potion"},{"floor":6,"key":"SteroidPotion"},{"floor":16,"key":"PowerPotion"},{"floor":18,"key":"BlessingOfTheForge"}],"is_trial":false,"path_per_floor":["M","?","M","M","?","E","M","R","T","R","M","R","M","M","R","B",null,"M","?","?","M","$","M","?"],"character_chosen":"THE_SILENT","items_purchased":["Accuracy","Cloak And Dagger"],"campfire_rested":1,"item_purchase_floors":[22,22],"current_hp_per_floor":[70,59,61,63,46,22,19,19,19,19,22,22,26,23,44,30,70,56,56,56,44,44,23,0,0],"gold":379,"neow_bonus":"RANDOM_COMMON_RELIC","is_daily":false,"chose_seed":false,"campfire_upgraded":3,"win_rate":0.0,"timestamp":1609508693,"path_taken":["M","?","?","M","?","E","M","R","T","R","M","R","M","M","R","BOSS","M","?","?","M","$","M","?"],"items_purchased_type":["Card","Card"],"build_version":"2020-12-22","purchased_purges":0,"victory":false,"max_hp_per_floor":[70,70,70,70,70,70,70,70,70,70,70,70,70,70,70,70,70,70,70,70,70,70,70,70,70],"card_choices":[{"not_picked":[],"picked":"ChaosCard","floor":0},{"not_picked":["Dash","Quick Slash"],"picked":"Noxious Fumes","floor":1},{"not_picked":["Sucker Punch","Outmaneuver"],"picked":"Deflect","floor":3},{"not_picked":["Dodge and Roll","Tactician"],"picked":"Dagger Throw","floor":4},{"not_picked":["Blur","Eviscerate"],"picked":"Escape Plan","floor":6},{"not_picked":["Masterful Stab","Blur"],"picked":"Prepared","floor":7},{"not_picked":["Deflect","Blade Dance"],"picked":"Cloak And Dagger","floor":11},{"not_picked":["Riddle With Holes","Dagger Throw","Night Terror"],"picked":"SKIP","floor":13},{"not_picked":["Backflip","Tactician"],"picked":"Bomb","floor":14},{"not_picked":["Phantasmal Killer","Night Terror"],"picked":"A Thousand Cuts","floor":16},{"not_picked":["Masterful Stab","Crippling Poison"],"picked":"Well Laid Plans+1","floor":18},{"not_picked":["Blur","Prepared"],"picked":"Backflip+1","floor":21},{"not_picked":["Skewer","Leg Sweep"],"picked":"Tactician","floor":23}],"player_experience":118163,"relics_obtained":[{"floor":6,"key":"TuHaoJin"},{"floor":9,"key":"Gambling Chip"}],"event_choices":[{"damage_healed":0,"gold_gain":75,"player_choice":"Gather Gold","damage_taken":11,"max_hp_gain":0,"max_hp_loss":0,"event_name":"World of Goop","floor":2,"gold_loss":0},{"damage_healed":0,"gold_gain":0,"player_choice":"Take Damage","damage_taken":17,"relics_obtained":["Golden Idol"],"max_hp_gain":0,"max_hp_loss":0,"event_name":"Golden Idol","floor":5,"gold_loss":0},{"damage_healed":0,"gold_gain":0,"player_choice":"Ignored","damage_taken":0,"max_hp_gain":0,"max_hp_loss":0,"event_name":"Ghosts","floor":20,"gold_loss":0},{"damage_healed":0,"gold_gain":0,"player_choice":"Fought Bandits","damage_taken":0,"max_hp_gain":0,"max_hp_loss":0,"event_name":"Masked Bandits","floor":24,"gold_loss":0}],"is_beta":false,"boss_relics":[{"not_picked":["ChampionBelt","Tiny House"],"picked":"SlaversCollar"},{"not_picked":[]}],"items_purged_floors":[],"is_endless":false,"potions_floor_spawned":[1,3,6,16,18],"killed_by":"Masked Bandits","ascension_level":0}}