{"host":"iuz15hczu39z2x63","time":1609493833,"event":{"mods":["Act Like it!","BaseMod","Gensokyo","Minty Spire (QoL Compilation)","Remilia£®¿Ÿ√◊¿Ú—«£©","StSLib"],"gold_per_floor":[113,144,60,60,90,90,393,393,470,671,702,702,755,788,788,884,884,914,914,949,522,522,522,6,6,6,37,37,90,90,130,130,224,224,237,267,301,140,173,201,213,260,337,337,337,337,337,357,357,357,357,357,71,102,102],"floor_reached":56,"playtime":3367,"items_purged":["Defend_RM","Strike_RM"],"score":2255,"play_id":"a1f89529-43ac-4140-999e-9b7cfcc3bece","local_time":"20210101173713","is_ascension_mode":true,"campfire_choices":[{"data":"RedMoon","floor":6,"key":"SMITH"},{"data":"ScarletMeister","floor":8,"key":"SMITH"},{"data":"BloodyMagicSquare","floor":12,"key":"SMITH"},{"data":"VampireKiss","floor":15,"key":"SMITH"},{"data":"Gensokyo:LochNessMonster","floor":23,"key":"SMITH"},{"data":"BloodyMagicSquare","floor":25,"key":"SMITH"},{"data":"BloodyCatastrophe","floor":30,"key":"SMITH"},{"data":"Septette","floor":32,"key":"SMITH"},{"floor":49,"key":"RECALL"},{"floor":52,"key":"REST"}],"circlet_count":0,"master_deck":["AscendersBane","Strike_RM","Defend_RM+1","RedMoon+1","ScarletShoot","ScarletMeister+1","FavorOfDestiny","BloodySeventeenLaser+1","RedMagic+1","Septette+1","VampireKiss+1","EquivalentExchange","GlobalNightmare+1","TricksterDevil+1","MastersStateliness+1","Gensokyo:LochNessMonster+1","BloodyMagicSquare+1","VampireKiss+1","BloodyCatastrophe+1","QueenOfMidnight","CeilingFear","Gensokyo:PrivateSquare","BloodRain","VampireKiss+1"],"relics":["ScarletHat","Ancient Tea Set","Sundial","The Courier","Lantern","Astrolabe","Omamori","Bottled Tornado","Potion Belt","Molten Egg 2","Smiling Mask","Vajra","PreservedInsect","Turnip","Fusion Hammer","Bag of Preparation","War Paint","Pocketwatch","Oddly Smooth Stone","Frozen Egg 2","Mercury Hourglass","FossilizedHelix"],"acts_visited":["Gensokyo:Gensokyo","Gensokyo:Gensokyoer","Gensokyo:Gensokyoest","TheEnding"],"potions_floor_usage":[10,11,13,50,55,55,55],"damage_taken":[{"damage":0,"enemies":"Gensokyo:3_Fairies","floor":1,"turns":6},{"damage":7,"enemies":"Gensokyo:Gryphon","floor":2,"turns":7},{"damage":6,"enemies":"Gensokyo:2_Kodama","floor":5,"turns":7},{"damage":12,"enemies":"Gensokyo:Aya","floor":7,"turns":10},{"damage":8,"enemies":"Gensokyo:Mamizou","floor":10,"turns":13},{"damage":3,"enemies":"Gensokyo:VengefulSpirit","floor":11,"turns":7},{"damage":39,"enemies":"Gensokyo:Cirno","floor":13,"turns":7},{"damage":18,"enemies":"Gensokyo:Gryphon_and_Rabbit","floor":14,"turns":6},{"damage":15,"enemies":"Gensokyo:Kokoro","floor":16,"turns":8},{"damage":44,"enemies":"Gensokyo:3_Dogs","floor":18,"turns":6},{"damage":26,"enemies":"Gensokyo:2_Gloops","floor":20,"turns":4},{"damage":26,"enemies":"Gensokyo:Slime_Group","floor":27,"turns":6},{"damage":24,"enemies":"Gensokyo:Reisen","floor":29,"turns":4},{"damage":16,"enemies":"Gensokyo:Monolith_and_Dog","floor":31,"turns":8},{"damage":36,"enemies":"Gensokyo:Kaguya","floor":33,"turns":4},{"damage":50,"enemies":"Gensokyo:3_Bats","floor":35,"turns":4},{"damage":57,"enemies":"Gensokyo:3_Boulders","floor":36,"turns":6},{"damage":61,"enemies":"Gensokyo:Sharpion","floor":37,"turns":5},{"damage":57,"enemies":"Gensokyo:4_Bats","floor":39,"turns":5},{"damage":71,"enemies":"Gensokyo:Doremy","floor":40,"turns":4},{"damage":61,"enemies":"Gensokyo:Rafflesia","floor":41,"turns":5},{"damage":59,"enemies":"Gensokyo:Kasen","floor":42,"turns":3},{"damage":53,"enemies":"Gensokyo:Dusk_and_Dawn","floor":48,"turns":2},{"damage":77,"enemies":"Gensokyo:Scarlet_Devils","floor":50,"turns":3},{"damage":72,"enemies":"Shield and Spear","floor":54,"turns":2},{"damage":132,"enemies":"The Heart","floor":55,"turns":6}],"seed_played":"-5022621584554008120","potions_obtained":[{"floor":2,"key":"GamblersBrew"},{"floor":5,"key":"SteroidPotion"},{"floor":5,"key":"Dexterity Potion"},{"floor":10,"key":"FairyPotion"},{"floor":11,"key":"Fruit Juice"},{"floor":13,"key":"FairyPotion"},{"floor":14,"key":"SteroidPotion"},{"floor":27,"key":"DistilledChaos"},{"floor":27,"key":"DuplicationPotion"},{"floor":37,"key":"GamblersBrew"}],"is_trial":false,"path_per_floor":["M","M","COS","?","M","R","E","R","T","E","M","R","E","M","R","B",null,"M","?","M","COS","?","R","$","R","T","M","?","E","R","M","R","B",null,"M","M","M","COS","M","E","M","E","T","?","?","T","?","M","R","B",null,"R","$","E","B",null],"character_chosen":"REMILIA","items_purchased":["BloodyMagicSquare","Omamori","Bottled Tornado","Potion Belt","Mercury Hourglass","PowerPotion"],"campfire_rested":1,"item_purchase_floors":[24,24,24,24,53,53],"current_hp_per_floor":[69,70,70,70,66,66,63,63,63,66,72,72,36,29,29,28,63,51,51,34,34,34,34,34,34,34,31,31,21,21,38,38,37,66,75,75,75,75,75,75,75,75,75,75,75,75,64,75,75,75,75,75,75,75,75],"gold":102,"neow_bonus":"ONE_RANDOM_RARE_CARD","is_daily":false,"chose_seed":false,"campfire_upgraded":8,"win_rate":0.0,"timestamp":1609493833,"path_taken":["M","M","COS","?","?","R","E","R","T","E","M","R","E","M","R","BOSS","M","?","M","COS","?","R","$","R","T","M","?","E","R","M","R","BOSS","M","M","M","COS","M","E","?","E","T","?","?","?","?","M","R","BOSS","R","$","E","BOSS"],"items_purchased_type":["Card","Relic","Relic","Relic","Relic","Potion"],"build_version":"2020-12-22","purchased_purges":2,"victory":true,"max_hp_per_floor":[70,70,70,70,70,70,70,70,70,70,75,75,75,75,75,75,75,75,75,75,75,75,75,75,75,75,75,75,75,75,75,75,75,75,75,75,75,75,75,75,75,75,75,75,75,75,75,75,75,75,75,75,75,75,75],"card_choices":[{"not_picked":["NightDance","Stigmanizer"],"picked":"FavorOfDestiny","floor":1},{"not_picked":["FavorOfDestiny","NightLord","ScarletDevil"],"picked":"SKIP","floor":2},{"not_picked":["UnstableMagic+1","BlasphemousPunishment+1"],"picked":"BloodySeventeenLaser+1","floor":5},{"not_picked":["Stigmanizer","LeisurelyOfLord","BombardNight"],"picked":"SKIP","floor":5},{"not_picked":["BombardNight","BlasphemousPunishment"],"picked":"RedMagic","floor":7},{"not_picked":["ScarletDevil","FavorOfDestiny"],"picked":"Septette","floor":10},{"not_picked":["FavorOfDestiny","NightDance"],"picked":"BloodyMagicSquare","floor":11},{"not_picked":["RedRainbow","StarOfDavid"],"picked":"VampireKiss","floor":13},{"not_picked":["BombardNight","DemonKingCradle","MastersStateliness"],"picked":"SKIP","floor":14},{"not_picked":["ChaoticDestiny","DemonKingCradle"],"picked":"EquivalentExchange","floor":16},{"not_picked":["FitfulNightmare","ScarletDevil","ScarletImprint"],"picked":"SKIP","floor":18},{"not_picked":["Stigmanizer","BombardNight","EndlessAdversity"],"picked":"SKIP","floor":20},{"not_picked":["BloodyTrap+1","StarOfDavid+1"],"picked":"VampireKiss+1","floor":27},{"not_picked":["EquivalentExchange","KillingBlow"],"picked":"BloodyCatastrophe","floor":29},{"not_picked":["RedRainbow+1","Stigmanizer+1","BloodyHallows"],"picked":"SKIP","floor":29},{"not_picked":["RedRainbow+1","Stigmanizer+1","BloodyHallows"],"picked":"SKIP","floor":29},{"not_picked":["NightDance+1","ScarletDevilSign+1","BlasphemousPunishment"],"picked":"SKIP","floor":31},{"not_picked":["HellCatastrophe+1","HeartBreak+1"],"picked":"QueenOfMidnight","floor":33},{"not_picked":["ScarletImprint+1","BombardNight+1","UnstableMagic"],"picked":"SKIP","floor":35},{"not_picked":["ScarletImprint+1","BombardNight+1","UnstableMagic"],"picked":"SKIP","floor":35},{"not_picked":["BlasphemousPunishment+1","VampireKiss+1","Stigmanizer+1"],"picked":"SKIP","floor":36},{"not_picked":["RedRainbow+1","ScarletImprint+1","MastersStateliness"],"picked":"SKIP","floor":37},{"not_picked":["MillenniumVampire+1","LeisurelyOfLord+1","EmergencyRegeneration+1"],"picked":"SKIP","floor":39},{"not_picked":["EternalNight","MastersStateliness","DiffusionOfMisfortune+1"],"picked":"SKIP","floor":39},{"not_picked":["SuperhumanBloodyKnife+1","AfternoonTea","BombardNight+1"],"picked":"SKIP","floor":40},{"not_picked":["SuperhumanBloodyKnife+1","AfternoonTea","BombardNight+1"],"picked":"SKIP","floor":40},{"not_picked":["SuperhumanBloodyKnife+1","AfternoonTea","BombardNight+1"],"picked":"SKIP","floor":40},{"not_picked":["MastersStateliness+1","RedRainbow+1"],"picked":"CeilingFear","floor":41},{"not_picked":["DiffusionOfMisfortune+1","FavorOfDestiny+1","VampireClaw+1"],"picked":"SKIP","floor":42},{"not_picked":["ScarletDream","ScarletImprint+1","Ultimatum+1"],"picked":"SKIP","floor":48},{"not_picked":["UnstableMagic","RedRainbow+1"],"picked":"VampireKiss+1","floor":54}],"player_experience":701349,"relics_obtained":[{"floor":7,"key":"Ancient Tea Set"},{"floor":9,"key":"Sundial"},{"floor":10,"key":"The Courier"},{"floor":13,"key":"Lantern"},{"floor":26,"key":"Molten Egg 2"},{"floor":29,"key":"Vajra"},{"floor":40,"key":"War Paint"},{"floor":42,"key":"Oddly Smooth Stone"},{"floor":46,"key":"Frozen Egg 2"},{"floor":54,"key":"FossilizedHelix"}],"event_choices":[],"is_beta":false,"boss_relics":[{"not_picked":["Velvet Choker","APieceOfRedMist"],"picked":"Astrolabe"},{"not_picked":["Snecko Eye","Empty Cage"],"picked":"Fusion Hammer"}],"items_purged_floors":[24,53],"is_endless":false,"potions_floor_spawned":[5,11,14,20,27,37,42],"ascension_level":14}}