{"host":"n900smz9wr3yo27a","time":1609504896,"event":{"mods":["Arknights The Spire","Ascension Reborn","BaseMod","CapriCore","GungeonMod","Hermit","Koishi","Lobotomy","Marisa£¨Ùöéë¡¡Øª×âÞÞ£©","Minty Spire (QoL Compilation)","Prisma Mod","Replay The Spire","StSLib","Td1madao Mod","The Animator","The Bug Knight","The Cursed","The Dragon Tamer","The Gatherer","The Hierophant","The Immortal","The Jungle","The Necromancer","The Poker Player","The Runesmith","WarShipGirlsR/??á´Ò³R mod"],"gold_per_floor":[111,111,125,125,142,142,153,153,208,208,53,66,76,106,106,201,201,216,216,227,237,336,336,363,363,363,363,136,153,165,197,197,294,294,314,326,75,75,85,85,115,115,163,163,163,194,209,228,228,228,228,228,228,28,56,56],"floor_reached":57,"playtime":3370,"items_purged":["MokouMod:Defend","MokouMod:Rekindle"],"score":1577,"play_id":"1d6b3332-da58-44b5-b0c5-5286ad1081a8","local_time":"20210101214136","is_ascension_mode":true,"campfire_choices":[{"data":"MokouMod:RisingSunBarrier","floor":6,"key":"SMITH"},{"data":"MokouMod:Geothermal","floor":8,"key":"SMITH"},{"data":"MokouMod:ResoluteFlare","floor":10,"key":"SMITH"},{"floor":15,"key":"REST"},{"data":"MokouMod:HouraiForge","floor":23,"key":"SMITH"},{"data":"MokouMod:ScorchedEarth","floor":25,"key":"SMITH"},{"floor":27,"key":"REST"},{"floor":32,"key":"REST"},{"floor":40,"key":"RECALL"},{"floor":42,"key":"REST"},{"floor":44,"key":"REST"},{"floor":49,"key":"REST"},{"data":"MokouMod:TemporalFireSeal","floor":53,"key":"SMITH"}],"circlet_count":0,"master_deck":["MokouMod:Strike","MokouMod:Strike+1","MokouMod:Strike+1","MokouMod:Strike+1","MokouMod:Strike+1","MokouMod:Defend+1","MokouMod:Defend","MokouMod:HeatSpark+1","MokouMod:RisingSunBarrier+1","MokouMod:FujiyamaVolcano+1","MokouMod:ResoluteFlare+1","MokouMod:Geothermal+1","MokouMod:RisingSunBarrier+1","MokouMod:TemporalFireSeal+1","MokouMod:BlazingComet+1","MokouMod:HouraiForge+1","MokouMod:RoaringFlare+1","MokouMod:RoaringFlare","MokouMod:ScorchedEarth+1","MokouMod:DanceofFlames+1","MokouMod:BurningDraft+1","MokouMod:GuidingSmoke+1"],"relics":["MokouMod:PhoenixFeather","Gremlin Food","DollysMirror","Anchor","Black Star","Singing Bowl","Garlic","ClockworkSouvenir","Replay:WaspNest","Centennial Puzzle","Philosopher\u0027s Stone","DemoMod:MeatBun","HornCleat","Omamori","Runesmith:AutoHammer","StrikeDummy","Calipers","Bottled Flame","Replay:Baseball","Mango","DemoMod:MonsterBlood"],"acts_visited":["Exordium","TheCity","TheBeyond","TheEnding"],"potions_floor_usage":[14,14,24,41,41,50,50,56],"damage_taken":[{"damage":1,"enemies":"Cultist","floor":1,"turns":3},{"damage":11,"enemies":"2 Louse","floor":3,"turns":2},{"damage":0,"enemies":"Small Slimes","floor":5,"turns":2},{"damage":0,"enemies":"Gremlin Gang","floor":7,"turns":2},{"damage":0,"enemies":"Large Slime","floor":12,"turns":2},{"damage":7,"enemies":"Blue Slaver","floor":13,"turns":2},{"damage":24,"enemies":"3 Sentries","floor":14,"turns":6},{"damage":0,"enemies":"Hexaghost","floor":16,"turns":9},{"damage":0,"enemies":"Chosen","floor":18,"turns":6},{"damage":6,"enemies":"Centurion and Healer","floor":20,"turns":5},{"damage":3,"enemies":"Chosen and Byrds","floor":21,"turns":7},{"damage":28,"enemies":"Slavers","floor":24,"turns":5},{"damage":16,"enemies":"Shelled Parasite and Fungi","floor":29,"turns":5},{"damage":32,"enemies":"Centurion and Healer","floor":30,"turns":4},{"damage":12,"enemies":"HollowMod:Nosk","floor":31,"turns":8},{"damage":4,"enemies":"Pondfish","floor":33,"turns":9},{"damage":19,"enemies":"3 Darklings","floor":35,"turns":4},{"damage":7,"enemies":"3 Shapes","floor":36,"turns":6},{"damage":12,"enemies":"Maw","floor":39,"turns":6},{"damage":79,"enemies":"Giant Head","floor":41,"turns":11},{"damage":0,"enemies":"Reptomancer","floor":46,"turns":5},{"damage":12,"enemies":"4 Shapes","floor":47,"turns":2},{"damage":0,"enemies":"Sphere and 2 Shapes","floor":48,"turns":6},{"damage":36,"enemies":"Donu and Deca","floor":50,"turns":11},{"damage":24,"enemies":"Shield and Spear","floor":55,"turns":7},{"damage":120,"enemies":"The Heart","floor":56,"turns":12}],"seed_played":"-5830845978561204931","potions_obtained":[{"floor":1,"key":"AttackPotion"},{"floor":5,"key":"Dexterity Potion"},{"floor":12,"key":"SkillPotion"},{"floor":16,"key":"Venom Potion"},{"floor":20,"key":"SkillPotion"},{"floor":24,"key":"Dexterity Potion"},{"floor":33,"key":"EssenceOfSteel"},{"floor":46,"key":"Explosive Potion"},{"floor":47,"key":"Swift Potion"}],"is_trial":false,"path_per_floor":["M","?","M","?","M","R","M","R","T","R","$","M","M","E","R","B",null,"M","?","M","M","?","R","E","R","T","R","$","M","M","E","R","B",null,"M","M","$","?","M","R","E","R","T","R","T","E","M","M","R","B",null,null,"R","$","E","B",null],"character_chosen":"MKU","items_purchased":["DollysMirror","ClockworkSouvenir","DemoMod:MeatBun","Replay:Baseball","FearPotion"],"campfire_rested":6,"item_purchase_floors":[11,28,37,54,54],"current_hp_per_floor":[74,74,63,48,48,48,48,48,48,48,48,48,41,17,39,39,75,75,75,69,66,66,66,38,38,38,60,60,44,14,4,27,25,81,62,57,71,71,61,61,20,44,44,68,68,68,58,60,85,49,49,85,85,85,84,27],"gold":56,"neow_bonus":"UPGRADE_CARD","is_daily":false,"chose_seed":false,"campfire_upgraded":6,"win_rate":0.0,"timestamp":1609504896,"path_taken":["M","?","M","?","M","R","M","R","T","R","$","M","M","E","R","BOSS","M","?","?","M","?","R","E","R","T","R","$","M","M","E","R","BOSS","M","M","$","?","M","R","E","R","T","R","?","E","M","M","R","BOSS","R","$","E","BOSS"],"items_purchased_type":["Relic","Relic","Relic","Relic","Potion"],"build_version":"2020-12-22","purchased_purges":2,"victory":true,"max_hp_per_floor":[75,75,75,75,75,75,75,75,75,75,75,75,75,75,75,75,75,75,75,75,75,75,75,75,75,75,75,75,75,77,79,79,81,81,81,83,83,79,81,81,81,81,81,81,81,81,83,85,85,85,85,85,85,85,108,108],"card_choices":[{"not_picked":["MokouMod:Firecracker","MokouMod:Singe"],"picked":"MokouMod:RisingSunBarrier","floor":1},{"not_picked":["MokouMod:Combust","MokouMod:IndiscriminateIgnition"],"picked":"MokouMod:FujiyamaVolcano","floor":3},{"not_picked":["MokouMod:FusionFlare","MokouMod:AdaptivePyromancy"],"picked":"MokouMod:ResoluteFlare","floor":5},{"not_picked":["MokouMod:Wildfire","MokouMod:HeatFactory"],"picked":"MokouMod:Geothermal","floor":7},{"not_picked":["MokouMod:ResoluteFlare","MokouMod:Ember"],"picked":"MokouMod:TemporalFireSeal","floor":12},{"not_picked":["MokouMod:Combust","MokouMod:Trailblazer","MokouMod:CrimsonArmoury"],"picked":"SKIP","floor":13},{"not_picked":["MokouMod:EternalBurstReactor","MokouMod:FujiyamaVolcano"],"picked":"MokouMod:BlazingComet","floor":14},{"not_picked":["MokouMod:EnchantingBambooForest","MokouMod:ExplosiveFlame"],"picked":"MokouMod:HouraiForge","floor":16},{"not_picked":["MokouMod:Overheat","MokouMod:FlareStarter"],"picked":"MokouMod:RoaringFlare","floor":18},{"not_picked":["MokouMod:EternalBurstReactor","MokouMod:FlareStarter+1"],"picked":"MokouMod:RoaringFlare","floor":20},{"not_picked":["MokouMod:IgnitionBarrier+1","MokouMod:RoaringFlare+1","MokouMod:AdaptivePyromancy"],"picked":"SKIP","floor":21},{"not_picked":["MokouMod:PhoenixFeathers","MokouMod:RoaringFlare"],"picked":"MokouMod:ScorchedEarth","floor":24},{"not_picked":["MokouMod:FujiyamaVolcano+1","MokouMod:EternalBurstReactor"],"picked":"MokouMod:Rekindle","floor":29},{"not_picked":["MokouMod:Ember","MokouMod:IllusoryBattlefield+1","MokouMod:TemporalFireSeal"],"picked":"Singing Bowl","floor":30},{"not_picked":["MokouMod:FusionFlare","MokouMod:UncontrollableSolarReaction","MokouMod:ResonatingAura"],"picked":"Singing Bowl","floor":31},{"not_picked":["MokouMod:SacredFire","MokouMod:EnchantingBambooForest","MokouMod:ResonatingAura"],"picked":"Singing Bowl","floor":33},{"not_picked":["MokouMod:IgnitionBlast","MokouMod:Ember+1"],"picked":"MokouMod:DanceofFlames+1","floor":35},{"not_picked":["MokouMod:ResonanceReactor","MokouMod:BlazingComet+1","MokouMod:ScorchingColumn+1"],"picked":"Singing Bowl","floor":36},{"not_picked":["MokouMod:ResoluteFlare+1","MokouMod:HeatTransfer","MokouMod:SearingShot+1"],"picked":"Singing Bowl","floor":39},{"not_picked":["MokouMod:ImperishableFlame+1","MokouMod:UncontrollableSolarReaction+1"],"picked":"MokouMod:BurningDraft+1","floor":41},{"not_picked":["MokouMod:Wildfire","MokouMod:PhoenixForm"],"picked":"MokouMod:GuidingSmoke+1","floor":46},{"not_picked":["MokouMod:CrimsonFlare+1","MokouMod:Overheat+1","MokouMod:Ember+1"],"picked":"Singing Bowl","floor":47},{"not_picked":["MokouMod:FlickeringFlame","MokouMod:ResoluteFlare+1","MokouMod:SearingShot+1"],"picked":"Singing Bowl","floor":48},{"not_picked":["MokouMod:Meltdown+1","MokouMod:Firecracker","MokouMod:EternalBurstReactor"],"picked":"Singing Bowl","floor":55}],"player_experience":735426,"relics_obtained":[{"floor":9,"key":"Gremlin Food"},{"floor":14,"key":"Anchor"},{"floor":24,"key":"Singing Bowl"},{"floor":24,"key":"Garlic"},{"floor":31,"key":"Replay:WaspNest"},{"floor":31,"key":"Centennial Puzzle"},{"floor":41,"key":"HornCleat"},{"floor":41,"key":"Omamori"},{"floor":43,"key":"Runesmith:AutoHammer"},{"floor":45,"key":"StrikeDummy"},{"floor":46,"key":"Calipers"},{"floor":46,"key":"Bottled Flame"},{"floor":55,"key":"Mango"},{"floor":55,"key":"DemoMod:MonsterBlood"}],"event_choices":[{"damage_healed":0,"gold_gain":0,"player_choice":"Entered Light","damage_taken":15,"max_hp_gain":0,"max_hp_loss":0,"event_name":"Shining Light","floor":4,"gold_loss":0,"cards_upgraded":["MokouMod:Strike","MokouMod:FujiyamaVolcano"]},{"cards_removed":["MokouMod:Defend"],"damage_healed":0,"gold_gain":0,"player_choice":"Purged","damage_taken":0,"max_hp_gain":0,"max_hp_loss":0,"event_name":"Purifier","floor":19,"gold_loss":0},{"damage_healed":0,"gold_gain":99,"player_choice":"Stole From Cult","damage_taken":0,"max_hp_gain":0,"max_hp_loss":0,"event_name":"Nest","floor":22,"gold_loss":0},{"damage_healed":0,"gold_gain":0,"player_choice":"Max HP","damage_taken":0,"max_hp_gain":0,"max_hp_loss":4,"event_name":"Winding Halls","floor":38,"gold_loss":0}],"is_beta":false,"boss_relics":[{"not_picked":["Replay:Bronze Core","Calling Bell"],"picked":"Black Star"},{"not_picked":["Ring of Chaos","Replay:Ancient Bell"],"picked":"Philosopher\u0027s Stone"}],"items_purged_floors":[28,37],"is_endless":false,"potions_floor_spawned":[1,5,7,12,16,20,24,33,36,46,47,48],"ascension_level":0}}