{"host":"ik4vuhm0hrxhj99n","time":1609494218,"event":{"mods":["BaseMod","Colored Powertips","Friendly Minions","Highlight Path","Minty Spire (QoL Compilation)","Quick Restart","StSLib","UnlockEverythingMod"],"gold_per_floor":[114,39,54,69,69,69,99,114,114,114,129,129,144,159,159,259,259,274,303,303,303,318,318,348,348,348,348,363,378,128,143,143,243,243,258,258,300,315,165,165,195,195,195,225,225,255,270,270,270,270],"floor_reached":51,"playtime":3475,"items_purged":["Night Terror","Grand Finale"],"score":980,"play_id":"c960c437-e8a9-424d-ba61-94e7b99910ff","local_time":"20210101174338","daily_mods":["Shiny","ControlledChaos","Elite Swarm"],"is_ascension_mode":false,"campfire_choices":[{"data":"After Image","floor":6,"key":"SMITH"},{"data":"Tools of the Trade","floor":12,"key":"SMITH"},{"floor":15,"key":"REST"},{"floor":23,"key":"REST"},{"floor":27,"key":"REST"},{"floor":32,"key":"REST"},{"data":"Crippling Poison","floor":40,"key":"SMITH"},{"data":"Wraith Form v2","floor":42,"key":"SMITH"},{"data":"Wraith Form v2","floor":49,"key":"SMITH"}],"circlet_count":0,"master_deck":["Venomology","Corpse Explosion+1","Phantasmal Killer","Die Die Die","Adrenaline","Envenom","Doppelganger","Burst","Wraith Form v2+1","Tools of the Trade+1","Unload","After Image+1","Bullet Time","Storm of Steel","Glass Knife","A Thousand Cuts","Escape Plan","Prepared","Concentrate","Crippling Poison+1","Bane+1","Wraith Form v2+1","Catalyst+1","Madness","Bullet Time","Adrenaline"],"relics":["Ring of the Snake","Frozen Eye","Prayer Wheel","PreservedInsect","Snecko Eye","Red Mask","Orichalcum","Singing Bowl","Bag of Preparation","SacredBark","Lizard Tail","Bronze Scales","Snake Skull","TungstenRod","Strawberry","Pen Nib"],"acts_visited":["Exordium","TheCity","TheBeyond"],"potions_floor_usage":[7,13,13,16,16,24,28,29,31,31,33,33,33,33,37,37,41,41,46,50,50],"damage_taken":[{"damage":3.0,"enemies":"Cultist","floor":1.0,"turns":3.0},{"damage":4.0,"enemies":"Small Slimes","floor":3.0,"turns":3.0},{"damage":0,"enemies":"2 Louse","floor":4,"turns":1},{"damage":21,"enemies":"3 Sentries","floor":7,"turns":4},{"damage":4,"enemies":"Blue Slaver","floor":8,"turns":3},{"damage":0,"enemies":"Exordium Wildlife","floor":11,"turns":2},{"damage":11,"enemies":"3 Louse","floor":13,"turns":2},{"damage":0,"enemies":"Exordium Thugs","floor":14,"turns":2},{"damage":0,"enemies":"Hexaghost","floor":16,"turns":7},{"damage":22,"enemies":"Chosen","floor":18,"turns":5},{"damage":34,"enemies":"Masked Bandits","floor":19,"turns":4},{"damage":6,"enemies":"3 Byrds","floor":22,"turns":3},{"damage":0,"enemies":"Gremlin Leader","floor":24,"turns":3},{"damage":1,"enemies":"Centurion and Healer","floor":28,"turns":4},{"damage":0,"enemies":"3 Cultists","floor":29,"turns":2},{"damage":0,"enemies":"Snake Plant","floor":31,"turns":3},{"damage":0,"enemies":"Automaton","floor":33,"turns":6},{"damage":0,"enemies":"3 Darklings","floor":35,"turns":3},{"damage":0,"enemies":"2 Orb Walkers","floor":37,"turns":4},{"damage":0,"enemies":"3 Shapes","floor":38,"turns":3},{"damage":22,"enemies":"Nemesis","floor":41,"turns":3},{"damage":0,"enemies":"Reptomancer","floor":44,"turns":5},{"damage":0,"enemies":"Giant Head","floor":46,"turns":3},{"damage":4,"enemies":"Spire Growth","floor":47,"turns":4},{"damage":81,"enemies":"Awakened One","floor":50,"turns":9}],"seed_played":"-2495295926900846280","potions_obtained":[{"floor":1.0,"key":"GamblersBrew"},{"floor":8,"key":"Poison Potion"},{"floor":14,"key":"Swift Potion"},{"floor":19,"key":"CultistPotion"},{"floor":24,"key":"Explosive Potion"},{"floor":28,"key":"CunningPotion"},{"floor":33,"key":"SneckoOil"},{"floor":37,"key":"SkillPotion"},{"floor":46,"key":"Swift Potion"},{"floor":47,"key":"DistilledChaos"}],"is_trial":false,"path_per_floor":["M","$","M","M","?","R","E","M","T","?","M","R","M","M","R","B",null,"M","?","?","?","M","R","E","?","T","R","M","M","$","M","R","B",null,"M","?","?","M","$","R","E","R","T","E","$","E","M","?","R","B",null],"character_chosen":"THE_SILENT","items_purchased":["Bag of Preparation","Bronze Scales"],"campfire_rested":4,"item_purchase_floors":[30,39],"current_hp_per_floor":[67,67,63,63,68,68,47,43,43,43,43,43,32,32,54,54,75,53,19,19,19,13,35,35,21,21,45,48,52,52,54,81,83,92,96,96,98,102,102,102,82,82,82,89,89,89,89,89,89,8],"gold":270,"neow_bonus":"","is_daily":true,"chose_seed":false,"campfire_upgraded":5,"win_rate":0.0,"timestamp":1609494218,"path_taken":["M","$","M","?","?","R","E","M","T","?","M","R","M","M","R","BOSS","M","?","?","?","?","R","E","?","T","R","M","M","$","M","R","BOSS","M","?","?","M","$","R","E","R","T","E","$","E","M","?","R","BOSS"],"items_purchased_type":["Relic","Relic"],"build_version":"2020-12-22","purchased_purges":2,"victory":true,"max_hp_per_floor":[70,70,70,70,75,75,75,75,75,75,75,75,75,75,75,75,75,75,75,75,75,75,75,75,80,80,80,84,88,88,90,90,92,92,96,96,98,102,102,102,104,104,104,111,111,111,115,115,115,115],"card_choices":[{"not_picked":["Setup","Dagger Spray","Underhanded Strike"],"picked":"SKIP","floor":1.0},{"not_picked":["Slice","Poisoned Stab"],"picked":"Escape Plan","floor":3},{"not_picked":["Bane","Backflip","Flying Knee"],"picked":"SKIP","floor":4},{"not_picked":["Burst","Storm of Steel","Doppelganger"],"picked":"SKIP","floor":7},{"not_picked":["Backflip","Dodge and Roll","Underhanded Strike"],"picked":"SKIP","floor":8},{"not_picked":["Dagger Spray","Quick Slash","Tactician"],"picked":"SKIP","floor":8},{"not_picked":["Poisoned Stab","Outmaneuver","Blur"],"picked":"SKIP","floor":11},{"not_picked":["Leg Sweep","Finisher","Distraction"],"picked":"SKIP","floor":11},{"not_picked":["Acrobatics","Predator"],"picked":"Prepared","floor":13},{"not_picked":["Die Die Die","Backflip","All Out Attack"],"picked":"SKIP","floor":13},{"not_picked":["Bane","Dagger Spray"],"picked":"Concentrate","floor":14},{"not_picked":["Setup","Underhanded Strike","Dagger Spray"],"picked":"SKIP","floor":14},{"not_picked":["Slice","Bane"],"picked":"Crippling Poison","floor":18},{"not_picked":["Blade Dance","Expertise","Reflex"],"picked":"SKIP","floor":18},{"not_picked":["Quick Slash","Blade Dance"],"picked":"Bane+1","floor":19},{"not_picked":["Acrobatics","Deflect+1","All Out Attack"],"picked":"SKIP","floor":22},{"not_picked":["Calculated Gamble","A Thousand Cuts","Predator"],"picked":"SKIP","floor":22},{"not_picked":["Die Die Die","Corpse Explosion"],"picked":"Wraith Form v2","floor":24},{"not_picked":["Caltrops","Backflip","Deflect"],"picked":"Singing Bowl","floor":28},{"not_picked":["Riddle With Holes+1","Masterful Stab+1","Deflect"],"picked":"Singing Bowl","floor":28},{"not_picked":["Envenom","Sucker Punch","PiercingWail"],"picked":"Singing Bowl","floor":29},{"not_picked":["Cloak And Dagger+1","Flying Knee","Blade Dance"],"picked":"Singing Bowl","floor":29},{"not_picked":["Poisoned Stab+1","Dodge and Roll","Dagger Spray"],"picked":"Singing Bowl","floor":31},{"not_picked":["Dagger Throw+1","Die Die Die"],"picked":"Catalyst+1","floor":31},{"not_picked":["Die Die Die","Glass Knife","Doppelganger"],"picked":"Singing Bowl","floor":33},{"not_picked":["Dodge and Roll+1","Slice","Accuracy+1"],"picked":"Singing Bowl","floor":35},{"not_picked":["Sucker Punch+1","Underhanded Strike+1","Quick Slash"],"picked":"Singing Bowl","floor":35},{"not_picked":["PanicButton","Deep Breath"],"picked":"Madness","floor":36},{"not_picked":["Skewer+1","Poisoned Stab","Finisher+1"],"picked":"Singing Bowl","floor":37},{"not_picked":["Quick Slash","Blade Dance+1","Poisoned Stab"],"picked":"Singing Bowl","floor":38},{"not_picked":["Flying Knee+1","Flechettes","Accuracy+1"],"picked":"Singing Bowl","floor":38},{"not_picked":["Night Terror","Burst","Grand Finale"],"picked":"Singing Bowl","floor":41},{"not_picked":["Tools of the Trade","A Thousand Cuts"],"picked":"Bullet Time","floor":44},{"not_picked":["Storm of Steel","Malaise"],"picked":"Adrenaline","floor":46},{"not_picked":["Dash+1","Bane+1","Acrobatics+1"],"picked":"Singing Bowl","floor":47},{"not_picked":["Finisher+1","Skewer+1","Escape Plan+1"],"picked":"Singing Bowl","floor":47}],"player_experience":58866,"relics_obtained":[{"floor":7,"key":"Prayer Wheel"},{"floor":9,"key":"PreservedInsect"},{"floor":19,"key":"Red Mask"},{"floor":24,"key":"Orichalcum"},{"floor":26,"key":"Singing Bowl"},{"floor":37,"key":"Lizard Tail"},{"floor":41,"key":"Snake Skull"},{"floor":43,"key":"TungstenRod"},{"floor":44,"key":"Strawberry"},{"floor":46,"key":"Pen Nib"}],"event_choices":[{"damage_healed":0,"gold_gain":0,"player_choice":"Donut","damage_taken":0,"max_hp_gain":5,"max_hp_loss":0,"event_name":"Big Fish","floor":5,"gold_loss":0},{"damage_healed":0,"gold_gain":0,"player_choice":"Ignored","damage_taken":0,"max_hp_gain":0,"max_hp_loss":0,"event_name":"Liars Game","floor":10,"gold_loss":0},{"damage_healed":0,"gold_gain":0,"player_choice":"Fought Bandits","damage_taken":0,"max_hp_gain":0,"max_hp_loss":0,"event_name":"Masked Bandits","floor":19,"gold_loss":0},{"cards_removed":["Malaise"],"damage_healed":0,"gold_gain":0,"player_choice":"Elegance","damage_taken":0,"max_hp_gain":0,"max_hp_loss":0,"event_name":"Back to Basics","floor":20,"gold_loss":0},{"damage_healed":0,"gold_gain":0,"player_choice":"Bought 0 Potions","damage_taken":0,"max_hp_gain":0,"max_hp_loss":0,"event_name":"The Woman in Blue","floor":21,"gold_loss":0},{"damage_healed":0,"gold_gain":0,"player_choice":"Shed Blood","damage_taken":19,"max_hp_gain":5,"max_hp_loss":0,"event_name":"Forgotten Altar","floor":25,"gold_loss":0},{"damage_healed":0,"gold_gain":0,"player_choice":"Memory 1","damage_taken":0,"max_hp_gain":0,"max_hp_loss":0,"event_name":"SensoryStone","floor":36,"gold_loss":0},{"damage_healed":0,"gold_gain":0,"player_choice":"Fight","damage_taken":0,"max_hp_gain":0,"max_hp_loss":0,"event_name":"Mysterious Sphere","floor":37,"gold_loss":0},{"damage_healed":0,"gold_gain":0,"player_choice":"Upgraded","damage_taken":0,"max_hp_gain":0,"max_hp_loss":0,"event_name":"Upgrade Shrine","floor":48,"gold_loss":0,"cards_upgraded":["Corpse Explosion"]}],"is_beta":false,"boss_relics":[{"not_picked":["Velvet Choker","Coffee Dripper"],"picked":"Snecko Eye"},{"not_picked":["Sozu","Empty Cage"],"picked":"SacredBark"}],"items_purged_floors":[2,30],"is_endless":false,"potions_floor_spawned":[1,8,11,14,19,24,28,29,33,35,37,46,47],"ascension_level":0}}