{"host":"1hv1kueuvc4r3rdp","time":1609525810,"event":{"mods":["AchievementEnabler","BaseMod","DeckTracker","Highlight Path","Minty Spire (QoL Compilation)","Permanent Neow","StSLib"],"gold_per_floor":[110,121,141,153,153,181,194,194,194,194,38,71,84,9,9,111,111,128,145,157,177,28,28,58,58,58],"floor_reached":25,"playtime":890,"items_purged":["Strike_B"],"score":329,"play_id":"fdd9c736-8e2c-4a74-ad33-03376fe66a4c","local_time":"20210101123010","is_ascension_mode":true,"campfire_choices":[{"floor":8,"key":"REST"},{"floor":10,"key":"REST"},{"floor":15,"key":"REST"},{"floor":23,"key":"REST"}],"circlet_count":0,"master_deck":["Strike_B","Strike_B","Strike_B","Defend_B","Defend_B","Defend_B","Defend_B","Zap","Dualcast","Cold Snap","Conserve Battery","Streamline","Static Discharge","Ball Lightning","Biased Cognition","Electrodynamics","Turbo","Defragment","Auto Shields"],"relics":["Cracked Core","Nunchaku","Sundial","Bottled Flame","Singing Bowl","Bronze Scales","Boot","Inserter","Vajra","Art of War"],"acts_visited":["Exordium","TheCity"],"potions_floor_usage":[20,24,25],"damage_taken":[{"damage":4,"enemies":"Small Slimes","floor":1,"turns":4},{"damage":0,"enemies":"Cultist","floor":2,"turns":3},{"damage":5,"enemies":"Jaw Worm","floor":3,"turns":3},{"damage":5,"enemies":"Looter","floor":4,"turns":4},{"damage":40,"enemies":"Gremlin Nob","floor":6,"turns":5},{"damage":9,"enemies":"3 Louse","floor":7,"turns":3},{"damage":28,"enemies":"Lagavulin","floor":12,"turns":5},{"damage":7,"enemies":"Lots of Slimes","floor":13,"turns":3},{"damage":19,"enemies":"Hexaghost","floor":16,"turns":8},{"damage":7,"enemies":"3 Byrds","floor":18,"turns":2},{"damage":19,"enemies":"Shell Parasite","floor":19,"turns":6},{"damage":17,"enemies":"Snake Plant","floor":20,"turns":5},{"damage":2,"enemies":"Centurion and Healer","floor":21,"turns":6},{"damage":18,"enemies":"Gremlin Leader","floor":24,"turns":4},{"damage":34,"enemies":"Shelled Parasite and Fungi","floor":25,"turns":3}],"seed_played":"-6566232431881958401","potions_obtained":[{"floor":3,"key":"Block Potion"},{"floor":7,"key":"Block Potion"},{"floor":16,"key":"Energy Potion"},{"floor":20,"key":"DistilledChaos"}],"is_trial":false,"path_per_floor":["M","M","M","M","?","E","M","R","T","R","$","E","M","$","R","B",null,"M","M","M","M","$","R","E","M"],"character_chosen":"DEFECT","items_purchased":["Bronze Scales","Vajra"],"campfire_rested":4,"item_purchase_floors":[11,22],"current_hp_per_floor":[64,64,59,54,54,14,5,27,27,49,49,21,16,16,39,20,63,56,37,20,20,20,43,27,0,0],"gold":58,"neow_bonus":"RANDOM_COMMON_RELIC","is_daily":false,"chose_seed":false,"campfire_upgraded":0,"win_rate":0.0,"timestamp":1609525810,"path_taken":["M","M","M","M","?","E","M","R","T","R","$","E","M","?","R","BOSS","M","M","M","M","$","R","E","?"],"items_purchased_type":["Relic","Relic"],"build_version":"2020-12-22","purchased_purges":1,"victory":false,"max_hp_per_floor":[75,75,75,75,75,75,75,75,75,75,75,75,77,77,77,77,77,77,77,77,79,79,79,81,81,81],"card_choices":[{"not_picked":["Coolheaded","Go for the Eyes"],"picked":"Cold Snap","floor":1},{"not_picked":["Lockon","Steam","Cold Snap"],"picked":"SKIP","floor":2},{"not_picked":["Go for the Eyes","Steam"],"picked":"Conserve Battery","floor":3},{"not_picked":["Steam","Rainbow"],"picked":"Streamline","floor":4},{"not_picked":["Thunder Strike","Redo"],"picked":"Static Discharge","floor":6},{"not_picked":["Streamline","Cold Snap"],"picked":"Ball Lightning","floor":7},{"not_picked":["Static Discharge","Storm"],"picked":"Biased Cognition","floor":12},{"not_picked":["Steam","Sweeping Beam","Streamline"],"picked":"Singing Bowl","floor":13},{"not_picked":["Core Surge","Echo Form"],"picked":"Electrodynamics","floor":16},{"not_picked":["Self Repair","Compile Driver+1"],"picked":"Turbo","floor":18},{"not_picked":["Hello World","Lockon"],"picked":"Defragment","floor":19},{"not_picked":["Self Repair","Gash+1"],"picked":"Auto Shields","floor":20},{"not_picked":["Gash+1","Hologram+1","Steam"],"picked":"Singing Bowl","floor":21},{"not_picked":["Hello World","Rip and Tear+1","Redo+1"],"picked":"Singing Bowl","floor":24}],"player_experience":1128032,"relics_obtained":[{"floor":6,"key":"Bottled Flame"},{"floor":9,"key":"Singing Bowl"},{"floor":12,"key":"Boot"},{"floor":24,"key":"Art of War"}],"event_choices":[{"damage_healed":0,"gold_gain":0,"player_choice":"Gave Potion","damage_taken":0,"relics_obtained":["Sundial"],"max_hp_gain":0,"max_hp_loss":0,"event_name":"WeMeetAgain","floor":5,"gold_loss":0}],"is_beta":false,"boss_relics":[{"not_picked":["Philosopher\u0027s Stone","Runic Pyramid"],"picked":"Inserter"}],"items_purged_floors":[14],"is_endless":false,"potions_floor_spawned":[3,7,16,20],"killed_by":"Shelled Parasite and Fungi","ascension_level":8}}