{"host":"hwrdjx5eod2cxh09","time":1609481680,"event":{"mods":["AchievementEnabler","BaseMod","Bestiary","Minty Spire (QoL Compilation)","Relic Stats"],"gold_per_floor":[113,127,137,155,135,135,63,98,98,23,34,34,62,62,62,165,165,176,189,202,220,231,231,231,231],"floor_reached":24,"playtime":980,"items_purged":["Strike_B"],"score":210,"play_id":"700709a2-4a2d-4b48-ace4-46445df6f4ea","local_time":"20210101151440","is_ascension_mode":false,"campfire_choices":[{"data":"Zap","floor":6,"key":"SMITH"},{"data":"Capacitor","floor":12,"key":"SMITH"},{"floor":15,"key":"REST"},{"floor":23,"key":"REST"}],"circlet_count":0,"master_deck":["Strike_B","Strike_B","Strike_B","Defend_B","Defend_B","Defend_B","Defend_B+1","Zap+1","Dualcast","Ball Lightning","Coolheaded","Gash","Core Surge+1","Capacitor+1","Compile Driver","Echo Form","FTL","Conserve Battery+1","Ball Lightning+1"],"relics":["Cracked Core","Matryoshka","Centennial Puzzle","Shuriken","Omamori","Busted Crown"],"acts_visited":["Exordium","TheCity"],"potions_floor_usage":[8,16,21,22,24],"damage_taken":[{"damage":1,"enemies":"Jaw Worm","floor":1,"turns":3},{"damage":0,"enemies":"Cultist","floor":2,"turns":3},{"damage":1,"enemies":"2 Louse","floor":3,"turns":2},{"damage":9,"enemies":"2 Fungi Beasts","floor":4,"turns":4},{"damage":14,"enemies":"Gremlin Nob","floor":8,"turns":4},{"damage":7,"enemies":"Exordium Wildlife","floor":11,"turns":3},{"damage":22,"enemies":"Lagavulin","floor":13,"turns":7},{"damage":47,"enemies":"The Guardian","floor":16,"turns":11},{"damage":10,"enemies":"Shell Parasite","floor":18,"turns":5},{"damage":24,"enemies":"2 Thieves","floor":19,"turns":4},{"damage":22,"enemies":"Snake Plant","floor":20,"turns":5},{"damage":17,"enemies":"Sentry and Sphere","floor":21,"turns":6},{"damage":7,"enemies":"Centurion and Healer","floor":22,"turns":5},{"damage":26,"enemies":"Slavers","floor":24,"turns":3}],"seed_played":"-2916124903025003043","potions_obtained":[{"floor":1,"key":"Weak Potion"},{"floor":4,"key":"FairyPotion"},{"floor":5,"key":"EssenceOfSteel"},{"floor":11,"key":"Explosive Potion"},{"floor":16,"key":"Fire Potion"},{"floor":18,"key":"DuplicationPotion"},{"floor":21,"key":"Weak Potion"}],"is_trial":false,"path_per_floor":["M","M","M","M","?","R","$","E","T","$","M","R","E","?","R","B",null,"M","M","M","M","M","R","E"],"character_chosen":"DEFECT","items_purchased":["Core Surge"],"campfire_rested":2,"item_purchase_floors":[7],"current_hp_per_floor":[81,81,80,71,71,71,71,57,57,57,50,50,28,12,36,16,82,72,48,26,9,2,26,0,0],"gold":231,"neow_bonus":"TEN_PERCENT_HP_BONUS","is_daily":false,"chose_seed":false,"campfire_upgraded":2,"win_rate":0.0,"timestamp":1609481680,"path_taken":["M","M","M","M","?","R","?","E","T","$","M","R","E","?","R","BOSS","M","M","M","M","M","R","E"],"items_purchased_type":["Card"],"build_version":"2020-12-22","purchased_purges":1,"victory":false,"max_hp_per_floor":[82,82,82,82,82,82,82,82,82,82,82,82,82,82,82,82,82,82,82,82,82,82,82,82,82],"relic_stats":{"Centennial Puzzle":[27],"Busted Crown":10,"counters":[14,65],"Shuriken":[15],"obtain_stats":[{"Centennial Puzzle":9,"Matryoshka":8,"Busted Crown":17,"Shuriken":9,"Omamori":13,"Cracked Core":0},{"Centennial Puzzle":5,"Matryoshka":5,"Busted Crown":8,"Shuriken":5,"Omamori":7,"Cracked Core":0},{"Centennial Puzzle":16,"Matryoshka":16,"Busted Crown":37,"Shuriken":16,"Omamori":26,"Cracked Core":0}]},"card_choices":[{"not_picked":["Reprogram","Static Discharge"],"picked":"Ball Lightning","floor":1},{"not_picked":["Beam Cell","Redo"],"picked":"Coolheaded","floor":2},{"not_picked":["Turbo","Coolheaded","Compile Driver"],"picked":"SKIP","floor":3},{"not_picked":["Ball Lightning","Blizzard"],"picked":"Gash","floor":4},{"not_picked":["Streamline","Cold Snap"],"picked":"Capacitor","floor":8},{"not_picked":["Barrage","Force Field","Ball Lightning"],"picked":"SKIP","floor":11},{"not_picked":["Barrage","Force Field","Ball Lightning"],"picked":"SKIP","floor":11},{"not_picked":["Coolheaded","Rebound"],"picked":"Compile Driver","floor":13},{"not_picked":["Thunder Strike","Biased Cognition"],"picked":"Echo Form","floor":16},{"not_picked":["Sweeping Beam"],"picked":"SKIP","floor":18},{"not_picked":[],"picked":"FTL","floor":19},{"not_picked":[],"picked":"Conserve Battery+1","floor":20},{"not_picked":["Recycle"],"picked":"SKIP","floor":21},{"not_picked":[],"picked":"Ball Lightning+1","floor":22}],"player_experience":142607,"relics_obtained":[{"floor":8,"key":"Matryoshka"},{"floor":9,"key":"Centennial Puzzle"},{"floor":9,"key":"Shuriken"},{"floor":13,"key":"Omamori"}],"event_choices":[{"damage_healed":0,"gold_gain":0,"player_choice":"Bought 1 Potion","damage_taken":0,"max_hp_gain":0,"max_hp_loss":0,"event_name":"The Woman in Blue","floor":5,"gold_loss":0},{"damage_healed":0,"gold_gain":0,"player_choice":"Entered Light","damage_taken":16,"max_hp_gain":0,"max_hp_loss":0,"event_name":"Shining Light","floor":14,"gold_loss":0,"cards_upgraded":["Defend_B","Core Surge"]}],"is_beta":false,"boss_relics":[{"not_picked":["Empty Cage","Coffee Dripper"],"picked":"Busted Crown"}],"items_purged_floors":[10],"is_endless":false,"potions_floor_spawned":[1,4,11,16,18,21],"killed_by":"Slavers","ascension_level":0}}