{"host":"xtgfl0e7r8rfgbei","time":1609510103,"event":{"mods":["Arknights The Spire","BaseMod","Colored Map","Colored Powertips","Downfall","Infinite Spire","Marisa£®ÏF”Í°°ƒß¿Ì…≥£©","Minty Spire (QoL Compilation)","READ ME - Guardian Mod","Rare Cards Sparkle","Replay The Spire","StSLib","The Bug Knight","The Cursed","The Servant 0.9.4","≤–¡Ù÷ÆŒÔ"],"gold_per_floor":[19,35,35,35,53,82,82,82,82,105,70,70,85,128,128,247,247,262,285,285,1,20,20,20],"floor_reached":23,"playtime":1890,"items_purged":["Delirium"],"score":201,"play_id":"93c3b5c4-ded8-4d7d-9516-e3eb6f9796b6","local_time":"20210101220823","is_ascension_mode":false,"campfire_choices":[{"data":"infinitespire:DeathsTouch","floor":7,"key":"SMITH"},{"data":"TheCursedMod:Grudge","floor":12,"key":"SMITH"},{"data":"TheCursedMod:VoidForm","floor":15,"key":"SMITH"}],"circlet_count":0,"master_deck":["TheCursedMod:Strike_TheCursed+1","TheCursedMod:Strike_TheCursed","TheCursedMod:Strike_TheCursed","TheCursedMod:Strike_TheCursed","TheCursedMod:Defend_TheCursed","TheCursedMod:Defend_TheCursed","TheCursedMod:Defend_TheCursed","TheCursedMod:Defend_TheCursed","TheCursedMod:CursedWand","TheCursedMod:CleanUpWorkshop","TheCursedMod:Dregs","TheCursedMod:Grudge+1","TheCursedMod:SpitefulStrike+1","Replay:Sluggish","infinitespire:DeathsTouch+1","TheCursedMod:ManaBullet","TheCursedMod:CircleOfCorruption","Injury","TheCursedMod:VoidForm+1","TheCursedMod:SoulReap","TheCursedMod:CursedRelics","TheCursedMod:SmokeScreen","TheCursedMod:AbyssShockwave+1","TheCursedMod:CursedStaff","TheCursedMod:BloodBarrier","TheCursedMod:SurpriseAttack","TheCursedMod:DarkBarrier"],"relics":["TheCursedMod:BlackMagic101","GremlinMask","Replay:Towering Pillar of Hats","Golden Idol","Whetstone","Black Star"],"acts_visited":["Exordium","TheCity"],"potions_floor_usage":[16,19,19,22],"damage_taken":[{"damage":21,"enemies":"infinitespire:Voidling","floor":1,"turns":6},{"damage":1,"enemies":"Cultist","floor":2,"turns":5},{"damage":7,"enemies":"Small Slimes","floor":5,"turns":2},{"damage":19,"enemies":"HollowMod:MossKnight","floor":6,"turns":7},{"damage":2,"enemies":"3 Louse","floor":10,"turns":3},{"damage":0,"enemies":"Looter","floor":13,"turns":2},{"damage":21,"enemies":"Gremlin Nob","floor":14,"turns":4},{"damage":36,"enemies":"Hexaghost","floor":16,"turns":7},{"damage":25,"enemies":"Shell Parasite","floor":18,"turns":4},{"damage":32,"enemies":"2 Thieves","floor":19,"turns":4},{"damage":24,"enemies":"Shelled Parasite and Fungi","floor":22,"turns":3},{"damage":30,"enemies":"Nightmare","floor":23,"turns":4}],"seed_played":"8335466842311980246","potions_obtained":[{"floor":1,"key":"Dexterity Potion"},{"floor":10,"key":"Flashbang"},{"floor":13,"key":"Energy Potion"},{"floor":16,"key":"champ:CounterPotion"},{"floor":18,"key":"champ:CounterPotion"},{"floor":19,"key":"BlessingOfTheForge"}],"is_trial":false,"path_per_floor":["M","M","?","?","M","E","R","?","T","M","?","R","M","E","R","B",null,"M","M","?","$","M","NM"],"character_chosen":"THE_CURSED","items_purchased":["TheCursedMod:CursedStaff","TheCursedMod:BloodBarrier","TheCursedMod:SurpriseAttack"],"campfire_rested":0,"item_purchase_floors":[21,21,21],"current_hp_per_floor":[86,85,85,85,78,59,59,59,59,57,79,79,79,58,58,34,89,69,37,42,42,23,0,0],"gold":20,"neow_bonus":"TWENTY_PERCENT_HP_BONUS","is_daily":false,"chose_seed":false,"campfire_upgraded":3,"win_rate":0.0,"timestamp":1609510103,"path_taken":["M","?","?","?","?","E","R","?","T","M","?","R","M","E","R","BOSS","M","M","?","?","?","NM"],"items_purchased_type":["Card","Card","Card"],"build_version":"2020-12-22","purchased_purges":1,"victory":false,"max_hp_per_floor":[89,89,89,89,89,89,89,89,89,89,89,89,89,89,89,89,89,89,89,89,89,89,89,89],"card_choices":[{"not_picked":["TheCursedMod:CircleOfFlame","TheCursedMod:Stigma"],"picked":"TheCursedMod:Grudge","floor":1},{"not_picked":["TheCursedMod:CursedSpellbook","TheCursedMod:CursedBlade"],"picked":"TheCursedMod:SpitefulStrike","floor":2},{"not_picked":["ReplayTheSpireMod:Black Plague","ReplayTheSpireMod:Haul"],"picked":"infinitespire:DeathsTouch","floor":3},{"not_picked":["TheCursedMod:TacticalStrike","TheCursedMod:Torture"],"picked":"TheCursedMod:ManaBullet","floor":5},{"not_picked":["TheCursedMod:AshesToAshes","TheCursedMod:BlessingInDisguise"],"picked":"TheCursedMod:CircleOfCorruption","floor":6},{"not_picked":["TheCursedMod:TacticalStrike","TheCursedMod:SurpriseAttack"],"picked":"TheCursedMod:CursedBlade","floor":10},{"not_picked":["TheCursedMod:Wield","TheCursedMod:CursedShiv"],"picked":"TheCursedMod:VoidForm","floor":13},{"not_picked":["TheCursedMod:SpitefulStrike","TheCursedMod:CursedShiv"],"picked":"TheCursedMod:SoulReap","floor":14},{"not_picked":["TheCursedMod:ManaCirculation","TheCursedMod:UltimatePain"],"picked":"TheCursedMod:CursedRelics","floor":16},{"not_picked":["TheCursedMod:SpitefulStrike","TheCursedMod:CursedMace"],"picked":"TheCursedMod:SmokeScreen","floor":18},{"not_picked":["TheCursedMod:PrepareRite+1","TheCursedMod:SmokeScreen"],"picked":"TheCursedMod:AbyssShockwave+1","floor":19},{"not_picked":["TheCursedMod:FleshFromBone","TheCursedMod:Stigma"],"picked":"TheCursedMod:DarkBarrier","floor":22}],"player_experience":310447,"relics_obtained":[{"floor":6,"key":"Replay:Towering Pillar of Hats"},{"floor":14,"key":"Whetstone"}],"event_choices":[{"damage_healed":0,"gold_gain":0,"player_choice":"Trade","damage_taken":0,"relics_obtained":["GremlinMask"],"max_hp_gain":0,"max_hp_loss":0,"event_name":"FaceTrader","floor":4,"gold_loss":0},{"damage_healed":0,"gold_gain":0,"player_choice":"Take Wound","damage_taken":0,"relics_obtained":["Golden Idol"],"max_hp_gain":0,"max_hp_loss":0,"event_name":"Golden Idol","floor":8,"gold_loss":0,"cards_obtained":["Injury"]},{"damage_healed":22,"gold_gain":0,"player_choice":"Healed","damage_taken":0,"max_hp_gain":0,"max_hp_loss":0,"event_name":"The Cleric","floor":11,"gold_loss":35},{"cards_removed":["TheCursedMod:CursedBlade"],"damage_healed":5,"gold_gain":0,"player_choice":"Offered Common","damage_taken":0,"max_hp_gain":0,"max_hp_loss":0,"event_name":"Bonfire Elementals","floor":20,"gold_loss":0},{"cards_removed":["TheCursedMod:CursedBlade"],"damage_healed":5,"gold_gain":0,"player_choice":"Offered Special","damage_taken":0,"max_hp_gain":0,"max_hp_loss":0,"event_name":"Bonfire Elementals","floor":20,"gold_loss":0}],"is_beta":false,"boss_relics":[{"not_picked":["TheCursedMod:FourLeafCloverCharm","Replay:Drink Me"],"picked":"Black Star"}],"items_purged_floors":[21],"is_endless":false,"potions_floor_spawned":[1,10,13,14,16,18,19],"killed_by":"Nightmare","ascension_level":0}}