{"host":"bf1tnxyvjw6wp3cl","time":1609537501,"event":{"mods":["AchievementEnabler","BaseMod","Block Reminder","Colored Powertips","Minty Spire (QoL Compilation)","Quick Restart","Relic Stats","StSLib","SuperFastMode"],"gold_per_floor":[219,147,158,177,177,204,220,220,220,220,220,240,240,240,240,342,342,357,456,402,402,402,402,435,435,515,515,527,547,510,528,528,628,628,643,693,693,693,693,693,367,385,385,66,66,83,96,111,111,111],"floor_reached":51,"playtime":2322,"items_purged":[],"score":665,"play_id":"e228c03f-1647-4d87-a570-707794fae072","local_time":"20210101164501","is_ascension_mode":false,"campfire_choices":[{"floor":11.0,"key":"REST"},{"data":"PathToVictory","floor":13.0,"key":"SMITH"},{"data":"LikeWater","floor":15.0,"key":"SMITH"},{"floor":23.0,"key":"REST"},{"data":"CutThroughFate","floor":25.0,"key":"SMITH"},{"data":"FlurryOfBlows","floor":27.0,"key":"SMITH"},{"data":"FlurryOfBlows","floor":32.0,"key":"SMITH"},{"floor":40.0,"key":"REST"},{"floor":45.0,"key":"REST"},{"floor":49.0,"key":"REST"}],"circlet_count":0,"master_deck":["Strike_P","Strike_P","Strike_P","Strike_P","Defend_P","Defend_P","Defend_P","Defend_P","Eruption","Vigilance","FlurryOfBlows+1","LikeWater+1","PathToVictory+1","Sanctity","JustLucky","Prostrate","CutThroughFate+1","MasterReality+1","BowlingBash+1","PathToVictory+1","ThirdEye+1","FlurryOfBlows+1","ClearTheMind+1","Indignation+1","ThirdEye+1","FollowUp+1","LikeWater+1","Prostrate+1","MentalFortress+1","Halt+1","DevaForm+1"],"relics":["PureWater","Regal Pillow","Thread and Needle","Toxic Egg 2","Frozen Egg 2","Runic Pyramid","Gremlin Horn","Ornamental Fan","VioletLotus","Du-Vu Doll","Bird Faced Urn","Darkstone Periapt","Mummified Hand","Bottled Lightning"],"acts_visited":["Exordium","TheCity","TheBeyond"],"potions_floor_usage":[],"damage_taken":[{"damage":0.0,"enemies":"Small Slimes","floor":1.0,"turns":3.0},{"damage":7.0,"enemies":"2 Louse","floor":3.0,"turns":3.0},{"damage":1.0,"enemies":"Jaw Worm","floor":4.0,"turns":3.0},{"damage":23.0,"enemies":"Lagavulin","floor":6.0,"turns":7.0},{"damage":0.0,"enemies":"Exordium Wildlife","floor":7.0,"turns":4.0},{"damage":0.0,"enemies":"Looter","floor":12.0,"turns":3.0},{"damage":11.0,"enemies":"The Guardian","floor":16.0,"turns":13.0},{"damage":18.0,"enemies":"3 Byrds","floor":18.0,"turns":7.0},{"damage":1.0,"enemies":"Shell Parasite","floor":22.0,"turns":5.0},{"damage":5.0,"enemies":"Gremlin Leader","floor":24.0,"turns":6.0},{"damage":0.0,"enemies":"Cultist and Chosen","floor":28.0,"turns":6.0},{"damage":4.0,"enemies":"Shelled Parasite and Fungi","floor":29.0,"turns":5.0},{"damage":0.0,"enemies":"Sentry and Sphere","floor":31.0,"turns":4.0},{"damage":38.0,"enemies":"Automaton","floor":33.0,"turns":12.0},{"damage":23.0,"enemies":"3 Darklings","floor":35.0,"turns":5.0},{"damage":13.0,"enemies":"Mind Bloom Boss Battle","floor":36.0,"turns":8.0},{"damage":27.0,"enemies":"3 Shapes","floor":42.0,"turns":4.0},{"damage":10.0,"enemies":"Jaw Worm Horde","floor":46.0,"turns":4.0},{"damage":8.0,"enemies":"Sphere and 2 Shapes","floor":47.0,"turns":7.0},{"damage":14.0,"enemies":"Writhing Mass","floor":48.0,"turns":9.0},{"damage":72,"enemies":"Awakened One","floor":50,"turns":22}],"seed_played":"-7512288359780253965","potions_obtained":[{"floor":1.0,"key":"Swift Potion"},{"floor":4.0,"key":"DuplicationPotion"},{"floor":6.0,"key":"PowerPotion"},{"floor":24.0,"key":"Dexterity Potion"},{"floor":29.0,"key":"ColorlessPotion"},{"floor":47.0,"key":"BlessingOfTheForge"}],"is_trial":false,"path_per_floor":["M","$","M","M","$","E","M","?","T","?","R","M","R","T","R","B",null,"M","?","$","?","M","R","E","R","T","R","M","M","$","M","R","B",null,"M","?","?","?","T","R","$","M","T","$","R","M","M","M","R","B",null],"character_chosen":"WATCHER","items_purchased":["LikeWater","PathToVictory+1","Indignation+1","LikeWater+1","Darkstone Periapt","MentalFortress+1","Bottled Lightning"],"campfire_rested":5,"item_purchase_floors":[2,20,30,41,41,44,44],"current_hp_per_floor":[72,72,65,64,64,41,41,16,16,16,52,52,52,52,52,41,72,54,54,54,54,53,72,67,67,67,67,67,63,63,63,63,25,72,49,36,36,36,36,72,72,49,49,49,72,64,64,58,72,4],"gold":111,"neow_bonus":"HUNDRED_GOLD","is_daily":false,"chose_seed":false,"campfire_upgraded":5,"win_rate":0.0,"timestamp":1609537501,"path_taken":["M","$","M","M","$","E","M","?","T","?","R","M","R","?","R","BOSS","M","?","$","?","M","R","E","R","T","R","M","M","$","M","R","BOSS","M","?","?","?","?","R","?","M","T","$","R","M","M","M","R","BOSS"],"items_purchased_type":["Card","Card","Card","Card","Relic","Card","Relic"],"build_version":"2020-12-22","purchased_purges":0,"victory":true,"max_hp_per_floor":[72,72,72,72,72,72,72,72,72,72,72,72,72,72,72,72,72,72,72,72,72,72,72,72,72,72,72,72,72,72,72,72,72,72,72,72,72,72,72,72,72,72,72,72,72,72,72,72,72,72],"relic_stats":{"Darkstone Periapt":0,"Regal Pillow":32,"Gremlin Horn":[15,16],"counters":[21,140],"Ornamental Fan":[180],"Mummified Hand":[17],"Bird Faced Urn":[26],"VioletLotus":[13],"obtain_stats":[{"Darkstone Periapt":41,"Regal Pillow":6,"Gremlin Horn":24,"Thread and Needle":8,"Frozen Egg 2":14,"Du-Vu Doll":36,"Ornamental Fan":26,"Mummified Hand":43,"Bird Faced Urn":39,"VioletLotus":34,"Bottled Lightning":44,"PureWater":0,"Toxic Egg 2":9,"Runic Pyramid":17},{"Darkstone Periapt":16,"Regal Pillow":4,"Gremlin Horn":10,"Thread and Needle":5,"Frozen Egg 2":6,"Du-Vu Doll":16,"Ornamental Fan":10,"Mummified Hand":17,"Bird Faced Urn":16,"VioletLotus":14,"Bottled Lightning":17,"PureWater":0,"Toxic Egg 2":5,"Runic Pyramid":7},{"Darkstone Periapt":94,"Regal Pillow":16,"Gremlin Horn":54,"Thread and Needle":20,"Frozen Egg 2":23,"Du-Vu Doll":94,"Ornamental Fan":54,"Mummified Hand":98,"Bird Faced Urn":94,"VioletLotus":81,"Bottled Lightning":98,"PureWater":0,"Toxic Egg 2":20,"Runic Pyramid":36}]},"card_choices":[{"not_picked":["Tantrum","WindmillStrike"],"picked":"FlurryOfBlows","floor":1.0},{"not_picked":["BowlingBash","EmptyBody"],"picked":"PathToVictory","floor":3.0},{"not_picked":["WreathOfFlame","FlyingSleeves"],"picked":"Sanctity","floor":4.0},{"not_picked":["Fasting2","Protect"],"picked":"JustLucky","floor":6.0},{"not_picked":["FlyingSleeves","WindmillStrike"],"picked":"Prostrate","floor":7.0},{"not_picked":["FlyingSleeves","Crescendo+1"],"picked":"CutThroughFate","floor":12.0},{"not_picked":["SpiritShield+1","Scrawl+1"],"picked":"MasterReality+1","floor":16.0},{"not_picked":["EmptyBody+1","DeceiveReality+1"],"picked":"BowlingBash+1","floor":18.0},{"not_picked":["Study+1","Protect+1"],"picked":"ThirdEye+1","floor":22.0},{"not_picked":["Protect+1","CutThroughFate"],"picked":"FlurryOfBlows","floor":24.0},{"not_picked":["Ragnarok","JustLucky"],"picked":"ClearTheMind+1","floor":28.0},{"not_picked":["EmptyFist","WreathOfFlame+1","FlyingSleeves"],"picked":"SKIP","floor":29.0},{"not_picked":["BowlingBash","SashWhip"],"picked":"ThirdEye+1","floor":31.0},{"not_picked":["CutThroughFate","Collect+1"],"picked":"FollowUp+1","floor":35.0},{"not_picked":["CutThroughFate+1","SashWhip"],"picked":"Prostrate+1","floor":42.0},{"not_picked":["ReachHeaven","BowlingBash+1","FlyingSleeves"],"picked":"SKIP","floor":46.0},{"not_picked":["ThirdEye+1","EmptyFist+1"],"picked":"Halt+1","floor":47.0},{"not_picked":["CutThroughFate+1","EmptyFist"],"picked":"DevaForm+1","floor":48.0}],"player_experience":153434,"relics_obtained":[{"floor":6.0,"key":"Regal Pillow"},{"floor":9.0,"key":"Toxic Egg 2"},{"floor":14.0,"key":"Frozen Egg 2"},{"floor":24.0,"key":"Gremlin Horn"},{"floor":26.0,"key":"Ornamental Fan"},{"floor":36.0,"key":"Du-Vu Doll"},{"floor":39.0,"key":"Bird Faced Urn"},{"floor":43.0,"key":"Mummified Hand"}],"event_choices":[{"damage_healed":0.0,"max_hp_gain":0.0,"max_hp_loss":0.0,"gold_gain":0.0,"event_name":"Scrap Ooze","player_choice":"Success","floor":8.0,"gold_loss":0.0,"damage_taken":25.0,"relics_obtained":["Thread and Needle"]},{"damage_healed":0.0,"max_hp_gain":0.0,"max_hp_loss":0.0,"gold_gain":0.0,"event_name":"Dead Adventurer","player_choice":"Searched \u00270\u0027 times","floor":10.0,"gold_loss":0.0,"damage_taken":0.0},{"damage_healed":0.0,"max_hp_gain":0.0,"max_hp_loss":0.0,"gold_gain":99.0,"event_name":"Nest","player_choice":"Stole From Cult","floor":19.0,"gold_loss":0.0,"damage_taken":0.0},{"damage_healed":0.0,"max_hp_gain":0.0,"max_hp_loss":0.0,"gold_gain":0.0,"event_name":"Beggar","player_choice":"Ignored","floor":21.0,"gold_loss":0.0,"damage_taken":0.0},{"damage_healed":0.0,"max_hp_gain":0.0,"max_hp_loss":0.0,"gold_gain":0.0,"event_name":"MindBloom","player_choice":"Fight","floor":36.0,"gold_loss":0.0,"damage_taken":0.0},{"damage_healed":0.0,"max_hp_gain":0.0,"max_hp_loss":0.0,"gold_gain":0.0,"event_name":"Tomb of Lord Red Mask","player_choice":"Ignored","floor":37.0,"gold_loss":0.0,"damage_taken":0.0},{"damage_healed":0.0,"max_hp_gain":0.0,"max_hp_loss":0.0,"gold_gain":0.0,"event_name":"The Moai Head","player_choice":"Ignored","floor":38.0,"gold_loss":0.0,"damage_taken":0.0}],"is_beta":false,"boss_relics":[{"not_picked":["Astrolabe","Black Star"],"picked":"Runic Pyramid"},{"not_picked":["Snecko Eye","SacredBark"],"picked":"VioletLotus"}],"items_purged_floors":[],"is_endless":false,"potions_floor_spawned":[1,4,6,7,24,29,31,47],"ascension_level":0}}