{"host":"dpbezu80jg8zk7un","time":1609533664,"event":{"mods":["BaseMod","Colored Map","Colored Powertips","Custom Start","DeckTracker","Minty Spire (QoL Compilation)","Quick Restart","StSLib","SuperFastMode"],"gold_per_floor":[116,129,129,204,204,204,232,252,275,309,309,340,359,375,375,453,453,470,522,534,549,71,71,99,113,139,165,181,181,192,142,142,217,217,236,216,216,1215,636,669,669,698,776,787,787,806,274,320,320,320,320,320,320,18,51,51],"floor_reached":57,"playtime":2063,"items_purged":["Strike_P","Strike_P","Defend_P","Defend_P","Strike_P+1"],"score":3111,"play_id":"64cc7bcf-34ff-4d89-9acd-8504db36fb74","local_time":"20210102054104","is_ascension_mode":true,"campfire_choices":[{"data":"Eruption","floor":6.0,"key":"SMITH"},{"data":"Blasphemy","floor":11.0,"key":"SMITH"},{"data":"Ragnarok","floor":15.0,"key":"SMITH"},{"data":"Adaptation","floor":23.0,"key":"SMITH"},{"floor":29.0,"key":"REST"},{"data":"TalkToTheHand","floor":32.0,"key":"SMITH"},{"floor":41.0,"key":"RECALL"},{"floor":45.0,"key":"REST"},{"floor":49.0,"key":"REST"},{"floor":53,"key":"REST"}],"circlet_count":0,"master_deck":["AscendersBane","Strike_P+1","Defend_P","Eruption+1","Vigilance","FollowUp+1","Blasphemy+1","WheelKick","Ragnarok+1","Vault+1","Meditate","EmptyMind","Adaptation+1","Apotheosis+1","Tantrum+1","TalkToTheHand+1","Vault","Adaptation","Fasting2","MentalFortress"],"relics":["PureWater","Nunchaku","Smiling Mask","Omamori","MealTicket","Juzu Bracelet","Philosopher\u0027s Stone","Oddly Smooth Stone","War Paint","Whetstone","StoneCalendar","Fusion Hammer","Sundial","TheAbacus","Lantern","Pen Nib","Bottled Tornado","Shuriken","Happy Flower","Mango","Medical Kit","Kunai"],"acts_visited":["Exordium","TheCity","TheBeyond","TheEnding"],"potions_floor_usage":[56,56,56,56],"damage_taken":[{"damage":0.0,"enemies":"Cultist","floor":1.0,"turns":3.0},{"damage":1.0,"enemies":"2 Louse","floor":2.0,"turns":3.0},{"damage":7.0,"enemies":"Lagavulin","floor":7.0,"turns":3.0},{"damage":0.0,"enemies":"Small Slimes","floor":8.0,"turns":3.0},{"damage":0.0,"enemies":"Gremlin Nob","floor":10.0,"turns":2.0},{"damage":0.0,"enemies":"Lagavulin","floor":12.0,"turns":2.0},{"damage":0.0,"enemies":"3 Louse","floor":13.0,"turns":1.0},{"damage":4.0,"enemies":"Red Slaver","floor":14.0,"turns":2.0},{"damage":5.0,"enemies":"Hexaghost","floor":16.0,"turns":6.0},{"damage":11.0,"enemies":"3 Byrds","floor":18.0,"turns":4.0},{"damage":0.0,"enemies":"Chosen","floor":20.0,"turns":3.0},{"damage":7.0,"enemies":"Shelled Parasite and Fungi","floor":21.0,"turns":3.0},{"damage":0.0,"enemies":"Gremlin Leader","floor":24.0,"turns":3.0},{"damage":14.0,"enemies":"Sentry and Sphere","floor":25.0,"turns":3.0},{"damage":20.0,"enemies":"Slavers","floor":27.0,"turns":2.0},{"damage":9.0,"enemies":"Snake Plant","floor":28.0,"turns":3.0},{"damage":4.0,"enemies":"Centurion and Healer","floor":30.0,"turns":4.0},{"damage":4.0,"enemies":"Collector","floor":33.0,"turns":8.0},{"damage":19.0,"enemies":"3 Shapes","floor":35.0,"turns":5.0},{"damage":0.0,"enemies":"Giant Head","floor":40.0,"turns":5.0},{"damage":10.0,"enemies":"Reptomancer","floor":42.0,"turns":5.0},{"damage":0.0,"enemies":"3 Darklings","floor":44.0,"turns":3.0},{"damage":0.0,"enemies":"Transient","floor":46.0,"turns":8.0},{"damage":24.0,"enemies":"2 Orb Walkers","floor":48.0,"turns":3.0},{"damage":0,"enemies":"Awakened One","floor":50,"turns":5},{"damage":17,"enemies":"Donu and Deca","floor":51,"turns":6},{"damage":0,"enemies":"Shield and Spear","floor":55,"turns":3},{"damage":69,"enemies":"The Heart","floor":56,"turns":7}],"seed_played":"-2307368316474069235","potions_obtained":[{"floor":2.0,"key":"SteroidPotion"},{"floor":8.0,"key":"SpeedPotion"},{"floor":12.0,"key":"BottledMiracle"},{"floor":21.0,"key":"AttackPotion"},{"floor":24.0,"key":"StancePotion"},{"floor":27.0,"key":"BlessingOfTheForge"},{"floor":28.0,"key":"BlessingOfTheForge"},{"floor":35.0,"key":"BottledMiracle"},{"floor":36.0,"key":"EntropicBrew"}],"is_trial":false,"path_per_floor":["M","M","?","?","?","R","E","M","T","E","R","E","M","M","R","B",null,"M","T","M","M","$","R","E","M","T","E","M","R","M","$","R","B",null,"M","?","?","?","$","E","R","E","T","M","R","M","$","?","R","B","B",null,"R","$","E","B",null],"character_chosen":"WATCHER","items_purchased":["Apotheosis","War Paint","Tantrum","Sundial","TheAbacus","Fasting2","MentalFortress","Shuriken","Happy Flower","Medical Kit","Ancient Potion"],"campfire_rested":4,"item_purchase_floors":[22,22,22,39,39,39,47,47,47,54,54],"current_hp_per_floor":[61,60,40,29,29,29,22,22,22,22,22,22,22,18,18,13,54,43,43,43,36,51,51,51,37,37,17,8,28,24,39,39,35,60,41,41,41,41,56,56,56,46,46,46,65,65,65,55,78,78,61,75,79,79,79,10],"gold":51,"neow_bonus":"RANDOM_COMMON_RELIC","is_daily":false,"chose_seed":false,"campfire_upgraded":5,"win_rate":0.0,"timestamp":1609533664,"path_taken":["M","?","?","?","?","R","E","M","T","E","R","E","M","M","R","BOSS","M","?","M","M","$","R","E","M","T","E","M","R","M","$","R","BOSS","M","?","?","?","$","E","R","E","T","M","R","M","$","?","R","BOSS","BOSS","R","$","E","BOSS"],"items_purchased_type":["Card","Relic","Card","Relic","Relic","Card","Card","Relic","Relic","Relic","Potion"],"build_version":"2020-12-22","purchased_purges":5,"victory":true,"max_hp_per_floor":[68,68,68,68,68,68,68,68,68,68,68,68,68,68,68,68,68,68,68,68,68,68,68,68,68,68,68,68,68,68,68,68,68,68,68,68,65,65,65,65,65,65,65,65,65,65,65,79,79,79,79,79,79,79,79,79],"card_choices":[{"not_picked":["Crescendo","Worship","Halt"],"picked":"SKIP","floor":1.0},{"not_picked":["ReachHeaven","ForeignInfluence"],"picked":"FollowUp","floor":2.0},{"not_picked":["Prostrate","WaveOfTheHand"],"picked":"Blasphemy","floor":7.0},{"not_picked":["EmptyFist","CutThroughFate"],"picked":"WheelKick","floor":8.0},{"not_picked":["Consecrate","EmptyBody","ThirdEye"],"picked":"SKIP","floor":10.0},{"not_picked":["Collect","LikeWater"],"picked":"Ragnarok","floor":12.0},{"not_picked":["PathToVictory","CutThroughFate","JustLucky"],"picked":"SKIP","floor":13.0},{"not_picked":["Study","Perseverance","WindmillStrike"],"picked":"SKIP","floor":14.0},{"not_picked":["Ragnarok","MasterReality"],"picked":"Vault","floor":16.0},{"not_picked":["JustLucky","Wallop"],"picked":"Meditate","floor":18.0},{"not_picked":["Halt","WaveOfTheHand+1"],"picked":"EmptyMind","floor":20.0},{"not_picked":["Consecrate","LikeWater"],"picked":"Adaptation","floor":21.0},{"not_picked":["FollowUp","Vengeance","ClearTheMind"],"picked":"SKIP","floor":24.0},{"not_picked":["Halt","EmptyBody"],"picked":"TalkToTheHand","floor":25.0},{"not_picked":["SandsOfTime","EmptyFist+1","FlurryOfBlows"],"picked":"SKIP","floor":27.0},{"not_picked":["SignatureMove","Collect","FollowUp+1"],"picked":"SKIP","floor":28.0},{"not_picked":["Crescendo","Prostrate","SashWhip"],"picked":"SKIP","floor":30.0},{"not_picked":["MasterReality","ConjureBlade"],"picked":"Vault","floor":33.0},{"not_picked":["Indignation","Wireheading"],"picked":"Adaptation","floor":35.0},{"not_picked":["CutThroughFate","EmptyFist","Sanctity"],"picked":"SKIP","floor":40.0},{"not_picked":["Brilliance","Pray+1","Indignation"],"picked":"SKIP","floor":42.0},{"not_picked":["Wireheading","Study+1","Consecrate"],"picked":"SKIP","floor":44.0},{"not_picked":["Crescendo","TalkToTheHand+1","ThirdEye"],"picked":"SKIP","floor":46.0},{"not_picked":["CutThroughFate+1","ReachHeaven","Collect+1"],"picked":"SKIP","floor":55}],"player_experience":2817371,"relics_obtained":[{"floor":7.0,"key":"Smiling Mask"},{"floor":9.0,"key":"Omamori"},{"floor":10.0,"key":"MealTicket"},{"floor":12.0,"key":"Juzu Bracelet"},{"floor":19.0,"key":"Oddly Smooth Stone"},{"floor":24.0,"key":"Whetstone"},{"floor":27.0,"key":"StoneCalendar"},{"floor":40.0,"key":"Lantern"},{"floor":42.0,"key":"Pen Nib"},{"floor":43.0,"key":"Bottled Tornado"},{"floor":48.0,"key":"Mango"},{"floor":55,"key":"Kunai"}],"event_choices":[{"damage_healed":0.0,"max_hp_gain":0.0,"max_hp_loss":0.0,"gold_gain":0.0,"event_name":"Shining Light","player_choice":"Entered Light","floor":3.0,"gold_loss":0.0,"damage_taken":20.0,"cards_upgraded":["Strike_P","Strike_P"]},{"damage_healed":0.0,"max_hp_gain":0.0,"max_hp_loss":0.0,"gold_gain":75.0,"event_name":"World of Goop","player_choice":"Gather Gold","floor":4.0,"gold_loss":0.0,"damage_taken":11.0},{"cards_removed":["Defend_P"],"damage_healed":0.0,"max_hp_gain":0.0,"max_hp_loss":0.0,"gold_gain":0.0,"event_name":"Bonfire Elementals","player_choice":"Offered Basic","floor":5.0,"gold_loss":0.0,"damage_taken":0.0},{"damage_healed":0.0,"max_hp_gain":0.0,"max_hp_loss":0.0,"gold_gain":0.0,"event_name":"The Woman in Blue","player_choice":"Bought 1 Potion","floor":36.0,"gold_loss":0.0,"damage_taken":0.0},{"damage_healed":0.0,"max_hp_gain":0.0,"max_hp_loss":3.0,"gold_gain":0.0,"event_name":"Winding Halls","player_choice":"Max HP","floor":37.0,"gold_loss":0.0,"damage_taken":0.0},{"damage_healed":0.0,"max_hp_gain":0.0,"max_hp_loss":0.0,"gold_gain":999.0,"event_name":"MindBloom","player_choice":"Gold","floor":38.0,"gold_loss":0.0,"damage_taken":0.0,"cards_obtained":["Normality","Normality"]},{"damage_healed":0.0,"max_hp_gain":0.0,"max_hp_loss":0.0,"gold_gain":0.0,"event_name":"Mysterious Sphere","player_choice":"Fight","floor":48.0,"gold_loss":0.0,"damage_taken":0.0}],"is_beta":false,"boss_relics":[{"not_picked":["Velvet Choker","Pandora\u0027s Box"],"picked":"Philosopher\u0027s Stone"},{"not_picked":["Coffee Dripper","Snecko Eye"],"picked":"Fusion Hammer"}],"items_purged_floors":[22,31,39,47,54],"is_endless":false,"potions_floor_spawned":[2,8,12,21,24,27,28,35,40],"ascension_level":20}}