{"host":"3qkmyeoym75lj4wn","time":1609507971,"event":{"mods":["2.2 Compatiblity","BaseMod","Block Reminder","Colored Powertips","Highlight Path","Minty Spire (QoL Compilation)","Permanent Neow","Potion Indicator Mod","Rare Cards Sparkle","Relic Stats","StSLib"],"gold_per_floor":[14,14,33,33,52,87,107,107,107,107,120,120,160,3,3,96,96,109,122,122,122],"floor_reached":20,"playtime":790,"items_purged":[],"score":368,"play_id":"177f1606-25c9-42dd-b645-62797237dfe1","local_time":"20210101133251","is_ascension_mode":true,"campfire_choices":[{"floor":8.0,"key":"REST"},{"data":"Eruption","floor":10.0,"key":"SMITH"},{"floor":15.0,"key":"REST"}],"circlet_count":0,"master_deck":["AscendersBane","Strike_P","Defend_P","Defend_P","Defend_P","Defend_P","Eruption+1","Vigilance","BowlingBash","Adaptation","FlurryOfBlows","BowlingBash","TalkToTheHand+1","Brilliance","Devotion"],"relics":["PureWater","Golden Idol","Damaru","InkBottle","Regal Pillow","Empty Cage"],"acts_visited":["Exordium","TheCity"],"potions_floor_usage":[18,19],"damage_taken":[{"damage":0.0,"enemies":"Small Slimes","floor":1.0,"turns":5.0},{"damage":8.0,"enemies":"2 Louse","floor":3.0,"turns":2.0},{"damage":2.0,"enemies":"Jaw Worm","floor":5.0,"turns":3.0},{"damage":40.0,"enemies":"3 Sentries","floor":6.0,"turns":10.0},{"damage":6.0,"enemies":"Blue Slaver","floor":7.0,"turns":7.0},{"damage":1.0,"enemies":"3 Louse","floor":11.0,"turns":2.0},{"damage":9.0,"enemies":"Lagavulin","floor":13.0,"turns":7.0},{"damage":44.0,"enemies":"The Guardian","floor":16.0,"turns":8.0},{"damage":14,"enemies":"2 Thieves","floor":18,"turns":3},{"damage":32,"enemies":"Spheric Guardian","floor":19,"turns":6},{"damage":24,"enemies":"Cultist and Chosen","floor":20,"turns":3}],"seed_played":"-2256899782508334805","potions_obtained":[{"floor":5.0,"key":"SpeedPotion"},{"floor":6.0,"key":"GamblersBrew"},{"floor":11.0,"key":"Block Potion"},{"floor":13.0,"key":"Swift Potion"},{"floor":16.0,"key":"DistilledChaos"},{"floor":18,"key":"ColorlessPotion"}],"is_trial":false,"path_per_floor":["M","?","M","?","M","E","M","R","T","R","M","?","E","$","R","B",null,"M","M","M"],"character_chosen":"WATCHER","items_purchased":["Regal Pillow"],"campfire_rested":2,"item_purchase_floors":[14],"current_hp_per_floor":[61,61,53,58,56,16,10,30,30,30,29,29,20,20,55,11,53,39,7,0,0],"gold":122,"neow_bonus":"TRANSFORM_TWO_CARDS","is_daily":false,"chose_seed":false,"campfire_upgraded":1,"win_rate":0.0,"timestamp":1609507971,"path_taken":["M","?","M","?","M","E","M","R","T","R","M","?","E","?","R","BOSS","M","M","M"],"items_purchased_type":["Relic"],"build_version":"2020-12-22","purchased_purges":0,"victory":false,"max_hp_per_floor":[68,62,62,67,67,67,67,67,67,67,67,67,67,67,67,67,67,67,67,67,67],"relic_stats":{"Regal Pillow":15,"counters":[11,56],"Golden Idol":55,"obtain_stats":[{"Regal Pillow":14,"Golden Idol":2,"Damaru":6,"PureWater":0,"Empty Cage":17,"InkBottle":13},{"Regal Pillow":7,"Golden Idol":1,"Damaru":4,"PureWater":0,"Empty Cage":8,"InkBottle":7},{"Regal Pillow":36,"Golden Idol":5,"Damaru":20,"PureWater":0,"Empty Cage":44,"InkBottle":36}],"InkBottle":[6]},"card_choices":[{"not_picked":["Halt","WheelKick"],"picked":"Adaptation","floor":1.0},{"not_picked":["Protect","Crescendo"],"picked":"FlurryOfBlows","floor":3.0},{"not_picked":["Wireheading","Collect","ReachHeaven"],"picked":"SKIP","floor":5.0},{"not_picked":["JustLucky","ClearTheMind","ForeignInfluence"],"picked":"SKIP","floor":6.0},{"not_picked":["EmptyBody","Fasting2"],"picked":"BowlingBash","floor":7.0},{"not_picked":["JustLucky","Consecrate"],"picked":"TalkToTheHand","floor":11.0},{"not_picked":["LessonLearned","EmptyFist"],"picked":"Brilliance","floor":13.0},{"not_picked":["Judgement","ConjureBlade"],"picked":"Devotion","floor":16.0},{"not_picked":["Crescendo","PathToVictory","Conclude"],"picked":"SKIP","floor":18},{"not_picked":["ReachHeaven+1","Indignation","JustLucky+1"],"picked":"SKIP","floor":19}],"player_experience":1632534,"relics_obtained":[{"floor":6.0,"key":"Damaru"},{"floor":13.0,"key":"InkBottle"}],"event_choices":[{"damage_healed":0.0,"max_hp_gain":0.0,"max_hp_loss":6.0,"gold_gain":0.0,"event_name":"Golden Idol","player_choice":"Lose Max HP","floor":2.0,"gold_loss":0.0,"damage_taken":0.0,"relics_obtained":["Golden Idol"]},{"damage_healed":0.0,"max_hp_gain":5.0,"max_hp_loss":0.0,"gold_gain":0.0,"event_name":"Big Fish","player_choice":"Donut","floor":4.0,"gold_loss":0.0,"damage_taken":0.0},{"damage_healed":0.0,"max_hp_gain":0.0,"max_hp_loss":0.0,"gold_gain":0.0,"event_name":"Living Wall","player_choice":"Grow","floor":12.0,"gold_loss":0.0,"damage_taken":0.0,"cards_upgraded":["TalkToTheHand"]}],"is_beta":false,"boss_relics":[{"not_picked":["Pandora\u0027s Box","SlaversCollar"],"picked":"Empty Cage"}],"items_purged_floors":[],"is_endless":false,"potions_floor_spawned":[5,6,11,13,16,18],"killed_by":"Cultist and Chosen","ascension_level":20}}