{"host":"m77rrhbqzv44va4v","time":1609527133,"event":{"mods":["AchievementEnabler","BaseMod","Colored Map","DeckTracker","Keyboard Shortcuts","Minty Spire (QoL Compilation)","StSLib","SuperFastMode","everything is the same but u backflip on backflip"],"gold_per_floor":[113,125,50,50,24,24,53,53,78,90,110,110,128,128,128,205,205,223,96,21,33,33,33,65,65,89,115,115,15,27,37,37,115,115,127,152,0,0,0,29,29,29,53,53,85,85,97,112,112,112,112,112,31,57,57],"floor_reached":56,"playtime":1269,"items_purged":["Strike_R","Defend_R"],"score":2284,"play_id":"b8d132ad-78cd-4713-9972-95401f2162fb","local_time":"20210102035213","is_ascension_mode":true,"campfire_choices":[{"data":"Bash","floor":6.0,"key":"SMITH"},{"data":"Uppercut","floor":8.0,"key":"SMITH"},{"data":"Body Slam","floor":12.0,"key":"SMITH"},{"data":"True Grit","floor":15.0,"key":"SMITH"},{"data":"Barricade","floor":23.0,"key":"SMITH"},{"data":"Evolve","floor":25.0,"key":"SMITH"},{"data":"Pommel Strike","floor":28.0,"key":"SMITH"},{"data":"Second Wind","floor":32.0,"key":"SMITH"},{"floor":41,"key":"RECALL"},{"data":"Madness","floor":44,"key":"SMITH"},{"data":"Madness","floor":46,"key":"SMITH"},{"data":"Power Through","floor":49,"key":"SMITH"},{"data":"Shrug It Off","floor":52,"key":"SMITH"}],"circlet_count":0,"master_deck":["AscendersBane","Defend_R","Defend_R","Power Through","Shrug It Off+1","True Grit+1","Uppercut+1","Body Slam+1","Wild Strike","Barricade+1","Feed+1","Sever Soul+1","Entrench+1","Pommel Strike+1","Evolve+1","Power Through+1","Shrug It Off","Necronomicurse","Second Wind+1","Madness+1","Madness+1","Dark Embrace"],"relics":["Burning Blood","NeowsBlessing","Lantern","Bronze Scales","Vajra","Astrolabe","Necronomicon","Boot","Pen Nib","Thread and Needle","Busted Crown","WingedGreaves","Red Mask","Oddly Smooth Stone","Eternal Feather","Orichalcum"],"acts_visited":["Exordium","TheCity","TheBeyond","TheEnding"],"potions_floor_usage":[42],"damage_taken":[{"damage":0.0,"enemies":"Small Slimes","floor":1.0,"turns":1.0},{"damage":0.0,"enemies":"Cultist","floor":2.0,"turns":1.0},{"damage":0.0,"enemies":"3 Sentries","floor":7.0,"turns":2.0},{"damage":4.0,"enemies":"Jaw Worm","floor":10.0,"turns":3.0},{"damage":9.0,"enemies":"Large Slime","floor":11.0,"turns":6.0},{"damage":3.0,"enemies":"Looter","floor":13.0,"turns":2.0},{"damage":37.0,"enemies":"The Guardian","floor":16.0,"turns":10.0},{"damage":7.0,"enemies":"Chosen","floor":18.0,"turns":6.0},{"damage":0.0,"enemies":"2 Thieves","floor":21.0,"turns":3.0},{"damage":13.0,"enemies":"Gremlin Leader","floor":24.0,"turns":9.0},{"damage":15.0,"enemies":"Book of Stabbing","floor":27.0,"turns":6.0},{"damage":0.0,"enemies":"Shelled Parasite and Fungi","floor":30.0,"turns":4.0},{"damage":5.0,"enemies":"Snake Plant","floor":31.0,"turns":4.0},{"damage":0.0,"enemies":"Collector","floor":33.0,"turns":9.0},{"damage":0.0,"enemies":"Orb Walker","floor":35.0,"turns":3.0},{"damage":4,"enemies":"Mind Bloom Boss Battle","floor":36,"turns":5},{"damage":11,"enemies":"Nemesis","floor":40,"turns":5},{"damage":0,"enemies":"Reptomancer","floor":42,"turns":2},{"damage":15,"enemies":"Nemesis","floor":45,"turns":7},{"damage":21,"enemies":"3 Darklings","floor":47,"turns":6},{"damage":5,"enemies":"Maw","floor":48,"turns":8},{"damage":12,"enemies":"Time Eater","floor":50,"turns":9},{"damage":9,"enemies":"Shield and Spear","floor":54,"turns":7},{"damage":29,"enemies":"The Heart","floor":55,"turns":7}],"seed_played":"-5805792320148106828","potions_obtained":[{"floor":2.0,"key":"BloodPotion"},{"floor":7.0,"key":"BlessingOfTheForge"},{"floor":27.0,"key":"Dexterity Potion"},{"floor":33.0,"key":"SmokeBomb"},{"floor":35.0,"key":"Strength Potion"},{"floor":36,"key":"BloodPotion"}],"is_trial":false,"path_per_floor":["M","M","$","?","$","R","E","R","T","M","M","R","M","?","R","B",null,"M","$","?","M","?","R","E","R","T","E","R","$","M","M","R","B",null,"M","?","?","?","?","E","R","E","T","R","E","R","M","M","R","B",null,"R","$","E","B",null],"character_chosen":"IRONCLAD","items_purchased":["True Grit","Evolve","Power Through","Dark Embrace"],"campfire_rested":0,"item_purchase_floors":[5,19,19,53],"current_hp_per_floor":[74,75,75,75,75,75,75,75,75,75,72,72,75,57,57,26,63,62,62,62,68,47,47,40,40,40,46,46,46,52,53,53,59,71,75,75,75,75,61,56,56,62,62,62,53,65,50,51,63,57,71,75,75,72,49],"gold":57,"neow_bonus":"THREE_ENEMY_KILL","is_daily":false,"chose_seed":false,"campfire_upgraded":12,"win_rate":0.0,"timestamp":1609527133,"path_taken":["M","M","$","?","$","R","E","R","T","M","?","R","M","?","R","BOSS","M","$","?","M","?","R","E","R","T","E","R","$","M","M","R","BOSS","M","?","?","?","?","E","R","E","T","R","E","R","M","M","R","BOSS","R","$","E","BOSS"],"items_purchased_type":["Card","Card","Card","Card"],"build_version":"2020-12-22","purchased_purges":2,"victory":true,"max_hp_per_floor":[75,75,75,75,75,75,75,75,75,75,75,75,75,75,75,75,75,75,75,75,75,75,75,75,75,75,75,75,75,75,75,75,75,75,75,75,75,75,75,75,75,75,75,75,75,75,75,75,75,75,75,75,75,75,75],"card_choices":[{"not_picked":["Pommel Strike","Hemokinesis"],"picked":"Power Through","floor":1.0},{"not_picked":["Combust","Sever Soul"],"picked":"Shrug It Off","floor":2.0},{"not_picked":["Warcry","Iron Wave"],"picked":"Uppercut","floor":7.0},{"not_picked":["Uppercut","Armaments"],"picked":"Body Slam","floor":10.0},{"not_picked":["Shrug It Off","Flex","Heavy Blade"],"picked":"SKIP","floor":11.0},{"not_picked":["Sword Boomerang","Anger"],"picked":"Wild Strike","floor":13.0},{"not_picked":["Exhume","Double Tap"],"picked":"Barricade","floor":16.0},{"not_picked":["Armaments+1","Wild Strike"],"picked":"Pommel Strike","floor":18.0},{"not_picked":["Intimidate","Infernal Blade"],"picked":"Shrug It Off","floor":21.0},{"not_picked":["Twin Strike","Juggernaut"],"picked":"Second Wind","floor":24.0},{"not_picked":["Cleave","Searing Blow","Anger"],"picked":"SKIP","floor":27.0},{"not_picked":["Dropkick","Armaments","Sword Boomerang"],"picked":"SKIP","floor":30.0},{"not_picked":["Heavy Blade","Clothesline","Fiend Fire"],"picked":"SKIP","floor":31.0},{"not_picked":["Sword Boomerang"],"picked":"SKIP","floor":35.0},{"not_picked":["Thunderclap"],"picked":"SKIP","floor":40},{"not_picked":["Iron Wave"],"picked":"SKIP","floor":45},{"not_picked":["Shrug It Off+1"],"picked":"SKIP","floor":47},{"not_picked":["Perfected Strike+1"],"picked":"SKIP","floor":48},{"not_picked":["Clash"],"picked":"SKIP","floor":54}],"player_experience":870731,"relics_obtained":[{"floor":7.0,"key":"Lantern"},{"floor":9.0,"key":"Bronze Scales"},{"floor":22.0,"key":"Necronomicon"},{"floor":24.0,"key":"Boot"},{"floor":26.0,"key":"Pen Nib"},{"floor":27.0,"key":"Thread and Needle"},{"floor":36,"key":"WingedGreaves"},{"floor":40,"key":"Oddly Smooth Stone"},{"floor":45,"key":"Eternal Feather"},{"floor":54,"key":"Orichalcum"}],"event_choices":[{"cards_removed":["Defend_R"],"damage_healed":0.0,"max_hp_gain":0.0,"max_hp_loss":0.0,"gold_gain":0.0,"event_name":"Purifier","player_choice":"Purged","floor":4.0,"gold_loss":0.0,"damage_taken":0.0},{"damage_healed":0.0,"max_hp_gain":0.0,"max_hp_loss":0.0,"gold_gain":0.0,"event_name":"Scrap Ooze","player_choice":"Success","floor":14.0,"gold_loss":0.0,"damage_taken":18.0,"relics_obtained":["Vajra"]},{"cards_removed":["Strike_R"],"damage_healed":0.0,"max_hp_gain":0.0,"max_hp_loss":0.0,"gold_gain":0.0,"event_name":"Beggar","player_choice":"Gave Gold","floor":20.0,"gold_loss":75.0,"damage_taken":0.0},{"damage_healed":0.0,"max_hp_gain":0.0,"max_hp_loss":0.0,"gold_gain":0.0,"event_name":"Cursed Tome","player_choice":"Obtained Book","floor":22.0,"gold_loss":0.0,"damage_taken":21.0},{"damage_healed":0,"gold_gain":0,"player_choice":"Fight","damage_taken":0,"max_hp_gain":0,"max_hp_loss":0,"event_name":"MindBloom","floor":36,"gold_loss":0},{"damage_healed":0,"gold_gain":0,"player_choice":"Paid","damage_taken":0,"relics_obtained":["Red Mask"],"max_hp_gain":0,"max_hp_loss":0,"event_name":"Tomb of Lord Red Mask","floor":37,"gold_loss":152},{"cards_removed":["Bash"],"damage_healed":0,"gold_gain":0,"player_choice":"Removed Attack","damage_taken":0,"max_hp_gain":0,"max_hp_loss":0,"event_name":"Falling","floor":38,"gold_loss":0},{"damage_healed":0,"gold_gain":0,"player_choice":"Embrace Madness","damage_taken":14,"max_hp_gain":0,"max_hp_loss":0,"event_name":"Winding Halls","floor":39,"gold_loss":0,"cards_obtained":["Madness","Madness"]}],"is_beta":false,"boss_relics":[{"not_picked":["Coffee Dripper","Runic Dome"],"picked":"Astrolabe"},{"not_picked":["Runic Cube","Calling Bell"],"picked":"Busted Crown"}],"items_purged_floors":[3,29],"is_endless":false,"potions_floor_spawned":[2,7,13,27,33,35,36,40],"ascension_level":18}}