{"host":"9ndbo4kgsfoemf7y","time":1609508481,"event":{"mods":["AchievementEnabler","BaseMod","Colored Map","DeckTracker","Keyboard Shortcuts","Minty Spire (QoL Compilation)","Permanent Neow","Quick Restart","Relic Stats","StSLib","SuperFastMode"],"gold_per_floor":[109,125,125,137,151,151,183,183,253,288,299,299,299,311,311,414,414,432,444,444,444,461,461,308,334,334,68,68,84,84,96,96,199,199,210,229,276,0,18,18,18,18,18,18,36,36,50,85,85,85],"floor_reached":51,"playtime":1699,"items_purged":["Strike_B"],"score":988,"play_id":"88ad2b1d-64af-4e78-baae-6a6b94ca606e","local_time":"20210101224121","is_ascension_mode":true,"campfire_choices":[{"data":"Zap","floor":6.0,"key":"SMITH"},{"data":"Buffer","floor":8.0,"key":"SMITH"},{"data":"Hologram","floor":13.0,"key":"SMITH"},{"data":"Glacier","floor":15.0,"key":"SMITH"},{"data":"RitualDagger","floor":23,"key":"SMITH"},{"data":"Electrodynamics","floor":28,"key":"SMITH"},{"data":"Blizzard","floor":32,"key":"SMITH"},{"data":"Loop","floor":40,"key":"SMITH"},{"data":"Buffer","floor":42,"key":"SMITH"},{"data":"Defragment","floor":44,"key":"SMITH"},{"data":"Dualcast","floor":46,"key":"SMITH"},{"data":"Blizzard","floor":49,"key":"SMITH"}],"circlet_count":0,"master_deck":["Defend_B","Defend_B","Defend_B","Defend_B","Zap+1","Dualcast+1","Blizzard+1","Rip and Tear","Self Repair","Defragment+1","Cold Snap","Buffer+1","Turbo","Ball Lightning","Hologram+1","Self Repair","Leap","Glacier+1","Electrodynamics+1","Chill+1","Sweeping Beam+1","RitualDagger+1","Loop+1","Coolheaded+1","Genetic Algorithm+1","Blizzard+1","Buffer+1","Consume+1","Lockon+1"],"relics":["Cracked Core","FossilizedHelix","Kunai","Orichalcum","Inserter","Happy Flower","Incense Burner","Toxic Egg 2","Sozu","Blood Vial","Red Mask","Lantern","Mercury Hourglass"],"acts_visited":["Exordium","TheCity","TheBeyond"],"potions_floor_usage":[33,50],"damage_taken":[{"damage":0.0,"enemies":"Cultist","floor":1.0,"turns":3.0},{"damage":7.0,"enemies":"Small Slimes","floor":2.0,"turns":3.0},{"damage":7.0,"enemies":"Jaw Worm","floor":4.0,"turns":3.0},{"damage":1.0,"enemies":"Large Slime","floor":5.0,"turns":5.0},{"damage":10.0,"enemies":"Gremlin Nob","floor":7.0,"turns":5.0},{"damage":27.0,"enemies":"3 Sentries","floor":10.0,"turns":10.0},{"damage":1.0,"enemies":"3 Louse","floor":11.0,"turns":3.0},{"damage":0.0,"enemies":"Red Slaver","floor":14.0,"turns":4.0},{"damage":0.0,"enemies":"The Guardian","floor":16.0,"turns":15.0},{"damage":34.0,"enemies":"2 Thieves","floor":18.0,"turns":5.0},{"damage":3,"enemies":"Shell Parasite","floor":19,"turns":7},{"damage":0,"enemies":"3 Cultists","floor":22,"turns":5},{"damage":44,"enemies":"Gremlin Leader","floor":25,"turns":10},{"damage":0,"enemies":"Snecko","floor":29,"turns":6},{"damage":0,"enemies":"Centurion and Healer","floor":31,"turns":6},{"damage":83,"enemies":"Champ","floor":33,"turns":14},{"damage":0,"enemies":"3 Shapes","floor":35,"turns":4},{"damage":0,"enemies":"Orb Walker","floor":36,"turns":6},{"damage":0,"enemies":"Maw","floor":39,"turns":9},{"damage":18,"enemies":"3 Darklings","floor":45,"turns":3},{"damage":0,"enemies":"Jaw Worm Horde","floor":47,"turns":3},{"damage":0,"enemies":"Giant Head","floor":48,"turns":10},{"damage":0,"enemies":"Donu and Deca","floor":50,"turns":8}],"seed_played":"5082617807235826371","potions_obtained":[{"floor":4.0,"key":"EssenceOfSteel"},{"floor":10.0,"key":"DuplicationPotion"},{"floor":11.0,"key":"FairyPotion"},{"floor":25,"key":"DistilledChaos"},{"floor":33,"key":"BlessingOfTheForge"}],"is_trial":false,"path_per_floor":["M","M","?","M","M","R","E","R","T","E","M","?","R","M","R","B",null,"M","M","?","?","M","R","$","E","T","$","R","M","?","M","R","B",null,"M","M","T","?","M","R","$","R","T","R","M","R","M","E","R","B",null],"character_chosen":"DEFECT","items_purchased":["Loop","Toxic Egg 2","Coolheaded+1"],"campfire_rested":0,"item_purchase_floors":[24,27,27],"current_hp_per_floor":[54,54,54,54,60,60,57,57,57,37,43,43,43,57,57,71,75,55,66,66,60,67,67,67,37,37,37,37,44,44,58,58,36,75,75,75,75,75,75,75,75,75,75,75,64,64,73,75,75,75],"gold":85,"neow_bonus":"TRANSFORM_TWO_CARDS","is_daily":false,"chose_seed":false,"campfire_upgraded":12,"win_rate":0.0,"timestamp":1609508481,"path_taken":["M","?","?","M","?","R","E","R","T","E","M","?","R","M","R","BOSS","M","M","?","?","M","R","$","E","T","$","R","M","?","M","R","BOSS","M","M","?","?","?","R","$","R","T","R","M","R","M","E","R","BOSS"],"items_purchased_type":["Card","Relic","Card"],"build_version":"2020-12-22","purchased_purges":1,"victory":true,"max_hp_per_floor":[75,75,75,75,75,75,75,75,75,75,75,75,75,75,75,75,75,75,75,75,75,75,75,75,75,75,75,75,75,75,75,75,75,75,75,75,75,75,75,75,75,75,75,75,75,75,75,75,75,75],"relic_stats":{"Sozu":2,"Blood Vial":4,"Inserter":[48],"Happy Flower":[23],"counters":[23,146],"Kunai":[10],"Orichalcum":[162],"obtain_stats":[{"Lantern":43,"Inserter":17,"Happy Flower":25,"Incense Burner":26,"Orichalcum":10,"Mercury Hourglass":48,"Sozu":34,"Blood Vial":37,"Red Mask":38,"Kunai":9,"Toxic Egg 2":27,"Cracked Core":0,"FossilizedHelix":7},{"Lantern":19,"Inserter":9,"Happy Flower":13,"Incense Burner":13,"Orichalcum":6,"Mercury Hourglass":22,"Sozu":16,"Blood Vial":18,"Red Mask":18,"Kunai":5,"Toxic Egg 2":13,"Cracked Core":0,"FossilizedHelix":5},{"Lantern":122,"Inserter":51,"Happy Flower":78,"Incense Burner":78,"Orichalcum":29,"Mercury Hourglass":138,"Sozu":104,"Blood Vial":113,"Red Mask":113,"Kunai":19,"Toxic Egg 2":78,"Cracked Core":0,"FossilizedHelix":19}],"Mercury Hourglass":[27]},"card_choices":[{"not_picked":["Stack","Storm"],"picked":"Self Repair","floor":1.0},{"not_picked":["Barrage","Redo"],"picked":"Defragment","floor":2.0},{"not_picked":["Reinforced Body","Redo"],"picked":"Turbo","floor":4.0},{"not_picked":["Creative AI","Doom and Gloom","Reinforced Body"],"picked":"SKIP","floor":5.0},{"not_picked":["Storm","Rip and Tear"],"picked":"Ball Lightning","floor":7.0},{"not_picked":["Coolheaded","Steam"],"picked":"Hologram","floor":10.0},{"not_picked":["Ball Lightning","Steam"],"picked":"Self Repair","floor":11.0},{"not_picked":["Barrage","Turbo"],"picked":"Glacier","floor":14.0},{"not_picked":["Echo Form","Biased Cognition"],"picked":"Electrodynamics","floor":16.0},{"not_picked":["Steam","Rebound+1"],"picked":"Chill+1","floor":18},{"not_picked":["Beam Cell","Hologram"],"picked":"Sweeping Beam+1","floor":19},{"not_picked":["Ball Lightning+1","All For One","Static Discharge+1"],"picked":"SKIP","floor":22},{"not_picked":["Reprogram","Reinforced Body","All For One"],"picked":"SKIP","floor":25},{"not_picked":["Gash+1","Hello World"],"picked":"Genetic Algorithm+1","floor":29},{"not_picked":["Rebound+1","Hello World"],"picked":"Blizzard","floor":31},{"not_picked":["Creative AI","Rainbow+1"],"picked":"Buffer","floor":33},{"not_picked":["Scrape+1","Redo+1"],"picked":"Consume+1","floor":35},{"not_picked":["Cold Snap","Coolheaded+1","Redo+1"],"picked":"SKIP","floor":36},{"not_picked":["Cold Snap","Turbo+1","Gash"],"picked":"SKIP","floor":39},{"not_picked":["Compile Driver","Genetic Algorithm+1","Cold Snap+1"],"picked":"SKIP","floor":45},{"not_picked":["Echo Form","Coolheaded+1","Streamline"],"picked":"SKIP","floor":47},{"not_picked":["Redo+1","Hologram+1"],"picked":"Lockon+1","floor":48}],"player_experience":767692,"relics_obtained":[{"floor":7.0,"key":"FossilizedHelix"},{"floor":9.0,"key":"Kunai"},{"floor":10.0,"key":"Orichalcum"},{"floor":25,"key":"Happy Flower"},{"floor":26,"key":"Incense Burner"},{"floor":37,"key":"Blood Vial"},{"floor":43,"key":"Lantern"},{"floor":48,"key":"Mercury Hourglass"}],"event_choices":[{"damage_healed":0.0,"max_hp_gain":0.0,"max_hp_loss":0.0,"gold_gain":0.0,"event_name":"Match and Keep!","player_choice":"2 cards matched","floor":3.0,"gold_loss":0.0,"damage_taken":0.0,"cards_obtained":["Cold Snap","Buffer"]},{"damage_healed":0.0,"max_hp_gain":0.0,"max_hp_loss":0.0,"gold_gain":0.0,"cards_transformed":["Strike_B"],"event_name":"Living Wall","player_choice":"Change","floor":12.0,"gold_loss":0.0,"damage_taken":0.0,"cards_obtained":["Leap"]},{"damage_healed":0,"gold_gain":0,"player_choice":"Ignored","damage_taken":0,"max_hp_gain":0,"max_hp_loss":0,"event_name":"Ghosts","floor":20,"gold_loss":0},{"damage_healed":0,"gold_gain":0,"player_choice":"Joined the Cult","damage_taken":6,"max_hp_gain":0,"max_hp_loss":0,"event_name":"Nest","floor":21,"gold_loss":0,"cards_obtained":["RitualDagger"]},{"damage_healed":0,"gold_gain":0,"player_choice":"Bought 0 Potions","damage_taken":0,"max_hp_gain":0,"max_hp_loss":0,"event_name":"The Woman in Blue","floor":30,"gold_loss":0},{"damage_healed":0,"gold_gain":0,"player_choice":"Paid","damage_taken":0,"relics_obtained":["Red Mask"],"max_hp_gain":0,"max_hp_loss":0,"event_name":"Tomb of Lord Red Mask","floor":38,"gold_loss":276}],"is_beta":false,"boss_relics":[{"not_picked":["Nuclear Battery","Astrolabe"],"picked":"Inserter"},{"not_picked":["Fusion Hammer","Runic Pyramid"],"picked":"Sozu"}],"items_purged_floors":[24],"is_endless":false,"potions_floor_spawned":[4,10,11,14,16,25,33,36,45],"ascension_level":4}}