{"host":"dhyczjm99amxd3qx","time":1609525082,"event":{"mods":["BaseMod","Colored Map","Googly Eyes","Highlight Path","Minty Spire (QoL Compilation)","Quick Restart","StSLib"],"gold_per_floor":[117,133,143,156,2,2,33,33,33,33,33],"floor_reached":10,"playtime":379,"items_purged":[],"score":95,"play_id":"e5724505-2e2c-4bf1-acab-c2be699cdb5e","local_time":"20210101131802","is_ascension_mode":true,"campfire_choices":[{"data":"Searing Blow","floor":6,"key":"SMITH"},{"data":"Searing Blow+1","floor":8,"key":"SMITH"}],"circlet_count":0,"master_deck":["Strike_R","Strike_R","Strike_R","Strike_R","Strike_R","Defend_R","Defend_R","Defend_R","Defend_R","Bash","Whirlwind","Carnage","Searing Blow+2","Rage"],"relics":["Burning Blood","Membership Card","Blue Candle","Meat on the Bone"],"acts_visited":["Exordium"],"potions_floor_usage":[],"damage_taken":[{"damage":1,"enemies":"Cultist","floor":1,"turns":4},{"damage":0,"enemies":"Small Slimes","floor":2,"turns":3},{"damage":2,"enemies":"2 Louse","floor":3,"turns":3},{"damage":32,"enemies":"Large Slime","floor":4,"turns":5},{"damage":50,"enemies":"3 Sentries","floor":7,"turns":9},{"damage":34,"enemies":"Lagavulin","floor":10,"turns":3}],"seed_played":"-5688844014529250417","potions_obtained":[{"floor":1,"key":"Explosive Potion"},{"floor":7,"key":"Ancient Potion"}],"is_trial":false,"path_per_floor":["M","M","M","M","$","R","E","R","T","E"],"character_chosen":"IRONCLAD","items_purchased":["Membership Card"],"campfire_rested":0,"item_purchase_floors":[5],"current_hp_per_floor":[85,88,88,62,62,62,18,18,18,0,0],"gold":33,"neow_bonus":"TEN_PERCENT_HP_BONUS","is_daily":false,"chose_seed":false,"campfire_upgraded":2,"win_rate":0.0,"timestamp":1609525082,"path_taken":["M","M","?","?","?","R","E","R","T","E"],"items_purchased_type":["Relic"],"build_version":"2020-12-22","purchased_purges":0,"victory":false,"max_hp_per_floor":[88,88,88,88,88,88,88,88,88,88,88],"card_choices":[{"not_picked":["Pummel","Warcry"],"picked":"Whirlwind","floor":1},{"not_picked":["Armaments","Body Slam"],"picked":"Carnage","floor":2},{"not_picked":["Whirlwind","Twin Strike"],"picked":"Searing Blow","floor":3},{"not_picked":["Rampage","Power Through","Perfected Strike"],"picked":"SKIP","floor":4},{"not_picked":["Dropkick","Shrug It Off"],"picked":"Rage","floor":7}],"player_experience":259260,"relics_obtained":[{"floor":7,"key":"Blue Candle"},{"floor":9,"key":"Meat on the Bone"}],"event_choices":[],"is_beta":false,"boss_relics":[],"items_purged_floors":[],"is_endless":false,"potions_floor_spawned":[1,7],"killed_by":"Lagavulin","ascension_level":8}}