{"host":"h1l2j95f0ioyx0nx","time":1609482147,"event":{"mods":["AchievementEnabler","Arknights The Spire","Ascension Reborn","BaseMod","BetterRewards","Gold Saver","GungeonMod","Hermit","Lobotomy","Minty Spire (QoL Compilation)","Permanent Neow","Quick Restart","Shop Mod","Spicy Shops","StSLib","The Bug Knight","The Cursed","The Dragon Tamer","The Hierophant","The Jungle","The Poker Player","The Runesmith"],"gold_per_floor":[1755,1755,1791,1791,1791,1791,1813,1813,1813,752,799,836,867,129,129,342,342,373,198,198,216,101,175,175,206,206,206,226,248,296,345,388,388,396,532,532,568,134,172,211,211,211,250,250,281,340,400,400,417,3,3,11,11,11,15,91,99],"floor_reached":58,"playtime":7367,"items_purged":["Shame"],"score":1201,"play_id":"8cd7a20f-0eca-4e96-a51c-378090ae8a41","local_time":"20210101152227","is_ascension_mode":true,"campfire_choices":[{"floor":6,"key":"RECALL"},{"data":"hermit:DeadOrAlive","floor":8,"key":"SMITH"},{"data":"hermit:FatalDesire","floor":15,"key":"SMITH"},{"data":"hermit:FinalCanter","floor":27,"key":"SMITH"},{"data":"hermit:Combo","floor":33,"key":"SMITH"},{"data":"DemoMod:Elimentaler","floor":42,"key":"SMITH"},{"data":"hermit:Grudge","floor":44,"key":"SMITH"},{"data":"hermit:Deadeye","floor":51,"key":"SMITH"},{"data":"hermit:Enervate","floor":54,"key":"SMITH"}],"circlet_count":0,"master_deck":["hermit:Strike_Hermit+1","hermit:Strike_Hermit+1","hermit:Strike_Hermit+1","hermit:Strike_Hermit+1","hermit:Defend_Hermit+1","hermit:Defend_Hermit+1","hermit:Defend_Hermit+1","hermit:Defend_Hermit+1","hermit:Snapshot+1","hermit:Covet+1","hermit:DeadOrAlive+1","hermit:Scavenge+1","hermit:ShadowCloak+1","hermit:Enervate","Pain","hermit:Virtue+1","hermit:Grudge+1","hermit:Gambit+1","hermit:DeadOrAlive+1","hermit:Enervate+1","hermit:Manifest+1","hermit:Maintenance+1","Apotheosis+1","hermit:Deadeye+1","hermit:Brawl+1","hermit:FatalDesire+1","hermit:Ricochet+1","hermit:Horror+1","hermit:FinalCanter+1","hermit:Maintenance+1","theJungle:PetSnecko+1","hermit:Scavenge+1","hermit:Snipe+1","hermit:Misfire+1","hermit:Maintenance+1","hermit:Manifest+1","hermit:Combo+1","hermit:LoneWolf+1","DemoMod:Elimentaler+1","hermit:Dissolve+1","hermit:GhostlyPresence+1","hermit:Deadeye+1","hermit:Midnight+1","hermit:Deadeye+1","hermit:LoneWolf+1","Master of Strategy+1","Madness+1","Magnetism+1","hermit:Snipe+1"],"relics":["hermit:Momento","Thread and Needle","Runesmith:AutoHammer","DemoMod:MemoryAlloy","Potion Belt","Toxic Egg 2","Pen Nib","Sundial","Medical Kit","MerchantsRug","DollysMirror","HornCleat","DemoMod:MonsterBlood","Bottled Flame","DemoMod:Relodestone","SlaversCollar","theJungle:ShellPeas","Kunai","Toolbox","ats:Originium","Mango","Gremlin Horn","hermit:CharredGlove","DemoMod:RatBoots","DemoMod:ResourcefulSack","DemoMod:PartiallyEatenCheese","hermit:BartenderGlass","SacredBark","Membership Card","Bottled Lightning","Nunchaku","Lantern","OrangePellets","Blood Vial","Happy Flower","Oddly Smooth Stone","DemoMod:GreenGuonStone","Question Card","Mercury Hourglass","Chemical X","DemoMod:Orange","DemoMod:OrangeGuonStone","hermit:PetGhost","Letter Opener"],"acts_visited":["Exordium","Exordium","theJungle:Jungle","TheBeyond","TheEnding"],"potions_floor_usage":[16,16,21,43,43,52,57,57,57],"damage_taken":[{"damage":3,"enemies":"Jaw Worm","floor":1,"turns":2},{"damage":0,"enemies":"Small Slimes","floor":3,"turns":1},{"damage":0,"enemies":"Cultist","floor":7,"turns":2},{"damage":4,"enemies":"Exordium Thugs","floor":11,"turns":3},{"damage":0,"enemies":"3 Louse","floor":12,"turns":1},{"damage":0,"enemies":"Blue Slaver","floor":13,"turns":1},{"damage":13,"enemies":"The Guardian","floor":16,"turns":5},{"damage":0,"enemies":"theJungle:GiantWrat","floor":18,"turns":4},{"damage":0,"enemies":"JungleHuntersEvent","floor":21,"turns":4},{"damage":0,"enemies":"theJungle:MamaSnecko","floor":23,"turns":3},{"damage":2,"enemies":"theJungle:MUSHROOMGANG","floor":25,"turns":2},{"damage":7,"enemies":"DemoMod:Red_and_blue_shotgun_kin","floor":28,"turns":2},{"damage":1,"enemies":"DemoMod:4_Bullet_Kins","floor":29,"turns":3},{"damage":0,"enemies":"DemoMod:Veteran_shot_gun_kin_and_blue_shotgun_kin_with_gunsinger","floor":30,"turns":4},{"damage":0,"enemies":"DemoMod:Red_and_blue_shotgun_kin_with_gunsinger","floor":31,"turns":3},{"damage":0,"enemies":"DemoMod:Veteran_shot_gun_kin_and_red_shotgun_kin_with_gunsinger","floor":32,"turns":2},{"damage":0,"enemies":"DemoMod:ResourcefulRat","floor":35,"turns":9},{"damage":0,"enemies":"3 Darklings","floor":37,"turns":3},{"damage":3,"enemies":"3 Shapes","floor":39,"turns":2},{"damage":0,"enemies":"Transient","floor":40,"turns":5},{"damage":1,"enemies":"Reptomancer","floor":43,"turns":4},{"damage":0,"enemies":"Sphere and 2 Shapes","floor":46,"turns":3},{"damage":0,"enemies":"Mind Bloom Boss Battle","floor":47,"turns":1},{"damage":0,"enemies":"Maw","floor":49,"turns":4},{"damage":1,"enemies":"Awakened One","floor":52,"turns":5},{"damage":0,"enemies":"Shield and Spear","floor":56,"turns":2},{"damage":8,"enemies":"The Heart","floor":57,"turns":5}],"seed_played":"-6057665581240015290","potions_obtained":[{"floor":1,"key":"PowerPotion"},{"floor":3,"key":"SkillPotion"},{"floor":13,"key":"SkillPotion"},{"floor":16,"key":"hermit:Tonic"},{"floor":18,"key":"DistilledChaos"},{"floor":18,"key":"Explosive Potion"},{"floor":21,"key":"Ancient Potion"},{"floor":23,"key":"Swift Potion"},{"floor":25,"key":"Strength Potion"},{"floor":31,"key":"hermit:Eclipse"},{"floor":46,"key":"Energy Potion"},{"floor":49,"key":"DemoMod:LeadSkinPotion"}],"is_trial":false,"path_per_floor":["M","?","M","?","?","R","M","R","T","$","M","M","M","$","R","B",null,"M","?","?","?","$","E","?","M","T","R","M","M","M","M","M","R","B","B",null,"M","$","M","M","?","R","E","R","T","M","?","T","M","$","R","B",null,"R","$","E","B",null],"character_chosen":"HERMIT","items_purchased":["DemoMod:GnawedKey","Potion Belt","Toxic Egg 2","hermit:Virtue+1","Pen Nib","Sundial","Medical Kit","hermit:Grudge","hermit:Gambit+1","MerchantsRug","DollysMirror","HornCleat","Apotheosis+1","DemoMod:MonsterBlood","Bottled Flame","War Paint","Orrery","Toolbox","Membership Card","Bottled Lightning","Nunchaku","Lantern","OrangePellets","Blood Vial","Chemical X","DemoMod:Orange","DemoMod:OrangeGuonStone","hermit:PetGhost","Master of Strategy+1","Madness+1","Magnetism+1"],"campfire_rested":0,"item_purchase_floors":[10,10,10,10,10,10,10,10,10,10,10,14,14,14,14,14,14,22,38,38,38,38,38,38,50,50,50,50,50,50,55],"current_hp_per_floor":[76,83,83,80,80,80,80,80,80,80,76,76,76,86,86,79,95,95,95,95,95,95,109,104,102,114,114,107,106,106,106,106,106,104,110,118,118,118,115,118,118,118,117,117,117,118,118,118,118,130,130,134,134,134,134,134,136],"gold":99,"neow_bonus":"ONE_RANDOM_RARE_CARD","is_daily":false,"chose_seed":false,"campfire_upgraded":8,"win_rate":0.0,"timestamp":1609482147,"path_taken":["M","?","M","?","?","R","?","R","T","$","M","M","M","$","R","BOSS","M","?","?","?","$","E","?","?","T","R","M","M","M","M","M","R","BOSS","BOSS","M","$","M","M","?","R","E","R","T","M","?","?","?","$","R","BOSS","R","$","E","BOSS"],"items_purchased_type":["Relic","Relic","Relic","Card","Relic","Relic","Relic","Card","Card","Relic","Relic","Relic","Card","Relic","Relic","Relic","Relic","Relic","Relic","Relic","Relic","Card","Relic","Relic","Relic","Relic","Relic","Relic","Card","Card","Card"],"build_version":"2020-12-22","purchased_purges":1,"victory":true,"max_hp_per_floor":[79,84,84,84,84,84,84,84,84,84,84,84,84,91,91,95,95,95,95,95,95,95,109,114,114,114,114,114,114,114,114,114,114,114,118,118,118,118,118,118,118,118,118,118,118,118,118,118,118,130,130,134,134,134,134,134,138],"card_choices":[{"not_picked":["hermit:BodyArmor","hermit:Virtue"],"picked":"hermit:Scavenge","floor":1},{"not_picked":["hermit:SprayPray","hermit:Feint+1"],"picked":"hermit:ShadowCloak+1","floor":3},{"not_picked":["hermit:CalledShot","hermit:Quickdraw"],"picked":"hermit:Enervate","floor":7},{"not_picked":["hermit:NoHoldsBarred","hermit:TrackingShot+1"],"picked":"hermit:Enervate","floor":11},{"not_picked":["hermit:TrackingShot","hermit:Roulette"],"picked":"hermit:Manifest+1","floor":12},{"not_picked":["hermit:Enervate","hermit:Headshot"],"picked":"hermit:Maintenance+1","floor":13},{"not_picked":["hermit:Vantage+1","hermit:Dive+1"],"picked":"hermit:Deadeye","floor":14},{"not_picked":["hermit:Roulette+1","hermit:Gestalt+1"],"picked":"hermit:Brawl+1","floor":14},{"not_picked":["hermit:Quickdraw","hermit:Snipe+1"],"picked":"hermit:FatalDesire","floor":14},{"not_picked":["hermit:ItchyTrigger","hermit:Glare+1"],"picked":"hermit:Ricochet+1","floor":14},{"not_picked":["hermit:ShadowCloak","hermit:Glare+1"],"picked":"hermit:Horror+1","floor":14},{"not_picked":["hermit:Adapt","hermit:FromBeyond+1"],"picked":"hermit:FinalCanter","floor":16},{"not_picked":["hermit:HighCaliber","hermit:ShadowCloak"],"picked":"hermit:Maintenance+1","floor":18},{"not_picked":["hermit:Quickdraw+1","hermit:CalledShot"],"picked":"hermit:Scavenge+1","floor":23},{"not_picked":["hermit:HoleUp+1","hermit:Shortfuse"],"picked":"hermit:Snipe+1","floor":25},{"not_picked":["hermit:Roulette+1","hermit:ShadowCloak"],"picked":"hermit:Misfire","floor":28},{"not_picked":["hermit:HighCaliber+1","hermit:SprayPray+1"],"picked":"hermit:Maintenance+1","floor":29},{"not_picked":["hermit:BodyArmor+1","hermit:TrackingShot"],"picked":"hermit:Manifest+1","floor":30},{"not_picked":["hermit:Quickdraw","hermit:Coalescence+1"],"picked":"hermit:Combo","floor":31},{"not_picked":["hermit:HoleUp+1","hermit:WideOpen+1"],"picked":"hermit:LoneWolf+1","floor":32},{"not_picked":[],"picked":"DemoMod:Elimentaler","floor":35},{"not_picked":["hermit:Roughhouse","hermit:BlackWind"],"picked":"hermit:Dissolve+1","floor":35},{"not_picked":["hermit:Enervate","hermit:Glare+1"],"picked":"hermit:GhostlyPresence+1","floor":36},{"not_picked":["hermit:HighCaliber","hermit:CalledShot+1","hermit:Ricochet+1"],"picked":"SKIP","floor":37},{"not_picked":["hermit:WideOpen+1","hermit:Shortfuse","hermit:CalledShot+1"],"picked":"SKIP","floor":39},{"not_picked":["hermit:Coalescence+1","hermit:Dive+1"],"picked":"hermit:Deadeye","floor":40},{"not_picked":["hermit:Desperado+1","hermit:FullyLoaded+1"],"picked":"hermit:Midnight+1","floor":43},{"not_picked":["hermit:Ricochet+1","hermit:Scavenge+1"],"picked":"hermit:Deadeye+1","floor":46},{"not_picked":["hermit:GoldenBullet+1","hermit:NoHoldsBarred+1"],"picked":"hermit:LoneWolf+1","floor":47},{"not_picked":["hermit:Misfire+1","hermit:Quickdraw","hermit:HoleUp+1","hermit:LowProfile+1"],"picked":"SKIP","floor":49},{"not_picked":["hermit:Dive+1","hermit:Manifest+1","hermit:Misfire"],"picked":"hermit:Snipe+1","floor":56}],"player_experience":145128,"relics_obtained":[{"floor":1,"key":"Thread and Needle"},{"floor":9,"key":"DemoMod:MemoryAlloy"},{"floor":16,"key":"DemoMod:Relodestone"},{"floor":21,"key":"Kunai"},{"floor":23,"key":"ats:Originium"},{"floor":23,"key":"Mango"},{"floor":29,"key":"Gremlin Horn"},{"floor":35,"key":"hermit:CharredGlove"},{"floor":36,"key":"DemoMod:RatBoots"},{"floor":36,"key":"DemoMod:ResourcefulSack"},{"floor":36,"key":"DemoMod:PartiallyEatenCheese"},{"floor":36,"key":"hermit:BartenderGlass"},{"floor":36,"key":"SacredBark"},{"floor":43,"key":"ats:Originium"},{"floor":43,"key":"Happy Flower"},{"floor":45,"key":"Frozen Egg 2"},{"floor":45,"key":"Oddly Smooth Stone"},{"floor":47,"key":"DemoMod:GreenGuonStone"},{"floor":48,"key":"Question Card"},{"floor":48,"key":"Mercury Hourglass"},{"floor":49,"key":"Whetstone"},{"floor":56,"key":"ats:Originium"},{"floor":56,"key":"Letter Opener"}],"event_choices":[{"damage_healed":0,"gold_gain":0,"player_choice":"Donut","damage_taken":0,"max_hp_gain":5,"max_hp_loss":0,"event_name":"Big Fish","floor":2,"gold_loss":0},{"damage_healed":0,"gold_gain":0,"player_choice":"Success","damage_taken":3,"relics_obtained":["Runesmith:AutoHammer"],"max_hp_gain":0,"max_hp_loss":0,"event_name":"Scrap Ooze","floor":4,"gold_loss":0},{"damage_healed":0,"gold_gain":0,"player_choice":"Ignored","damage_taken":0,"max_hp_gain":0,"max_hp_loss":0,"event_name":"NoteForYourself","floor":5,"gold_loss":0},{"damage_healed":0,"gold_gain":0,"player_choice":"Ignored","damage_taken":0,"max_hp_gain":0,"max_hp_loss":0,"event_name":"Tomb of Lord Red Mask","floor":41,"gold_loss":0},{"damage_healed":0,"gold_gain":0,"player_choice":"Fight","damage_taken":0,"max_hp_gain":0,"max_hp_loss":0,"event_name":"MindBloom","floor":47,"gold_loss":0}],"is_beta":false,"boss_relics":[{"not_picked":["hermit:DentedPlate","Runic Dome"],"picked":"SlaversCollar"},{"not_picked":[]}],"items_purged_floors":[38],"is_endless":false,"potions_floor_spawned":[7,18,40],"ascension_level":0}}