{"host":"90jl2h70xtuoeg0i","time":1609482219,"event":{"mods":["AchievementEnabler","BaseMod","Colored Map","Colored Powertips","Highlight Path","Minty Spire (QoL Compilation)","Relic Stats","ojb\u0027s Info Mod"],"gold_per_floor":[111,122,142,142,160,160,189,189,266,297,314,332,332,361,361,466,466,486,501,168,168,188,188,188],"floor_reached":23,"playtime":8478,"items_purged":["Strike_B"],"score":277,"play_id":"18c43f77-7243-4984-952e-956fc5ec1ce1","local_time":"20210101012339","is_ascension_mode":true,"campfire_choices":[{"data":"Zap","floor":6,"key":"SMITH"},{"data":"Dualcast","floor":8,"key":"SMITH"},{"data":"Loop","floor":13,"key":"SMITH"},{"data":"Self Repair","floor":15,"key":"SMITH"}],"circlet_count":0,"master_deck":["Strike_B","Strike_B","Strike_B","Defend_B+1","Defend_B","Defend_B+1","Defend_B","Zap+1","Dualcast+1","Ball Lightning","Rebound","Self Repair+1","Cold Snap","Compile Driver","BootSequence","Loop+1","Machine Learning","Electrodynamics","CurseOfTheBell","Coolheaded","Turbo+1"],"relics":["Inserter","WingedGreaves","Meat on the Bone","Dream Catcher","War Paint","Calling Bell","MealTicket","Letter Opener","Torii","Toxic Egg 2"],"acts_visited":["Exordium","TheCity"],"potions_floor_usage":[7,10,14,23,23,23],"damage_taken":[{"damage":4,"enemies":"2 Louse","floor":1,"turns":3},{"damage":7,"enemies":"Jaw Worm","floor":2,"turns":2},{"damage":5,"enemies":"Small Slimes","floor":3,"turns":3},{"damage":16,"enemies":"Red Slaver","floor":5,"turns":4},{"damage":16,"enemies":"Gremlin Nob","floor":7,"turns":3},{"damage":17,"enemies":"Lagavulin","floor":10,"turns":5},{"damage":9,"enemies":"Exordium Wildlife","floor":11,"turns":3},{"damage":10,"enemies":"Large Slime","floor":12,"turns":4},{"damage":16,"enemies":"3 Sentries","floor":14,"turns":7},{"damage":42,"enemies":"Slime Boss","floor":16,"turns":7},{"damage":2,"enemies":"Chosen","floor":18,"turns":4},{"damage":8,"enemies":"3 Byrds","floor":19,"turns":3},{"damage":36,"enemies":"Centurion and Healer","floor":22,"turns":6},{"damage":63,"enemies":"Book of Stabbing","floor":23,"turns":6}],"seed_played":"5292824839195549866","potions_obtained":[{"floor":1,"key":"Strength Potion"},{"floor":5,"key":"SpeedPotion"},{"floor":11,"key":"LiquidBronze"},{"floor":12,"key":"Swift Potion"},{"floor":18,"key":"Strength Potion"},{"floor":22,"key":"BlessingOfTheForge"}],"is_trial":false,"path_per_floor":["M","M","M","?","M","R","E","R","T","E","M","M","R","E","R","B",null,"M","M","$","?","M","E"],"character_chosen":"DEFECT","items_purchased":["Toxic Egg 2"],"campfire_rested":0,"item_purchase_floors":[20],"current_hp_per_floor":[64,57,52,57,41,41,32,32,32,34,44,53,53,56,56,36,69,67,59,74,74,60,0,0],"gold":188,"neow_bonus":"BOSS_RELIC","is_daily":false,"chose_seed":false,"campfire_upgraded":4,"win_rate":0.0,"timestamp":1609482219,"path_taken":["M","M","M","?","M","R","E","R","T","E","M","M","R","E","R","BOSS","M","M","$","?","M","E"],"items_purchased_type":["Relic"],"build_version":"2020-12-22","purchased_purges":1,"victory":false,"max_hp_per_floor":[75,75,75,80,80,80,80,80,80,80,80,80,80,80,80,80,80,80,80,80,80,80,80,80],"relic_stats":{"Dream Catcher":0,"Inserter":[30],"Torii":11,"counters":[14,60],"MealTicket":15,"Letter Opener":[25],"War Paint":["Defend_B","Defend_B"],"obtain_stats":[{"Calling Bell":17,"Dream Catcher":10,"Inserter":0,"Torii":17,"MealTicket":17,"WingedGreaves":7,"Letter Opener":17,"War Paint":14,"Toxic Egg 2":20,"Cracked Core":0,"Meat on the Bone":9},{"Calling Bell":10,"Dream Catcher":6,"Inserter":0,"Torii":10,"MealTicket":10,"WingedGreaves":5,"Letter Opener":10,"War Paint":9,"Toxic Egg 2":12,"Cracked Core":0,"Meat on the Bone":5},{"Calling Bell":41,"Dream Catcher":20,"Inserter":0,"Torii":41,"MealTicket":41,"WingedGreaves":15,"Letter Opener":41,"War Paint":34,"Toxic Egg 2":48,"Cracked Core":0,"Meat on the Bone":15}],"Meat on the Bone":72},"card_choices":[{"not_picked":["Doom and Gloom","Barrage"],"picked":"Ball Lightning","floor":1},{"not_picked":["Scrape","Leap"],"picked":"Rebound","floor":2},{"not_picked":["Streamline","Darkness"],"picked":"Self Repair","floor":3},{"not_picked":["Skim","Go for the Eyes"],"picked":"Cold Snap","floor":5},{"not_picked":["Capacitor","Conserve Battery"],"picked":"Compile Driver","floor":7},{"not_picked":["Streamline","Capacitor"],"picked":"BootSequence","floor":10},{"not_picked":["Beam Cell","Coolheaded"],"picked":"Loop","floor":11},{"not_picked":["Beam Cell","Self Repair","Auto Shields"],"picked":"SKIP","floor":12},{"not_picked":["Storm","White Noise"],"picked":"Machine Learning","floor":14},{"not_picked":["Machine Learning","Seek"],"picked":"Electrodynamics","floor":16},{"not_picked":["Go for the Eyes","Stack"],"picked":"Coolheaded","floor":18},{"not_picked":["Rebound+1","Sweeping Beam+1","Cold Snap"],"picked":"SKIP","floor":19},{"not_picked":["Blizzard","Barrage"],"picked":"Turbo+1","floor":22}],"player_experience":1412877,"relics_obtained":[{"floor":7,"key":"WingedGreaves"},{"floor":9,"key":"Meat on the Bone"},{"floor":10,"key":"Dream Catcher"},{"floor":14,"key":"War Paint"},{"floor":17,"key":"MealTicket"},{"floor":17,"key":"Letter Opener"},{"floor":17,"key":"Torii"}],"event_choices":[{"damage_healed":0,"gold_gain":0,"player_choice":"Donut","damage_taken":0,"max_hp_gain":5,"max_hp_loss":0,"event_name":"Big Fish","floor":4,"gold_loss":0},{"damage_healed":0,"gold_gain":0,"player_choice":"Ignored","damage_taken":0,"max_hp_gain":0,"max_hp_loss":0,"event_name":"Vampires","floor":21,"gold_loss":0}],"is_beta":false,"boss_relics":[{"not_picked":["Snecko Eye","Philosopher\u0027s Stone"],"picked":"Calling Bell"}],"items_purged_floors":[20],"is_endless":false,"potions_floor_spawned":[1,5,11,12,18,22],"killed_by":"Book of Stabbing","ascension_level":6}}