{"host":"izzphuowq1fjji0g","time":1609493980,"event":{"mods":["Arknights The Spire","BaseMod","Downfall","Minty Spire (QoL Compilation)","StSLib"],"gold_per_floor":[118,138,138,138,88,122,133,133,159,190,236,256,266,286,286,286,286],"floor_reached":16,"playtime":424,"items_purged":[],"score":137,"play_id":"e3fea322-b55a-4d5e-8a2d-14499e4d1363","local_time":"20210101173940","is_ascension_mode":false,"campfire_choices":[{"data":"ats:Demon Strength","floor":8.0,"key":"SMITH"},{"data":"ats:Emotion Absorption","floor":15,"key":"SMITH"}],"circlet_count":0,"master_deck":["ats:Strike G","ats:Strike S","ats:Armor Crushing Shot","ats:Defend","ats:Defend","ats:Defend","ats:Defend","ats:Emotion Absorption+1","ats:Demon Strength+1","ats:Overload","ats:Cat Scratch","ats:Song Of Battle","ats:Sword Rain"],"relics":["ats:Sanity","NeowsBlessing","Strawberry","ats:Originium","Bottled Tornado","Blue Candle","Anchor"],"acts_visited":["Exordium"],"potions_floor_usage":[16,16],"damage_taken":[{"damage":0.0,"enemies":"Cultist","floor":1.0,"turns":1.0},{"damage":0.0,"enemies":"2 Louse","floor":2.0,"turns":2.0},{"damage":0.0,"enemies":"3 Sentries","floor":6.0,"turns":2.0},{"damage":0.0,"enemies":"Small Slimes","floor":7.0,"turns":2.0},{"damage":22.0,"enemies":"Lagavulin","floor":10.0,"turns":6.0},{"damage":2.0,"enemies":"Looter","floor":12.0,"turns":3.0},{"damage":0,"enemies":"Red Slaver","floor":13,"turns":2},{"damage":0,"enemies":"Large Slime","floor":14,"turns":3},{"damage":24,"enemies":"The Guardian","floor":16,"turns":8}],"seed_played":"6876263717145674854","potions_obtained":[{"floor":1.0,"key":"Guardian:BlockOnCardUsePotion"},{"floor":12.0,"key":"Weak Potion"}],"is_trial":false,"path_per_floor":["M","M","?","?","?","E","M","R","T","E","T","M","M","M","R","B"],"character_chosen":"DOCTOR_CLASS","items_purchased":[],"campfire_rested":0,"item_purchase_floors":[],"current_hp_per_floor":[72,72,54,47,47,47,47,47,47,25,25,23,23,23,23,0,0],"gold":286,"neow_bonus":"THREE_ENEMY_KILL","is_daily":false,"chose_seed":false,"campfire_upgraded":2,"win_rate":0.0,"timestamp":1609493980,"path_taken":["M","?","?","?","?","E","M","R","T","E","?","M","M","M","R","BOSS"],"items_purchased_type":[],"build_version":"2020-12-22","purchased_purges":0,"victory":false,"max_hp_per_floor":[72,72,79,79,79,79,79,79,79,79,79,79,79,79,79,79,79],"card_choices":[{"not_picked":["ats:Neurotoxin","ats:Consecutive Shot Auto"],"picked":"ats:Demon Strength","floor":1.0},{"not_picked":["ats:Curse Doll","ats:Consecutive Shot Auto"],"picked":"ats:Overload","floor":2.0},{"not_picked":["ats:Guardian Obelisk","ats:Support Order"],"picked":"ats:Cat Scratch","floor":6.0},{"not_picked":["ats:Poison Spread","ats:Steam Pump","ats:Childhood Dance"],"picked":"SKIP","floor":7.0},{"not_picked":["ats:Powerful Strike","ats:Assault Order"],"picked":"ats:Song Of Battle","floor":10.0},{"not_picked":["ats:Explosion Area Strengthen","ats:Assault Order","ats:Consecutive Shot Auto"],"picked":"SKIP","floor":12.0},{"not_picked":["ats:Flexible Camouflage","ats:Curse Doll"],"picked":"ats:Sword Rain","floor":13},{"not_picked":["ats:Powerful Strike","ats:Healing Strengthening","ats:Closed Bolt Burst Fire"],"picked":"SKIP","floor":14}],"player_experience":272196,"relics_obtained":[{"floor":6.0,"key":"ats:Originium"},{"floor":6.0,"key":"Bottled Tornado"},{"floor":10.0,"key":"ats:Originium"},{"floor":10.0,"key":"Blue Candle"},{"floor":11.0,"key":"Anchor"}],"event_choices":[{"damage_healed":0.0,"max_hp_gain":0.0,"max_hp_loss":0.0,"gold_gain":0.0,"event_name":"Scrap Ooze","player_choice":"Success","floor":3.0,"gold_loss":0.0,"damage_taken":25.0,"relics_obtained":["Strawberry"]},{"cards_removed":["ats:Strike V"],"damage_healed":0.0,"max_hp_gain":0.0,"max_hp_loss":0.0,"gold_gain":0.0,"event_name":"Golden Wing","player_choice":"Card Removal","floor":4.0,"gold_loss":0.0,"damage_taken":7.0},{"cards_removed":["ats:Strike C"],"damage_healed":0.0,"max_hp_gain":0.0,"max_hp_loss":0.0,"gold_gain":0.0,"event_name":"The Cleric","player_choice":"Card Removal","floor":5.0,"gold_loss":50.0,"damage_taken":0.0}],"is_beta":false,"boss_relics":[],"items_purged_floors":[],"is_endless":false,"potions_floor_spawned":[1,12],"killed_by":"The Guardian","ascension_level":0}}