{"host":"pvafbce70weqvzks","time":1609543446,"event":{"mods":["BaseMod","Gremlin Mod","Hermit","Minty Spire (QoL Compilation)","StSLib","themimic"],"gold_per_floor":[112,112,132,1,12,32,60,109,109,109,125,141,6,0,0,98,98,109,129,140,140,140],"floor_reached":21,"playtime":1057,"items_purged":[],"score":183,"play_id":"d1cd3b26-09be-4c19-86b6-3840fb448291","local_time":"20210101202406","is_ascension_mode":false,"campfire_choices":[{"data":"Venomology","floor":15,"key":"SMITH"}],"circlet_count":0,"master_deck":["Strike_G","Strike_G","Strike_G","Strike_G","Strike_G+1","Defend_G","Defend_G","Defend_G","Defend_G","Defend_G","Survivor","Neutralize+1","Poisoned Stab","Infinite Blades","Noxious Fumes","PiercingWail","Poisoned Stab","Leg Sweep","Prepared","Venomology+1","Purity","Infinite Blades","Dagger Spray","Dodge and Roll","Blade Dance","Well Laid Plans","Poisoned Stab","Envenom","Riddle With Holes","Finisher","Underhanded Strike+1"],"relics":["Ring of the Snake","Whetstone","InkBottle","MealTicket","Letter Opener","Philosopher\u0027s Stone"],"acts_visited":["Exordium","TheCity"],"potions_floor_usage":[11,11,12,12,16,18,19,20,21,21],"damage_taken":[{"damage":0,"enemies":"2 Louse","floor":1,"turns":3},{"damage":0,"enemies":"Jaw Worm","floor":3,"turns":5},{"damage":4,"enemies":"Small Slimes","floor":5,"turns":4},{"damage":8,"enemies":"3 Louse","floor":6,"turns":3},{"damage":8,"enemies":"Lagavulin","floor":7,"turns":7},{"damage":3,"enemies":"Exordium Wildlife","floor":11,"turns":5},{"damage":0,"enemies":"Looter","floor":12,"turns":3},{"damage":26,"enemies":"Slime Boss","floor":16,"turns":7},{"damage":29,"enemies":"Shell Parasite","floor":18,"turns":4},{"damage":1,"enemies":"Chosen","floor":19,"turns":6},{"damage":34,"enemies":"Snake Plant","floor":20,"turns":5},{"damage":17,"enemies":"3 Cultists","floor":21,"turns":3}],"seed_played":"1044008370081940484","potions_obtained":[{"floor":3,"key":"PowerPotion"},{"floor":6,"key":"DistilledChaos"},{"floor":7,"key":"BlessingOfTheForge"},{"floor":19,"key":"Explosive Potion"}],"is_trial":false,"path_per_floor":["M","?","M","$","M","M","E","T","T","?","M","M","$","?","R","B",null,"M","M","M","M"],"character_chosen":"THE_SILENT","items_purchased":["Noxious Fumes","PiercingWail","Poisoned Stab","Blade Dance","Well Laid Plans","Poisoned Stab"],"campfire_rested":0,"item_purchase_floors":[4,4,4,13,13,13],"current_hp_per_floor":[70,75,75,75,71,63,55,55,55,55,52,52,67,67,67,41,75,46,45,11,0,0],"gold":140,"neow_bonus":"RANDOM_COMMON_RELIC","is_daily":false,"chose_seed":false,"campfire_upgraded":1,"win_rate":0.0,"timestamp":1609543446,"path_taken":["M","?","M","$","M","M","E","?","T","?","?","M","$","?","R","BOSS","M","M","M","M"],"items_purchased_type":["Card","Card","Card","Card","Card","Card"],"build_version":"2020-12-22","purchased_purges":0,"victory":false,"max_hp_per_floor":[70,75,75,75,75,75,75,75,75,75,75,75,75,75,75,75,75,75,75,75,75,75],"card_choices":[{"not_picked":["Heel Hook","Dagger Throw"],"picked":"Poisoned Stab","floor":1},{"not_picked":["Quick Slash","Sucker Punch"],"picked":"Infinite Blades","floor":3},{"not_picked":["Underhanded Strike","Footwork"],"picked":"Leg Sweep","floor":5},{"not_picked":["Dodge and Roll","Underhanded Strike"],"picked":"Prepared","floor":6},{"not_picked":["PiercingWail","Underhanded Strike"],"picked":"Venomology","floor":7},{"not_picked":["Infinite Blades","PiercingWail"],"picked":"Dagger Spray","floor":11},{"not_picked":["Acrobatics","Leg Sweep"],"picked":"Dodge and Roll","floor":12},{"not_picked":["Venomology","Night Terror"],"picked":"Envenom","floor":16},{"not_picked":["Deflect","Blade Dance"],"picked":"Riddle With Holes","floor":18},{"not_picked":["Blade Dance","Infinite Blades"],"picked":"Finisher","floor":19},{"not_picked":["Footwork","Dodge and Roll"],"picked":"Underhanded Strike+1","floor":20}],"player_experience":12559,"relics_obtained":[{"floor":7,"key":"InkBottle"},{"floor":8,"key":"MealTicket"},{"floor":9,"key":"Letter Opener"}],"event_choices":[{"damage_healed":0,"gold_gain":0,"player_choice":"Donut","damage_taken":0,"max_hp_gain":5,"max_hp_loss":0,"event_name":"Big Fish","floor":2,"gold_loss":0},{"damage_healed":0,"gold_gain":0,"player_choice":"2 cards matched","damage_taken":0,"max_hp_gain":0,"max_hp_loss":0,"event_name":"Match and Keep!","floor":10,"gold_loss":0,"cards_obtained":["Purity","Infinite Blades"]},{"damage_healed":0,"gold_gain":0,"player_choice":"Left Gold","damage_taken":0,"max_hp_gain":0,"max_hp_loss":0,"event_name":"World of Goop","floor":14,"gold_loss":6}],"is_beta":false,"boss_relics":[{"not_picked":["Coffee Dripper","Cursed Key"],"picked":"Philosopher\u0027s Stone"}],"items_purged_floors":[],"is_endless":false,"potions_floor_spawned":[3,6,7,19],"killed_by":"3 Cultists","ascension_level":0}}