{"host":"axuns55dzq466eei","time":1609510555,"event":{"mods":["BaseMod","Colored Map","Keyboard Shortcuts","Minty Spire (QoL Compilation)","StSLib","SuperFastMode"],"gold_per_floor":[117,42,42,60,135,135,170,170,170,189,189,223,223,249,249,336,395,420,420,420],"floor_reached":19,"playtime":341,"items_purged":[],"score":400,"play_id":"00c31ce6-1eb7-4798-92d9-98f6ca2d3aee","local_time":"20210101231555","is_ascension_mode":true,"campfire_choices":[{"data":"Noxious Fumes","floor":6.0,"key":"SMITH"},{"floor":11.0,"key":"REST"},{"floor":15.0,"key":"REST"}],"circlet_count":0,"master_deck":["AscendersBane","Strike_G","Strike_G","Strike_G","Strike_G","Defend_G","Defend_G+1","Defend_G","Defend_G","Survivor","Neutralize+1","Blade Dance+1","Noxious Fumes+1","Reflex","Calculated Gamble","Heel Hook","Crippling Poison","Grand Finale","Prepared","Prepared+1"],"relics":["Ring of the Snake","NeowsBlessing","CeramicFish","Prayer Wheel","Bottled Lightning","Juzu Bracelet","Tiny House"],"acts_visited":["Exordium","TheCity"],"potions_floor_usage":[16,16],"damage_taken":[{"damage":0.0,"enemies":"Cultist","floor":1.0,"turns":1.0},{"damage":0.0,"enemies":"Small Slimes","floor":4.0,"turns":1.0},{"damage":0.0,"enemies":"Gremlin Nob","floor":7.0,"turns":1.0},{"damage":3.0,"enemies":"2 Louse","floor":10.0,"turns":3.0},{"damage":8.0,"enemies":"Lagavulin","floor":12.0,"turns":7.0},{"damage":6.0,"enemies":"2 Fungi Beasts","floor":14.0,"turns":3.0},{"damage":11,"enemies":"The Guardian","floor":16,"turns":10},{"damage":27,"enemies":"2 Thieves","floor":18,"turns":4},{"damage":46,"enemies":"Chosen","floor":19,"turns":5}],"seed_played":"3100519380590957606","potions_obtained":[{"floor":4.0,"key":"Dexterity Potion"},{"floor":12.0,"key":"BlessingOfTheForge"},{"floor":14.0,"key":"DistilledChaos"},{"floor":17,"key":"GhostInAJar"}],"is_trial":false,"path_per_floor":["M","?","?","M","?","R","E","?","T","M","R","E","?","M","R","B",null,"M","M"],"character_chosen":"THE_SILENT","items_purchased":[],"campfire_rested":2,"item_purchase_floors":[],"current_hp_per_floor":[59,59,59,59,48,48,48,28,28,25,44,36,25,19,38,27,61,34,0,0],"gold":420,"neow_bonus":"THREE_ENEMY_KILL","is_daily":false,"chose_seed":false,"campfire_upgraded":1,"win_rate":0.0,"timestamp":1609510555,"path_taken":["M","?","?","M","?","R","E","?","T","M","R","E","?","M","R","BOSS","M","M"],"items_purchased_type":[],"build_version":"2020-12-22","purchased_purges":0,"victory":false,"max_hp_per_floor":[66,66,66,66,66,66,66,66,66,66,66,66,66,66,66,66,71,71,71,71],"card_choices":[{"not_picked":["Underhanded Strike","Distraction"],"picked":"Blade Dance","floor":1.0},{"not_picked":["Skewer","PiercingWail"],"picked":"Noxious Fumes","floor":4.0},{"not_picked":["Dagger Throw","Outmaneuver"],"picked":"Reflex","floor":7.0},{"not_picked":["Backflip","Backstab"],"picked":"Calculated Gamble","floor":10.0},{"not_picked":["Dagger Spray","Backflip","Quick Slash"],"picked":"SKIP","floor":10.0},{"not_picked":["Wraith Form v2","Expertise"],"picked":"Heel Hook","floor":12.0},{"not_picked":["Slice","Expertise"],"picked":"Crippling Poison","floor":14.0},{"not_picked":["Deflect","Deadly Poison","Dagger Throw"],"picked":"SKIP","floor":14.0},{"not_picked":["Venomology","Glass Knife"],"picked":"Grand Finale","floor":16},{"not_picked":["Backflip","Footwork"],"picked":"Prepared","floor":17},{"not_picked":["Predator","Quick Slash"],"picked":"Prepared+1","floor":18},{"not_picked":["Dagger Spray","Poisoned Stab","Prepared"],"picked":"SKIP","floor":18}],"player_experience":1050915,"relics_obtained":[{"floor":7.0,"key":"CeramicFish"},{"floor":9.0,"key":"Prayer Wheel"},{"floor":12.0,"key":"Bottled Lightning"}],"event_choices":[{"cards_removed":["Strike_G"],"damage_healed":0.0,"max_hp_gain":0.0,"max_hp_loss":0.0,"gold_gain":0.0,"event_name":"The Cleric","player_choice":"Card Removal","floor":2.0,"gold_loss":75.0,"damage_taken":0.0},{"cards_removed":["Defend_G"],"damage_healed":0.0,"max_hp_gain":0.0,"max_hp_loss":0.0,"gold_gain":0.0,"event_name":"Living Wall","player_choice":"Forget","floor":3.0,"gold_loss":0.0,"damage_taken":0.0},{"damage_healed":0.0,"max_hp_gain":0.0,"max_hp_loss":0.0,"gold_gain":75.0,"event_name":"World of Goop","player_choice":"Gather Gold","floor":5.0,"gold_loss":0.0,"damage_taken":11.0},{"damage_healed":0.0,"max_hp_gain":0.0,"max_hp_loss":0.0,"gold_gain":0.0,"event_name":"Shining Light","player_choice":"Entered Light","floor":8.0,"gold_loss":0.0,"damage_taken":20.0,"cards_upgraded":["Neutralize","Blade Dance"]},{"damage_healed":0.0,"max_hp_gain":0.0,"max_hp_loss":0.0,"gold_gain":0.0,"event_name":"Scrap Ooze","player_choice":"Success","floor":13.0,"gold_loss":0.0,"damage_taken":11.0,"relics_obtained":["Juzu Bracelet"]}],"is_beta":false,"boss_relics":[{"not_picked":["Busted Crown","Velvet Choker"],"picked":"Tiny House"}],"items_purged_floors":[],"is_endless":false,"potions_floor_spawned":[4,12,14],"killed_by":"Chosen","ascension_level":20}}