{"host":"d1za9dvx43o9v494","time":1609522154,"event":{"mods":["2.2 Compatiblity","BaseMod","Better-Laid Plans","Colored Map","Downfall","Emptier Cage","Minty Spire (QoL Compilation)","Permanent Neow","StSLib"],"gold_per_floor":[349,349,365,382,395,234,234,266,366,384,384,384],"floor_reached":11,"playtime":1003,"items_purged":["Pain"],"score":73,"play_id":"b9c179f1-119d-44ea-a9ac-0e5ae16c0bea","local_time":"20210101202914","is_ascension_mode":false,"campfire_choices":[{"data":"bronze:Goto","floor":1,"key":"SMITH"}],"circlet_count":0,"master_deck":["bronze:Strike","bronze:Strike","bronze:Strike","bronze:Strike","bronze:Defend","bronze:Defend","bronze:Defend","bronze:Defend","bronze:Replicate","bronze:Goto+1","bronze:DelayedSlice","bronze:BronzeOrb","bronze:BurnOut","bronze:ItsAFeature","bronze:OilSpill"],"relics":["bronze:BronzeCore","WarpedTongs","Ornamental Fan","TungstenRod"],"acts_visited":["Exordium"],"potions_floor_usage":[],"damage_taken":[{"damage":9,"enemies":"Jaw Worm","floor":3,"turns":4},{"damage":10,"enemies":"Cultist","floor":4,"turns":3},{"damage":7,"enemies":"2 Louse","floor":5,"turns":2},{"damage":4,"enemies":"downfall:FleeingMerchant","floor":6,"turns":4},{"damage":5,"enemies":"3 Sentries","floor":8,"turns":5},{"damage":11,"enemies":"Gremlin Gang","floor":10,"turns":3},{"damage":22,"enemies":"Lagavulin","floor":11,"turns":6}],"seed_played":"-3022296826940561068","potions_obtained":[{"floor":4,"key":"Dexterity Potion"},{"floor":10,"key":"bronze:BurnAndBuffPotion"}],"is_trial":false,"path_per_floor":["R","?","M","M","M","$","T","E","?","M","E"],"character_chosen":"THE_AUTOMATON","items_purchased":["bronze:ItsAFeature"],"campfire_rested":0,"item_purchase_floors":[6],"current_hp_per_floor":[63,63,54,44,37,33,33,28,28,17,0,0],"gold":384,"neow_bonus":"TWO_FIFTY_GOLD","is_daily":false,"chose_seed":false,"campfire_upgraded":1,"win_rate":0.0,"timestamp":1609522154,"path_taken":["R","?","M","M","?","$","T","E","?","M","E"],"items_purchased_type":["Card"],"build_version":"2020-12-22","purchased_purges":1,"victory":false,"max_hp_per_floor":[63,63,63,63,63,63,63,63,63,63,63,63],"card_choices":[{"not_picked":["bronze:Frontload","bronze:ChildClass"],"picked":"bronze:DelayedSlice","floor":3},{"not_picked":["bronze:DelayedGuard","bronze:Branch"],"picked":"bronze:BronzeOrb","floor":4},{"not_picked":["bronze:Shield","bronze:SearingBeam","bronze:Turbo"],"picked":"SKIP","floor":5},{"not_picked":["bronze:Fortify","bronze:Shield"],"picked":"bronze:BurnOut","floor":6},{"not_picked":["bronze:Backtrace","bronze:DigitalCarnage","bronze:Frontload"],"picked":"SKIP","floor":8},{"not_picked":["bronze:BugBarrage","bronze:Flail"],"picked":"bronze:OilSpill","floor":10}],"player_experience":598675,"relics_obtained":[{"floor":7,"key":"Ornamental Fan"},{"floor":8,"key":"TungstenRod"}],"event_choices":[],"is_beta":false,"boss_relics":[],"items_purged_floors":[6],"is_endless":false,"potions_floor_spawned":[4,10],"killed_by":"Lagavulin","ascension_level":0}}