{"host":"st1kg310ms6sytc5","time":1609509625,"event":{"mods":["Act Like it!","BaseMod","CapriCore","Downfall","Gensokyo","Minty Spire (QoL Compilation)","StSLib","SuperFastMode","[IsaacMod]ÒÔÈö¼âËþ"],"gold_per_floor":[110,10,24,37,79,105,105,183,209,209,209,241,241,268,268,268,268],"floor_reached":16,"playtime":392,"items_purged":[],"score":120,"play_id":"3daf3d9f-ea7d-4466-8e79-cdacac2d889b","local_time":"20210101220025","is_ascension_mode":true,"campfire_choices":[{"data":"Blade Dance","floor":11,"key":"SMITH"},{"data":"Accuracy","floor":15,"key":"SMITH"}],"circlet_count":0,"master_deck":["Strike_G","Strike_G","Strike_G","Strike_G","Strike_G","Defend_G","Defend_G","Defend_G","Defend_G","Defend_G","Survivor","Neutralize","Blade Dance+1","Tactician","Accuracy+1","Terror"],"relics":["Ring of the Snake","HushsDoor","SteamSale","NeowsBlessing","Guardian:PocketSentry","EdensBlessing","PillsDrop","Meat on the Bone","Mummified Hand"],"acts_visited":["Gensokyo:Gensokyo"],"potions_floor_usage":[16,16],"damage_taken":[{"damage":0,"enemies":"Gensokyo:Gryphon","floor":1,"turns":1},{"damage":0,"enemies":"Gensokyo:Python","floor":3,"turns":1},{"damage":0,"enemies":"Gensokyo:3_Fairies","floor":4,"turns":1},{"damage":20,"enemies":"Gensokyo:Mamizou","floor":6,"turns":7},{"damage":10,"enemies":"Gensokyo:Cirno","floor":12,"turns":8},{"damage":13,"enemies":"Gensokyo:Mamizou","floor":14,"turns":5},{"damage":17,"enemies":"Gensokyo:Yukari","floor":16,"turns":3}],"seed_played":"-121152606366703249","potions_obtained":[{"floor":3,"key":"Swift Potion"},{"floor":4,"key":"BlessingOfTheForge"},{"floor":6,"key":"Strength Potion"}],"is_trial":false,"path_per_floor":["M","$","M","M","?","E","?","?","T","?","R","E","T","E","R","B"],"character_chosen":"THE_SILENT","items_purchased":["Guardian:PocketSentry","Blade Dance"],"campfire_rested":0,"item_purchase_floors":[2,2],"current_hp_per_floor":[70,70,70,70,55,35,35,20,20,27,27,17,17,16,16,0,0],"gold":268,"neow_bonus":"THREE_ENEMY_KILL","is_daily":false,"chose_seed":false,"campfire_upgraded":2,"win_rate":0.0,"timestamp":1609509625,"path_taken":["M","$","M","M","?","E","?","?","T","?","R","E","?","E","R","BOSS"],"items_purchased_type":["Relic","Card"],"build_version":"2020-12-22","purchased_purges":0,"victory":false,"max_hp_per_floor":[70,70,70,70,70,70,70,70,70,77,77,77,77,77,77,77,77],"card_choices":[{"not_picked":[],"picked":"Bomb","floor":0},{"not_picked":["Riddle With Holes","Underhanded Strike","Outmaneuver"],"picked":"SKIP","floor":1},{"not_picked":["Backflip","Dodge and Roll"],"picked":"Tactician","floor":3},{"not_picked":["Distraction","Cloak And Dagger","Dodge and Roll"],"picked":"SKIP","floor":4},{"not_picked":["Tactician","Deadly Poison"],"picked":"Accuracy","floor":6},{"not_picked":["Caltrops","Unload"],"picked":"Terror","floor":12},{"not_picked":["Dagger Throw","Crippling Poison","Deadly Poison"],"picked":"SKIP","floor":14}],"player_experience":1531685,"relics_obtained":[{"floor":6,"key":"EdensBlessing"},{"floor":12,"key":"PillsDrop"},{"floor":13,"key":"Meat on the Bone"},{"floor":14,"key":"Mummified Hand"}],"event_choices":[],"is_beta":false,"boss_relics":[],"items_purged_floors":[],"is_endless":false,"potions_floor_spawned":[3,4,6],"killed_by":"Gensokyo:Yukari","ascension_level":1}}