{"host":"873t0y8ybyo38pfq","time":1609542396,"event":{"mods":["BaseMod","Bestiary","Colored Map","Colored Powertips","Highlight Path","Minty Spire (QoL Compilation)","Quick Restart","RNG Fix","Rare Cards Sparkle","Relic Stats","StSLib"],"gold_per_floor":[109,122,133,133,153,153,182,199,278,297,297,315,348,364,364,438,438,450,450,4,4,18,18,18],"floor_reached":23,"playtime":579,"items_purged":[],"score":410,"play_id":"dae858be-db37-4abc-9b5c-09ec538efdfc","local_time":"20210101180636","is_ascension_mode":true,"campfire_choices":[{"data":"Doom and Gloom","floor":6,"key":"SMITH"},{"floor":15,"key":"REST"}],"circlet_count":0,"master_deck":["AscendersBane","Zap","Dualcast","Doom and Gloom+1","Leap","Ball Lightning","Darkness","Conserve Battery","Chaos","Core Surge","BootSequence","Reinforced Body","Beam Cell","Genetic Algorithm","Hologram","Darkness+1","Capacitor","Chaos+1","Scrape"],"relics":["Cracked Core","NeowsBlessing","FossilizedHelix","Sundial","Pandora\u0027s Box","Lantern","Toxic Egg 2"],"acts_visited":["Exordium","TheCity"],"potions_floor_usage":[7,8,18],"damage_taken":[{"damage":0,"enemies":"Small Slimes","floor":1,"turns":1},{"damage":0,"enemies":"Cultist","floor":2,"turns":1},{"damage":0,"enemies":"Jaw Worm","floor":3,"turns":1},{"damage":3,"enemies":"3 Louse","floor":5,"turns":3},{"damage":15,"enemies":"Lagavulin","floor":7,"turns":5},{"damage":0,"enemies":"Gremlin Gang","floor":8,"turns":2},{"damage":3,"enemies":"Blue Slaver","floor":10,"turns":4},{"damage":0,"enemies":"2 Fungi Beasts","floor":12,"turns":3},{"damage":11,"enemies":"3 Sentries","floor":13,"turns":6},{"damage":18,"enemies":"Lots of Slimes","floor":14,"turns":3},{"damage":29,"enemies":"The Guardian","floor":16,"turns":11},{"damage":0,"enemies":"Shell Parasite","floor":18,"turns":4},{"damage":9,"enemies":"Chosen","floor":22,"turns":5},{"damage":55,"enemies":"Book of Stabbing","floor":23,"turns":5}],"seed_played":"-7704740429368458821","potions_obtained":[{"floor":2,"key":"Dexterity Potion"},{"floor":5,"key":"SkillPotion"},{"floor":10,"key":"FearPotion"},{"floor":16,"key":"DistilledChaos"}],"is_trial":false,"path_per_floor":["M","M","M","?","M","R","E","M","T","M","?","M","E","M","R","B",null,"M","T","$","?","M","E"],"character_chosen":"DEFECT","items_purchased":["Toxic Egg 2","Darkness+1","Capacitor"],"campfire_rested":1,"item_purchase_floors":[20,20,20],"current_hp_per_floor":[64,64,64,69,66,66,51,51,51,48,41,41,30,12,34,5,58,58,58,58,58,49,0,0],"gold":18,"neow_bonus":"THREE_ENEMY_KILL","is_daily":false,"chose_seed":false,"campfire_upgraded":1,"win_rate":0.0,"timestamp":1609542396,"path_taken":["M","M","M","?","M","R","E","M","T","?","?","M","E","M","R","BOSS","M","?","$","?","M","E"],"items_purchased_type":["Relic","Card","Card"],"build_version":"2020-12-22","purchased_purges":0,"victory":false,"max_hp_per_floor":[71,71,71,76,76,76,76,76,76,76,76,76,76,76,76,76,76,76,76,76,76,76,76,76],"relic_stats":{"counters":[14,54],"Sundial":[4],"Pandora\u0027s Box":["BootSequence","Reinforced Body","Sunder","Beam Cell","Genetic Algorithm","Hologram","Storm"],"obtain_stats":[{"Lantern":19,"NeowsBlessing":0,"Sundial":13,"Pandora\u0027s Box":17,"Toxic Egg 2":20,"Cracked Core":0,"FossilizedHelix":7},{"Lantern":12,"NeowsBlessing":0,"Sundial":9,"Pandora\u0027s Box":11,"Toxic Egg 2":12,"Cracked Core":0,"FossilizedHelix":5},{"Lantern":44,"NeowsBlessing":0,"Sundial":26,"Pandora\u0027s Box":40,"Toxic Egg 2":44,"Cracked Core":0,"FossilizedHelix":11}]},"card_choices":[{"not_picked":["Redo","Beam Cell"],"picked":"Doom and Gloom","floor":1},{"not_picked":["Ball Lightning","Loop"],"picked":"Leap","floor":2},{"not_picked":["Reprogram","Recycle","Static Discharge"],"picked":"SKIP","floor":3},{"not_picked":["Go for the Eyes","Reinforced Body"],"picked":"Ball Lightning","floor":5},{"not_picked":["Leap","Self Repair"],"picked":"Darkness","floor":7},{"not_picked":["Coolheaded","Consume"],"picked":"Conserve Battery","floor":8},{"not_picked":["Cold Snap","Hyperbeam","Steam Power"],"picked":"SKIP","floor":10},{"not_picked":["Loop","Gash"],"picked":"Chaos","floor":12},{"not_picked":["Leap","Force Field","Barrage"],"picked":"SKIP","floor":13},{"not_picked":["Sweeping Beam","Scrape","Cold Snap"],"picked":"SKIP","floor":14},{"not_picked":["Hyperbeam","Echo Form"],"picked":"Core Surge","floor":16},{"not_picked":["Hologram","Gash","Storm"],"picked":"SKIP","floor":18},{"not_picked":["White Noise+1","Sweeping Beam","Gash"],"picked":"SKIP","floor":22}],"player_experience":1477344,"relics_obtained":[{"floor":7,"key":"FossilizedHelix"},{"floor":13,"key":"Sundial"},{"floor":19,"key":"Lantern"}],"event_choices":[{"damage_healed":0,"gold_gain":0,"player_choice":"Donut","damage_taken":0,"max_hp_gain":5,"max_hp_loss":0,"event_name":"Big Fish","floor":4,"gold_loss":0},{"cards_removed":["Strike_B"],"damage_healed":0,"gold_gain":0,"player_choice":"Card Removal","damage_taken":7,"max_hp_gain":0,"max_hp_loss":0,"event_name":"Golden Wing","floor":11,"gold_loss":0},{"damage_healed":0,"gold_gain":0,"cards_transformed":["Storm","Sunder"],"player_choice":"Became Test Subject","damage_taken":0,"max_hp_gain":0,"max_hp_loss":0,"event_name":"Drug Dealer","floor":21,"gold_loss":0,"cards_obtained":["Chaos","Scrape"]}],"is_beta":false,"boss_relics":[{"not_picked":["Coffee Dripper","Busted Crown"],"picked":"Pandora\u0027s Box"}],"items_purged_floors":[],"is_endless":false,"potions_floor_spawned":[2,5,10,16],"killed_by":"Book of Stabbing","ascension_level":20}}