{"host":"28bpuzdckreop5i0","time":1609484925,"event":{"mods":["Act Like it!","Aspiration","BaseMod","Beaked The Cultist","Best Route Mod","BetterRewards","Challenge The Spire","Conspire","Defuse TimeMaze Blight","Downfall","Energized Spire","GifTheSpireLib","Googly Eyes","Hubris","Infinite Spire","Lobotomy","Mimic Mod","Minty Spire (QoL Compilation)","Relic Stats","Shop Mod","Spicy Shops","StSLib","Stuff the Spire","The Awakened One except there are too many feathers","The Construct","The Cursed","The Disciple","The Hierophant","The IronCluck","The Jungle","Thieving Mod","Transform Curses","Wandering Minibosses","slay the spire mod where everything is the same but ironclad has a cowboy hat"],"gold_per_floor":[118,130,130,48,67,67,94,94,94,42,42,42,42,56,56,56,56],"floor_reached":16,"playtime":478,"items_purged":[],"score":98,"play_id":"ddbb3d08-804c-468c-bc89-78129ee817a1","local_time":"20210101010845","is_ascension_mode":false,"campfire_choices":[{"data":"Zap","floor":6,"key":"SMITH"},{"data":"Consume","floor":8,"key":"SMITH"},{"data":"Consume+1","floor":11,"key":"SMITH"},{"data":"Consume+2","floor":15,"key":"SMITH"}],"circlet_count":0,"master_deck":["Strike_B+1","Strike_B","Strike_B+1","Strike_B","Defend_B","Defend_B","Defend_B","Defend_B","Zap+1","Dualcast","Consume+3","StuffTheSpire:LoadUp","aspiration:Polymerization","Loop","Steam"],"relics":["Cracked Core","aspiration:Nostalgia","sneckomod:SneckoSoul","conspire:InfiniteJournal","Whetstone"],"acts_visited":["Exordium"],"potions_floor_usage":[16,16],"damage_taken":[{"damage":0,"enemies":"Small Slimes","floor":1,"turns":3},{"damage":1,"enemies":"Cultist","floor":2,"turns":4},{"damage":6,"enemies":"Jaw Worm","floor":5,"turns":3},{"damage":21,"enemies":"Lagavulin","floor":7,"turns":6},{"damage":10,"enemies":"Looter","floor":14,"turns":3},{"damage":45,"enemies":"Hexaghost","floor":16,"turns":11}],"seed_played":"57825285626736125","potions_obtained":[{"floor":1,"key":"Block Potion"},{"floor":2,"key":"Swift Potion"},{"floor":14,"key":"SkillPotion"}],"is_trial":false,"path_per_floor":["M","M","?","$","M","R","E","R","T","$","R","?","$","M","R","B"],"character_chosen":"DEFECT","items_purchased":["aspiration:Polymerization","Loop"],"campfire_rested":0,"item_purchase_floors":[4,10],"current_hp_per_floor":[75,74,74,74,68,68,47,47,47,47,47,52,52,42,42,0,0],"gold":56,"neow_bonus":"NOSTALGIA","is_daily":false,"chose_seed":false,"campfire_upgraded":4,"win_rate":0.0,"timestamp":1609484925,"path_taken":["M","M","?","$","?","R","E","R","T","?","R","?","$","M","R","BOSS"],"items_purchased_type":["Card","Card"],"build_version":"2020-12-22","purchased_purges":0,"victory":false,"max_hp_per_floor":[75,75,75,75,75,75,75,75,75,75,75,80,80,80,80,80,80],"relic_stats":{"counters":[6,30],"Whetstone":["Strike_B","Strike_B"],"obtain_stats":[{"aspiration:Nostalgia":0,"Whetstone":9,"Cracked Core":0,"sneckomod:SneckoSoul":0,"conspire:InfiniteJournal":7},{"aspiration:Nostalgia":0,"Whetstone":4,"Cracked Core":0,"sneckomod:SneckoSoul":0,"conspire:InfiniteJournal":4},{"aspiration:Nostalgia":0,"Whetstone":16,"Cracked Core":0,"sneckomod:SneckoSoul":0,"conspire:InfiniteJournal":16}]},"card_choices":[{"not_picked":["StuffTheSpire:Plugnplay","Self Repair"],"picked":"Consume","floor":1},{"not_picked":["Hologram","Conserve Battery"],"picked":"StuffTheSpire:LoadUp","floor":2},{"not_picked":["Stack","Beam Cell","hubris:PowerSurge"],"picked":"SKIP","floor":5},{"not_picked":["Echo Form","StuffTheSpire:Rend","Coolheaded"],"picked":"SKIP","floor":7},{"not_picked":["Doom and Gloom","Stack"],"picked":"Steam","floor":14}],"player_experience":917597,"relics_obtained":[{"floor":7,"key":"conspire:InfiniteJournal"},{"floor":9,"key":"Whetstone"}],"event_choices":[{"damage_healed":0,"gold_gain":0,"player_choice":"Ignored","damage_taken":0,"max_hp_gain":0,"max_hp_loss":0,"event_name":"NoteForYourself","floor":3,"gold_loss":0},{"damage_healed":0,"gold_gain":0,"player_choice":"Donut","damage_taken":0,"max_hp_gain":5,"max_hp_loss":0,"event_name":"Big Fish","floor":12,"gold_loss":0}],"is_beta":false,"boss_relics":[],"items_purged_floors":[],"is_endless":false,"potions_floor_spawned":[1,2,14],"killed_by":"Hexaghost","ascension_level":0}}