{"host":"1zfbckszmdcrhnfi","time":1609489723,"event":{"mods":["AchievementEnabler","BaseMod","Colored Map","Downfall","Marisa£®ÏF”Í°°ƒß¿Ì…≥£©","Minty Spire (QoL Compilation)","Replay The Spire","Shop Mod","StSLib","The Cursed","The Servant 0.9.4"],"gold_per_floor":[110,110,110,122,132,163,182,182,182,182,193,193,118,148,148,253,253,267,267,279,279,279],"floor_reached":21,"playtime":1003,"items_purged":["TheCursedMod:Strike_TheCursed"],"score":198,"play_id":"1c68b0cc-b118-490e-b326-82fd5e6658bd","local_time":"20210101162843","is_ascension_mode":true,"campfire_choices":[{"data":"TheCursedMod:HellsGateOpen","floor":8,"key":"SMITH"},{"floor":10,"key":"RECALL"},{"floor":12,"key":"REST"},{"floor":15,"key":"REST"}],"circlet_count":0,"master_deck":["TheCursedMod:Strike_TheCursed","TheCursedMod:Strike_TheCursed","TheCursedMod:Strike_TheCursed","TheCursedMod:Defend_TheCursed","TheCursedMod:Defend_TheCursed","TheCursedMod:Defend_TheCursed","TheCursedMod:CursedWand","TheCursedMod:CleanUpWorkshop","TheCursedMod:Dregs","TheCursedMod:CursedWand","TheCursedMod:CursedAmulet","TheCursedMod:ReleasedStrength","TheCursedMod:HellsGateOpen+1","TheCursedMod:AntiAging","TheCursedMod:Obscuration","TheCursedMod:CircleOfCorruption"],"relics":["TheCursedMod:BlackMagic101","NeowsBlessing","Question Card","The Courier","Runic Pyramid"],"acts_visited":["Exordium","TheCity"],"potions_floor_usage":[14],"damage_taken":[{"damage":0,"enemies":"Jaw Worm","floor":1,"turns":1},{"damage":0,"enemies":"2 Louse","floor":4,"turns":1},{"damage":0,"enemies":"Cultist","floor":5,"turns":1},{"damage":17,"enemies":"3 Sentries","floor":6,"turns":10},{"damage":3,"enemies":"Red Slaver","floor":7,"turns":5},{"damage":0,"enemies":"Blue Slaver","floor":11,"turns":4},{"damage":14,"enemies":"Gremlin Nob","floor":14,"turns":6},{"damage":46,"enemies":"The Guardian","floor":16,"turns":9},{"damage":22,"enemies":"Chosen","floor":18,"turns":6},{"damage":14,"enemies":"Spheric Guardian","floor":20,"turns":9},{"damage":82,"enemies":"Centurion and Healer","floor":21,"turns":10}],"seed_played":"973343266811624563","potions_obtained":[{"floor":4,"key":"Guardian:BlockOnCardUsePotion"},{"floor":5,"key":"FairyPotion"},{"floor":6,"key":"Elixir"},{"floor":16,"key":"SmokeBomb"}],"is_trial":false,"path_per_floor":["M","?","?","M","M","E","M","R","T","R","M","R","$","E","R","B",null,"M","$","M","M"],"character_chosen":"THE_CURSED","items_purchased":[],"campfire_rested":2,"item_purchase_floors":[],"current_hp_per_floor":[75,68,68,68,68,51,48,48,48,48,48,70,70,58,77,33,79,59,59,47,0,0],"gold":279,"neow_bonus":"THREE_ENEMY_KILL","is_daily":false,"chose_seed":false,"campfire_upgraded":1,"win_rate":0.0,"timestamp":1609489723,"path_taken":["M","?","?","M","?","E","M","R","T","R","M","R","$","E","R","BOSS","M","$","M","M"],"items_purchased_type":[],"build_version":"2020-12-22","purchased_purges":1,"victory":false,"max_hp_per_floor":[75,75,75,75,75,75,75,75,75,75,75,75,75,77,77,79,79,81,81,83,85,85],"card_choices":[{"not_picked":["TheCursedMod:Stigma","TheCursedMod:CircleOfCorruption","TheCursedMod:CursedMace"],"picked":"SKIP","floor":1},{"not_picked":["TheCursedMod:VitalStrike","TheCursedMod:RapidMovement"],"picked":"TheCursedMod:CursedAmulet","floor":4},{"not_picked":["TheCursedMod:VitalStrike","TheCursedMod:HellfireBreathing"],"picked":"TheCursedMod:ReleasedStrength","floor":5},{"not_picked":["TheCursedMod:CircleOfCorruption","TheCursedMod:CircleOfFocus"],"picked":"TheCursedMod:HellsGateOpen","floor":6},{"not_picked":["TheCursedMod:SmokeScreen","TheCursedMod:RapidMovement","TheCursedMod:CursedMace","TheCursedMod:CircleOfFlame"],"picked":"SKIP","floor":7},{"not_picked":["TheCursedMod:CursedStaff","TheCursedMod:Stretching","TheCursedMod:TacticalStrike"],"picked":"TheCursedMod:AntiAging","floor":11},{"not_picked":["TheCursedMod:VitalStrike","TheCursedMod:CursedMace","TheCursedMod:Stigma","TheCursedMod:Obscuration"],"picked":"SKIP","floor":14},{"not_picked":["TheCursedMod:CursedMace+1","TheCursedMod:CursedBlade","TheCursedMod:RapidMovement"],"picked":"TheCursedMod:Obscuration","floor":18},{"not_picked":["TheCursedMod:FuryStrike+1","TheCursedMod:SoulReap+1","TheCursedMod:SpitefulPray"],"picked":"TheCursedMod:CircleOfCorruption","floor":20}],"player_experience":184295,"relics_obtained":[{"floor":6,"key":"Question Card"},{"floor":14,"key":"The Courier"}],"event_choices":[{"cards_removed":["TheCursedMod:Defend_TheCursed"],"damage_healed":0,"gold_gain":0,"player_choice":"Card Removal","damage_taken":7,"max_hp_gain":0,"max_hp_loss":0,"event_name":"Golden Wing","floor":2,"gold_loss":0},{"damage_healed":0,"gold_gain":0,"player_choice":"1 cards matched","damage_taken":0,"max_hp_gain":0,"max_hp_loss":0,"event_name":"Match and Keep!","floor":3,"gold_loss":0,"cards_obtained":["TheCursedMod:CursedWand"]}],"is_beta":false,"boss_relics":[{"not_picked":["Abe\u0027s Treasure","TheCursedMod:OminousMark"],"picked":"Runic Pyramid"}],"items_purged_floors":[13],"is_endless":false,"potions_floor_spawned":[4,5,6,16,18],"killed_by":"Centurion and Healer","ascension_level":1}}