{"host":"9tch52zpouts7b2p","time":1609475090,"event":{"mods":["BaseMod","Colored Map","Minty Spire (QoL Compilation)","StSLib","UnlockEverythingMod"],"gold_per_floor":[118,118,118,7,21,21,54,229,229,243,243,208,208,226,226,323,323,342,342,342],"floor_reached":19,"playtime":1077,"items_purged":[],"score":165,"play_id":"90f6b9ba-372a-4219-a811-2cbfa6b7ff8f","local_time":"20210101122450","is_ascension_mode":false,"campfire_choices":[{"floor":6,"key":"REST"},{"floor":11,"key":"REST"},{"data":"Genetic Algorithm","floor":13,"key":"SMITH"},{"data":"Defragment","floor":15,"key":"SMITH"}],"circlet_count":0,"master_deck":["Strike_B","Strike_B","Strike_B","Strike_B","Defend_B","Defend_B","Defend_B","Defend_B","Zap","Dualcast","Reboot","Defragment+1","Genetic Algorithm+1","Fusion","Undo","Hologram","Doubt","Creative AI","Turbo","Fission","Ball Lightning"],"relics":["Cracked Core","Potion Belt","Blood Vial","Lantern","SacredBark"],"acts_visited":["Exordium","TheCity"],"potions_floor_usage":[7,16,16],"damage_taken":[{"damage":1,"enemies":"Cultist","floor":1,"turns":4},{"damage":7,"enemies":"2 Louse","floor":5,"turns":3},{"damage":32,"enemies":"Lagavulin","floor":7,"turns":8},{"damage":7,"enemies":"Jaw Worm","floor":10,"turns":4},{"damage":1,"enemies":"3 Louse","floor":14,"turns":3},{"damage":71,"enemies":"The Guardian","floor":16,"turns":16},{"damage":25,"enemies":"Chosen","floor":18,"turns":7},{"damage":15,"enemies":"Spheric Guardian","floor":19,"turns":4}],"seed_played":"-2869986210602398129","potions_obtained":[{"floor":5,"key":"Block Potion"},{"floor":10,"key":"BlessingOfTheForge"},{"floor":14,"key":"BlessingOfTheForge"},{"floor":16,"key":"Strength Potion"}],"is_trial":false,"path_per_floor":["M","?","?","$","M","R","E","?","T","M","R","?","R","M","R","B",null,"M","M"],"character_chosen":"DEFECT","items_purchased":["Genetic Algorithm","Fusion"],"campfire_rested":2,"item_purchase_floors":[4,4],"current_hp_per_floor":[53,75,63,63,56,75,43,43,43,38,60,75,75,74,74,4,75,50,37,37],"gold":342,"neow_bonus":"THREE_RARE_CARDS","is_daily":false,"chose_seed":false,"campfire_upgraded":2,"win_rate":0.0,"timestamp":1609475090,"path_taken":["M","?","?","$","?","R","E","?","T","M","R","?","R","M","R","BOSS","M","M"],"items_purchased_type":["Card","Card"],"build_version":"2020-12-22","purchased_purges":0,"victory":false,"max_hp_per_floor":[75,75,75,75,75,75,75,75,75,75,75,75,75,75,75,75,75,75,75,75],"card_choices":[{"not_picked":["Thunder Strike","Seek"],"picked":"Reboot","floor":0},{"not_picked":["Beam Cell","Barrage"],"picked":"Defragment","floor":1},{"not_picked":["Stack","Lockon"],"picked":"Undo","floor":5},{"not_picked":["Force Field","Conserve Battery"],"picked":"Hologram","floor":7},{"not_picked":["FTL","Go for the Eyes"],"picked":"Creative AI","floor":10},{"not_picked":["Go for the Eyes","Loop"],"picked":"Turbo","floor":14},{"not_picked":["Electrodynamics","Hyperbeam"],"picked":"Fission","floor":16},{"not_picked":["Loop","Hello World"],"picked":"Ball Lightning","floor":18}],"player_experience":95215,"relics_obtained":[{"floor":7,"key":"Blood Vial"},{"floor":9,"key":"Lantern"}],"event_choices":[{"damage_healed":25,"gold_gain":0,"player_choice":"Banana","damage_taken":0,"max_hp_gain":0,"max_hp_loss":0,"event_name":"Big Fish","floor":2,"gold_loss":0},{"damage_healed":0,"gold_gain":0,"player_choice":"Success","damage_taken":12,"relics_obtained":["Potion Belt"],"max_hp_gain":0,"max_hp_loss":0,"event_name":"Scrap Ooze","floor":3,"gold_loss":0},{"damage_healed":0,"gold_gain":175,"player_choice":"AGREE","damage_taken":0,"max_hp_gain":0,"max_hp_loss":0,"event_name":"Liars Game","floor":8,"gold_loss":0,"cards_obtained":["Doubt"]},{"damage_healed":18,"gold_gain":0,"player_choice":"Healed","damage_taken":0,"max_hp_gain":0,"max_hp_loss":0,"event_name":"The Cleric","floor":12,"gold_loss":35}],"is_beta":false,"boss_relics":[{"not_picked":["Sozu","Fusion Hammer"],"picked":"SacredBark"}],"items_purged_floors":[],"is_endless":false,"potions_floor_spawned":[5,10,14,16],"killed_by":"Spheric Guardian","ascension_level":0}}