{"host":"38maufg2dcy7va3m","time":1609484380,"event":{"mods":["Act Like it!","BaseMod","Downfall","Hubris","Infinite Spire","Minty Spire (QoL Compilation)","Replay The Spire","StSLib"],"gold_per_floor":[118,130,130,13,13,13,28,28,75,86,105,115,145,145,145,246,246,263,274,28,28,28,28,45,45,45],"floor_reached":25,"playtime":1182,"items_purged":[],"score":203,"play_id":"5a0eae0c-74af-40d2-99c2-4bb046ec9888","local_time":"20201231225940","is_ascension_mode":false,"campfire_choices":[{"data":"Run Through","floor":6,"key":"SMITH"},{"data":"expansioncontent:ChargeUp","floor":8,"key":"SMITH"},{"data":"Barricade","floor":23,"key":"SMITH"}],"circlet_count":0,"master_deck":["Strike_R","Strike_R","Strike_R","Strike_R","Strike_R","Defend_R","Defend_R","Defend_R","Defend_R","Bash","expansioncontent:ChargeUp+1","Spot Weakness","Armaments","Wild Strike","Run Through+1","Poisoned Stab","Backstab","Corpse Explosion","Body Slam","Uppercut","Sword Boomerang","Parasite","Barricade+1","Flex+1","Flame Barrier+1","Metallicize","Power Through","True Grit"],"relics":["Burning Blood","hubris:DisguiseKit","Blue Doll","Nloth\u0027s Gift"],"acts_visited":["Exordium","TheCity"],"potions_floor_usage":[7,12,13,15,16,16,24,24,24],"damage_taken":[{"damage":7,"enemies":"2 Louse","floor":1,"turns":3},{"damage":3,"enemies":"Small Slimes","floor":2,"turns":4},{"damage":0,"enemies":"Cultist","floor":7,"turns":3},{"damage":0,"enemies":"3 Louse","floor":10,"turns":2},{"damage":16,"enemies":"Large Slime","floor":11,"turns":6},{"damage":22,"enemies":"Exordium Thugs","floor":12,"turns":4},{"damage":13,"enemies":"Gremlin Nob","floor":13,"turns":4},{"damage":30,"enemies":"Fading Forest","floor":16,"turns":11},{"damage":10,"enemies":"Chosen","floor":18,"turns":4},{"damage":30,"enemies":"Shell Parasite","floor":19,"turns":4},{"damage":15,"enemies":"Snake Plant","floor":24,"turns":3},{"damage":48,"enemies":"Cultist and Chosen","floor":25,"turns":7}],"seed_played":"-4912744097543641426","potions_obtained":[{"floor":2,"key":"SkillPotion"},{"floor":11,"key":"ColorlessPotion"},{"floor":12,"key":"Energy Potion"},{"floor":13,"key":"Ancient Potion"},{"floor":15,"key":"Fruit Juice"},{"floor":15,"key":"Adrenaline Potion"},{"floor":19,"key":"champ:CounterPotion"}],"is_trial":false,"path_per_floor":["M","M","?","$","?","R","M","R","T","M","M","M","E","?","R","B",null,"M","M","$","?","$","R","M","M"],"character_chosen":"IRONCLAD","items_purchased":["Armaments","Wild Strike","Run Through","Metallicize","Power Through","AttackPotion","Fire Potion"],"campfire_rested":0,"item_purchase_floors":[4,4,4,20,20,20,20],"current_hp_per_floor":[79,80,80,80,80,80,80,80,80,80,70,54,47,67,72,66,85,81,57,57,57,57,57,48,0,0],"gold":45,"neow_bonus":"RANDOM_COLORLESS","is_daily":false,"chose_seed":false,"campfire_upgraded":3,"win_rate":0.0,"timestamp":1609484380,"path_taken":["M","M","?","$","?","R","?","R","T","M","M","M","E","?","R","BOSS","M","M","$","?","?","R","M","?"],"items_purchased_type":["Card","Card","Card","Card","Card","Potion","Potion"],"build_version":"2020-12-22","purchased_purges":0,"victory":false,"max_hp_per_floor":[80,80,80,80,80,80,80,80,80,80,80,80,80,80,85,85,85,85,85,85,85,85,85,85,85,85],"card_choices":[{"not_picked":["Finesse","expansioncontent:CaCaw"],"picked":"expansioncontent:ChargeUp","floor":0},{"not_picked":["Inflame","Thunderclap"],"picked":"Run Through","floor":1},{"not_picked":["Iron Wave","hubris:SharpeningStone"],"picked":"Spot Weakness","floor":2},{"not_picked":["Anger","Combust","Headbutt"],"picked":"Backstab","floor":7},{"not_picked":["Thunderclap","hubris:ReadiedAction","Inflame"],"picked":"Corpse Explosion","floor":10},{"not_picked":["Havoc","Headbutt","Sucker Punch"],"picked":"Body Slam","floor":11},{"not_picked":["ReplayTheSpireMod:LeadingStrike","Replay:Undeath\u0027s Touch","Deadly Poison"],"picked":"Uppercut","floor":12},{"not_picked":["Rupture","Clash","Envenom"],"picked":"Sword Boomerang","floor":13},{"not_picked":["Demon Form","Impervious","Night Terror"],"picked":"Barricade","floor":16},{"not_picked":["Replay:Undeath\u0027s Touch","Havoc","Reflex"],"picked":"Flex+1","floor":18},{"not_picked":["Pummel","ReplayReversal","Slice"],"picked":"Flame Barrier+1","floor":19},{"not_picked":["Shrug It Off","Whirlwind","Distraction"],"picked":"True Grit","floor":24}],"player_experience":216922,"relics_obtained":[{"floor":3,"key":"hubris:DisguiseKit"},{"floor":9,"key":"Blue Doll"},{"floor":13,"key":"hubris:Metronome"}],"event_choices":[{"cards_removed":["Run Through"],"damage_healed":0,"gold_gain":0,"player_choice":"Took Card","damage_taken":0,"max_hp_gain":0,"max_hp_loss":0,"event_name":"NoteForYourself","floor":5,"gold_loss":0,"cards_obtained":["Poisoned Stab"]},{"damage_healed":20,"gold_gain":0,"player_choice":"Healed and dodged fight","damage_taken":0,"max_hp_gain":0,"max_hp_loss":0,"event_name":"Mushrooms","floor":14,"gold_loss":0,"cards_obtained":["Parasite"]},{"damage_healed":0,"gold_gain":0,"player_choice":"Traded Relic","damage_taken":0,"relics_obtained":["Nloth\u0027s Gift"],"max_hp_gain":0,"max_hp_loss":0,"event_name":"N\u0027loth","floor":21,"relics_lost":["hubris:Metronome"],"gold_loss":0}],"is_beta":false,"boss_relics":[{"not_picked":["Snecko Eye","Replay:Wanted Poster","Coffee Dripper"]}],"items_purged_floors":[],"is_endless":false,"potions_floor_spawned":[2,11,12,13,19],"killed_by":"Cultist and Chosen","ascension_level":0}}