{"host":"mgc7o2tpy0ck407l","time":1609462602,"event":{"mods":["Alarm Clock","AlwaysNeverKeys","BaseMod","Better Altar","Better Match","Better Note","Better Sensory Stone","Better Skull","Better Third Choice","Better Vampires","Block Reminder","Booster Modes","Challenge The Spire","Colored Map","Colored Powertips","Disable Question Mark Monsters","Emptier Cage","Infinite Spire","Minty Spire (QoL Compilation)","Permanent Neow","Quick Restart","Rare Cards Sparkle","Reorder Act Four","Replay The Spire","Spicy Shops","StSLib","Transform Curses","Unceasing Turn Reminder"],"gold_per_floor":[115,10,10,10,25,25,52,72,72,88,108,108,138,154,154,254,254,272,285,1,12,12,43,43,77,149,149,39,39,57,57,57,155,205,224,224,241,253,253,253,283,283,331,387,418,475,587,631,643,671,683,276,276,326,338],"floor_reached":56,"playtime":6301,"items_purged":["Amnesia","Languid","Amnesia","Writhe"],"score":1567,"play_id":"724c3411-fbf8-40d7-8546-cad04818088c","local_time":"20201231195642","is_ascension_mode":true,"campfire_choices":[{"data":"Zap","floor":6.0,"key":"SMITH"},{"data":"Glacier","floor":12.0,"key":"SMITH"},{"data":"ReplayTheSpireMod:System Scan","floor":15.0,"key":"SMITH"},{"data":"ReplayTheSpireMod:Repulse","floor":24.0,"key":"SMITH"},{"data":"Pot Of Greed","floor":32.0,"key":"SMITH"},{"data":"Pot Of Greed","floor":40.0,"key":"SMITH"},{"data":"Pot Of Greed","floor":42,"key":"SMITH"},{"data":"ReplaySolidLightProjector","floor":49,"key":"SMITH"},{"data":"ReplayTheSpireMod:Trickstab","floor":53,"key":"SMITH"}],"circlet_count":1,"master_deck":["Defend_B","Defend_B","Defend_B","Zap+1","Steam","Panic Button","Panic Button","Ball Lightning","Gash","Gash","Self Repair","Glacier+1","Reboot","ReplayTheSpireMod:System Scan+1","Seek+1","ReplayTheSpireMod:Calculation Training","Reprogram+1","ReplayTheSpireMod:Repulse+1","Loop","Leap+1","Beam Cell","Pot Of Greed+1","Pot Of Greed+1","Pot Of Greed+1","Panic Button","Bite","Bite","infinitespire:Fortify","Echo Form","Hologram+1","Gash+1","ReplaySolidLightProjector+1","infinitespire:Fortify","Hologram","Pot Of Greed","ReplayTheSpireMod:Trickstab+1"],"relics":["Replay:Drink Me","TungstenRod","infinitespire:Cubic Diamond","infinitespire:Broken Mirror","infinitespire:WardingShard","Replay:Mystery Machine","Replay:Ancient Bell","Akabeko","Solar Panel","Unceasing Top","ReplayTheSpireMod:CursedCoin","Membership Card","infinitespire:Freezer","ReplayTheSpireMod:Lightbulb","Circlet","Grinning Jar","infinitespire:BottledMercury","infinitespire:Bottled Soul","Kunai","Tiny House","Kunai","Replay:Bandana","MawBank","Darkstone Periapt","infinitespire:PuzzleCube","Shuriken","infinitespire:Satchel","DollysMirror","Oddly Smooth Stone","Vajra"],"acts_visited":["Exordium","TheCity","TheBeyond","TheEnding"],"potions_floor_usage":[50,55,55],"damage_taken":[{"damage":6.0,"enemies":"Small Slimes","floor":1.0,"turns":5.0},{"damage":0.0,"enemies":"Cultist","floor":5.0,"turns":4.0},{"damage":27.0,"enemies":"Gremlin Nob","floor":7.0,"turns":4.0},{"damage":3.0,"enemies":"2 Louse","floor":8.0,"turns":2.0},{"damage":7.0,"enemies":"Gremlin Gang","floor":10.0,"turns":3.0},{"damage":0.0,"enemies":"2 Fungi Beasts","floor":11.0,"turns":2.0},{"damage":0.0,"enemies":"3 Sentries","floor":13.0,"turns":6.0},{"damage":0.0,"enemies":"Exordium Wildlife","floor":14.0,"turns":2.0},{"damage":16.0,"enemies":"Slime Boss","floor":16.0,"turns":8.0},{"damage":11.0,"enemies":"Chosen","floor":18.0,"turns":5.0},{"damage":9.0,"enemies":"Spheric Guardian","floor":19.0,"turns":5.0},{"damage":0.0,"enemies":"Centurion and Healer","floor":21.0,"turns":10.0},{"damage":36.0,"enemies":"Gremlin Leader","floor":23.0,"turns":7.0},{"damage":0.0,"enemies":"Slavers","floor":25.0,"turns":6.0},{"damage":17.0,"enemies":"Sentry and Sphere","floor":30.0,"turns":6.0},{"damage":28.0,"enemies":"Champ","floor":33.0,"turns":11.0},{"damage":0.0,"enemies":"3 Shapes","floor":35.0,"turns":4.0},{"damage":2.0,"enemies":"Orb Walker","floor":37.0,"turns":4.0},{"damage":6.0,"enemies":"Jaw Worm Horde","floor":38.0,"turns":4.0},{"damage":0.0,"enemies":"Nemesis","floor":41.0,"turns":8.0},{"damage":0,"enemies":"Giant Head","floor":44,"turns":7},{"damage":0,"enemies":"Transient","floor":45,"turns":5},{"damage":27,"enemies":"Nightmare","floor":46,"turns":8},{"damage":0,"enemies":"4 Shapes","floor":48,"turns":4},{"damage":30,"enemies":"Awakened One","floor":50,"turns":11},{"damage":0,"enemies":"Shield and Spear","floor":54,"turns":5},{"damage":0,"enemies":"The Heart","floor":55,"turns":9}],"seed_played":"-908645842991109257","potions_obtained":[{"floor":7.0,"key":"Explosive Potion"},{"floor":8.0,"key":"Swift Potion"},{"floor":10.0,"key":"DistilledChaos"},{"floor":14.0,"key":"Adrenaline Potion"},{"floor":23.0,"key":"AttackPotion"},{"floor":30.0,"key":"Strength Potion"},{"floor":34.0,"key":"FocusPotion"},{"floor":44,"key":"Energy Potion"},{"floor":54,"key":"SkillPotion"}],"is_trial":false,"path_per_floor":["M","$","?","?","M","R","E","M","T","M","M","R","E","M","R","B",null,"M","M","$","M","?","E","R","E","T","?","$","AVR","M","?","R","B",null,"M","?","M","M","T","R","E","R","T","E","M","NM","?","M","R","B",null,"$","R","E","B",null],"character_chosen":"DEFECT","items_purchased":["TungstenRod","Panic Button","ReplayTheSpireMod:CursedCoin","Membership Card","ReplayTheSpireMod:Repulse","Loop","infinitespire:Freezer","ReplayTheSpireMod:Lightbulb","infinitespire:Bottled Soul","Shuriken","infinitespire:Satchel","DollysMirror","Oddly Smooth Stone","Hologram","ReplayTheSpireMod:Trickstab"],"campfire_rested":0,"item_purchase_floors":[2,2,20,20,20,20,20,20,28,52,52,52,52,52,52],"current_hp_per_floor":[51,51,51,51,51,51,24,21,21,14,21,21,28,28,28,19,57,57,57,57,57,57,34,34,57,57,50,50,50,46,35,35,37,55,55,55,55,55,55,55,55,55,55,55,55,39,39,48,48,41,55,55,55,55,55],"gold":338,"neow_bonus":"BOSS_RELIC","is_daily":false,"chose_seed":false,"campfire_upgraded":9,"win_rate":0.0,"timestamp":1609462602,"path_taken":["M","$","?","?","M","R","E","?","T","M","M","R","E","M","R","BOSS","M","M","$","M","?","E","R","E","T","?","?","AVR","M","?","R","BOSS","M","?","M","M","?","R","E","R","T","E","M","NM","?","M","R","BOSS","$","R","E","BOSS"],"items_purchased_type":["Relic","Card","Relic","Relic","Card","Card","Relic","Relic","Relic","Relic","Relic","Relic","Relic","Card","Card"],"build_version":"2020-12-22","purchased_purges":4,"victory":true,"max_hp_per_floor":[57,57,57,57,57,57,57,57,57,57,57,57,57,57,57,57,57,57,57,57,57,57,57,57,57,57,50,50,50,50,50,50,50,55,55,55,55,55,55,55,55,55,55,55,55,55,55,55,55,55,55,55,55,55,55],"card_choices":[{"not_picked":["Rip and Tear","Compile Driver"],"picked":"Steam","floor":1.0},{"not_picked":["Compile Driver","Turbo"],"picked":"Ball Lightning","floor":5.0},{"not_picked":["ReplayTheSpireMod:Omega Cannon","Conserve Battery"],"picked":"Gash","floor":7.0},{"not_picked":["Conserve Battery","Turbo"],"picked":"Gash","floor":8.0},{"not_picked":["Steam","Go for the Eyes"],"picked":"Self Repair","floor":10.0},{"not_picked":["Streamline","Chill"],"picked":"Glacier","floor":11.0},{"not_picked":["Hyperbeam","Coolheaded"],"picked":"Reboot","floor":13.0},{"not_picked":["Heatsinks","Turbo"],"picked":"ReplayTheSpireMod:System Scan","floor":14.0},{"not_picked":["Multi-Cast","Mirror Shield"],"picked":"Seek","floor":16.0},{"not_picked":["ReplayTheSpireMod:Doomed","ReplayTheSpireMod:Restless Dread"],"picked":"Languid","floor":17.0},{"not_picked":["Hallucinations","Shame"],"picked":"Amnesia","floor":17.0},{"not_picked":["Parasite","Shame"],"picked":"Amnesia","floor":17.0},{"not_picked":["ReplayTheSpireMod:GoodbyeWorld+1","Reinforced Body"],"picked":"ReplayTheSpireMod:Calculation Training","floor":18.0},{"not_picked":["Consume","Panic Button"],"picked":"Reprogram+1","floor":19.0},{"not_picked":["Ball Lightning","Electrodynamics"],"picked":"Leap+1","floor":21.0},{"not_picked":["Redo+1","Electrodynamics"],"picked":"Beam Cell","floor":23.0},{"not_picked":["Fission","Chill+1"],"picked":"Panic Button","floor":25.0},{"not_picked":["ReplayTheSpireMod:Calculation Training","Sweeping Beam+1","Stack"],"picked":"SKIP","floor":30.0},{"not_picked":["infinitespire:Punishment","infinitespire:SevenWalls"],"picked":"infinitespire:Fortify","floor":31.0},{"not_picked":["ReplayTheSpireMod:Fabricate Wheel","Creative AI"],"picked":"Echo Form","floor":33.0},{"not_picked":["Heatsinks","Leap+1"],"picked":"Hologram+1","floor":35.0},{"not_picked":["Turbo","Self Repair+1","Auto Shields+1"],"picked":"SKIP","floor":37.0},{"not_picked":["Compile Driver","Electrodynamics","Cold Snap+1"],"picked":"SKIP","floor":38.0},{"not_picked":["Compile Driver","Go for the Eyes","Hello World+1"],"picked":"SKIP","floor":41.0},{"not_picked":["Double Energy","Turbo","Stack+1"],"picked":"SKIP","floor":44},{"not_picked":["Coolheaded","Compile Driver","ReplayTheSpireMod:GoodbyeWorld"],"picked":"SKIP","floor":45},{"not_picked":["Go for the Eyes+1","ReplaySolidLightProjector+1"],"picked":"Gash+1","floor":46},{"not_picked":["Leap+1","Defragment+1"],"picked":"ReplaySolidLightProjector","floor":48},{"not_picked":["Steam Power+1","ReplayTheSpireMod:System Scan+1","Doom and Gloom"],"picked":"SKIP","floor":54}],"player_experience":707997,"relics_obtained":[{"floor":7.0,"key":"infinitespire:Broken Mirror"},{"floor":9.0,"key":"infinitespire:WardingShard"},{"floor":13.0,"key":"Replay:Mystery Machine"},{"floor":23.0,"key":"Dead Branch"},{"floor":25.0,"key":"Grinning Jar"},{"floor":26.0,"key":"infinitespire:BottledMercury"},{"floor":39.0,"key":"Kunai"},{"floor":41.0,"key":"Replay:Bandana"},{"floor":43,"key":"MawBank"},{"floor":44,"key":"Darkstone Periapt"},{"floor":46,"key":"infinitespire:PuzzleCube"},{"floor":54,"key":"Vajra"}],"event_choices":[{"cards_removed":["Dualcast"],"damage_healed":0.0,"max_hp_gain":0.0,"max_hp_loss":0.0,"gold_gain":0.0,"event_name":"Bonfire Elementals","player_choice":"Offered Basic","floor":4.0,"gold_loss":0.0,"damage_taken":0.0},{"damage_healed":0.0,"max_hp_gain":0.0,"max_hp_loss":0.0,"gold_gain":0.0,"event_name":"betterNote:BetterNote","player_choice":"Ignored","floor":22.0,"gold_loss":0.0,"damage_taken":0.0,"cards_obtained":["infinitespire:SealOfDarkness"]},{"damage_healed":0.0,"max_hp_gain":0.0,"max_hp_loss":7.0,"gold_gain":0.0,"event_name":"Vampires","player_choice":"Became a vampire","floor":27.0,"gold_loss":0.0,"damage_taken":0.0,"cards_obtained":["Bite","Bite"]},{"damage_healed":0,"gold_gain":100,"player_choice":"Pray","damage_taken":0,"max_hp_gain":0,"max_hp_loss":0,"event_name":"Golden Shrine","floor":47,"gold_loss":0}],"is_beta":false,"boss_relics":[{"not_picked":["Velvet Choker","Coffee Dripper"],"picked":"Replay:Ancient Bell"},{"not_picked":["Smiling Mask","Centennial Puzzle"],"picked":"Akabeko"},{"not_picked":["Quantum Egg","HornCleat"],"picked":"Solar Panel"},{"not_picked":["Replay:Multitool","Ginger"],"picked":"Unceasing Top"},{"not_picked":["Replay:Bronze Core","SlaversCollar"],"picked":"Tiny House"}],"items_purged_floors":[20,28,29,52],"is_endless":false,"potions_floor_spawned":[7,8,10,14,23,30,35,44,45,48,54],"ascension_level":1}}