{"host":"44cj7v9849ev3ii0","time":1609498169,"event":{"mods":["BaseMod","Colored Powertips","Marisa£®ÏF”Í°°ƒß¿Ì…≥£©","Minty Spire (QoL Compilation)","Replay The Spire","Shop Mod","StSLib","The Cursed"],"gold_per_floor":[116,116,116,129,79,107,126,137,137,137,233,252,265,275,275,275,275],"floor_reached":16,"playtime":1094,"items_purged":[],"score":104,"play_id":"10f168e4-d132-49e7-b9b6-9704d1d7dffd","local_time":"20210101184929","is_ascension_mode":false,"campfire_choices":[{"floor":15,"key":"REST"}],"circlet_count":0,"master_deck":["TheCursedMod:Strike_TheCursed","TheCursedMod:Strike_TheCursed","TheCursedMod:Strike_TheCursed","TheCursedMod:Strike_TheCursed","TheCursedMod:Defend_TheCursed","TheCursedMod:Defend_TheCursed","TheCursedMod:Defend_TheCursed+1","TheCursedMod:Defend_TheCursed","TheCursedMod:CursedWand","TheCursedMod:CleanUpWorkshop","TheCursedMod:Dregs","TheCursedMod:SurpriseAttack+1","TheCursedMod:Stigma","TheCursedMod:SpitefulStrike","TheCursedMod:RapidMovement","TheCursedMod:LuckyCharm+1","ReplayTheSpireMod:Splinters","TheCursedMod:SurpriseAttack","TheCursedMod:Obscuration","TheCursedMod:CursedBlade","TheCursedMod:Wield","TheCursedMod:RapidMovement","TheCursedMod:SpitefulStrike"],"relics":["TheCursedMod:BlackMagic101","Unceasing Top","Darkstone Periapt"],"acts_visited":["Exordium"],"potions_floor_usage":[],"damage_taken":[{"damage":2,"enemies":"2 Louse","floor":1,"turns":3},{"damage":8,"enemies":"Jaw Worm","floor":4,"turns":4},{"damage":42,"enemies":"3 Sentries","floor":6,"turns":10},{"damage":0,"enemies":"Small Slimes","floor":7,"turns":3},{"damage":7,"enemies":"Blue Slaver","floor":8,"turns":3},{"damage":3,"enemies":"Large Slime","floor":12,"turns":7},{"damage":0,"enemies":"3 Louse","floor":13,"turns":2},{"damage":7,"enemies":"Blue Slaver","floor":14,"turns":3},{"damage":29,"enemies":"Hexaghost","floor":16,"turns":14}],"seed_played":"-3833928891715523430","potions_obtained":[{"floor":6,"key":"Reflective Coating"},{"floor":14,"key":"Doom Potion"}],"is_trial":false,"path_per_floor":["M","?","?","M","?","E","M","M","T","?","?","M","M","M","R","B"],"character_chosen":"THE_CURSED","items_purchased":[],"campfire_rested":1,"item_purchase_floors":[],"current_hp_per_floor":[80,80,80,72,72,30,30,23,23,7,13,10,10,3,29,0,0],"gold":275,"neow_bonus":"TEN_PERCENT_HP_BONUS","is_daily":false,"chose_seed":false,"campfire_upgraded":0,"win_rate":0.0,"timestamp":1609498169,"path_taken":["M","?","?","M","?","E","?","M","T","?","?","M","M","M","R","BOSS"],"items_purchased_type":[],"build_version":"2020-12-22","purchased_purges":0,"victory":false,"max_hp_per_floor":[82,82,82,82,82,82,82,82,82,82,88,88,88,88,88,88,88],"card_choices":[{"not_picked":["TheCursedMod:BlessingInDisguise","TheCursedMod:CursedMace"],"picked":"TheCursedMod:SurpriseAttack","floor":1},{"not_picked":["TheCursedMod:RavingStaff","TheCursedMod:SmokeScreen"],"picked":"TheCursedMod:Stigma","floor":4},{"not_picked":["TheCursedMod:SpreadPlague","TheCursedMod:RavingStaff"],"picked":"TheCursedMod:SpitefulStrike","floor":6},{"not_picked":["TheCursedMod:Stigma","TheCursedMod:VitalStrike"],"picked":"TheCursedMod:RapidMovement","floor":7},{"not_picked":["TheCursedMod:CircleOfCorruption","TheCursedMod:CursedArmor"],"picked":"TheCursedMod:LuckyCharm","floor":8},{"not_picked":["TheCursedMod:Obscuration","TheCursedMod:DarkBarrier"],"picked":"TheCursedMod:SurpriseAttack","floor":11},{"not_picked":["TheCursedMod:PrepareRite","TheCursedMod:VitalStrike"],"picked":"TheCursedMod:Obscuration","floor":11},{"not_picked":["TheCursedMod:CircleOfFlame","TheCursedMod:SoulReap"],"picked":"TheCursedMod:CursedBlade","floor":11},{"not_picked":["TheCursedMod:DoubleShield","TheCursedMod:CircleOfFlame"],"picked":"TheCursedMod:Wield","floor":12},{"not_picked":["TheCursedMod:RavingStaff","TheCursedMod:Evocation"],"picked":"TheCursedMod:RapidMovement","floor":13},{"not_picked":["TheCursedMod:CursedShiv","TheCursedMod:HellfireBreathing"],"picked":"TheCursedMod:SpitefulStrike","floor":14}],"player_experience":27139,"relics_obtained":[{"floor":6,"key":"Unceasing Top"},{"floor":9,"key":"Darkstone Periapt"}],"event_choices":[{"cards_removed":["Normality"],"damage_healed":0,"gold_gain":0,"player_choice":"Card Removal","damage_taken":0,"max_hp_gain":0,"max_hp_loss":0,"event_name":"The Cleric","floor":5,"gold_loss":50},{"damage_healed":0,"gold_gain":0,"player_choice":"Entered Light","damage_taken":16,"max_hp_gain":0,"max_hp_loss":0,"event_name":"Shining Light","floor":10,"gold_loss":0,"cards_upgraded":["TheCursedMod:SurpriseAttack","TheCursedMod:LuckyCharm"]}],"is_beta":false,"boss_relics":[],"items_purged_floors":[],"is_endless":false,"potions_floor_spawned":[6,14],"killed_by":"Hexaghost","ascension_level":0}}