{"host":"h4lp0eeso8a0ssq0","time":1609484922,"event":{"mods":["2.2 Compatiblity","BaseMod","CapriCore","Colored Map","Downfall","Minty Spire (QoL Compilation)","StSLib","SuperFastMode"],"gold_per_floor":[110,130,130,140,152,152,230,230,230,380,393,404,404,418,418,418,418,418],"floor_reached":16,"playtime":546,"items_purged":[],"score":119,"play_id":"152fa86d-166f-43e6-bea9-768cb2e6bbad","local_time":"20210101160842","is_ascension_mode":false,"campfire_choices":[{"data":"hexamod:Defend","floor":9,"key":"SMITH"},{"data":"hexamod:RadiantFlame","floor":13,"key":"SMITH"},{"data":"hexamod:GhostflameInferno","floor":15,"key":"SMITH"}],"circlet_count":0,"master_deck":["hexamod:Strike","hexamod:Strike","hexamod:Strike","hexamod:Defend+1","hexamod:Defend","hexamod:Defend","hexamod:Defend","hexamod:Sear","hexamod:Float","hexamod:BacktrackSmack","hexamod:SpectersWail+1","hexamod:FourthSeal","hexamod:FirstSeal","Slimebound:Icky","hexamod:SpectersWail","hexamod:RadiantFlame+1","hexamod:GhostflameInferno+1"],"relics":["hexamod:SpiritBrand","Singing Bowl"],"acts_visited":["Exordium"],"potions_floor_usage":[11,12,16],"damage_taken":[{"damage":0,"enemies":"Cultist","floor":1,"turns":4},{"damage":0,"enemies":"Small Slimes","floor":2,"turns":3},{"damage":0,"enemies":"2 Louse","floor":4,"turns":1},{"damage":7,"enemies":"2 Fungi Beasts","floor":5,"turns":3},{"damage":10,"enemies":"Exordium Wildlife","floor":11,"turns":5},{"damage":22,"enemies":"Large Slime","floor":12,"turns":8},{"damage":4,"enemies":"2 Fungi Beasts","floor":14,"turns":3},{"damage":56,"enemies":"downfall:Defect","floor":16,"turns":7}],"seed_played":"-4192440217271284276","potions_obtained":[{"floor":1,"key":"SkillPotion"},{"floor":5,"key":"Swift Potion"},{"floor":5,"key":"Guardian:BlockOnCardUsePotion"},{"floor":11,"key":"Fruit Juice"},{"floor":11,"key":"hexamod:EctoCoolerPotion"},{"floor":12,"key":"Fruit Juice"},{"floor":14,"key":"Block Potion"}],"is_trial":false,"path_per_floor":["M","M","?","M","M","?","T","?","R","?","M","M","R","M","R","B"],"character_chosen":"THE_SPIRIT","items_purchased":[],"campfire_rested":0,"item_purchase_floors":[],"current_hp_per_floor":[70,70,70,70,63,68,68,68,68,68,70,60,60,56,56,0,0,0],"gold":418,"neow_bonus":"REMOVE_CARD","is_daily":false,"chose_seed":false,"campfire_upgraded":3,"win_rate":0.0,"timestamp":1609484922,"path_taken":["M","M","?","M","?","?","T","?","R","?","?","M","R","M","R","BOSS"],"items_purchased_type":[],"build_version":"2020-12-22","purchased_purges":0,"victory":false,"max_hp_per_floor":[70,70,70,70,70,75,75,75,75,75,80,85,85,85,85,85,85,85],"card_choices":[{"not_picked":["hexamod:SpectralAdrenaline","hexamod:GhostLash"],"picked":"hexamod:BacktrackSmack","floor":1},{"not_picked":["hexamod:AdvancingGuard","hexamod:RainOfEmbers"],"picked":"hexamod:SpectersWail","floor":2},{"not_picked":["hexamod:NightmareStrike","hexamod:Hexaguard"],"picked":"hexamod:FourthSeal","floor":4},{"not_picked":["hexamod:Firestarter","hexamod:NightmareGuise"],"picked":"hexamod:FirstSeal","floor":5},{"not_picked":["hexamod:Firestarter","hexamod:HeatCrush"],"picked":"hexamod:SpectersWail","floor":11},{"not_picked":["hexamod:GhostLash","hexamod:GhostOfSpireFuture"],"picked":"hexamod:RadiantFlame","floor":12},{"not_picked":["hexamod:HeatCrush","hexamod:PhantomFireball"],"picked":"hexamod:GhostflameInferno","floor":14}],"player_experience":63131,"relics_obtained":[{"floor":7,"key":"Singing Bowl"}],"event_choices":[{"damage_healed":0,"gold_gain":0,"player_choice":"Forge","damage_taken":0,"max_hp_gain":0,"max_hp_loss":0,"event_name":"Accursed Blacksmith","floor":3,"gold_loss":0,"cards_upgraded":["hexamod:SpectersWail"]},{"damage_healed":0,"gold_gain":0,"player_choice":"Donut","damage_taken":0,"max_hp_gain":5,"max_hp_loss":0,"event_name":"Big Fish","floor":6,"gold_loss":0}],"is_beta":false,"boss_relics":[],"items_purged_floors":[],"is_endless":false,"potions_floor_spawned":[1,5,11],"killed_by":"downfall:Defect","ascension_level":0}}