{"host":"gj32n68c553yo87c","time":1609532973,"event":{"mods":["BaseMod","Downfall","Minty Spire (QoL Compilation)","Replay The Spire","StSLib","The Exalted"],"gold_per_floor":[99,110,20,39,39,69,94,125,143,68,85,535,547,564,574,574,574],"floor_reached":16,"playtime":732,"items_purged":["Bromod:Defend_Bro"],"score":114,"play_id":"0d545c7f-cd98-44a2-8329-458d720f339f","local_time":"20210101122933","is_ascension_mode":false,"campfire_choices":[{"data":"Regret","floor":1.0,"key":"PURGE"},{"data":"Bromod:RadialJavelin","floor":5.0,"key":"SMITH"},{"floor":10,"key":"REST"}],"circlet_count":0,"master_deck":["Bromod:Strike_Bro","Bromod:Strike_Bro","Bromod:Strike_Bro","Bromod:Defend_Bro","Bromod:Defend_Bro","Bromod:Defend_Bro","Bromod:SlashDash","Bromod:SlashDash","Bromod:SlashDash","Bromod:RadialJavelin+1","Bromod:SteelCharge","Bromod:BriefRespite","Bromod:VoltaicStrike","Bromod:ReflexCoil","Slimebound:Icky","Slimebound:Icky","Slimebound:Icky"],"relics":["Bromod:Ordis","Bromod:AscarisDevice","Vajra","Bromod:ArcaneTempo","Unceasing Top","downfall:HeartBlessingGreen"],"acts_visited":["Exordium"],"potions_floor_usage":[16],"damage_taken":[{"damage":10.0,"enemies":"Jaw Worm","floor":2.0,"turns":4.0},{"damage":0.0,"enemies":"downfall:FleeingMerchant","floor":3.0,"turns":4.0},{"damage":0.0,"enemies":"2 Louse","floor":4.0,"turns":1.0},{"damage":30.0,"enemies":"Lagavulin","floor":6.0,"turns":4.0},{"damage":6.0,"enemies":"Gremlin Nob","floor":8.0,"turns":3.0},{"damage":0.0,"enemies":"Small Slimes","floor":9.0,"turns":1.0},{"damage":3,"enemies":"2 Fungi Beasts","floor":11,"turns":2},{"damage":10,"enemies":"Exordium Thugs","floor":13,"turns":2},{"damage":4,"enemies":"Gremlin Gang","floor":14,"turns":2},{"damage":2,"enemies":"3 Louse","floor":15,"turns":2},{"damage":33,"enemies":"downfall:Defect","floor":16,"turns":4}],"seed_played":"-1573735251317941478","potions_obtained":[{"floor":2.0,"key":"EssenceOfSteel"},{"floor":6.0,"key":"SkillPotion"},{"floor":11,"key":"LiquidBronze"},{"floor":13,"key":"sneckomod:MuddlingPotion"},{"floor":14,"key":"Bromod:Endo"}],"is_trial":false,"path_per_floor":["R","M","$","M","R","E","T","E","M","R","M","?","M","M","M","B"],"character_chosen":"THE_EXALTED","items_purchased":[],"campfire_rested":1,"item_purchase_floors":[],"current_hp_per_floor":[75,65,65,65,65,35,35,29,29,51,48,48,38,34,32,0,0],"gold":574,"neow_bonus":"THREE_RARE_CARDS","is_daily":false,"chose_seed":false,"campfire_upgraded":1,"win_rate":0.0,"timestamp":1609532973,"path_taken":["R","M","$","M","R","E","T","E","M","R","M","?","M","M","M","BOSS"],"items_purchased_type":[],"build_version":"2020-12-13","purchased_purges":1,"victory":false,"max_hp_per_floor":[75,75,75,75,75,75,75,75,75,75,75,75,75,75,75,75,75],"card_choices":[{"not_picked":["Bromod:Blaze","Bromod:RendingStrike"],"picked":"Bromod:RadialJavelin","floor":0.0},{"not_picked":["Bromod:BulletJump","Bromod:Stretch"],"picked":"Bromod:SteelCharge","floor":2.0},{"not_picked":["Bromod:ShatteringImpact","Bromod:HornetStrike","Bromod:Stretch"],"picked":"SKIP","floor":3.0},{"not_picked":["Bromod:SlashDash","Bromod:TacticalPump","Bromod:NorthWind"],"picked":"SKIP","floor":4.0},{"not_picked":["Bromod:Vitality","Bromod:BodyCount","Bromod:Stretch"],"picked":"SKIP","floor":6.0},{"not_picked":["Bromod:BulletJump","Bromod:HeatedCharge"],"picked":"Bromod:BriefRespite","floor":8.0},{"not_picked":["Bromod:BloodRush","Bromod:SteelFiber"],"picked":"Bromod:VoltaicStrike","floor":9.0},{"not_picked":["Bromod:Stretch","Bromod:ShatteringImpact"],"picked":"Bromod:ReflexCoil","floor":11},{"not_picked":["Bromod:BodyCount","Bromod:Rejuvenation","Bromod:Reflection"],"picked":"SKIP","floor":13},{"not_picked":["Bromod:Reflection","Bromod:PointStrike","Bromod:Continuity"],"picked":"SKIP","floor":14},{"not_picked":["Bromod:SlipMagazine","Bromod:BodyCount","Bromod:ReflexCoil"],"picked":"SKIP","floor":15}],"player_experience":55790,"relics_obtained":[{"floor":6.0,"key":"Vajra"},{"floor":7.0,"key":"Bromod:ArcaneTempo"},{"floor":8.0,"key":"Unceasing Top"}],"event_choices":[],"is_beta":false,"boss_relics":[],"items_purged_floors":[3],"is_endless":false,"potions_floor_spawned":[2,6,11,13,14],"killed_by":"downfall:Defect","ascension_level":0}}