{"host":"r6wilvrr1tovskr2","time":1609478323,"event":{"mods":["2.2 Compatiblity","AchievementEnabler","Aspiration","BaseMod","Bestiary","Better Altar","Better Match","Better Note","Better Sensory Stone","Better Skull","Better Third Choice","Colored Powertips","Conspire","Curses Come First","Energized Spire","GifTheSpireLib","Halation","Highlight Path","Hubris","Infinite Spire","Marked Mod","Minty Spire (QoL Compilation)","Quick Restart","Replay The Spire","Shop Mod","Spicy Shops","Spikes Relics","StSLib","Stuff the Spire","The Blue Laboratory","vexMod"],"gold_per_floor":[112,128,128,28,38,38,71,71,145,145,162,178,103,103,103,201,201,214,89,78,78,178,178,208,208,255,281,300,313,313,313,313,313,313],"floor_reached":33,"playtime":1947,"items_purged":["Strike_G","Strike_G"],"score":396,"play_id":"cbfe1d4f-02e2-47f6-8d97-2e5b747b57e8","local_time":"20201231231843","is_ascension_mode":true,"campfire_choices":[{"floor":6,"key":"RECALL"},{"floor":8,"key":"REST"},{"floor":10,"key":"REST"},{"data":"Strike_G","floor":15,"key":"PURGE"},{"floor":23,"key":"REST"},{"floor":25,"key":"REST"},{"floor":30,"key":"REST"},{"floor":32,"key":"DIG"}],"circlet_count":0,"master_deck":["Defend_G","Defend_G","Defend_G","Defend_G","Defend_G","Survivor","Neutralize","Bouncing Flask","Predator","StuffTheSpire:BrimstoneBlast","Poisoned Stab","StuffTheSpire:FinalStruggle","Endless Agony","Twin Strike","Voices","Deadly Poison"],"relics":["Boot","aspiration:IroncladSkillbook","halation:Thesaurus","PureWater","Cursed Key","Molten Egg 2","Juzu Bracelet","vexMod:PlasmaPancake","Bloody Idol","infinitespire:CheckeredPen"],"acts_visited":["Exordium","TheCity"],"potions_floor_usage":[4,7,12,20,27,27,29],"damage_taken":[{"damage":0,"enemies":"2 Louse","floor":1,"turns":2},{"damage":1,"enemies":"Cultist","floor":2,"turns":3},{"damage":5,"enemies":"infinitespire:Voidling","floor":5,"turns":7},{"damage":42,"enemies":"Lagavulin","floor":7,"turns":8},{"damage":8,"enemies":"conspire:2 RoseBushes","floor":11,"turns":5},{"damage":0,"enemies":"Gremlin Gang","floor":12,"turns":2},{"damage":17,"enemies":"The Guardian","floor":16,"turns":11},{"damage":12,"enemies":"Spheric Guardian","floor":18,"turns":4},{"damage":10,"enemies":"2 Thieves","floor":20,"turns":4},{"damage":25,"enemies":"conspire:SneckoGhost","floor":24,"turns":7},{"damage":47,"enemies":"Nightmare","floor":27,"turns":9},{"damage":12,"enemies":"conspire:HollyBat","floor":28,"turns":7},{"damage":14,"enemies":"Snake Plant","floor":29,"turns":4},{"damage":3,"enemies":"hubris:MusketHawk","floor":33,"turns":1}],"seed_played":"8548822168647022719","potions_obtained":[{"floor":2,"key":"Fruit Juice"},{"floor":7,"key":"blueLaboratory:SuffocatingSmog"},{"floor":18,"key":"blueLaboratory:BubblePotion"},{"floor":24,"key":"Poison Potion"},{"floor":28,"key":"blueLaboratory:ArtistsPotion"}],"is_trial":false,"path_per_floor":["M","M","?","$","M","R","E","R","T","R","M","M","$","?","R","B",null,"M","$","M","AVR","?","R","E","R","T","NM","M","M","R","?","R","B"],"character_chosen":"THE_SILENT","items_purchased":["blueLaboratory:LouseDecoction","Poison Potion","Twin Strike"],"campfire_rested":5,"item_purchase_floors":[4,4,19],"current_hp_per_floor":[63,62,62,67,62,62,20,42,42,64,56,56,56,56,56,39,66,58,58,52,52,52,74,53,75,75,38,30,20,44,3,3,0,0],"gold":313,"neow_bonus":"THREE_CARDS","is_daily":false,"chose_seed":false,"campfire_upgraded":0,"win_rate":0.0,"timestamp":1609478323,"path_taken":["M","M","?","$","?","R","E","R","T","R","M","M","$","?","R","BOSS","M","$","?","AVR","?","R","E","R","T","NM","M","M","R","?","R","BOSS"],"items_purchased_type":["Potion","Potion","Card"],"build_version":"2020-12-22","purchased_purges":2,"victory":false,"max_hp_per_floor":[70,70,70,75,75,75,75,75,75,75,75,75,75,75,75,75,75,75,75,75,75,75,75,75,75,75,81,81,81,81,81,81,81,81],"card_choices":[{"not_picked":["StuffTheSpire:Incursion","InfectiousVector"],"picked":"Bouncing Flask","floor":0},{"not_picked":["Outmaneuver","Acrobatics"],"picked":"Predator","floor":1},{"not_picked":["Outmaneuver","Dagger Spray"],"picked":"StuffTheSpire:BrimstoneBlast","floor":2},{"not_picked":["Dagger Spray","Bane"],"picked":"Poisoned Stab","floor":5},{"not_picked":["Dodge and Roll","Distraction","Dagger Spray"],"picked":"SKIP","floor":7},{"not_picked":["hubris:TrickCloak","Crippling Poison","StuffTheSpire:ReptileScales"],"picked":"SKIP","floor":11},{"not_picked":["ReplayTheSpireMod:Exploit Weakness","hubris:TrickCloak","ReplayTheSpireMod:Scrap Shanks"],"picked":"SKIP","floor":12},{"not_picked":["A Thousand Cuts","Malaise"],"picked":"StuffTheSpire:FinalStruggle","floor":16},{"not_picked":["Poisoned Stab","ReplayTheSpireMod:The Works","Crippling Poison"],"picked":"Endless Agony","floor":18},{"not_picked":["Disarm","True Grit","Tactician","Poisoned Stab+1"],"picked":"SKIP","floor":20},{"not_picked":["Cleave+1","Cloak And Dagger","Sentinel+1","StuffTheSpire:RagingBull+1"],"picked":"SKIP","floor":24},{"not_picked":["Cloak And Dagger+1","Thunderclap+1","Caltrops","Warcry+1"],"picked":"SKIP","floor":27},{"not_picked":["Deflect","aspiration:Lunge+1","Sword Boomerang+1"],"picked":"Deadly Poison","floor":28},{"not_picked":["Flame Barrier","Uppercut+1","StuffTheSpire:ClusterCrunch+1","Headbutt+1"],"picked":"SKIP","floor":29}],"player_experience":1159635,"relics_obtained":[{"floor":7,"key":"Boot"},{"floor":24,"key":"Molten Egg 2"},{"floor":26,"key":"Juzu Bracelet"},{"floor":27,"key":"vexMod:PlasmaPancake"},{"floor":32,"key":"infinitespire:CheckeredPen"}],"event_choices":[{"cards_removed":["Strike_G"],"damage_healed":0,"gold_gain":0,"player_choice":"Purged","damage_taken":0,"max_hp_gain":0,"max_hp_loss":0,"event_name":"Purifier","floor":3,"gold_loss":0},{"cards_removed":["Strike_G"],"damage_healed":0,"gold_gain":0,"player_choice":"Offered Basic","damage_taken":0,"max_hp_gain":0,"max_hp_loss":0,"event_name":"Bonfire Elementals","floor":14,"gold_loss":0},{"damage_healed":0,"gold_gain":100,"player_choice":"Pray","damage_taken":0,"max_hp_gain":0,"max_hp_loss":0,"event_name":"Golden Shrine","floor":22,"gold_loss":0},{"damage_healed":0,"gold_gain":0,"player_choice":" Idol ","damage_taken":41,"relics_obtained":["Bloody Idol"],"max_hp_gain":44,"max_hp_loss":3,"event_name":"betterAltar:BetterAltar","floor":31,"potions_obtained":[],"relics_lost":[],"gold_loss":0}],"is_beta":false,"boss_relics":[{"not_picked":["halation:ForbiddenBikini","conspire:SpecialSausage"],"picked":"aspiration:IroncladSkillbook"}],"items_purged_floors":[13,19],"is_endless":true,"potions_floor_spawned":[2,7,18,24,28],"killed_by":"hubris:MusketHawk","ascension_level":8}}