{"host":"dntw6kil9p09eemm","time":1609526128,"event":{"mods":["Alarm Clock","Aspiration","BaseMod","Downfall","Hermit","Hubris","Minty Spire (QoL Compilation)","Permanent Neow","Replay The Spire","Shop Mod","StSLib","The Runesmith"],"gold_per_floor":[113,113,129,156,184,222,242,242,242,242,242,262,135,145,145,253,253,279,298,298,316,316,316,316],"floor_reached":22,"playtime":1528,"items_purged":["hexamod:Strike"],"score":190,"play_id":"35c057e3-ac38-44d6-8e13-20fbdf744abd","local_time":"20210102033528","is_ascension_mode":false,"campfire_choices":[{"floor":8.0,"key":"REST"},{"data":"hexamod:Incineration","floor":15,"key":"SMITH"}],"circlet_count":0,"master_deck":["hexamod:Strike","hexamod:Strike","hexamod:Strike","hexamod:Defend","hexamod:Defend","hexamod:Defend","hexamod:Sear","hexamod:Float+1","hexamod:EtherealExpedition","hexamod:SecondSeal","hexamod:FastForward+1","hexamod:Incineration+1","hexamod:HauntingEcho","hexamod:ThermalTransfer","hexamod:ApocalypticArmor","hexamod:StepThrough+1","hexamod:CatchUp"],"relics":["hexamod:SpiritBrand","Pen Nib","Gambling Chip","MerchantsRug","SacredBark","PrismaticShard"],"acts_visited":["Exordium","TheCity"],"potions_floor_usage":[21,21],"damage_taken":[{"damage":0.0,"enemies":"2 Louse","floor":1.0,"turns":3.0},{"damage":0.0,"enemies":"Small Slimes","floor":3.0,"turns":2.0},{"damage":0.0,"enemies":"Cultist","floor":4.0,"turns":3.0},{"damage":0.0,"enemies":"Exordium Wildlife","floor":5.0,"turns":5.0},{"damage":27.0,"enemies":"3 Sentries","floor":6.0,"turns":6.0},{"damage":6.0,"enemies":"3 Louse","floor":7.0,"turns":3.0},{"damage":0,"enemies":"Looter","floor":12,"turns":3},{"damage":0,"enemies":"Blue Slaver","floor":14,"turns":3},{"damage":19,"enemies":"Hexaghost","floor":16,"turns":7},{"damage":4,"enemies":"Chosen","floor":18,"turns":3},{"damage":10,"enemies":"Spheric Guardian","floor":19,"turns":4},{"damage":5,"enemies":"3 Cultists","floor":21,"turns":4},{"damage":48,"enemies":"Masked Bandits","floor":22,"turns":4}],"seed_played":"-8387133758951861049","potions_obtained":[{"floor":4.0,"key":"Explosive Potion"},{"floor":6.0,"key":"hexamod:InfernoChargePotion"},{"floor":7.0,"key":"BlessingOfTheForge"},{"floor":14,"key":"Explosive Potion"},{"floor":16,"key":"Elixir"}],"is_trial":false,"path_per_floor":["M","?","M","M","M","E","M","R","T","?","?","M","$","M","R","B",null,"M","M","?","M","?"],"character_chosen":"THE_SPIRIT","items_purchased":["MerchantsRug"],"campfire_rested":1,"item_purchase_floors":[13],"current_hp_per_floor":[70,70,70,70,70,43,37,58,58,58,58,58,58,58,58,39,70,66,56,48,43,0,0,0],"gold":316,"neow_bonus":"RANDOM_COMMON_RELIC","is_daily":false,"chose_seed":false,"campfire_upgraded":1,"win_rate":0.0,"timestamp":1609526128,"path_taken":["M","?","M","M","M","E","M","R","T","?","?","?","$","M","R","BOSS","M","M","?","M","?"],"items_purchased_type":["Relic"],"build_version":"2020-12-22","purchased_purges":1,"victory":false,"max_hp_per_floor":[70,70,70,70,70,70,70,70,70,70,70,70,70,70,70,70,70,70,70,70,70,70,70,70],"card_choices":[{"not_picked":["hexamod:ShieldOfDarkness","hexamod:GhostShield","hexamod:PhantomCloak"],"picked":"SKIP","floor":1.0},{"not_picked":["hexamod:RecurringNightmare","hexamod:Firestarter"],"picked":"hexamod:SecondSeal","floor":3.0},{"not_picked":["hexamod:Firestarter","hexamod:InspiringFlames"],"picked":"hexamod:FastForward","floor":4.0},{"not_picked":["hexamod:SpectersWail","hexamod:HauntingEcho"],"picked":"hexamod:Incineration","floor":5.0},{"not_picked":["hexamod:NightmareStrike","hexamod:FourthSeal"],"picked":"hexamod:HauntingEcho","floor":6.0},{"not_picked":["hexamod:Incineration","hexamod:HeatShield"],"picked":"hexamod:ThermalTransfer","floor":7.0},{"not_picked":["hexamod:GhostOfSpirePast","hexamod:GhostShield","hexamod:BacktrackSmack"],"picked":"SKIP","floor":12},{"not_picked":["hexamod:ShieldOfDarkness","hexamod:NightmareGuise","hexamod:RainOfEmbers"],"picked":"SKIP","floor":14},{"not_picked":["hexamod:ParanormalForm","hexamod:SearingWound"],"picked":"hexamod:ApocalypticArmor","floor":16},{"not_picked":["hexamod:GhostShield","hexamod:NightmareStrike","hexamod:GhostOfSpirePast"],"picked":"SKIP","floor":18},{"not_picked":["hexamod:AdvancingGuard+1","hexamod:InspiringFlames"],"picked":"hexamod:StepThrough+1","floor":19},{"not_picked":["hexamod:InspiringFlames+1","hexamod:FastForward"],"picked":"hexamod:CatchUp","floor":20},{"not_picked":["sneckomod:Nope","Guardian:PrimingBeam","Consecrate+1"],"picked":"SKIP","floor":21}],"player_experience":521281,"relics_obtained":[{"floor":6.0,"key":"Gambling Chip"},{"floor":9.0,"key":"Darkstone Periapt"},{"floor":20,"key":"PrismaticShard"}],"event_choices":[{"damage_healed":0.0,"max_hp_gain":0.0,"max_hp_loss":0.0,"gold_gain":0.0,"cards_transformed":["hexamod:Defend"],"event_name":"Living Wall","player_choice":"Change","floor":2.0,"gold_loss":0.0,"damage_taken":0.0,"cards_obtained":["hexamod:EtherealExpedition"]},{"damage_healed":0,"gold_gain":0,"player_choice":"Forge","damage_taken":0,"max_hp_gain":0,"max_hp_loss":0,"event_name":"Accursed Blacksmith","floor":11,"gold_loss":0,"cards_upgraded":["hexamod:FastForward"]},{"damage_healed":0,"gold_gain":0,"player_choice":"Fought Bandits","damage_taken":0,"max_hp_gain":0,"max_hp_loss":0,"event_name":"Masked Bandits","floor":22,"gold_loss":0}],"is_beta":false,"boss_relics":[{"not_picked":["aspiration:FutureDiary","Snecko Eye"],"picked":"SacredBark"}],"items_purged_floors":[13],"is_endless":false,"potions_floor_spawned":[4,6,7,14,16],"killed_by":"Masked Bandits","ascension_level":0}}