{"host":"my77oq6kb6j47rwl","time":1609515746,"event":{"mods":["BaseMod","Emptier Cage","Ironclad Rager","Minty Spire (QoL Compilation)","Quick Restart","Rare Cards Sparkle","StSLib"],"gold_per_floor":[110,127,146,146,158,191,191,191,191],"floor_reached":8,"playtime":596,"items_purged":[],"score":90,"play_id":"8d199cf6-e6a5-4c16-a833-ef57ad5c8e64","local_time":"20210101104226","is_ascension_mode":true,"campfire_choices":[{"data":"ICR:AutoDefend","floor":7,"key":"SMITH"}],"circlet_count":0,"master_deck":["AscendersBane","Zap","Dualcast","ICR:ProbingStrike","ICR:ProbingStrike","ICR:ProbingStrike","ICR:ProbingStrike","ICR:AutoDefend+1","ICR:AutoDefend","ICR:AutoDefend","ICR:AutoDefend","Conserve Battery","Leap","Conserve Battery","Beam Cell+1"],"relics":["Cracked Core","Strawberry","Molten Egg 2"],"acts_visited":["Exordium"],"potions_floor_usage":[8],"damage_taken":[{"damage":2,"enemies":"Cultist","floor":1,"turns":4},{"damage":0,"enemies":"Jaw Worm","floor":2,"turns":3},{"damage":6,"enemies":"Small Slimes","floor":3,"turns":4},{"damage":2,"enemies":"3 Louse","floor":5,"turns":4},{"damage":15,"enemies":"Lagavulin","floor":6,"turns":9},{"damage":40,"enemies":"Gremlin Nob","floor":8,"turns":4}],"seed_played":"6477607017621792560","potions_obtained":[{"floor":3,"key":"Strength Potion"},{"floor":5,"key":"LiquidBronze"}],"is_trial":false,"path_per_floor":["M","M","M","?","M","E","R","E"],"character_chosen":"DEFECT","items_purchased":[],"campfire_rested":0,"item_purchase_floors":[],"current_hp_per_floor":[66,66,60,55,53,38,38,0,0],"gold":191,"neow_bonus":"DEFECT_WARDEN","is_daily":false,"chose_seed":false,"campfire_upgraded":1,"win_rate":0.0,"timestamp":1609515746,"path_taken":["M","M","?","?","M","E","R","E"],"items_purchased_type":[],"build_version":"2020-12-22","purchased_purges":0,"victory":false,"max_hp_per_floor":[75,75,75,82,82,82,82,82,82],"card_choices":[{"not_picked":["Turbo","Undo","Steam"],"picked":"SKIP","floor":1},{"not_picked":["BootSequence","Steam"],"picked":"Conserve Battery","floor":2},{"not_picked":["Storm","Compile Driver"],"picked":"Leap","floor":3},{"not_picked":["Genetic Algorithm","Storm"],"picked":"Conserve Battery","floor":5},{"not_picked":["Rainbow","Stack"],"picked":"Beam Cell+1","floor":6}],"player_experience":986091,"relics_obtained":[{"floor":6,"key":"Molten Egg 2"}],"event_choices":[{"damage_healed":0,"gold_gain":0,"player_choice":"Success","damage_taken":12,"relics_obtained":["Strawberry"],"max_hp_gain":0,"max_hp_loss":0,"event_name":"Scrap Ooze","floor":4,"gold_loss":0}],"is_beta":false,"boss_relics":[],"items_purged_floors":[],"is_endless":false,"potions_floor_spawned":[3,5],"killed_by":"Gremlin Nob","ascension_level":11}}