{"host":"nk1hwk2qadwaubm5","time":1609507943,"event":{"mods":["BaseMod","Hubris","Infinite Spire","Minty Spire (QoL Compilation)","Replay The Spire","StSLib","The Cursed","The Jungle"],"gold_per_floor":[112,130,141,161,161,186,205,219,219,219,245,245,260,142,142,174,174,278,278,297,311,193,193,28,28,61,79,79,110,142,173,173,173,173,274,274,288,288,288,300,300,332,332,332],"floor_reached":43,"playtime":3807,"items_purged":["TheCursedMod:Strike_TheCursed","TheCursedMod:Defend_TheCursed","TheCursedMod:Defend_TheCursed","hubris:Gluttony"],"score":837,"play_id":"d6eee54e-0184-4cce-9972-5cfad2f2ece3","local_time":"20210101143223","is_ascension_mode":true,"campfire_choices":[{"data":"TheCursedMod:CleanUpWorkshop","floor":12,"key":"SMITH"},{"data":"TheCursedMod:LuckyCharm","floor":15,"key":"SMITH"},{"data":"TheCursedMod:NeowsMight","floor":17,"key":"SMITH"},{"data":"TheCursedMod:CursedMace","floor":25,"key":"SMITH"},{"data":"TheCursedMod:ManaCirculation","floor":32,"key":"SMITH"},{"data":"TheCursedMod:CursedBoomerang","floor":34,"key":"SMITH"}],"circlet_count":0,"master_deck":["TheCursedMod:Defend_TheCursed","TheCursedMod:CursedWand","TheCursedMod:CleanUpWorkshop+1","TheCursedMod:Dregs","TheCursedMod:Dregs","TheCursedMod:CursedMace+1","TheCursedMod:NeowsMight+1","TheCursedMod:SpitefulStrike","TheCursedMod:SpitefulStrike","TheCursedMod:RapidMovement","TheCursedMod:LuckyCharm+1","TheCursedMod:Wield","TheCursedMod:ManaCirculation+1","TheCursedMod:VoidForm+1","TheCursedMod:Obscuration","TheCursedMod:RapidMovement+1","TheCursedMod:LuckyCharm","TheCursedMod:LuckyCharm","TheCursedMod:CursedBlade","TheCursedMod:DoubleShield+1","TheCursedMod:AshesToAshes","TheCursedMod:RapidMovement","TheCursedMod:Wield+1","TheCursedMod:CursedBoomerang+1","TheCursedMod:DemonicPact","hubris:Wrath","infinitespire:NeuralNetwork","TheCursedMod:ForbiddenAlchemy"],"relics":["TheCursedMod:BlackMagic101","Replay:PocketPolymizer","Dream Catcher","Smiling Mask","Potion Belt","TheCursedMod:OminousMark","WingedGreaves","Snack Pack","infinitespire:BottledMercury","Pocketwatch","Durian","MutagenicStrength","Snecko Eye","ReplayTheSpireMod:DimensionalGlitch","MealTicket","TheCursedMod:DemonicMark"],"acts_visited":["Exordium","TheCity","TheBeyond"],"potions_floor_usage":[6,13,18,29,30,30,30,37,43,43],"damage_taken":[{"damage":9,"enemies":"infinitespire:Voidling","floor":1,"turns":5},{"damage":2,"enemies":"Small Slimes","floor":2,"turns":5},{"damage":0,"enemies":"Cultist","floor":3,"turns":4},{"damage":11,"enemies":"Blue Slaver","floor":4,"turns":4},{"damage":13,"enemies":"3 Sentries","floor":6,"turns":10},{"damage":0,"enemies":"Gremlin Gang","floor":7,"turns":4},{"damage":7,"enemies":"3 Louse","floor":8,"turns":4},{"damage":0,"enemies":"Large Slime","floor":13,"turns":3},{"damage":0,"enemies":"Replay:BlueRogue","floor":16,"turns":3},{"damage":4,"enemies":"Slime Boss","floor":18,"turns":9},{"damage":6,"enemies":"Shell Parasite","floor":20,"turns":3},{"damage":0,"enemies":"Chosen","floor":21,"turns":4},{"damage":8,"enemies":"Slavers","floor":26,"turns":5},{"damage":2,"enemies":"Snake Plant","floor":27,"turns":4},{"damage":6,"enemies":"Book of Stabbing","floor":29,"turns":4},{"damage":12,"enemies":"Slavers","floor":30,"turns":7},{"damage":0,"enemies":"Replay:Snechameleon","floor":31,"turns":4},{"damage":0,"enemies":"Champ","floor":35,"turns":7},{"damage":15,"enemies":"3 Shapes","floor":37,"turns":3},{"damage":3,"enemies":"3 Darklings","floor":40,"turns":4},{"damage":0,"enemies":"Giant Head","floor":42,"turns":3},{"damage":48,"enemies":"infinitespire:Three Voidlings","floor":43,"turns":3},{"damage":23,"enemies":"Nightmare_Alpha","floor":43,"turns":6}],"seed_played":"-1828794430451960056","potions_obtained":[{"floor":1,"key":"BlessingOfTheForge"},{"floor":4,"key":"Block Potion"},{"floor":5,"key":"LifebloodPotion"},{"floor":5,"key":"GamblersBrew"},{"floor":8,"key":"Fire Potion"},{"floor":18,"key":"Venom Potion"},{"floor":21,"key":"Doom Potion"},{"floor":26,"key":"GamblersBrew"},{"floor":29,"key":"SteroidPotion"},{"floor":30,"key":"Swift Potion"},{"floor":31,"key":"Death Potion"},{"floor":40,"key":"BlessingOfTheForge"}],"is_trial":false,"path_per_floor":["M","M","M","M","?","E","M","M","PTL","PTL","T","R","M","$","R","E","R","B",null,"M","M","$","?","$","R","E","M","T","E","E","E","R","?","R","B",null,"M","?","?","M","AVR","E","?"],"character_chosen":"THE_CURSED","items_purchased":["TheCursedMod:LuckyCharm","TheCursedMod:LuckyCharm","TheCursedMod:LuckyCharm","Energy Potion"],"campfire_rested":0,"item_purchase_floors":[14,22,24,24],"current_hp_per_floor":[68,66,66,55,55,42,42,35,35,35,35,35,35,35,35,35,35,31,64,58,58,58,58,58,58,50,48,48,46,38,47,47,47,47,55,74,63,63,63,62,62,65,0,0],"gold":332,"neow_bonus":"ONE_RARE_RELIC","is_daily":false,"chose_seed":false,"campfire_upgraded":6,"win_rate":0.0,"timestamp":1609507943,"path_taken":["M","M","?","?","?","E","M","?","PTL","PTL","T","R","M","$","R","E","R","BOSS","M","M","$","?","$","R","E","?","T","E","E","E","R","?","R","BOSS","M","?","?","M","AVR","E","?"],"items_purchased_type":["Card","Card","Card","Potion"],"build_version":"2020-12-22","purchased_purges":4,"victory":false,"max_hp_per_floor":[75,75,75,75,75,75,75,75,75,75,75,75,75,75,75,75,75,75,75,75,75,75,75,75,75,75,75,75,75,75,80,80,80,80,80,80,80,80,80,80,80,80,80,80],"card_choices":[{"not_picked":["TheCursedMod:CircleOfWindfury","TheCursedMod:SurpriseAttack","TheCursedMod:CircleOfCorruption"],"picked":"SKIP","floor":1},{"not_picked":["TheCursedMod:Wield","TheCursedMod:CursedBoomerang","TheCursedMod:SoulReap"],"picked":"SKIP","floor":2},{"not_picked":["TheCursedMod:TacticalStrike","TheCursedMod:HellsGateOpen"],"picked":"TheCursedMod:CursedMace","floor":3},{"not_picked":["TheCursedMod:RapidMovement","TheCursedMod:Wield"],"picked":"TheCursedMod:NeowsMight","floor":4},{"not_picked":["TheCursedMod:FleshFromBone","TheCursedMod:Stretching"],"picked":"TheCursedMod:SpitefulStrike","floor":6},{"not_picked":["TheCursedMod:CursedSpellbook","TheCursedMod:CircleOfWindfury","TheCursedMod:CircleOfFlame"],"picked":"SKIP","floor":7},{"not_picked":["TheCursedMod:EmpowerCircles","TheCursedMod:CircleOfAmplification","TheCursedMod:CircleOfFlame"],"picked":"SKIP","floor":8},{"not_picked":["TheCursedMod:SurpriseAttack","TheCursedMod:FuryStrike"],"picked":"TheCursedMod:RapidMovement","floor":13},{"not_picked":["TheCursedMod:SoulReap","TheCursedMod:TacticalStrike"],"picked":"TheCursedMod:HellsGateOpen","floor":16},{"not_picked":["TheCursedMod:CursedRelics","TheCursedMod:CollectTribute"],"picked":"TheCursedMod:VoidForm","floor":18},{"not_picked":["TheCursedMod:CursedAmulet","TheCursedMod:DoubleShield+1"],"picked":"TheCursedMod:Obscuration","floor":20},{"not_picked":["TheCursedMod:EmpowerCircles+1","TheCursedMod:CursedShiv+1"],"picked":"TheCursedMod:RapidMovement+1","floor":21},{"not_picked":["TheCursedMod:CursedBoomerang","TheCursedMod:CursedBlade"],"picked":"TheCursedMod:DoubleShield+1","floor":26},{"not_picked":["TheCursedMod:PrepareRite","TheCursedMod:CircleOfBlood+1","TheCursedMod:AbyssShockwave"],"picked":"SKIP","floor":27},{"not_picked":["TheCursedMod:SoulReap+1","TheCursedMod:Stigma+1"],"picked":"TheCursedMod:AshesToAshes","floor":29},{"not_picked":["TheCursedMod:CursedShiv","TheCursedMod:FleshFromBone"],"picked":"TheCursedMod:RapidMovement","floor":30},{"not_picked":["TheCursedMod:Stretching","TheCursedMod:CursedAmulet+1"],"picked":"TheCursedMod:Wield+1","floor":31},{"not_picked":["TheCursedMod:ParallelWorld","TheCursedMod:CircleOfAbyss"],"picked":"TheCursedMod:DemonicPact","floor":35},{"not_picked":["TheCursedMod:TacticalStrike","TheCursedMod:Stretching","TheCursedMod:Wield+1"],"picked":"SKIP","floor":37},{"not_picked":["infinitespire:Starlight","infinitespire:Fortify"],"picked":"infinitespire:NeuralNetwork","floor":39},{"not_picked":["TheCursedMod:Stretching+1","TheCursedMod:Wield+1","TheCursedMod:HellsGateOpen"],"picked":"SKIP","floor":40},{"not_picked":["TheCursedMod:Wield+1","TheCursedMod:CircleOfBlood"],"picked":"TheCursedMod:ForbiddenAlchemy","floor":42}],"player_experience":211269,"relics_obtained":[{"floor":6,"key":"Dream Catcher"},{"floor":11,"key":"Smiling Mask"},{"floor":16,"key":"Potion Belt"},{"floor":26,"key":"WingedGreaves"},{"floor":28,"key":"Snack Pack"},{"floor":29,"key":"infinitespire:BottledMercury"},{"floor":30,"key":"Pocketwatch"},{"floor":31,"key":"Durian"},{"floor":42,"key":"TheCursedMod:DemonicMark"}],"event_choices":[{"damage_healed":0,"gold_gain":0,"player_choice":"Got Potions","damage_taken":0,"max_hp_gain":0,"max_hp_loss":0,"event_name":"Lab","floor":5,"gold_loss":0},{"damage_healed":0,"gold_gain":0,"player_choice":"Upgraded","damage_taken":0,"max_hp_gain":0,"max_hp_loss":0,"event_name":"Upgrade Shrine","floor":23,"gold_loss":0,"cards_upgraded":["TheCursedMod:VoidForm"]},{"damage_healed":0,"gold_gain":0,"player_choice":"Inject Mutagens","damage_taken":0,"relics_obtained":["MutagenicStrength"],"max_hp_gain":0,"max_hp_loss":0,"event_name":"Drug Dealer","floor":33,"gold_loss":0},{"damage_healed":0,"gold_gain":0,"player_choice":"Memory 1","damage_taken":0,"max_hp_gain":0,"max_hp_loss":0,"event_name":"SensoryStone","floor":38,"gold_loss":0}],"is_beta":false,"boss_relics":[{"not_picked":["Replay:Ancient Bell","hubris:RunicObelisk"],"picked":"TheCursedMod:OminousMark"},{"not_picked":["ReplayTheSpireMod:SealedPack","hubris:ScarierMask"],"picked":"Snecko Eye"}],"items_purged_floors":[14,22,24,41],"is_endless":false,"potions_floor_spawned":[1,4,8,18,21,26,29,30,31,40],"killed_by":"Nightmare_Alpha","ascension_level":6}}