{"host":"873t0y8ybyo38pfq","time":1609543663,"event":{"mods":["BaseMod","Bestiary","Colored Map","Colored Powertips","Highlight Path","Minty Spire (QoL Compilation)","Quick Restart","RNG Fix","Rare Cards Sparkle","Relic Stats","StSLib"],"gold_per_floor":[366,366,366,53,72,72,85,98,98,123,23,23,23,23,23,117,117,140,190,240,240,240,240,258,273,297,297,321,321,321],"floor_reached":29,"playtime":1261,"items_purged":["Decay","Strike_B"],"score":430,"play_id":"b7b25abb-ad9b-4003-bbbc-a3502fc98582","local_time":"20210101182743","is_ascension_mode":true,"campfire_choices":[{"data":"Mayhem","floor":6,"key":"SMITH"},{"data":"Rainbow","floor":13,"key":"SMITH"},{"data":"Defragment","floor":15,"key":"SMITH"},{"floor":23,"key":"REST"},{"floor":27,"key":"REST"}],"circlet_count":0,"master_deck":["AscendersBane","Strike_B","Strike_B","Defend_B","Defend_B","Defend_B","Defend_B","Zap","Dualcast","Ball Lightning","Mayhem+1","Defragment+1","Cold Snap","Rainbow+1","Coolheaded","Conserve Battery","Parasite","Creative AI","Conserve Battery"],"relics":["Cracked Core","Golden Idol","Smiling Mask","Black Star","Anchor"],"acts_visited":["Exordium","TheCity"],"potions_floor_usage":[16,22,28],"damage_taken":[{"damage":3,"enemies":"Cultist","floor":1,"turns":3},{"damage":14,"enemies":"Small Slimes","floor":5,"turns":3},{"damage":2,"enemies":"Jaw Worm","floor":7,"turns":3},{"damage":1,"enemies":"Blue Slaver","floor":8,"turns":4},{"damage":0,"enemies":"Exordium Wildlife","floor":10,"turns":3},{"damage":8,"enemies":"Hexaghost","floor":16,"turns":9},{"damage":32,"enemies":"Spheric Guardian","floor":18,"turns":6},{"damage":0,"enemies":"2 Thieves","floor":22,"turns":1},{"damage":19,"enemies":"3 Cultists","floor":24,"turns":6},{"damage":9,"enemies":"Snecko","floor":25,"turns":5},{"damage":13,"enemies":"Snake Plant","floor":28,"turns":7},{"damage":38,"enemies":"Slavers","floor":29,"turns":4}],"seed_played":"4418220617727444067","potions_obtained":[{"floor":10,"key":"Swift Potion"},{"floor":16,"key":"FairyPotion"},{"floor":21,"key":"SmokeBomb"},{"floor":24,"key":"GamblersBrew"}],"is_trial":false,"path_per_floor":["M","?","?","$","M","R","M","M","T","M","$","?","R","?","R","B",null,"M","?","?","?","M","R","M","M","T","R","M","E"],"character_chosen":"DEFECT","items_purchased":["Mayhem","Defragment","Conserve Battery"],"campfire_rested":2,"item_purchase_floors":[4,4,11],"current_hp_per_floor":[61,61,50,50,36,36,34,33,33,33,33,26,26,42,42,34,57,25,25,19,19,19,38,19,10,10,29,16,0,0],"gold":321,"neow_bonus":"TWO_FIFTY_GOLD","is_daily":false,"chose_seed":false,"campfire_upgraded":3,"win_rate":0.0,"timestamp":1609543663,"path_taken":["M","?","?","$","M","R","M","M","T","?","?","?","R","?","R","BOSS","M","?","?","?","M","R","?","M","T","R","M","E"],"items_purchased_type":["Card","Card","Card"],"build_version":"2020-12-22","purchased_purges":2,"victory":false,"max_hp_per_floor":[71,64,64,64,64,64,64,64,64,64,64,64,64,64,64,64,64,64,64,64,64,64,64,64,64,64,64,64,64,64],"relic_stats":{"counters":[12,54],"Golden Idol":56,"Black Star":0,"Smiling Mask":75,"obtain_stats":[{"Anchor":26,"Golden Idol":2,"Black Star":17,"Cracked Core":0,"Smiling Mask":3},{"Anchor":10,"Golden Idol":1,"Black Star":6,"Cracked Core":0,"Smiling Mask":1},{"Anchor":43,"Golden Idol":3,"Black Star":25,"Cracked Core":0,"Smiling Mask":3}]},"card_choices":[{"not_picked":["Melter","Coolheaded"],"picked":"Ball Lightning","floor":1},{"not_picked":["Storm","Double Energy","Barrage"],"picked":"SKIP","floor":5},{"not_picked":["Reinforced Body","Chill"],"picked":"Cold Snap","floor":7},{"not_picked":["Beam Cell","Gash"],"picked":"Rainbow","floor":8},{"not_picked":["Gash","Compile Driver"],"picked":"Coolheaded","floor":10},{"not_picked":["Echo Form","Electrodynamics"],"picked":"Creative AI","floor":16},{"not_picked":["Stack","Go for the Eyes","Gash"],"picked":"SKIP","floor":18},{"not_picked":["Sweeping Beam+1","Ball Lightning","Rebound"],"picked":"SKIP","floor":24},{"not_picked":["Go for the Eyes","Beam Cell","Cold Snap"],"picked":"SKIP","floor":25},{"not_picked":["Cold Snap","Doom and Gloom"],"picked":"Conserve Battery","floor":28}],"player_experience":1477344,"relics_obtained":[{"floor":26,"key":"Anchor"}],"event_choices":[{"damage_healed":0,"gold_gain":0,"player_choice":"Lose Max HP","damage_taken":0,"relics_obtained":["Golden Idol"],"max_hp_gain":0,"max_hp_loss":7,"event_name":"Golden Idol","floor":2,"gold_loss":0},{"damage_healed":0,"gold_gain":0,"player_choice":"Success","damage_taken":11,"relics_obtained":["Smiling Mask"],"max_hp_gain":0,"max_hp_loss":0,"event_name":"Scrap Ooze","floor":3,"gold_loss":0},{"cards_removed":["Strike_B"],"damage_healed":0,"gold_gain":0,"player_choice":"Card Removal","damage_taken":7,"max_hp_gain":0,"max_hp_loss":0,"event_name":"Golden Wing","floor":12,"gold_loss":0},{"damage_healed":16,"gold_gain":0,"player_choice":"Healed and dodged fight","damage_taken":0,"max_hp_gain":0,"max_hp_loss":0,"event_name":"Mushrooms","floor":14,"gold_loss":0,"cards_obtained":["Parasite"]},{"damage_healed":0,"gold_gain":50,"player_choice":"Stole From Cult","damage_taken":0,"max_hp_gain":0,"max_hp_loss":0,"event_name":"Nest","floor":19,"gold_loss":0},{"damage_healed":0,"gold_gain":50,"player_choice":"Touch","damage_taken":6,"max_hp_gain":0,"max_hp_loss":0,"event_name":"FaceTrader","floor":20,"gold_loss":0},{"damage_healed":0,"gold_gain":0,"player_choice":"Got Potions","damage_taken":0,"max_hp_gain":0,"max_hp_loss":0,"event_name":"Lab","floor":21,"gold_loss":0}],"is_beta":false,"boss_relics":[{"not_picked":["SacredBark","Fusion Hammer"],"picked":"Black Star"}],"items_purged_floors":[4,11],"is_endless":false,"potions_floor_spawned":[10,16,22,24,25],"killed_by":"Slavers","ascension_level":20}}