{"host":"ejgx9yw0pit9n4wv","time":1609520526,"event":{"mods":["2.2 Compatiblity","Act Like it!","Alarm Clock","BaseMod","Bestiary","Better Match","Better Sensory Stone","Better Skull","Better Third Choice","Downfall","GifTheSpireLib","Highlight Path","Infinite Spire","Minty Spire (QoL Compilation)","Puzzle Mod","Quick Restart","Relic Stats","Replay The Spire","SOS???????","Spicy Shops","StSLib","Trackpad","Uncapped","???Mod??????Boss"],"gold_per_floor":[139,139,139,103,103,103,103],"floor_reached":6,"playtime":324,"items_purged":[],"score":32,"play_id":"016963ff-15de-48ce-87ba-dfd2d4b76e6e","local_time":"20210101210206","is_ascension_mode":false,"campfire_choices":[],"circlet_count":0,"master_deck":["Attack_a","Attack_a","Attack_b","Shoot","Shoot","Provocation","Defend_Dante","Defend_Dante","Defend_Dante","Defend_Dante","Redorb","Straight","Magnetism","Choke"],"relics":["SSS","Combocheck","betterThird:SlimedRelic","Eternal Feather"],"acts_visited":["Exordium"],"potions_floor_usage":[],"damage_taken":[{"damage":0,"enemies":"Jaw Worm","floor":1,"turns":7},{"damage":61,"enemies":"Gremlin Nob","floor":6,"turns":6}],"seed_played":"5071343649219658087","potions_obtained":[],"is_trial":false,"path_per_floor":["M","?","?","?","?","E"],"character_chosen":"DANTE","items_purchased":[],"campfire_rested":0,"item_purchase_floors":[],"current_hp_per_floor":[88,88,88,77,65,4,4],"gold":103,"neow_bonus":"TEN_PERCENT_HP_BONUS","is_daily":false,"chose_seed":false,"campfire_upgraded":0,"win_rate":0.0,"timestamp":1609520526,"path_taken":["M","?","?","?","?","E"],"items_purchased_type":[],"build_version":"2020-12-22","purchased_purges":0,"victory":false,"max_hp_per_floor":[88,88,88,88,88,88,88],"relic_stats":{"counters":[2,13],"Eternal Feather":0,"obtain_stats":[{"SSS":0,"betterThird:SlimedRelic":4,"Eternal Feather":5,"Combocheck":0},{"SSS":0,"betterThird:SlimedRelic":1,"Eternal Feather":1,"Combocheck":0},{"SSS":0,"betterThird:SlimedRelic":7,"Eternal Feather":7,"Combocheck":0}]},"card_choices":[{"not_picked":["Kick13","Holywater"],"picked":"Straight","floor":1},{"not_picked":["expansioncontent:Flail","Replay:SS_hec_2"],"picked":"Magnetism","floor":2}],"player_experience":31495,"relics_obtained":[],"event_choices":[{"damage_healed":0,"gold_gain":1,"player_choice":"1","damage_taken":0,"max_hp_gain":0,"max_hp_loss":0,"event_name":"betterStone:BetterStone","floor":2,"gold_loss":0},{"damage_healed":0,"gold_gain":0,"player_choice":"Ignored","damage_taken":0,"max_hp_gain":0,"max_hp_loss":0,"event_name":"Golden Wing","floor":3,"gold_loss":0},{"damage_healed":0,"gold_gain":0,"player_choice":"Slimed","damage_taken":11,"max_hp_gain":0,"max_hp_loss":0,"event_name":"betterThird:BetterGoop","floor":4,"gold_loss":36}],"is_beta":false,"boss_relics":[],"items_purged_floors":[],"is_endless":false,"potions_floor_spawned":[],"killed_by":"Gremlin Nob","ascension_level":0}}