{"host":"3kdwm9n4ehf6yd4s","time":1609486750,"event":{"mods":["BaseMod","GifTheSpireLib","Minty Spire (QoL Compilation)","Quick Restart","Replay The Spire","StSLib"],"gold_per_floor":[109,127,6,16,29,29,54,74,97,97,50,63,95,106,106,210,210,230,19,19,37,37,67,67,82,151,22,48,60,103,115,127,243,255,278,290,322,11,11,11,0,32,107,107,157,177,194,194,194,194],"floor_reached":51,"playtime":3112,"items_purged":["Normality"],"score":956,"play_id":"68574728-49d3-473f-a25d-5c928291efd2","local_time":"20210101003910","is_ascension_mode":true,"campfire_choices":[{"floor":6,"key":"REST"},{"floor":15,"key":"REST"},{"floor":24,"key":"REST"},{"floor":32,"key":"REST"},{"floor":40,"key":"REST"},{"floor":49,"key":"DIG"}],"circlet_count":0,"master_deck":["Defend_B","Defend_B","Defend_B","Defend_B","Zap","Gash","Conserve Battery","Creative AI","Creative AI","Conserve Battery","Sweeping Beam","ReplayGash","Reinforced Body","Conserve Battery","Ball Lightning","Go for the Eyes","Stack","Cold Snap","BasicCrystalCard","Pot Of Greed","Electrodynamics","Hello World","Bite","Bite","Bite","Bite","Bite","Undo","Self Repair","Defragment","Tempest","Conserve Battery","Pot Of Greed","Hello World","Go for the Eyes","BasicCrystalCard+1","Creative AI","CurseOfTheBell","ReplayGash+1","Go for the Eyes+1","Defragment","Hello World+1","Ball Lightning","ReplayTheSpireMod:Omega Cannon","Auto Shields+1","Pot Of Greed"],"relics":["FrozenCore","ReplayTheSpireMod:CursedCoin","Nunchaku","Grinning Jar","Potion Belt","Juzu Bracelet","DataDisk","Replay:Rubber Ducky","HornCleat","MawBank","Geode","Calling Bell","Replay:Mystery Machine","Symbiotic Virus","Thread and Needle","Carrot","Red Mask","Turnip","ReplayTheSpireMod:Ninjato","Ring of Peace","Ice Cream","Golden Egg"],"acts_visited":["Exordium","TheCity","TheBeyond"],"potions_floor_usage":[13,16,16,23,28,30,30,30,36,36,42,50],"damage_taken":[{"damage":0,"enemies":"Cultist","floor":1,"turns":2},{"damage":7,"enemies":"Small Slimes","floor":2,"turns":4},{"damage":6,"enemies":"Jaw Worm","floor":4,"turns":5},{"damage":2,"enemies":"Blue Slaver","floor":5,"turns":3},{"damage":40,"enemies":"3 Sentries","floor":7,"turns":7},{"damage":0,"enemies":"Exordium Wildlife","floor":8,"turns":5},{"damage":3,"enemies":"Red Slaver","floor":12,"turns":3},{"damage":13,"enemies":"Replay:BlueRogue","floor":13,"turns":7},{"damage":10,"enemies":"Blue Slaver","floor":14,"turns":5},{"damage":27,"enemies":"Fading Forest","floor":16,"turns":11},{"damage":16,"enemies":"Spheric Guardian","floor":18,"turns":6},{"damage":20,"enemies":"2 Thieves","floor":21,"turns":4},{"damage":39,"enemies":"Slavers","floor":23,"turns":6},{"damage":0,"enemies":"Snecko","floor":25,"turns":4},{"damage":26,"enemies":"Gremlin Leader","floor":28,"turns":9},{"damage":0,"enemies":"Book of Stabbing","floor":30,"turns":9},{"damage":2,"enemies":"Pondfish","floor":33,"turns":11},{"damage":0,"enemies":"3 Shapes","floor":35,"turns":3},{"damage":30,"enemies":"2 Orb Walkers","floor":36,"turns":4},{"damage":15,"enemies":"3 Darklings","floor":37,"turns":8},{"damage":23,"enemies":"Nemesis","floor":42,"turns":16},{"damage":0,"enemies":"Mind Bloom Boss Battle","floor":45,"turns":9},{"damage":14,"enemies":"Maw","floor":46,"turns":11},{"damage":0,"enemies":"Jaw Worm Horde","floor":47,"turns":6},{"damage":74,"enemies":"Awakened One","floor":50,"turns":14}],"seed_played":"-7215548925065479330","potions_obtained":[{"floor":5,"key":"Ancient Potion"},{"floor":7,"key":"SteroidPotion"},{"floor":13,"key":"SpeedPotion"},{"floor":14,"key":"Strength Potion"},{"floor":18,"key":"SmokeBomb"},{"floor":25,"key":"Flashbang"},{"floor":28,"key":"EntropicBrew"},{"floor":37,"key":"FearPotion"},{"floor":46,"key":"ColorlessPotion"}],"is_trial":false,"path_per_floor":["M","M","$","M","M","R","E","M","T","?","$","M","E","M","R","B",null,"M","$","?","M","?","E","R","M","T","$","E","$","E","?","R","B",null,"M","?","M","$","?","R","?","E","T","?","?","M","M","?","R","B",null],"character_chosen":"DEFECT","items_purchased":["ReplayTheSpireMod:CursedCoin","Creative AI","Conserve Battery","Sweeping Beam","Go for the Eyes","DataDisk","Hello World","Conserve Battery","Hello World","Defragment","Carrot"],"campfire_rested":5,"item_purchase_floors":[3,3,3,3,11,19,19,27,27,38,38],"current_hp_per_floor":[68,61,61,55,53,79,39,39,39,39,39,36,23,13,39,12,89,73,73,62,44,44,16,34,40,40,40,22,22,35,35,53,62,62,62,45,38,38,38,56,56,52,52,52,58,55,62,62,62,18],"gold":194,"neow_bonus":"TWENTY_PERCENT_HP_BONUS","is_daily":false,"chose_seed":false,"campfire_upgraded":0,"win_rate":0.0,"timestamp":1609486750,"path_taken":["M","M","?","?","M","R","E","?","T","?","$","?","E","M","R","BOSS","M","$","?","M","?","E","R","M","T","?","E","$","E","?","R","BOSS","M","?","M","$","?","R","?","E","T","?","?","M","M","?","R","BOSS"],"items_purchased_type":["Relic","Card","Card","Card","Card","Relic","Card","Card","Card","Card","Relic"],"build_version":"2020-12-22","purchased_purges":1,"victory":true,"max_hp_per_floor":[89,89,89,89,89,89,89,89,89,89,89,89,89,89,89,89,89,89,89,62,62,62,62,62,62,62,62,62,62,62,62,62,62,62,62,62,62,62,62,62,62,62,62,62,62,62,62,62,62,62],"card_choices":[{"not_picked":["Chaos","Steam"],"picked":"Gash","floor":1},{"not_picked":["Static Discharge","Auto Shields"],"picked":"Conserve Battery","floor":2},{"not_picked":["Conserve Battery","Turbo"],"picked":"ReplayGash","floor":4},{"not_picked":["Panic Button","Tempest"],"picked":"Reinforced Body","floor":5},{"not_picked":["ReplayTheSpireMod:Fabricate Wheel","Coolheaded"],"picked":"Conserve Battery","floor":7},{"not_picked":["Barrage","Panic Button"],"picked":"Ball Lightning","floor":8},{"not_picked":["ReplayRNGCard","Barrage"],"picked":"Stack","floor":12},{"not_picked":["Steam Power","Rebound"],"picked":"Cold Snap","floor":13},{"not_picked":["Sweeping Beam","Turbo"],"picked":"BasicCrystalCard","floor":14},{"not_picked":["Biased Cognition","Core Surge"],"picked":"Electrodynamics","floor":16},{"not_picked":["Genetic Algorithm","Recycle","ReplaySolidLightProjector"],"picked":"SKIP","floor":18},{"not_picked":["ReplayTheSpireMod:GoodbyeWorld","Steam"],"picked":"Undo","floor":21},{"not_picked":["Barrage","Steam"],"picked":"Defragment","floor":23},{"not_picked":["Steam","Coolheaded"],"picked":"Tempest","floor":25},{"not_picked":["Leap","Stack"],"picked":"Go for the Eyes","floor":28},{"not_picked":["Recycle","ReplayTheSpireMod:GoodbyeWorld"],"picked":"BasicCrystalCard+1","floor":30},{"not_picked":["Reboot","Machine Learning"],"picked":"Creative AI","floor":33},{"not_picked":["Recycle+1","Reprogram"],"picked":"ReplayGash+1","floor":35},{"not_picked":["Ball Lightning+1","Leap"],"picked":"Go for the Eyes+1","floor":37},{"not_picked":["Cold Snap","BasicCrystalCard+1"],"picked":"Hello World+1","floor":42},{"not_picked":["Stack","Redo"],"picked":"Ball Lightning","floor":45},{"not_picked":["Chaos","Steam+1"],"picked":"ReplayTheSpireMod:Omega Cannon","floor":46},{"not_picked":["Panic Button","Turbo+1"],"picked":"Auto Shields+1","floor":47}],"player_experience":130445,"relics_obtained":[{"floor":7,"key":"Nunchaku"},{"floor":9,"key":"Grinning Jar"},{"floor":13,"key":"Juzu Bracelet"},{"floor":23,"key":"Replay:Rubber Ducky"},{"floor":26,"key":"HornCleat"},{"floor":28,"key":"MawBank"},{"floor":30,"key":"Geode"},{"floor":34,"key":"Replay:Mystery Machine"},{"floor":34,"key":"Symbiotic Virus"},{"floor":34,"key":"Thread and Needle"},{"floor":42,"key":"Turnip"},{"floor":43,"key":"ReplayTheSpireMod:Ninjato"},{"floor":44,"key":"Ring of Peace"},{"floor":45,"key":"Ice Cream"},{"floor":49,"key":"Golden Egg"}],"event_choices":[{"cards_removed":["Pot Of Greed"],"damage_healed":0,"gold_gain":0,"player_choice":"Gave Card","damage_taken":0,"relics_obtained":["Potion Belt"],"max_hp_gain":0,"max_hp_loss":0,"event_name":"WeMeetAgain","floor":10,"gold_loss":0},{"damage_healed":0,"gold_gain":0,"player_choice":"Became a vampire","damage_taken":0,"max_hp_gain":0,"max_hp_loss":27,"event_name":"Vampires","floor":20,"gold_loss":0,"cards_obtained":["Bite","Bite","Bite","Bite","Bite"]},{"damage_healed":0,"gold_gain":0,"player_choice":"Read","damage_taken":0,"max_hp_gain":0,"max_hp_loss":0,"event_name":"The Library","floor":22,"gold_loss":0,"cards_obtained":["Self Repair"]},{"damage_healed":0,"gold_gain":0,"player_choice":"Ignored","damage_taken":0,"max_hp_gain":0,"max_hp_loss":0,"event_name":"N\u0027loth","floor":31,"gold_loss":0},{"damage_healed":0,"gold_gain":0,"player_choice":"Fight","damage_taken":0,"max_hp_gain":0,"max_hp_loss":0,"event_name":"Mysterious Sphere","floor":36,"gold_loss":0},{"cards_removed":["Pot Of Greed"],"damage_healed":0,"gold_gain":0,"player_choice":"Removed Skill","damage_taken":0,"max_hp_gain":0,"max_hp_loss":0,"event_name":"Falling","floor":39,"gold_loss":0},{"damage_healed":0,"gold_gain":0,"player_choice":"Paid","damage_taken":0,"relics_obtained":["Red Mask"],"max_hp_gain":0,"max_hp_loss":0,"event_name":"Tomb of Lord Red Mask","floor":41,"gold_loss":11},{"damage_healed":0,"gold_gain":0,"player_choice":"Fight","damage_taken":0,"max_hp_gain":0,"max_hp_loss":0,"event_name":"MindBloom","floor":45,"gold_loss":0},{"cards_removed":["Dualcast"],"damage_healed":0,"gold_gain":0,"player_choice":"Card Removal","damage_taken":0,"max_hp_gain":0,"max_hp_loss":0,"event_name":"Wheel of Change","floor":48,"gold_loss":0}],"is_beta":false,"boss_relics":[{"not_picked":["Replay:Drink Me","Replay:Wanted Poster"],"picked":"FrozenCore"},{"not_picked":["Kintsugi","ReplayTheSpireMod:DimensionalGlitch"],"picked":"Calling Bell"}],"items_purged_floors":[3],"is_endless":false,"potions_floor_spawned":[5,7,13,14,18,25,28,36,37,46],"ascension_level":1}}