{"host":"lsq35p0sdkx2xifo","time":1609474810,"event":{"mods":["AchievementEnabler","BaseMod","Highlight Path","Minty Spire (QoL Compilation)","StSLib","The Senshi"],"gold_per_floor":[118,118,131,131,151,151,165,206,206,206,8,23,63,63,63,152,152,171,192,192,211,211,211],"floor_reached":22,"playtime":2580,"items_purged":["Strike_G"],"score":323,"play_id":"9b3bb97d-c9ec-42e8-86a7-c1b46df65461","local_time":"20201231202010","is_ascension_mode":true,"campfire_choices":[{"data":"Infinite Blades","floor":6,"key":"SMITH"},{"floor":10,"key":"REST"},{"floor":15,"key":"REST"}],"circlet_count":0,"master_deck":["AscendersBane","Strike_G+1","Strike_G+1","Strike_G+1","Strike_G+1","Defend_G+1","Defend_G+1","Defend_G+1","Defend_G+1","Survivor","Neutralize","Poisoned Stab","Skewer","Infinite Blades+1","Caltrops","Footwork","Caltrops","Blur","Adrenaline","Finisher+1","Flying Knee+1","Caltrops"],"relics":["Ring of the Snake","Golden Idol","Calipers","Ornamental Fan","Question Card","WristBlade"],"acts_visited":["Exordium","TheCity"],"potions_floor_usage":[8,12,16,21],"damage_taken":[{"damage":1,"enemies":"2 Louse","floor":1,"turns":3},{"damage":5,"enemies":"Small Slimes","floor":3,"turns":3},{"damage":1,"enemies":"Jaw Worm","floor":5,"turns":3},{"damage":7,"enemies":"Blue Slaver","floor":7,"turns":5},{"damage":30,"enemies":"Gremlin Nob","floor":8,"turns":4},{"damage":7,"enemies":"3 Louse","floor":12,"turns":3},{"damage":10,"enemies":"Lagavulin","floor":13,"turns":7},{"damage":5,"enemies":"Hexaghost","floor":16,"turns":12},{"damage":2,"enemies":"3 Byrds","floor":18,"turns":4},{"damage":31,"enemies":"2 Thieves","floor":19,"turns":5},{"damage":17,"enemies":"Centurion and Healer","floor":21,"turns":6},{"damage":12,"enemies":"Snake Plant","floor":22,"turns":1}],"seed_played":"-3581263255629839707","potions_obtained":[{"floor":7,"key":"SteroidPotion"},{"floor":13,"key":"EssenceOfSteel"},{"floor":16,"key":"EssenceOfSteel"}],"is_trial":false,"path_per_floor":["M","?","M","?","M","R","M","E","T","R","$","M","E","?","R","B",null,"M","M","?","M","M"],"character_chosen":"THE_SILENT","items_purchased":["Footwork","BlessingOfTheForge"],"campfire_rested":2,"item_purchase_floors":[11,11],"current_hp_per_floor":[62,62,57,57,56,56,49,19,19,38,38,31,21,21,40,35,58,56,25,25,8,0,0],"gold":211,"neow_bonus":"REMOVE_CARD","is_daily":false,"chose_seed":false,"campfire_upgraded":1,"win_rate":0.0,"timestamp":1609474810,"path_taken":["M","?","M","?","M","R","M","E","T","R","$","M","E","?","R","BOSS","M","M","?","M","M"],"items_purchased_type":["Card","Potion"],"build_version":"2020-12-22","purchased_purges":1,"victory":false,"max_hp_per_floor":[70,70,70,65,65,65,65,65,65,65,65,65,65,65,65,65,65,65,65,65,65,65,65],"card_choices":[{"not_picked":["Deflect","Outmaneuver"],"picked":"Poisoned Stab","floor":1},{"not_picked":["Underhanded Strike","Outmaneuver"],"picked":"Skewer","floor":3},{"not_picked":["Underhanded Strike","Slice"],"picked":"Infinite Blades","floor":5},{"not_picked":["Blade Dance","Sucker Punch"],"picked":"Caltrops","floor":7},{"not_picked":["Tactician","Reflex","Setup"],"picked":"SKIP","floor":8},{"not_picked":["Slice","Cloak And Dagger"],"picked":"Caltrops","floor":12},{"not_picked":["Tactician","Quick Slash"],"picked":"Blur","floor":13},{"not_picked":["Die Die Die","Burst","Venomology"],"picked":"Adrenaline","floor":16},{"not_picked":["Dagger Throw","Skewer+1","Underhanded Strike"],"picked":"Finisher+1","floor":18},{"not_picked":["Dagger Spray","Tactician","Finisher"],"picked":"Flying Knee+1","floor":19},{"not_picked":["Cloak And Dagger","Prepared","All Out Attack"],"picked":"Caltrops","floor":21}],"player_experience":1326362,"relics_obtained":[{"floor":8,"key":"Calipers"},{"floor":9,"key":"Ornamental Fan"},{"floor":13,"key":"Question Card"}],"event_choices":[{"damage_healed":0,"gold_gain":0,"player_choice":"Ignored","damage_taken":0,"max_hp_gain":0,"max_hp_loss":0,"event_name":"Shining Light","floor":2,"gold_loss":0},{"damage_healed":0,"gold_gain":0,"player_choice":"Lose Max HP","damage_taken":0,"relics_obtained":["Golden Idol"],"max_hp_gain":0,"max_hp_loss":5,"event_name":"Golden Idol","floor":4,"gold_loss":0},{"damage_healed":0,"gold_gain":0,"player_choice":"Ignored","damage_taken":0,"max_hp_gain":0,"max_hp_loss":0,"event_name":"Liars Game","floor":14,"gold_loss":0},{"damage_healed":0,"gold_gain":0,"player_choice":"Simplicity","damage_taken":0,"max_hp_gain":0,"max_hp_loss":0,"event_name":"Back to Basics","floor":20,"gold_loss":0,"cards_upgraded":["Strike_G","Strike_G","Strike_G","Strike_G","Defend_G","Defend_G","Defend_G","Defend_G"]}],"is_beta":false,"boss_relics":[{"not_picked":["Ring of the Serpent","Fusion Hammer"],"picked":"WristBlade"}],"items_purged_floors":[11],"is_endless":false,"potions_floor_spawned":[7,13,16],"killed_by":"Snake Plant","ascension_level":13}}