{"host":"tmf10eeko6je6wes","time":1609511499,"event":{"mods":["AchievementEnabler","BaseMod","Better Altar","Better Match","Better Note","Better Sensory Stone","Better Skull","Better Third Choice","Colored Map","Colored Powertips","Curses Come First","DeckTracker","Highlight Path","Minty Spire (QoL Compilation)","Permanent Neow","Quick Restart","Relic Sorter","Relic Stats","Shop Mod","StSLib","SuperFastMode","Synergy Search"],"gold_per_floor":[119,119,133,147,117,145,145,160,160,173,188,188,206,226,226,323,323,338,356,8,26,26,59,59,69,93,93,23,23,23,34,34,34,34],"floor_reached":33,"playtime":1130,"items_purged":[],"score":271,"play_id":"42a827a1-1b65-4055-9801-759acbea46ed","local_time":"20210101093139","is_ascension_mode":false,"campfire_choices":[{"floor":7,"key":"REST"},{"data":"Entrench","floor":12,"key":"SMITH"},{"data":"Anger","floor":15,"key":"SMITH"},{"floor":24,"key":"REST"},{"floor":32,"key":"REST"}],"circlet_count":0,"master_deck":["Strike_R","Strike_R","Strike_R","Strike_R","Strike_R","Defend_R","Defend_R","Defend_R+1","Defend_R","Bash+1","Cleave+1","Dropkick","Shrug It Off","Infernal Blade","Entrench+1","Iron Wave","Anger+1","Headbutt","Body Slam+1","Impervious","Carnage","Cleave","True Grit","Rupture","Intimidate","Disarm","Armaments","Rampage","Entrench"],"relics":["Burning Blood","NeowsBlessing","Toy Ornithopter","Mark of Pain","Mercury Hourglass","Paper Frog","Whetstone","Nloth\u0027s Gift","White Beast Statue"],"acts_visited":["Exordium","TheCity"],"potions_floor_usage":[11,14,16,23,33,33],"damage_taken":[{"damage":0,"enemies":"2 Louse","floor":1,"turns":1},{"damage":0,"enemies":"Cultist","floor":3,"turns":1},{"damage":0,"enemies":"Jaw Worm","floor":4,"turns":1},{"damage":48,"enemies":"Lagavulin","floor":6,"turns":10},{"damage":4,"enemies":"2 Fungi Beasts","floor":8,"turns":3},{"damage":0,"enemies":"3 Louse","floor":10,"turns":3},{"damage":0,"enemies":"Lots of Slimes","floor":11,"turns":1},{"damage":2,"enemies":"Blue Slaver","floor":13,"turns":4},{"damage":0,"enemies":"Exordium Wildlife","floor":14,"turns":4},{"damage":70,"enemies":"The Guardian","floor":16,"turns":12},{"damage":20,"enemies":"Spheric Guardian","floor":18,"turns":6},{"damage":12,"enemies":"2 Thieves","floor":19,"turns":3},{"damage":0,"enemies":"Snake Plant","floor":21,"turns":4},{"damage":33,"enemies":"Book of Stabbing","floor":23,"turns":7},{"damage":9,"enemies":"Chosen and Byrds","floor":25,"turns":5},{"damage":25,"enemies":"Cultist and Chosen","floor":31,"turns":6},{"damage":135,"enemies":"Champ","floor":33,"turns":10}],"seed_played":"8195596228141931744","potions_obtained":[{"floor":3,"key":"ColorlessPotion"},{"floor":5,"key":"FairyPotion"},{"floor":5,"key":"GamblersBrew"},{"floor":8,"key":"DistilledChaos"},{"floor":11,"key":"Dexterity Potion"},{"floor":16,"key":"BlessingOfTheForge"},{"floor":18,"key":"SkillPotion"},{"floor":19,"key":"DuplicationPotion"},{"floor":31,"key":"DuplicationPotion"}],"is_trial":false,"path_per_floor":["M","?","M","M","?","E","R","M","T","M","M","R","M","M","R","B",null,"M","M","$","M","$","E","R","M","T","?","$","?","T","M","R","B"],"character_chosen":"IRONCLAD","items_purchased":["True Grit","Rupture","Mercury Hourglass","Rampage"],"campfire_rested":3,"item_purchase_floors":[20,20,20,28],"current_hp_per_floor":[80,64,70,76,76,34,58,60,60,66,77,77,80,80,80,21,80,66,60,60,66,66,44,68,65,65,65,65,65,65,46,70,0,0],"gold":34,"neow_bonus":"THREE_ENEMY_KILL","is_daily":false,"chose_seed":false,"campfire_upgraded":2,"win_rate":0.0,"timestamp":1609511499,"path_taken":["M","?","M","M","?","E","R","?","T","M","M","R","?","M","R","BOSS","M","M","$","M","$","E","R","M","T","?","$","?","?","M","R","BOSS"],"items_purchased_type":["Card","Card","Relic","Card"],"build_version":"2020-12-22","purchased_purges":0,"victory":false,"max_hp_per_floor":[80,80,80,80,80,80,80,80,80,80,80,80,80,80,80,80,80,80,80,80,80,80,80,80,80,80,80,80,80,80,80,80,80,80],"relic_stats":{"counters":[17,81],"Nloth\u0027s Gift":0,"Whetstone":["Bash","Body Slam"],"obtain_stats":[{"NeowsBlessing":0,"Mark of Pain":17,"Nloth\u0027s Gift":27,"Whetstone":26,"Orichalcum":9,"Burning Blood":0,"Toy Ornithopter":6,"White Beast Statue":30,"Mercury Hourglass":20,"Paper Frog":23},{"NeowsBlessing":0,"Mark of Pain":10,"Nloth\u0027s Gift":15,"Whetstone":15,"Orichalcum":5,"Burning Blood":0,"Toy Ornithopter":4,"White Beast Statue":15,"Mercury Hourglass":12,"Paper Frog":14},{"NeowsBlessing":0,"Mark of Pain":40,"Nloth\u0027s Gift":65,"Whetstone":65,"Orichalcum":16,"Burning Blood":0,"Toy Ornithopter":13,"White Beast Statue":65,"Mercury Hourglass":49,"Paper Frog":60}],"Burning Blood":83,"Toy Ornithopter":25,"Mercury Hourglass":[92]},"card_choices":[{"not_picked":["Iron Wave","Anger"],"picked":"Cleave","floor":1},{"not_picked":["Cleave","Sword Boomerang"],"picked":"Dropkick","floor":3},{"not_picked":["True Grit","Clothesline"],"picked":"Shrug It Off","floor":4},{"not_picked":["Pommel Strike","Hemokinesis"],"picked":"Infernal Blade","floor":6},{"not_picked":["Armaments","Warcry"],"picked":"Entrench","floor":8},{"not_picked":["Bloodletting","Sever Soul"],"picked":"Iron Wave","floor":10},{"not_picked":["Blood for Blood","Ghostly Armor"],"picked":"Anger","floor":11},{"not_picked":["Searing Blow","Iron Wave"],"picked":"Headbutt","floor":13},{"not_picked":["Headbutt","Flex"],"picked":"Body Slam","floor":14},{"not_picked":["Feed","Reaper"],"picked":"Impervious","floor":16},{"not_picked":["Burning Pact","True Grit"],"picked":"Carnage","floor":18},{"not_picked":["Anger","Clothesline"],"picked":"Cleave","floor":19},{"not_picked":["Body Slam","Twin Strike"],"picked":"Intimidate","floor":21},{"not_picked":["Second Wind","Warcry+1"],"picked":"Disarm","floor":23},{"not_picked":["Body Slam","Reckless Charge"],"picked":"Armaments","floor":25},{"not_picked":["Shrug It Off+1","Warcry+1"],"picked":"Entrench","floor":31}],"player_experience":45078,"relics_obtained":[{"floor":6,"key":"Toy Ornithopter"},{"floor":9,"key":"Orichalcum"},{"floor":23,"key":"Paper Frog"},{"floor":26,"key":"Whetstone"},{"floor":30,"key":"White Beast Statue"}],"event_choices":[{"damage_healed":80,"gold_gain":0,"player_choice":"Upgrade","damage_taken":16,"max_hp_gain":0,"max_hp_loss":80,"event_name":"betterThird:BetterShining","floor":2,"gold_loss":0,"cards_upgraded":["Defend_R","Cleave"]},{"damage_healed":0,"gold_gain":0,"player_choice":"Bought 2 Potions","damage_taken":0,"max_hp_gain":0,"max_hp_loss":0,"event_name":"The Woman in Blue","floor":5,"gold_loss":0},{"damage_healed":0,"gold_gain":0,"player_choice":"Traded Relic","damage_taken":0,"relics_obtained":["Nloth\u0027s Gift"],"max_hp_gain":0,"max_hp_loss":0,"event_name":"N\u0027loth","floor":27,"relics_lost":["Orichalcum"],"gold_loss":0},{"cards_removed":["Entrench"],"damage_healed":0,"gold_gain":0,"player_choice":"Give","damage_taken":0,"max_hp_gain":0,"max_hp_loss":0,"event_name":"betterNote:BetterNote","floor":29,"gold_loss":0,"cards_obtained":["None"]}],"is_beta":false,"boss_relics":[{"not_picked":["Snecko Eye","Fusion Hammer"],"picked":"Mark of Pain"}],"items_purged_floors":[],"is_endless":false,"potions_floor_spawned":[3,8,10,11,16,18,19,21,31],"killed_by":"Champ","ascension_level":0}}