{"host":"56ghxnzsglgdq727","time":1609461559,"event":{"mods":["AchievementEnabler","BaseMod","Minty Spire (QoL Compilation)"],"gold_per_floor":[20,20,40,40,40,40,40,40,40,63,84,84,84,102,102,228,228,249,274,290,71,71,71],"floor_reached":22,"playtime":551,"items_purged":["Coolheaded"],"score":185,"play_id":"5a20ce84-90bf-4b58-87fc-60e61caa9c82","local_time":"20201231193919","is_ascension_mode":true,"campfire_choices":[{"floor":6,"key":"DIG"},{"floor":8,"key":"DIG"},{"floor":13,"key":"DIG"},{"floor":15,"key":"REST"}],"circlet_count":0,"master_deck":["Strike_B","Strike_B","Strike_B","Strike_B","Defend_B","Defend_B","Defend_B","Defend_B","Zap","Capacitor","Zap","Electrodynamics","Flash of Steel","Defragment","Echo Form","Static Discharge"],"relics":["Cracked Core","Shovel","Golden Idol","Vajra","Kunai","Darkstone Periapt","Art of War","Cursed Key","Sling"],"acts_visited":["Exordium","TheCity"],"potions_floor_usage":[11,14,19],"damage_taken":[{"damage":6,"enemies":"Jaw Worm","floor":1,"turns":3},{"damage":8,"enemies":"Small Slimes","floor":3,"turns":4},{"damage":6,"enemies":"2 Louse","floor":10,"turns":3},{"damage":3,"enemies":"Red Slaver","floor":11,"turns":4},{"damage":27,"enemies":"Gremlin Gang","floor":14,"turns":4},{"damage":8,"enemies":"Slime Boss","floor":16,"turns":6},{"damage":36,"enemies":"Shell Parasite","floor":18,"turns":6},{"damage":5,"enemies":"3 Byrds","floor":19,"turns":2},{"damage":27,"enemies":"Snake Plant","floor":20,"turns":4},{"damage":7,"enemies":"3 Cultists","floor":22,"turns":2}],"seed_played":"-5898609986923128222","potions_obtained":[{"floor":1,"key":"BlessingOfTheForge"},{"floor":11,"key":"Regen Potion"},{"floor":16,"key":"SpeedPotion"}],"is_trial":false,"path_per_floor":["M","?","M","?","$","R","?","R","T","M","M","?","R","M","R","B",null,"M","M","M","$","M"],"character_chosen":"DEFECT","items_purchased":["Sling"],"campfire_rested":1,"item_purchase_floors":[21],"current_hp_per_floor":[69,69,61,43,43,43,36,36,36,30,27,27,27,5,27,19,75,39,34,7,7,0,0],"gold":71,"neow_bonus":"ONE_RARE_RELIC","is_daily":false,"chose_seed":false,"campfire_upgraded":0,"win_rate":0.0,"timestamp":1609461559,"path_taken":["M","?","M","?","$","R","?","R","T","M","M","?","R","?","R","BOSS","M","M","M","$","M"],"items_purchased_type":["Relic"],"build_version":"2020-12-22","purchased_purges":1,"victory":false,"max_hp_per_floor":[75,75,75,75,75,75,75,75,75,75,75,75,75,75,75,75,75,75,75,75,75,75,75],"card_choices":[{"not_picked":["Steam Power","Self Repair"],"picked":"Capacitor","floor":1},{"not_picked":["FTL","Hologram","Heatsinks"],"picked":"SKIP","floor":3},{"not_picked":["Sweeping Beam","Leap","Heatsinks"],"picked":"SKIP","floor":10},{"not_picked":["Streamline","Stack"],"picked":"Coolheaded","floor":11},{"not_picked":["Compile Driver","Consume"],"picked":"Defragment","floor":14},{"not_picked":["Biased Cognition","Seek"],"picked":"Echo Form","floor":16},{"not_picked":["Doom and Gloom","Stack","Gash"],"picked":"SKIP","floor":18},{"not_picked":["Rebound","Skim"],"picked":"Static Discharge","floor":19},{"not_picked":["Turbo","Go for the Eyes","Redo"],"picked":"SKIP","floor":20}],"player_experience":72684,"relics_obtained":[{"floor":6,"key":"Vajra"},{"floor":8,"key":"Kunai"},{"floor":9,"key":"Darkstone Periapt"},{"floor":13,"key":"Art of War"}],"event_choices":[{"damage_healed":0,"gold_gain":0,"cards_transformed":["Dualcast"],"player_choice":"Change","damage_taken":0,"max_hp_gain":0,"max_hp_loss":0,"event_name":"Living Wall","floor":2,"gold_loss":0,"cards_obtained":["Double Energy"]},{"damage_healed":0,"gold_gain":0,"player_choice":"Take Damage","damage_taken":18,"relics_obtained":["Golden Idol"],"max_hp_gain":0,"max_hp_loss":0,"event_name":"Golden Idol","floor":4,"gold_loss":0},{"cards_removed":["Double Energy"],"damage_healed":0,"gold_gain":0,"player_choice":"Card Removal","damage_taken":7,"max_hp_gain":0,"max_hp_loss":0,"event_name":"Golden Wing","floor":7,"gold_loss":0},{"damage_healed":0,"gold_gain":0,"player_choice":"3 cards matched","damage_taken":0,"max_hp_gain":0,"max_hp_loss":0,"event_name":"Match and Keep!","floor":12,"gold_loss":0,"cards_obtained":["Zap","Electrodynamics","Flash of Steel"]}],"is_beta":false,"boss_relics":[{"not_picked":["Runic Dome","SlaversCollar"],"picked":"Cursed Key"}],"items_purged_floors":[21],"is_endless":false,"potions_floor_spawned":[1,11,16],"killed_by":"3 Cultists","ascension_level":1}}