{"host":"1hyzy7ndnud2osw4","time":1609479765,"event":{"mods":["2.2 Compatiblity","Act Like it!","Arknights The Spire","Art Attack!","Aspiration","Astrologer","Bard","BaseMod","Beaked The Cultist","Better Third Choice","BetterRewards","Chen","Colored Map","Colored Powertips","Conspire","Decade(èÝá³Ù¥)","Dota2Spire","Elementarium","Gensokyo","GifTheSpireLib","GungeonMod","Hallownest","Hermit","Hero for Fun","Highlight Path","Hubris","Infinite Spire","Jorbs\u0027s Wanderer Trilogy","KinomotoSakuraMod(ÙÊñýÜâ?)","Koishi","KomeijiMod","Lobotomy","LobotomyExtend","Menagerie","Minty Spire (QoL Compilation)","Quick Restart","Reimu£¨ÚÏ???£©","RumiaBox-ÖÚÚ·?îÜãêÝúùìí­","SOS£¨ÞÙ÷é?ñýí­£©","Shop Mod","Spicy Shops","StSLib","The Administrix","The Bladedancer","The Bug Knight","The Construct","The Cursed","The Death Knight","The Disciple","The Dragon Tamer","The Factory","The Forsaken","The Gatherer","The Hierophant","The Jungle","The Marked","The Mystic","The Poker Player","The Runesmith","The Sage","The Saiyan","The Senshi","The Wild Card","TheBandit","Uncapped","WarShipGirlsR/??á´Ò³R mod","Yuri Mod","Yuyuko","[IsaacMod]ì¤ß®ôÓ÷²","vexMod","¡¼ÍíÒöMod¡½?Ù¥îÜõÌ?Boss"],"gold_per_floor":[115,128,139,139,151,186,186,217,242,242,258,286,296,341,341,437,437,437],"floor_reached":17,"playtime":1702,"items_purged":[],"score":291,"play_id":"3effab47-3a7b-44e7-9f6d-55464fa2b97a","local_time":"20210101144245","daily_mods":["Draft","Heirloom","Time Dilation"],"is_ascension_mode":true,"campfire_choices":[{"data":"Storm","floor":7,"key":"SMITH"},{"data":"Aggregate","floor":10,"key":"SMITH"},{"data":"Double Energy","floor":15,"key":"SMITH"}],"circlet_count":0,"master_deck":["Echo Form","Turbo","Machine Learning","Consume","Fusion","Lockon","Barrage","Hello World","Capacitor","Beam Cell","Double Energy+1","Storm+1","Rebound","Lockon","Meteor Strike","Turbo","Hologram","Biased Cognition","Aggregate+1","Hello World","hubris:Ukulele","Skim","hubris:PowerSurge","Beam Cell","Go for the Eyes","Aggregate","Hologram","Thunder Strike","Loop","Skim","Multi-Cast","Seek","Self Repair"],"relics":["Cracked Core","HushsDoor","KeepersGift","hubris:Potato","AddBug","SecretRecord","SecretRecord","SecretRecord","SecretRecord","Baka2","SecretRecord"],"acts_visited":["Exordium","TheCity"],"potions_floor_usage":[8,16],"damage_taken":[{"damage":0,"enemies":"Cultist","floor":1,"turns":2},{"damage":0,"enemies":"2 Louse","floor":2,"turns":2},{"damage":4,"enemies":"Small Slimes","floor":3,"turns":3},{"damage":15,"enemies":"Looter","floor":5,"turns":2},{"damage":15,"enemies":"Lagavulin","floor":6,"turns":3},{"damage":0,"enemies":"3 Sentries","floor":8,"turns":2},{"damage":0,"enemies":"Large Slime","floor":11,"turns":2},{"damage":0,"enemies":"Gremlin Nob","floor":12,"turns":2},{"damage":0,"enemies":"Blue Slaver","floor":13,"turns":2},{"damage":0,"enemies":"hubris:Merchant","floor":14,"turns":2},{"damage":0,"enemies":"The Guardian","floor":16,"turns":2}],"seed_played":"-7122009637724302425","potions_obtained":[{"floor":3,"key":"Explosive Potion"},{"floor":14,"key":"Fire Potion"},{"floor":14,"key":"SkillPotion"}],"is_trial":true,"path_per_floor":["M","M","M","?","M","E","R","E","T","R","M","E","M","$","R","B",null],"character_chosen":"DEFECT","items_purchased":["DemoMod:PinkGuonStone","Seek","Self Repair"],"campfire_rested":0,"item_purchase_floors":[14,17,17],"current_hp_per_floor":[75,75,71,71,60,45,45,45,45,45,45,56,56,63,63,63,76,76],"gold":437,"neow_bonus":"","is_daily":false,"chose_seed":false,"campfire_upgraded":3,"win_rate":0.0,"timestamp":1609479765,"path_taken":["M","M","?","?","M","E","R","E","T","R","M","E","M","$","R","BOSS"],"items_purchased_type":["Relic","Card","Card"],"build_version":"2020-12-22","purchased_purges":0,"victory":false,"max_hp_per_floor":[75,75,75,75,75,75,75,75,75,75,75,75,75,82,82,82,76,76],"card_choices":[{"not_picked":["Compile Driver","Ball Lightning"],"picked":"Echo Form","floor":0},{"not_picked":["Cold Snap","Leap"],"picked":"Turbo","floor":0},{"not_picked":["Force Field","Ball Lightning"],"picked":"Machine Learning","floor":0},{"not_picked":["Barrage","Sweeping Beam"],"picked":"Consume","floor":0},{"not_picked":["Skim","Beam Cell"],"picked":"Fusion","floor":0},{"not_picked":["Melter","Steam"],"picked":"Lockon","floor":0},{"not_picked":["Rip and Tear","Cancel"],"picked":"Barrage","floor":0},{"not_picked":["Gash","Barrage"],"picked":"Hello World","floor":0},{"not_picked":["conspire:SharedLibrary","Hologram"],"picked":"Capacitor","floor":0},{"not_picked":["Go for the Eyes","Streamline"],"picked":"Beam Cell","floor":0},{"not_picked":["Consume","Barrage"],"picked":"Double Energy","floor":0},{"not_picked":["Cancel","Distribution"],"picked":"Storm","floor":0},{"not_picked":["Cancel","Beam Cell"],"picked":"Rebound","floor":0},{"not_picked":["Stack","Coolheaded"],"picked":"Lockon","floor":0},{"not_picked":["Rebound","Compile Driver"],"picked":"Meteor Strike","floor":0},{"not_picked":["Leap","Ball Lightning"],"picked":"Turbo","floor":1},{"not_picked":["Coolheaded","Leap"],"picked":"Hologram","floor":2},{"not_picked":["FTL","Reprogram"],"picked":"Biased Cognition","floor":3},{"not_picked":["Bomb","Gash"],"picked":"Aggregate","floor":5},{"not_picked":["Beam Cell","Conserve Battery"],"picked":"Hello World","floor":6},{"not_picked":["All For One","Coolheaded"],"picked":"hubris:Ukulele","floor":8},{"not_picked":["Barrage","Steam","Go for the Eyes"],"picked":"SKIP","floor":11},{"not_picked":["Undo","conspire:Rain"],"picked":"Skim","floor":12},{"not_picked":["Steam Power","Gash"],"picked":"hubris:PowerSurge","floor":13},{"not_picked":["Streamline","Leap"],"picked":"Beam Cell","floor":13},{"not_picked":["Redo","Conserve Battery"],"picked":"Go for the Eyes","floor":13},{"not_picked":["aspiration:Polymerization","Stack"],"picked":"Aggregate","floor":13},{"not_picked":[],"picked":"Hologram","floor":14},{"not_picked":[],"picked":"Thunder Strike","floor":14},{"not_picked":[],"picked":"Loop","floor":14},{"not_picked":[],"picked":"Skim","floor":14},{"not_picked":["Sweeping Beam"],"picked":"SKIP","floor":14},{"not_picked":["Muse"],"picked":"SKIP","floor":14},{"not_picked":["BloodyBrimstone"],"picked":"SKIP","floor":14},{"not_picked":["Rainbow","Thunder Strike"],"picked":"Multi-Cast","floor":16}],"player_experience":993383,"relics_obtained":[{"floor":1,"key":"AddBug"},{"floor":1,"key":"Baka"},{"floor":1,"key":"LetterFromLob"},{"floor":2,"key":"LetterFromLob"},{"floor":3,"key":"LetterFromLob"},{"floor":5,"key":"LetterFromLob"},{"floor":5,"key":"SecretRecord"},{"floor":6,"key":"ats:Originium"},{"floor":6,"key":"vexMod:InvisibilityCloak"},{"floor":6,"key":"LetterFromLob"},{"floor":8,"key":"ats:Originium"},{"floor":8,"key":"Akabeko"},{"floor":8,"key":"SecretRecord"},{"floor":8,"key":"LetterFromLob"},{"floor":9,"key":"Potion Belt"},{"floor":11,"key":"LetterFromLob"},{"floor":11,"key":"SecretRecord"},{"floor":12,"key":"ats:Originium"},{"floor":12,"key":"DemoMod:Metronome"},{"floor":12,"key":"LetterFromLob"},{"floor":13,"key":"LetterFromLob"},{"floor":14,"key":"Dota2Spire:BladeMail"},{"floor":14,"key":"Regal Pillow"},{"floor":14,"key":"BFFS"},{"floor":14,"key":"Blood Vial"},{"floor":14,"key":"PrismaticShard"},{"floor":14,"key":"DemoMod:GnawedKey"},{"floor":14,"key":"Baka2"},{"floor":16,"key":"SecretRecord"},{"floor":16,"key":"LetterFromLob"}],"event_choices":[{"damage_healed":0,"gold_gain":0,"player_choice":"Leave","damage_taken":0,"max_hp_gain":0,"max_hp_loss":0,"event_name":"The Cleric","floor":4,"gold_loss":0}],"is_beta":false,"boss_relics":[{"not_picked":["theSenshi:MoonKaleidoScopeRelic","FrozenCore"],"picked":"SacredBark"},{"not_picked":[]}],"items_purged_floors":[],"is_endless":false,"potions_floor_spawned":[3],"ascension_level":1}}