{"host":"ltca6yxwulbhza25","time":1609473613,"event":{"mods":["BaseMod","Colored Map","Colored Powertips","Minty Spire (QoL Compilation)","Quick Restart","Shop Mod","StSLib","The Blue Laboratory"],"gold_per_floor":[312,312,312,323,333,368,380,380,407,407,433,448,448,464,464,568,568,585,585,597,610,351,351,351,351],"floor_reached":24,"playtime":1138,"items_purged":["Strike_B+1"],"score":218,"play_id":"d369c829-bbf2-4283-bed3-0b8bbae29def","local_time":"20210101120013","is_ascension_mode":true,"campfire_choices":[{"floor":8,"key":"REST"},{"data":"Discovery","floor":10,"key":"SMITH"},{"data":"Fusion","floor":13,"key":"SMITH"},{"floor":15,"key":"REST"},{"floor":23,"key":"RECALL"}],"circlet_count":0,"master_deck":["Strike_B+1","Defend_B","Defend_B","Defend_B","Zap","Dualcast+1","Discovery+1","Scrape+1","Capacitor","Electrodynamics","Force Field","Self Repair","Self Repair","Fusion+1","Amplify","Heatsinks"],"relics":["Cracked Core","Whetstone","Blood Vial","Empty Cage","ClockworkSouvenir"],"acts_visited":["TheCity"],"potions_floor_usage":[7,16],"damage_taken":[{"damage":0,"enemies":"Cultist","floor":1,"turns":3},{"damage":0,"enemies":"2 Louse","floor":4,"turns":1},{"damage":3,"enemies":"Small Slimes","floor":5,"turns":2},{"damage":32,"enemies":"Lagavulin","floor":6,"turns":6},{"damage":4,"enemies":"Gremlin Gang","floor":7,"turns":2},{"damage":29,"enemies":"Gremlin Nob","floor":11,"turns":5},{"damage":1,"enemies":"2 Fungi Beasts","floor":12,"turns":3},{"damage":15,"enemies":"Lots of Slimes","floor":14,"turns":3},{"damage":46,"enemies":"The Guardian","floor":16,"turns":13},{"damage":18,"enemies":"2 Thieves","floor":18,"turns":2},{"damage":29,"enemies":"Shell Parasite","floor":20,"turns":6},{"damage":28,"enemies":"Snake Plant","floor":21,"turns":5},{"damage":41,"enemies":"Book of Stabbing","floor":24,"turns":5}],"seed_played":"2968340979135076864","potions_obtained":[{"floor":6,"key":"Energy Potion"},{"floor":7,"key":"ColorlessPotion"},{"floor":12,"key":"FocusPotion"},{"floor":16,"key":"FocusPotion"},{"floor":21,"key":"FocusPotion"}],"is_trial":false,"path_per_floor":["M","?","?","M","M","E","M","R","T","R","E","M","R","M","R","B",null,"M","?","M","M","$","R","E"],"character_chosen":"DEFECT","items_purchased":["ClockworkSouvenir","Heatsinks"],"campfire_rested":2,"item_purchase_floors":[22,22],"current_hp_per_floor":[75,60,60,60,57,25,21,43,43,43,21,36,36,30,52,22,75,64,64,51,39,39,39,0,0],"gold":351,"neow_bonus":"RANDOM_COLORLESS","is_daily":false,"chose_seed":false,"campfire_upgraded":2,"win_rate":0.0,"timestamp":1609473613,"path_taken":["M","?","?","M","M","E","M","R","T","R","E","M","R","?","R","BOSS","M","?","M","M","$","R","E"],"items_purchased_type":["Relic","Card"],"build_version":"2020-12-22","purchased_purges":1,"victory":false,"max_hp_per_floor":[75,75,75,75,75,75,75,75,75,75,75,75,75,75,75,75,75,75,75,75,75,75,75,75,75],"card_choices":[{"not_picked":["Trip","Panacea"],"picked":"Discovery","floor":0},{"not_picked":["Undo","Double Energy"],"picked":"Scrape","floor":1},{"not_picked":["Redo","Stack"],"picked":"Capacitor","floor":4},{"not_picked":["Turbo","Streamline"],"picked":"Electrodynamics","floor":5},{"not_picked":["Barrage","Hologram"],"picked":"Force Field","floor":6},{"not_picked":["Redo","Sweeping Beam"],"picked":"Self Repair","floor":7},{"not_picked":["Compile Driver","Reinforced Body"],"picked":"Self Repair","floor":11},{"not_picked":["Chill","Conserve Battery"],"picked":"Fusion","floor":12},{"not_picked":["Turbo","Barrage","Scrape"],"picked":"SKIP","floor":14},{"not_picked":["Fission","Rainbow"],"picked":"Amplify","floor":16},{"not_picked":["Glacier","Streamline","Turbo"],"picked":"SKIP","floor":18},{"not_picked":["Scrape","Melter","Rip and Tear"],"picked":"SKIP","floor":20},{"not_picked":["Coolheaded","Rebound+1","Compile Driver"],"picked":"SKIP","floor":21}],"player_experience":10872,"relics_obtained":[{"floor":6,"key":"Whetstone"},{"floor":11,"key":"Blood Vial"}],"event_choices":[{"damage_healed":0,"gold_gain":0,"player_choice":"Entered Light","damage_taken":15,"max_hp_gain":0,"max_hp_loss":0,"event_name":"Shining Light","floor":2,"gold_loss":0,"cards_upgraded":["Strike_B","Dualcast"]},{"cards_removed":["Strike_B"],"damage_healed":0,"gold_gain":0,"player_choice":"Offered Basic","damage_taken":0,"max_hp_gain":0,"max_hp_loss":0,"event_name":"Bonfire Elementals","floor":3,"gold_loss":0},{"damage_healed":0,"gold_gain":0,"player_choice":"Ignored","damage_taken":0,"max_hp_gain":0,"max_hp_loss":0,"event_name":"Vampires","floor":19,"gold_loss":0}],"is_beta":false,"boss_relics":[{"not_picked":["Philosopher\u0027s Stone","Nuclear Battery"],"picked":"Empty Cage"}],"items_purged_floors":[22],"is_endless":false,"potions_floor_spawned":[6,7,12,16,21],"killed_by":"Book of Stabbing","ascension_level":1}}