{"host":"3shkd9pumyjl06a1","time":1609481261,"event":{"mods":["Act Like it!","Aspiration","BaseMod","BetterRewards","Clawfect","Colored Map","Conspire","Downfall","Googly Eyes","Hallownest","HololiveMod","Hubris","Infinite Spire","Mimic Mod","Minty Spire (QoL Compilation)","Replay The Spire","Shade Mod","Shop Mod","Small Relic Pack","StSLib","The Bladedancer","The Bug Knight","The Necromancer","Wandering Minibosses"],"gold_per_floor":[119,119,80,80,80,110,122,148,148,148,168,168,182,194,194,292,292,303,313,313,329,329,329,356,356,383,399,77,77,77],"floor_reached":29,"playtime":814,"items_purged":["Writhe"],"score":375,"play_id":"05254ebf-b8bd-4b6a-9ba9-7f3d217d7027","local_time":"20201231230741","is_ascension_mode":true,"campfire_choices":[{"floor":10.0,"key":"DIG"},{"floor":12.0,"key":"REST"},{"floor":15.0,"key":"REST"},{"floor":23.0,"key":"DIG"}],"circlet_count":0,"master_deck":["Gash","Gash","Gash","Gash","Gash","Clawfect:ClawpileDriver","Hallownest:skillSlugHide","Hallownest:skillSlugHide","Hallownest:skillSlugHide","Hallownest:skillSlugHide","Hallownest:skillSlugHide+1","Loop+1","Clawfect:ClawAndTear","Clawfect:Clawter","Gash","Clawfect:ClawSnap+1","Echo Form","Loop+1","Clawfect:ClawCell","Self Repair","Shame","Uppercut"],"relics":["Empty Cage","hubris:Towel","Nunchaku","Shovel","Gremlin Food","aspiration:TomeofQuesting","aspiration:SecretTechniqueScroll","Lee\u0027s Waffle","aspiration:IroncladSkillbook","Replay:Wax Seal","Oddly Smooth Stone","MealTicket","Molten Egg 2"],"acts_visited":["Hallownest:Greenpath","TheCity"],"potions_floor_usage":[29],"damage_taken":[{"damage":9.0,"enemies":"Hallownest:2_Tiktiks_and_1_Crawlid","floor":1.0,"turns":3.0},{"damage":4.0,"enemies":"Hallownest:eliteVengeflyKing","floor":6.0,"turns":7.0},{"damage":0.0,"enemies":"Hallownest:2_MossCreeps","floor":7.0,"turns":5.0},{"damage":15.0,"enemies":"Hallownest:eliteMossKnight","floor":8.0,"turns":6.0},{"damage":16.0,"enemies":"2_ Uuma","floor":11.0,"turns":5.0},{"damage":24.0,"enemies":"Hallownest:Guard_and_Warrior","floor":13.0,"turns":5.0},{"damage":22.0,"enemies":"Hallownest:1_Baldur_1_Crawlid_1_Warrior","floor":14.0,"turns":6.0},{"damage":17.0,"enemies":"Hallownest:BossBrokenVessel","floor":16.0,"turns":6.0},{"damage":18.0,"enemies":"3 Byrds","floor":18.0,"turns":4.0},{"damage":0.0,"enemies":"conspire:FuzzyDice","floor":19.0,"turns":5.0},{"damage":18.0,"enemies":"Chosen and Byrds","floor":21.0,"turns":6.0},{"damage":17.0,"enemies":"Nightmare","floor":24.0,"turns":7.0},{"damage":17.0,"enemies":"3 Cultists","floor":27.0,"turns":5.0},{"damage":105,"enemies":"Slavers","floor":29,"turns":4}],"seed_played":"-157621221085989016","potions_obtained":[{"floor":1.0,"key":"LifebloodPotion"},{"floor":6.0,"key":"PowerPotion"},{"floor":8.0,"key":"Regen Potion"},{"floor":16.0,"key":"Energy Potion"},{"floor":27.0,"key":"Strength Potion"}],"is_trial":false,"path_per_floor":["M","?","$","?","?","E","M","E","T","R","M","R","M","M","R","B",null,"M","M","?","M","AVR","R","NM","?","T","M","$","E"],"character_chosen":"DEFECT","items_purchased":["Loop","Molten Egg 2"],"campfire_rested":2,"item_purchase_floors":[3,28],"current_hp_per_floor":[66,66,66,75,75,71,71,56,56,56,45,70,46,24,49,32,84,66,66,66,48,91,91,78,78,78,79,91,0,0],"gold":77,"neow_bonus":"BOSS_RELIC","is_daily":false,"chose_seed":false,"campfire_upgraded":0,"win_rate":0.0,"timestamp":1609481261,"path_taken":["M","?","$","?","?","E","M","E","T","R","M","R","M","M","R","BOSS","M","M","?","M","AVR","R","NM","?","T","M","$","E"],"items_purchased_type":["Card","Relic"],"build_version":"2020-12-22","purchased_purges":1,"victory":false,"max_hp_per_floor":[75,75,75,84,84,84,84,84,84,84,84,84,84,84,84,84,84,84,84,84,84,91,91,91,91,91,91,91,91,91],"card_choices":[{"not_picked":["Stack","Redo"],"picked":"Clawfect:ClawpileDriver","floor":1.0},{"not_picked":["Thunder Strike","Skim"],"picked":"Clawfect:ClawAndTear","floor":6.0},{"not_picked":["Hello World","Stack"],"picked":"Clawfect:Clawter","floor":7.0},{"not_picked":["Chaos","Turbo","ReplayTheSpireMod:Dual Polarity"],"picked":"SKIP","floor":8.0},{"not_picked":["Double Energy","Static Discharge","Steam"],"picked":"SKIP","floor":11.0},{"not_picked":["Clawfect:ScrapingClaw","Clawfect:ClawAndGloom"],"picked":"Gash","floor":13.0},{"not_picked":["Leap","Clawfect:ScrapingClaw"],"picked":"Clawfect:ClawSnap","floor":14.0},{"not_picked":["Fission","Seek"],"picked":"Echo Form","floor":16.0},{"not_picked":["Conserve Battery","Chaos"],"picked":"Loop+1","floor":18.0},{"not_picked":["Clawfect:ClawAndTear","Electrodynamics"],"picked":"Clawfect:ClawCell","floor":19.0},{"not_picked":["Conserve Battery","Hologram"],"picked":"Self Repair","floor":21.0},{"not_picked":["Clawfect:ClawLightning+1","hubris:PowerSurge","Leap+1","Rebound+1"],"picked":"SKIP","floor":24.0},{"not_picked":["Conserve Battery","Shrug It Off+1","Electrodynamics"],"picked":"Uppercut","floor":27.0}],"player_experience":232663,"relics_obtained":[{"floor":6.0,"key":"Nunchaku"},{"floor":8.0,"key":"Shovel"},{"floor":9.0,"key":"Gremlin Food"},{"floor":10.0,"key":"aspiration:TomeofQuesting"},{"floor":23.0,"key":"Replay:Wax Seal"},{"floor":24.0,"key":"Oddly Smooth Stone"},{"floor":26.0,"key":"MealTicket"}],"event_choices":[],"is_beta":false,"boss_relics":[{"not_picked":["relicPack:ShieldShield","Replay:Bronze Core"],"picked":"aspiration:SecretTechniqueScroll"}],"items_purged_floors":[28],"is_endless":true,"potions_floor_spawned":[1,6,8,16,27],"killed_by":"Slavers","ascension_level":4}}