{"host":"fw947s75r5pnptva","time":1609474858,"event":{"mods":["Act Like it!","Aspiration","BaseMod","BetterRewards","CCEM","CapriCore","Conjunction","Conspire","Custom Start","DeckTracker","Dota2Spire","Downfall","Friendly Minions","Gensokyo","Halation","Hallownest","Highlight Path","Hubris","Infinite Spire","Keyboard Shortcuts","Lobotomy","LobotomyExtend","Menagerie","Minty Spire (QoL Compilation)","MostiFishMod","Pale of the Ancients","Permanent Neow","Pikachu Mod","Potionbrewer","Prisma Mod","QueenMod","Railgun Mod","Random Character Button","RatMod","Relic Filter","Replay The Spire","Shop Mod","StSLib","SuperFastMode","The Factory","The Jungle","[IsaacMod]????","vexMod"],"gold_per_floor":[109,109,109,109,109,109,150,150,205,221,236,256,295,319,319,448,448,468,468,468,468,468,447,447,447],"floor_reached":24,"playtime":2461,"items_purged":[],"score":279,"play_id":"1d71b047-0a33-4e20-8831-530ed72361fd","local_time":"20210101052058","is_ascension_mode":false,"campfire_choices":[{"data":"hubris:Fate","floor":6.0,"key":"SMITH"},{"data":"Pikachu:BodySlam","floor":8.0,"key":"SMITH"},{"data":"Pikachu:BodySlam","floor":15.0,"key":"SMITH"}],"circlet_count":0,"master_deck":["Pikachu:TailWhip","Pikachu:Growl","Pikachu:ThunderShock","Pikachu:ElectroBall","Pikachu:QuickAttack","Pikachu:ThunderShock","Pikachu:Defend_Yellow","Pikachu:Defend_Yellow","Pikachu:Defend_Yellow","Pikachu:Flash","Pikachu:BodySlam+1","hubris:Fate+1","Pikachu:Secret_Power","Pikachu:Attract","Pikachu:Attract","Pikachu:Rest","Pikachu:BodySlam+1","Pikachu:Attract","Pikachu:Rest","Pikachu:Double_Team+1","Pikachu:Feint"],"relics":["Pikachu:LeftoversRelic","DaveBox","HushsDoor","aspiration:Nostalgia","sneckomod:SneckoSoul","JellyFishMachine","SynthV:TestCard","LetterFromLob","Golden Idol","PunchingBag","Strawberry","SteamSale","Dota2Spire:MagicBottle","aspiration:PoetsPen","hubris:Towel"],"acts_visited":["Exordium","TheCity"],"potions_floor_usage":[18],"damage_taken":[{"damage":0.0,"enemies":"2 Louse","floor":1.0,"turns":3.0},{"damage":8.0,"enemies":"3 Sentries","floor":7.0,"turns":4.0},{"damage":0.0,"enemies":"Small Slimes","floor":10.0,"turns":1.0},{"damage":0.0,"enemies":"Jaw Worm","floor":11.0,"turns":3.0},{"damage":1.0,"enemies":"Exordium Wildlife","floor":12.0,"turns":4.0},{"damage":7.0,"enemies":"Gremlin Nob","floor":13.0,"turns":4.0},{"damage":0.0,"enemies":"Looter","floor":14.0,"turns":1.0},{"damage":0.0,"enemies":"Fading Forest","floor":16.0,"turns":11.0},{"damage":23,"enemies":"3 Byrds","floor":18,"turns":7},{"damage":36,"enemies":"2 Thieves","floor":23,"turns":5},{"damage":37,"enemies":"Cultist and Chosen","floor":24,"turns":5}],"seed_played":"-4902329532938959868","potions_obtained":[{"floor":7.0,"key":"Venom Potion"},{"floor":12.0,"key":"Explosive Potion"},{"floor":13.0,"key":"GamblersBrew"},{"floor":14.0,"key":"potionbrewer:AcidPotion"},{"floor":18,"key":"Energy Potion"}],"is_trial":false,"path_per_floor":["M","?","?","?","$","R","E","R","T","M","M","M","E","M","R","B",null,"M","?","?","PTL","PTL","M","M"],"character_chosen":"THE_DEFAULT","items_purchased":[],"campfire_rested":0,"item_purchase_floors":[],"current_hp_per_floor":[70,70,53,36,36,36,30,30,37,39,41,42,37,39,39,45,77,54,54,54,54,54,35,0,0],"gold":447,"neow_bonus":"NOSTALGIA","is_daily":false,"chose_seed":false,"campfire_upgraded":3,"win_rate":0.0,"timestamp":1609474858,"path_taken":["M","?","?","?","$","R","E","R","T","M","M","M","E","M","R","BOSS","M","?","?","PTL","PTL","M","?"],"items_purchased_type":[],"build_version":"2020-12-22","purchased_purges":0,"victory":false,"max_hp_per_floor":[70,70,70,70,70,70,70,70,77,77,77,77,77,77,77,77,77,77,77,77,77,77,77,77,77],"card_choices":[{"not_picked":["Pikachu:TakeDown","Pikachu:ThunderPunch"],"picked":"Pikachu:BodySlam","floor":1.0},{"not_picked":["infinitespire:DeathsTouch","ReplayTheSpireMod:Echoes of Time"],"picked":"hubris:Fate","floor":3.0},{"not_picked":["Pikachu:Toxic","Pikachu:Strength","Pikachu:Slam","Pikachu:Swift"],"picked":"Pikachu:Secret_Power","floor":7.0},{"not_picked":["Pikachu:QuickAttack","Pikachu:Growl","Pikachu:Iron_Tail","Pikachu:Thunderbolt"],"picked":"Pikachu:Attract","floor":10.0},{"not_picked":["Pikachu:Growl","Pikachu:Rage","Pikachu:VoltSwitch","Pikachu:NaturalGift"],"picked":"Pikachu:Attract","floor":11.0},{"not_picked":["Pikachu:ElectroBall","Pikachu:WildCharge","Pikachu:Agility","Bomb"],"picked":"Pikachu:Rest","floor":12.0},{"not_picked":["Pikachu:Swift","Pikachu:ElectroBall","Pikachu:ZapCannon","Bomb"],"picked":"Pikachu:BodySlam","floor":13.0},{"not_picked":["Pikachu:Flash","Pikachu:ZapCannon","Pikachu:Spark","Pikachu:Fling"],"picked":"Pikachu:Attract","floor":14.0},{"not_picked":["Pikachu:Thunder","Pikachu:Dig","Pikachu:Metronome","Pikachu:Thunder_Wave"],"picked":"Pikachu:Rest","floor":16.0},{"not_picked":["Pikachu:Flash","Pikachu:Growl+1","Pikachu:VoltSwitch","Pikachu:PlayNice"],"picked":"Pikachu:Double_Team+1","floor":18},{"not_picked":["Pikachu:Charge_Beam","Pikachu:ThunderPunch+1","Pikachu:Rain_Dance","Pikachu:Spark"],"picked":"Pikachu:Feint","floor":23}],"player_experience":145078,"relics_obtained":[{"floor":1.0,"key":"SynthV:TestCard"},{"floor":1.0,"key":"LetterFromLob"},{"floor":7.0,"key":"PunchingBag"},{"floor":9.0,"key":"Strawberry"},{"floor":13.0,"key":"Dota2Spire:MagicBottle"}],"event_choices":[{"damage_healed":0.0,"max_hp_gain":0.0,"max_hp_loss":0.0,"gold_gain":0.0,"event_name":"conspire:LoneGhost","player_choice":"Disagree","floor":2.0,"gold_loss":0.0,"damage_taken":0.0},{"damage_healed":0.0,"max_hp_gain":0.0,"max_hp_loss":0.0,"gold_gain":0.0,"event_name":"Golden Idol","player_choice":"Take Damage","floor":4.0,"gold_loss":0.0,"damage_taken":17.0,"relics_obtained":["Golden Idol"]}],"is_beta":false,"boss_relics":[{"not_picked":["aspiration:RunicSpoon","RhineSuit"],"picked":"aspiration:PoetsPen"},{"not_picked":[]}],"items_purged_floors":[],"is_endless":false,"potions_floor_spawned":[7,12,13,14,18],"killed_by":"Cultist and Chosen","ascension_level":0}}