{"host":"94aus4jnk6thj94q","time":1609506939,"event":{"mods":["BaseMod","Minty Spire (QoL Compilation)","Quick Restart","StSLib"],"gold_per_floor":[109,165,178,48,59,89,89,51,78,0,18,51,69,83,83,186,186,203,203,56,56,71,71,105,105,105,105,105,105],"floor_reached":28,"playtime":2809,"items_purged":[],"score":246,"play_id":"54e95f51-ce93-45e8-b881-554a4de8b871","local_time":"20210101151539","is_ascension_mode":false,"campfire_choices":[{"floor":7,"key":"REST"},{"floor":15,"key":"REST"},{"floor":23,"key":"REST"},{"floor":25,"key":"REST"}],"circlet_count":0,"master_deck":["Strike_R","Strike_R","Strike_R","Strike_R","Strike_R","Defend_R","Defend_R","Defend_R","Defend_R","Bash+1","Flex","Metallicize","Shrug It Off","Cleave","Rupture","Inflame","Thunderclap","Cleave","Iron Wave","J.A.X.","RitualDagger","Immolate"],"relics":["Burning Blood","Blood Vial","Regal Pillow","Toy Ornithopter","Strawberry","Akabeko","Self Forming Clay"],"acts_visited":["Exordium","TheCity"],"potions_floor_usage":[6,16,18,22,22,27],"damage_taken":[{"damage":7,"enemies":"Small Slimes","floor":1,"turns":4},{"damage":1,"enemies":"Jaw Worm","floor":3,"turns":4},{"damage":1,"enemies":"Cultist","floor":5,"turns":3},{"damage":24,"enemies":"3 Sentries","floor":6,"turns":7},{"damage":5,"enemies":"2 Fungi Beasts","floor":11,"turns":3},{"damage":47,"enemies":"Lagavulin","floor":12,"turns":7},{"damage":5,"enemies":"3 Louse","floor":13,"turns":4},{"damage":28,"enemies":"Gremlin Gang","floor":14,"turns":5},{"damage":35,"enemies":"The Guardian","floor":16,"turns":9},{"damage":15,"enemies":"Chosen","floor":18,"turns":6},{"damage":32,"enemies":"2 Thieves","floor":22,"turns":4},{"damage":85,"enemies":"Gremlin Leader","floor":24,"turns":8},{"damage":25,"enemies":"Colosseum Slavers","floor":27,"turns":3},{"damage":39,"enemies":"Snake Plant","floor":28,"turns":5}],"seed_played":"-8568343986740111045","potions_obtained":[{"floor":1,"key":"Ancient Potion"},{"floor":3,"key":"Strength Potion"},{"floor":13,"key":"PowerPotion"},{"floor":14,"key":"Explosive Potion"},{"floor":16,"key":"DistilledChaos"},{"floor":24,"key":"LiquidBronze"}],"is_trial":false,"path_per_floor":["M","?","M","$","M","E","R","$","T","$","M","E","M","M","R","B",null,"M","?","$","?","M","R","E","R","T","?","M"],"character_chosen":"IRONCLAD","items_purchased":["Metallicize","Shrug It Off","Rupture","Inflame","Strawberry"],"campfire_rested":4,"item_purchase_floors":[4,4,8,10,20],"current_hp_per_floor":[79,79,80,80,80,62,80,80,80,80,80,39,42,22,61,39,80,73,73,80,74,60,87,8,49,49,37,0,0],"gold":105,"neow_bonus":"UPGRADE_CARD","is_daily":false,"chose_seed":false,"campfire_upgraded":0,"win_rate":0.0,"timestamp":1609506939,"path_taken":["M","?","M","$","M","E","R","$","T","$","M","E","M","M","R","BOSS","M","?","$","?","M","R","E","R","T","?","M"],"items_purchased_type":["Card","Card","Card","Card","Relic"],"build_version":"2020-12-22","purchased_purges":0,"victory":false,"max_hp_per_floor":[80,80,80,80,80,80,80,80,80,80,80,80,80,80,80,80,80,80,80,87,87,87,87,87,87,87,87,87,87],"card_choices":[{"not_picked":["Pummel","Clash","Dual Wield"],"picked":"SKIP","floor":1},{"not_picked":["Power Through","Disarm"],"picked":"Flex","floor":3},{"not_picked":["Headbutt","Wild Strike"],"picked":"Cleave","floor":5},{"not_picked":["Headbutt","Clash","Shockwave"],"picked":"SKIP","floor":6},{"not_picked":["Wild Strike","Feel No Pain","Entrench"],"picked":"SKIP","floor":11},{"not_picked":["Sword Boomerang","Sever Soul","Clothesline"],"picked":"SKIP","floor":12},{"not_picked":["Shrug It Off","Cleave"],"picked":"Thunderclap","floor":13},{"not_picked":["Clothesline","Reckless Charge"],"picked":"Cleave","floor":14},{"not_picked":["Carnage","Headbutt+1"],"picked":"Iron Wave","floor":18},{"not_picked":["Havoc","Flex","Sever Soul"],"picked":"SKIP","floor":22},{"not_picked":["Wild Strike","Juggernaut"],"picked":"Immolate","floor":24}],"player_experience":5673080,"relics_obtained":[{"floor":6,"key":"Blood Vial"},{"floor":9,"key":"Regal Pillow"},{"floor":12,"key":"Toy Ornithopter"},{"floor":24,"key":"Akabeko"},{"floor":26,"key":"Self Forming Clay"}],"event_choices":[{"damage_healed":0,"gold_gain":56,"player_choice":"Gained Gold","damage_taken":0,"max_hp_gain":0,"max_hp_loss":0,"event_name":"Golden Wing","floor":2,"gold_loss":0},{"damage_healed":0,"gold_gain":0,"player_choice":"Obtain J.A.X.","damage_taken":0,"max_hp_gain":0,"max_hp_loss":0,"event_name":"Drug Dealer","floor":19,"gold_loss":0,"cards_obtained":["J.A.X."]},{"damage_healed":0,"gold_gain":0,"player_choice":"Joined the Cult","damage_taken":6,"max_hp_gain":0,"max_hp_loss":0,"event_name":"Nest","floor":21,"gold_loss":0,"cards_obtained":["RitualDagger"]},{"damage_healed":0,"gold_gain":0,"player_choice":"Fight","damage_taken":0,"max_hp_gain":0,"max_hp_loss":0,"event_name":"Colosseum","floor":27,"gold_loss":0},{"damage_healed":0,"gold_gain":0,"player_choice":"Fled From Nobs","damage_taken":0,"max_hp_gain":0,"max_hp_loss":0,"event_name":"Colosseum","floor":27,"gold_loss":0}],"is_beta":false,"boss_relics":[{"not_picked":["Astrolabe","Sozu","Fusion Hammer"]}],"items_purged_floors":[],"is_endless":false,"potions_floor_spawned":[1,3,13,14,16,24,27],"killed_by":"Snake Plant","ascension_level":0}}