{"host":"1jyvlwrg3lqf29t2","time":1609460156,"event":{"mods":["BaseMod","Colored Powertips","Downfall","Hermit","Minty Spire (QoL Compilation)","StSLib","The Blackbeard","The Cursed","The Poker Player","TheBandit"],"gold_per_floor":[115,115,115,5,5,43,43,74,120,139,139,179,195,219,219,340,340,354,279,279,179,179,220,244,244,269,285,285,329,329,353,353,455,455,470,470,345,359,359,359,391,391,391,166,185,185,10,30,30,30],"floor_reached":51,"playtime":2396,"items_purged":["Strike_R","Strike_R","Reckless Charge","Strike_R","Pummel"],"score":777,"play_id":"912d9293-ca28-48b3-9025-c23c5bb11620","local_time":"20201231181556","is_ascension_mode":false,"campfire_choices":[{"data":"Spot Weakness","floor":7,"key":"SMITH"},{"data":"1","floor":11,"key":"LIFT"},{"data":"2","floor":15,"key":"LIFT"},{"data":"Berserk","floor":25,"key":"SMITH"},{"floor":32,"key":"REST"},{"data":"Armaments","floor":40,"key":"SMITH"},{"data":"Demon Form","floor":42,"key":"SMITH"},{"floor":49,"key":"REST"}],"circlet_count":0,"master_deck":["Defend_R","Defend_R","Bash+1","Spot Weakness+1","Shockwave","Twin Strike","Armaments+1","Berserk+1","Heavy Blade","Metallicize+1","Twin Strike","Reaper","Metallicize+1","Demon Form+1","Disarm"],"relics":["Burning Blood","NeowsBlessing","Bloody Idol","Blood Vial","Girya","Potion Belt","SlaversCollar","Nloth\u0027s Gift","Whetstone","Oddly Smooth Stone","Bronze Scales","Guardian:PocketSentry","Busted Crown","Regal Pillow","Molten Egg 2"],"acts_visited":["Exordium","TheCity","TheBeyond"],"potions_floor_usage":[29,29,50,50,50],"damage_taken":[{"damage":0,"enemies":"Small Slimes","floor":1,"turns":1},{"damage":0,"enemies":"Lagavulin","floor":6,"turns":1},{"damage":0,"enemies":"Gremlin Nob","floor":8,"turns":1},{"damage":3,"enemies":"Jaw Worm","floor":10,"turns":4},{"damage":26,"enemies":"Lagavulin","floor":12,"turns":6},{"damage":0,"enemies":"Cultist","floor":13,"turns":3},{"damage":7,"enemies":"Looter","floor":14,"turns":3},{"damage":24,"enemies":"Slime Boss","floor":16,"turns":8},{"damage":12,"enemies":"3 Byrds","floor":18,"turns":5},{"damage":28,"enemies":"Book of Stabbing","floor":23,"turns":5},{"damage":17,"enemies":"Chosen","floor":24,"turns":5},{"damage":5,"enemies":"Snecko","floor":27,"turns":6},{"damage":23,"enemies":"Slavers","floor":29,"turns":3},{"damage":16,"enemies":"Champ","floor":33,"turns":8},{"damage":5,"enemies":"3 Shapes","floor":35,"turns":4},{"damage":17,"enemies":"3 Darklings","floor":38,"turns":8},{"damage":14,"enemies":"Giant Head","floor":41,"turns":6},{"damage":43,"enemies":"Spire Growth","floor":45,"turns":6},{"damage":42,"enemies":"4 Shapes","floor":48,"turns":6},{"damage":20,"enemies":"Time Eater","floor":50,"turns":6}],"seed_played":"9033691192145285541","potions_obtained":[{"floor":1,"key":"sneckomod:MuddlingPotion"},{"floor":8,"key":"Strength Potion"},{"floor":13,"key":"SneckoOil"},{"floor":14,"key":"hexamod:EctoCoolerPotion"},{"floor":18,"key":"sneckomod:MuddlingPotion"},{"floor":24,"key":"Energy Potion"},{"floor":45,"key":"Weak Potion"},{"floor":48,"key":"Weak Potion"}],"is_trial":false,"path_per_floor":["M","?","?","$","?","E","R","E","T","M","R","E","M","M","R","B",null,"M","$","?","$","?","E","M","R","T","M","?","E","?","T","R","B",null,"M","?","$","M","?","R","E","R","T","$","M","?","$","M","R","B",null],"character_chosen":"IRONCLAD","items_purchased":["Spot Weakness","Shockwave","Disarm"],"campfire_rested":2,"item_purchase_floors":[4,4,44],"current_hp_per_floor":[80,73,73,73,53,59,59,67,67,72,72,54,62,63,63,47,80,74,74,74,74,74,54,45,45,45,48,48,33,33,38,62,59,80,80,76,76,76,76,76,73,73,73,73,58,58,58,53,76,76],"gold":30,"neow_bonus":"THREE_ENEMY_KILL","is_daily":false,"chose_seed":false,"campfire_upgraded":4,"win_rate":0.0,"timestamp":1609460156,"path_taken":["M","?","?","$","?","E","R","E","T","M","R","E","M","M","R","BOSS","M","$","?","$","?","E","M","R","T","?","?","E","?","?","R","BOSS","M","?","$","M","?","R","E","R","T","?","?","?","$","M","R","BOSS"],"items_purchased_type":["Card","Card","Card"],"build_version":"2020-12-22","purchased_purges":5,"victory":true,"max_hp_per_floor":[80,80,80,80,80,80,80,80,80,80,80,80,80,80,80,80,80,80,80,80,80,80,80,80,80,80,80,80,80,80,80,80,80,80,80,76,76,76,76,76,76,76,76,76,76,76,76,76,76,76],"card_choices":[{"not_picked":["Combust","Whirlwind","Sever Soul"],"picked":"SKIP","floor":1},{"not_picked":["Juggernaut","Ghostly Armor"],"picked":"Pummel","floor":6},{"not_picked":["Sword Boomerang","Rupture"],"picked":"Cleave","floor":8},{"not_picked":["Clothesline","Perfected Strike","Intimidate"],"picked":"SKIP","floor":10},{"not_picked":["Hemokinesis","Bludgeon"],"picked":"Twin Strike","floor":12},{"not_picked":["Infernal Blade","Rupture"],"picked":"Armaments","floor":13},{"not_picked":["Searing Blow","Wild Strike","Warcry"],"picked":"SKIP","floor":14},{"not_picked":["Exhume","Demon Form"],"picked":"Berserk","floor":16},{"not_picked":["Headbutt+1","Combust"],"picked":"Heavy Blade","floor":18},{"not_picked":["Clash","Immolate"],"picked":"Metallicize+1","floor":23},{"not_picked":["Iron Wave","Headbutt","Flex+1"],"picked":"SKIP","floor":24},{"not_picked":["Uppercut+1","Second Wind","Blood for Blood"],"picked":"SKIP","floor":27},{"not_picked":["Hemokinesis+1","Corruption","Headbutt+1"],"picked":"SKIP","floor":29},{"not_picked":["Impervious","Immolate"],"picked":"Reaper","floor":33},{"not_picked":["Clash"],"picked":"SKIP","floor":35},{"not_picked":[],"picked":"Metallicize+1","floor":38},{"not_picked":[],"picked":"Demon Form","floor":41},{"not_picked":["Flex"],"picked":"SKIP","floor":45},{"not_picked":["Flame Barrier"],"picked":"SKIP","floor":48}],"player_experience":394494,"relics_obtained":[{"floor":6,"key":"Blood Vial"},{"floor":8,"key":"Girya"},{"floor":9,"key":"Potion Belt"},{"floor":12,"key":"Dead Branch"},{"floor":23,"key":"Whetstone"},{"floor":26,"key":"Oddly Smooth Stone"},{"floor":29,"key":"Bronze Scales"},{"floor":31,"key":"Guardian:PocketSentry"},{"floor":41,"key":"Regal Pillow"},{"floor":43,"key":"Molten Egg 2"}],"event_choices":[{"cards_removed":["Strike_R"],"damage_healed":0,"gold_gain":0,"player_choice":"Card Removal","damage_taken":7,"max_hp_gain":0,"max_hp_loss":0,"event_name":"Golden Wing","floor":2,"gold_loss":0},{"cards_removed":["Strike_R"],"damage_healed":0,"gold_gain":0,"player_choice":"Forget","damage_taken":0,"max_hp_gain":0,"max_hp_loss":0,"event_name":"Living Wall","floor":3,"gold_loss":0},{"damage_healed":0,"gold_gain":0,"player_choice":"Take Damage","damage_taken":20,"relics_obtained":["Golden Idol"],"max_hp_gain":0,"max_hp_loss":0,"event_name":"Golden Idol","floor":5,"gold_loss":0},{"damage_healed":0,"gold_gain":0,"player_choice":"Ignored","damage_taken":0,"max_hp_gain":0,"max_hp_loss":0,"event_name":"Vampires","floor":20,"gold_loss":0},{"damage_healed":0,"gold_gain":0,"player_choice":"Traded Relic","damage_taken":0,"relics_obtained":["Nloth\u0027s Gift"],"max_hp_gain":0,"max_hp_loss":0,"event_name":"N\u0027loth","floor":22,"relics_lost":["Dead Branch"],"gold_loss":0},{"damage_healed":0,"gold_gain":0,"cards_transformed":["Defend_R","Defend_R"],"player_choice":"Became Test Subject","damage_taken":0,"max_hp_gain":0,"max_hp_loss":0,"event_name":"Drug Dealer","floor":28,"gold_loss":0,"cards_obtained":["Reckless Charge","Twin Strike"]},{"damage_healed":0,"gold_gain":0,"player_choice":"Gave Idol","damage_taken":0,"relics_obtained":["Bloody Idol"],"max_hp_gain":0,"max_hp_loss":0,"event_name":"Forgotten Altar","floor":30,"relics_lost":["Golden Idol"],"gold_loss":0},{"damage_healed":0,"gold_gain":0,"player_choice":"Max HP","damage_taken":0,"max_hp_gain":0,"max_hp_loss":4,"event_name":"Winding Halls","floor":36,"gold_loss":0},{"damage_healed":0,"gold_gain":0,"player_choice":"Memory 1","damage_taken":0,"max_hp_gain":0,"max_hp_loss":0,"event_name":"SensoryStone","floor":39,"gold_loss":0},{"cards_removed":["Cleave"],"damage_healed":0,"gold_gain":0,"player_choice":"Purged","damage_taken":0,"max_hp_gain":0,"max_hp_loss":0,"event_name":"Purifier","floor":46,"gold_loss":0}],"is_beta":false,"boss_relics":[{"not_picked":["Runic Pyramid","Cursed Key"],"picked":"SlaversCollar"},{"not_picked":["Coffee Dripper","Velvet Choker"],"picked":"Busted Crown"}],"items_purged_floors":[19,21,37,44,47],"is_endless":false,"potions_floor_spawned":[1,8,13,14,18,24,27,45,48],"ascension_level":0}}