{"host":"480qzmvu0s2e3e6w","time":1609508522,"event":{"mods":["BaseMod","Colored Map","DeckTracker","Minty Spire (QoL Compilation)","StSLib","SuperFastMode"],"gold_per_floor":[111,111,124,141,153,184,202,202,202,228,239,239,256,140,140,241,241,253,4,4,23,23,50,50,85,139,139,149,49,249,262,262,367,367,385,8,26,43,56,85,85,85,85,104,136,48,74,88,88,88,88,88,7,39,39,39],"floor_reached":55,"playtime":4163,"items_purged":["Strike_B","Streamline"],"score":1071,"play_id":"b4a27c11-32ff-493e-8981-876be3488db8","local_time":"20210101224202","is_ascension_mode":true,"campfire_choices":[{"floor":8.0,"key":"REST"},{"floor":15.0,"key":"REST"},{"data":"Defragment","floor":24.0,"key":"SMITH"},{"floor":27.0,"key":"REST"},{"floor":32.0,"key":"REST"},{"data":"Fission","floor":41.0,"key":"SMITH"},{"floor":49.0,"key":"REST"},{"data":"Buffer","floor":52.0,"key":"SMITH"}],"circlet_count":0,"master_deck":["Dualcast","Rainbow","Rip and Tear","Tempest","Doom and Gloom","Coolheaded","Rebound","Genetic Algorithm","White Noise","Redo","Capacitor","Biased Cognition","Streamline","Go for the Eyes","Chill","Streamline","Leap","Static Discharge","Biased Cognition","Heatsinks+1","Defragment+1","Defragment","Genetic Algorithm","Reinforced Body+1","Darkness","Coolheaded+1","Reboot","Core Surge","Auto Shields","Fission+1","Core Surge","Hologram","Turbo","Buffer+1","Hologram","Glacier+1","Finesse","Defragment","Turbo","Seek"],"relics":["Cracked Core","Sundial","PreservedInsect","Question Card","Pandora\u0027s Box","Mummified Hand","Tiny Chest","Juzu Bracelet","Nunchaku","Philosopher\u0027s Stone","DollysMirror","Anchor","DataDisk","Ornamental Fan","Meat on the Bone","Omamori","Centennial Puzzle"],"acts_visited":["Exordium","TheCity","TheBeyond","TheEnding"],"potions_floor_usage":[55],"damage_taken":[{"damage":0.0,"enemies":"2 Louse","floor":1.0,"turns":2.0},{"damage":0.0,"enemies":"Cultist","floor":3.0,"turns":3.0},{"damage":18.0,"enemies":"Small Slimes","floor":4.0,"turns":3.0},{"damage":11.0,"enemies":"Red Slaver","floor":5.0,"turns":4.0},{"damage":16.0,"enemies":"3 Sentries","floor":6.0,"turns":6.0},{"damage":18.0,"enemies":"Exordium Thugs","floor":7.0,"turns":5.0},{"damage":9.0,"enemies":"Lagavulin","floor":10.0,"turns":5.0},{"damage":13.0,"enemies":"Looter","floor":11.0,"turns":4.0},{"damage":22.0,"enemies":"Gremlin Gang","floor":13.0,"turns":3.0},{"damage":37.0,"enemies":"The Guardian","floor":16.0,"turns":7.0},{"damage":12.0,"enemies":"3 Byrds","floor":18.0,"turns":4.0},{"damage":20.0,"enemies":"2 Thieves","floor":21.0,"turns":4.0},{"damage":4.0,"enemies":"Slavers","floor":23.0,"turns":3.0},{"damage":22.0,"enemies":"Book of Stabbing","floor":25.0,"turns":4.0},{"damage":0.0,"enemies":"Shelled Parasite and Fungi","floor":28.0,"turns":4.0},{"damage":0.0,"enemies":"Centurion and Healer","floor":31.0,"turns":6.0},{"damage":10.0,"enemies":"Automaton","floor":33.0,"turns":9.0},{"damage":3.0,"enemies":"3 Darklings","floor":35.0,"turns":4.0},{"damage":1.0,"enemies":"3 Shapes","floor":37.0,"turns":5.0},{"damage":12.0,"enemies":"Spire Growth","floor":38.0,"turns":5.0},{"damage":16.0,"enemies":"Sphere and 2 Shapes","floor":39.0,"turns":4.0},{"damage":10.0,"enemies":"Giant Head","floor":40.0,"turns":8.0},{"damage":10.0,"enemies":"3 Darklings","floor":44.0,"turns":6.0},{"damage":9.0,"enemies":"Reptomancer","floor":45.0,"turns":4.0},{"damage":7.0,"enemies":"Writhing Mass","floor":48.0,"turns":6.0},{"damage":5.0,"enemies":"Donu and Deca","floor":50.0,"turns":14.0},{"damage":58,"enemies":"Shield and Spear","floor":54,"turns":7},{"damage":69,"enemies":"The Heart","floor":55,"turns":8}],"seed_played":"-5744558743149408284","potions_obtained":[{"floor":1.0,"key":"Fire Potion"},{"floor":4.0,"key":"SteroidPotion"},{"floor":5.0,"key":"Block Potion"},{"floor":7.0,"key":"Weak Potion"},{"floor":11.0,"key":"FocusPotion"},{"floor":13.0,"key":"Regen Potion"},{"floor":21.0,"key":"AttackPotion"},{"floor":23.0,"key":"Fruit Juice"},{"floor":28.0,"key":"Explosive Potion"},{"floor":31.0,"key":"Dexterity Potion"},{"floor":35.0,"key":"Swift Potion"},{"floor":37.0,"key":"GamblersBrew"},{"floor":39.0,"key":"SteroidPotion"},{"floor":54,"key":"Dexterity Potion"}],"is_trial":false,"path_per_floor":["M","?","M","M","M","E","M","R","T","E","M","T","M","$","R","B",null,"M","$","?","M","?","E","R","E","T","R","M","$","?","M","R","B",null,"M","$","M","M","M","E","R","?","T","M","E","$","T","M","R","B",null,"R","$","E","B"],"character_chosen":"DEFECT","items_purchased":["Capacitor","Mummified Hand","Fission","DollysMirror","Anchor","Finesse","Defragment","Turbo"],"campfire_rested":5,"item_purchase_floors":[14,19,36,36,36,46,53,53],"current_hp_per_floor":[68,68,68,50,59,43,25,47,47,38,25,25,3,3,25,3,57,45,45,45,25,25,26,26,4,4,28,28,28,28,28,52,42,71,68,68,67,55,39,29,29,29,29,19,10,10,10,15,39,46,72,72,72,26,0,0],"gold":39,"neow_bonus":"ONE_RANDOM_RARE_CARD","is_daily":false,"chose_seed":false,"campfire_upgraded":3,"win_rate":0.0,"timestamp":1609508522,"path_taken":["M","?","M","M","M","E","?","R","T","E","M","?","M","$","R","BOSS","M","$","?","M","?","E","R","E","T","R","M","$","?","M","R","BOSS","M","$","M","M","M","E","R","?","T","M","E","?","?","M","R","BOSS","R","$","E","BOSS"],"items_purchased_type":["Card","Relic","Card","Relic","Relic","Card","Card","Card"],"build_version":"2020-12-22","purchased_purges":2,"victory":false,"max_hp_per_floor":[75,75,75,75,75,75,75,75,75,75,75,75,75,75,75,75,75,75,75,75,75,75,80,80,80,80,80,80,80,80,80,80,80,80,80,80,80,80,80,80,80,80,80,80,80,80,80,80,80,80,80,80,80,80,80,80],"card_choices":[{"not_picked":["Stack","Leap"],"picked":"Rip and Tear","floor":1.0},{"not_picked":["Stack","Steam Power"],"picked":"Tempest","floor":3.0},{"not_picked":["Stack","Cold Snap"],"picked":"Doom and Gloom","floor":4.0},{"not_picked":["Rebound","Storm"],"picked":"Streamline","floor":5.0},{"not_picked":["Hello World","Reprogram"],"picked":"Coolheaded","floor":6.0},{"not_picked":["Steam Power","Go for the Eyes"],"picked":"Rebound","floor":7.0},{"not_picked":["Seek","FTL"],"picked":"Genetic Algorithm","floor":10.0},{"not_picked":["Go for the Eyes","Stack"],"picked":"White Noise","floor":11.0},{"not_picked":["Self Repair","Storm","Skim"],"picked":"Redo","floor":13.0},{"not_picked":["Reboot","Electrodynamics","Fission"],"picked":"Biased Cognition","floor":16.0},{"not_picked":["Genetic Algorithm","Steam","Recycle"],"picked":"Heatsinks+1","floor":18.0},{"not_picked":["Sweeping Beam","Streamline","Tempest"],"picked":"Defragment","floor":21.0},{"not_picked":["Sunder","Conserve Battery","Streamline"],"picked":"Reinforced Body+1","floor":23.0},{"not_picked":["Barrage+1","Sweeping Beam","Streamline"],"picked":"Darkness","floor":25.0},{"not_picked":["Redo","Barrage","Leap"],"picked":"Coolheaded+1","floor":28.0},{"not_picked":["Stack","Rebound","Steam+1"],"picked":"Reboot","floor":31.0},{"not_picked":["Meteor Strike","Thunder Strike","Machine Learning"],"picked":"Core Surge","floor":33.0},{"not_picked":["Rebound+1","Barrage+1","Doom and Gloom+1"],"picked":"Auto Shields","floor":35.0},{"not_picked":["Rebound+1","Blizzard+1","Sweeping Beam+1"],"picked":"Hologram","floor":37.0},{"not_picked":["Beam Cell","Darkness","Streamline","Rip and Tear+1"],"picked":"SKIP","floor":38.0},{"not_picked":["Loop","Force Field","Beam Cell+1","Go for the Eyes+1"],"picked":"SKIP","floor":39.0},{"not_picked":["Sweeping Beam","Thunder Strike","Rebound+1"],"picked":"Turbo","floor":40.0},{"not_picked":["Auto Shields+1","Sweeping Beam+1","Stack"],"picked":"Hologram","floor":44.0},{"not_picked":["Beam Cell+1","Scrape+1","Tempest"],"picked":"Glacier+1","floor":45.0},{"not_picked":["Heatsinks+1","Consume+1","Cold Snap+1","Aggregate"],"picked":"SKIP","floor":48.0},{"not_picked":["Recycle","Glacier+1","Heatsinks"],"picked":"Seek","floor":54}],"player_experience":653150,"relics_obtained":[{"floor":6.0,"key":"PreservedInsect"},{"floor":12.0,"key":"Question Card"},{"floor":23.0,"key":"Tiny Chest"},{"floor":25.0,"key":"Juzu Bracelet"},{"floor":26.0,"key":"Nunchaku"},{"floor":40.0,"key":"DataDisk"},{"floor":43.0,"key":"Ornamental Fan"},{"floor":45.0,"key":"Meat on the Bone"},{"floor":47.0,"key":"Omamori"},{"floor":54,"key":"Centennial Puzzle"}],"event_choices":[{"damage_healed":0.0,"max_hp_gain":0.0,"max_hp_loss":0.0,"gold_gain":0.0,"event_name":"WeMeetAgain","player_choice":"Gave Potion","floor":2.0,"gold_loss":0.0,"damage_taken":0.0,"relics_obtained":["Sundial"]},{"damage_healed":0.0,"max_hp_gain":0.0,"max_hp_loss":0.0,"gold_gain":0.0,"event_name":"The Library","player_choice":"Read","floor":20.0,"gold_loss":0.0,"damage_taken":0.0,"cards_obtained":["Defragment"]},{"damage_healed":0.0,"max_hp_gain":0.0,"max_hp_loss":0.0,"gold_gain":0.0,"event_name":"Duplicator","player_choice":"Copied","floor":22.0,"gold_loss":0.0,"damage_taken":0.0,"cards_obtained":["Genetic Algorithm"]},{"damage_healed":0.0,"max_hp_gain":0.0,"max_hp_loss":0.0,"gold_gain":200.0,"event_name":"Wheel of Change","player_choice":"Gold","floor":30.0,"gold_loss":0.0,"damage_taken":0.0},{"damage_healed":0.0,"max_hp_gain":0.0,"max_hp_loss":0.0,"gold_gain":0.0,"cards_transformed":["Zap"],"event_name":"Transmorgrifier","player_choice":"Transformed","floor":42.0,"gold_loss":0.0,"damage_taken":0.0,"cards_obtained":["Buffer"]}],"is_beta":false,"boss_relics":[{"not_picked":["SacredBark","SlaversCollar"],"picked":"Pandora\u0027s Box"},{"not_picked":["Runic Dome","Inserter"],"picked":"Philosopher\u0027s Stone"}],"items_purged_floors":[14,29],"is_endless":false,"potions_floor_spawned":[1,4,5,7,11,13,21,23,28,31,35,37,39,54],"killed_by":"The Heart","ascension_level":8}}