{"host":"slngz8sobihb8iwl","time":1609475923,"event":{"mods":["2.2 Compatiblity","Act Like it!","BaseMod","Colored Powertips","Elementarium","Gensokyo","GifTheSpireLib","Hallownest","Hermit","Marisa????????","Menagerie","Minty Spire (QoL Compilation)","Permanent Neow","Random Character Button","Rare Cards Sparkle","Relic Filter","Robot Space Explorer","StSLib","SuperFastMode","Td1madao Mod","The Bug Knight","The Disciple","The Gatherer","The Hierophant","The Judge","The Marked","The Runesmith","The Servant 0.9.4","TheVelvet","Unceasing Turn Reminder"],"gold_per_floor":[114,41,88,88,112,149,190,190,241,241,290,350,54,100,100,253,253,314,274,291,317,317],"floor_reached":21,"playtime":1713,"items_purged":[],"score":258,"play_id":"8ca6526d-e214-4fde-a88a-3a313190ebc3","local_time":"20201231233843","is_ascension_mode":true,"campfire_choices":[{"data":"MasterSpark","floor":8,"key":"SMITH"},{"data":"6A","floor":15,"key":"SMITH"}],"circlet_count":0,"master_deck":["Strike_MRS","Strike_MRS","Strike_MRS","Strike_MRS","Defend_MRS","Defend_MRS","Defend_MRS","Defend_MRS","MasterSpark+1","UpSweep","Robbery","MachineGunSpark","EarthLightRay","WitchOfGreed","6A+1","Clumsy","GrandCross","BlazingStar+1","DeepEcoloBomb+1","DeepEcoloBomb"],"relics":["MiniHakkero","Bag of Preparation","Gensokyo:Mercy","HornCleat","MealTicket","Gensokyo:NagashiBinaDoll","Juzu Bracelet","Calipers","Sozu"],"acts_visited":["Exordium","Gensokyo:Gensokyo"],"potions_floor_usage":[14,16,16,16],"damage_taken":[{"damage":7,"enemies":"Gensokyo:Python","floor":1,"turns":3},{"damage":2,"enemies":"Gensokyo:2_Kodama","floor":3,"turns":4},{"damage":1,"enemies":"Gensokyo:3_Fairies","floor":5,"turns":5},{"damage":12,"enemies":"Gensokyo:Aya","floor":6,"turns":5},{"damage":5,"enemies":"Gensokyo:2_Rabbits","floor":7,"turns":6},{"damage":2,"enemies":"Gensokyo:Kitsune","floor":12,"turns":4},{"damage":8,"enemies":"Gensokyo:VengefulSpirit","floor":14,"turns":4},{"damage":42,"enemies":"Gensokyo:Kokoro","floor":16,"turns":11},{"damage":20,"enemies":"Gensokyo:Chomper","floor":18,"turns":4},{"damage":4,"enemies":"Gensokyo:CosmicMonolith","floor":20,"turns":4},{"damage":54,"enemies":"Gensokyo:3_Gloops","floor":21,"turns":5}],"seed_played":"-5514412648144179882","potions_obtained":[{"floor":5,"key":"FearPotion"},{"floor":7,"key":"BottledSpark"},{"floor":7,"key":"Fire Potion"},{"floor":14,"key":"BottledSpark"},{"floor":16,"key":"SneckoOil"},{"floor":16,"key":"GamblersBrew"}],"is_trial":false,"path_per_floor":["M","$","M","?","M","E","M","R","T","?","T","M","$","M","R","B",null,"M","?","M","M"],"character_chosen":"MARISA","items_purchased":["Robbery","Calipers"],"campfire_rested":0,"item_purchase_floors":[2,13],"current_hp_per_floor":[61,61,59,59,58,50,49,49,49,49,49,51,66,62,62,24,62,46,46,46,0,0],"gold":317,"neow_bonus":"RANDOM_COMMON_RELIC","is_daily":false,"chose_seed":false,"campfire_upgraded":2,"win_rate":0.0,"timestamp":1609475923,"path_taken":["M","?","M","?","M","E","M","R","T","?","?","M","$","M","R","BOSS","M","?","M","M"],"items_purchased_type":["Card","Relic"],"build_version":"2020-12-22","purchased_purges":0,"victory":false,"max_hp_per_floor":[75,75,75,75,75,75,75,75,75,75,75,75,75,75,75,75,75,75,75,75,75,75],"card_choices":[{"not_picked":["LuminesStrike","ShootingEcho"],"picked":"6A","floor":1},{"not_picked":["Acceleration","NonDirectionalLaser"],"picked":"MachineGunSpark","floor":3},{"not_picked":["LuminesStrike","GravityBeat"],"picked":"EarthLightRay","floor":5},{"not_picked":["OpenUniverse","SuperNova"],"picked":"WitchOfGreed","floor":6},{"not_picked":["WitchLeyline","GravityBeat"],"picked":"6A","floor":7},{"not_picked":["SporeBomb","GalacticHalo"],"picked":"GrandCross","floor":12},{"not_picked":["NonDirectionalLaser","Acceleration","WitchLeyline"],"picked":"SKIP","floor":14},{"not_picked":["SatelliteIllusion","FinalSpark"],"picked":"BlazingStar","floor":16},{"not_picked":["WitchOfGreed","MachineGunSpark"],"picked":"DeepEcoloBomb+1","floor":18},{"not_picked":["Occultation","EventHorizon"],"picked":"DeepEcoloBomb","floor":20}],"player_experience":397448,"relics_obtained":[{"floor":6,"key":"HornCleat"},{"floor":9,"key":"MealTicket"},{"floor":11,"key":"Juzu Bracelet"}],"event_choices":[],"is_beta":false,"boss_relics":[{"not_picked":["Runic Pyramid","SacredBark"],"picked":"Sozu"}],"items_purged_floors":[],"is_endless":false,"potions_floor_spawned":[5,7,16,18,20],"killed_by":"Gensokyo:3_Gloops","ascension_level":9}}