{"host":"fevvm7bbzuh4s1jc","time":1609483393,"event":{"mods":["BaseMod","Highlight Path","Minty Spire (QoL Compilation)","Relic Stats"],"gold_per_floor":[118,138,149,163,1,32,42,42,42],"floor_reached":8,"playtime":345,"items_purged":["Strike_R"],"score":120,"play_id":"079bafde-41f1-4dee-8924-7e2fb7957696","local_time":"20210101014313","is_ascension_mode":true,"campfire_choices":[],"circlet_count":0,"master_deck":["AscendersBane","Strike_R","Strike_R","Strike_R","Strike_R","Defend_R","Defend_R","Defend_R","Defend_R","Bash","Clothesline","Uppercut","Anger","Cleave","Disarm","Shrug It Off"],"relics":["Burning Blood","Nunchaku"],"acts_visited":["Exordium"],"potions_floor_usage":[6,7],"damage_taken":[{"damage":12,"enemies":"Cultist","floor":1,"turns":4},{"damage":1,"enemies":"2 Louse","floor":2,"turns":4},{"damage":5,"enemies":"Small Slimes","floor":3,"turns":4},{"damage":6,"enemies":"3 Louse","floor":4,"turns":4},{"damage":31,"enemies":"Lagavulin","floor":6,"turns":8},{"damage":25,"enemies":"Large Slime","floor":7,"turns":6},{"damage":33,"enemies":"3 Sentries","floor":8,"turns":4}],"seed_played":"1191615738157995504","potions_obtained":[{"floor":3,"key":"SpeedPotion"},{"floor":4,"key":"Explosive Potion"},{"floor":6,"key":"Explosive Potion"}],"is_trial":false,"path_per_floor":["M","M","M","M","$","E","M","E"],"character_chosen":"IRONCLAD","items_purchased":["Disarm"],"campfire_rested":0,"item_purchase_floors":[5],"current_hp_per_floor":[69,74,75,75,75,50,31,0,0],"gold":42,"neow_bonus":"TEN_PERCENT_HP_BONUS","is_daily":false,"chose_seed":false,"campfire_upgraded":0,"win_rate":0.0,"timestamp":1609483393,"path_taken":["M","M","M","M","$","E","M","E"],"items_purchased_type":["Card"],"build_version":"2020-12-22","purchased_purges":1,"victory":false,"max_hp_per_floor":[82,82,82,82,82,82,82,82,82],"relic_stats":{"Nunchaku":[1],"counters":[7,34],"obtain_stats":[{"Nunchaku":6,"Burning Blood":0},{"Nunchaku":5,"Burning Blood":0},{"Nunchaku":24,"Burning Blood":0}],"Burning Blood":36},"card_choices":[{"not_picked":["Seeing Red","Iron Wave"],"picked":"Clothesline","floor":1},{"not_picked":["Pommel Strike","Headbutt"],"picked":"Uppercut","floor":2},{"not_picked":["Sentinel","True Grit"],"picked":"Anger","floor":3},{"not_picked":["Rage","Carnage"],"picked":"Cleave","floor":4},{"not_picked":["Metallicize","Twin Strike"],"picked":"Shrug It Off","floor":6},{"not_picked":["Twin Strike","Dropkick","Perfected Strike"],"picked":"SKIP","floor":7}],"player_experience":2608761,"relics_obtained":[{"floor":6,"key":"Nunchaku"}],"event_choices":[],"is_beta":false,"boss_relics":[],"items_purged_floors":[5],"is_endless":false,"potions_floor_spawned":[3,4,6],"killed_by":"3 Sentries","ascension_level":20}}