{"host":"61ejhfsushs0xmcl","time":1609522336,"event":{"mods":["ATMod(阿瑾Mod)","Act Like it!","BaseMod","Colored Map","Downfall","Gold Saver","Hallownest","Marisa（F雨　魔理沙）","Minty Spire (QoL Compilation)","MostiFishMod","Pale of the Ancients","Spicy Shops","StSLib","TestMod","Waifu the Spire","【遗物卡牌】REMEMod","篝火指南"],"gold_per_floor":[-1301,-1284,-1284,0,0,0,0,0,47,146,164,213,63,86,101,263,263,263,98,98,98,78,78,78,97,124,49,74,74,74,113,113,266,266,266,338,5,404,421,455,480,533,551,551,561,586,586,586,598,624,624,679,161,85,183],"floor_reached":56,"playtime":2728,"items_purged":["Regret","hexamod:DynamicBlow+1","hexamod:SixthSeal"],"score":1468,"play_id":"3d94837d-3fc9-46df-a60a-775c6bce7076","local_time":"20210102013216","is_ascension_mode":false,"campfire_choices":[{"floor":1.0,"key":"RECALL"},{"data":"hexamod:TimeWarp","floor":8.0,"key":"SMITH"},{"data":"Feed","floor":13.0,"key":"SMITH"},{"data":"hexamod:EmpoweredFlame","floor":18.0,"key":"SMITH"},{"data":"hexamod:ChargedBarrage","floor":27.0,"key":"SMITH"},{"data":"hexamod:WildfireWeapon","floor":29.0,"key":"SMITH"},{"data":"1","floor":35,"key":"LIFT"},{"data":"2","floor":44,"key":"LIFT"},{"data":"3","floor":47,"key":"LIFT"}],"circlet_count":0,"master_deck":["hexamod:Float+1","AT_ShrugMaster+1","hexamod:TimeWarp+1","hexamod:EmpoweredFlame+1","Feed+1","hexamod:VolcanoVisage+1","hexamod:ChargedBarrage+1","hexamod:WildfireWeapon+1","Ghostly+1","Ghostly+1","Ghostly+1","hexamod:CouncilsJustice+1","hexamod:CouncilsJustice+1","hexamod:CouncilsJustice+1","hexamod:EmpoweringStance+1","hexamod:UnleashSpirits+1","hexamod:GhostOfSpireFuture+1"],"relics":["testmod-TestBox","AT_ATBox","REME_ComplimentaryCards","SynthV:MejaisSoulstealer","testmod-Charity","DaCapo","REME_ArchaeologicalTools","testmod-OneHitWonder","War Paint","downfall:HeartBlessingRed","downfall:HeartBlessingGreen","SlaversCollar","ThornShield","testmod-Hope","Ancient Tea Set","downfall:HeartBlessingBlue","AT_SunfireAegis","Girya","JellyFishMachine","hexamod:TheBrokenSeal","Pocketwatch","PreservedInsect","Toy Ornithopter","Guardian:GemstoneGun","Lantern","Pen Nib","Bag of Preparation","Bag of Marbles"],"acts_visited":["Exordium","TheCity","TheBeyond","TheEnding"],"potions_floor_usage":[33,33,42,52,55,55,55],"damage_taken":[{"damage":3.0,"enemies":"Small Slimes","floor":2.0,"turns":4.0},{"damage":1.0,"enemies":"downfall:FleeingMerchant","floor":4.0,"turns":4.0},{"damage":0.0,"enemies":"Lagavulin","floor":9.0,"turns":4.0},{"damage":4.0,"enemies":"Jaw Worm","floor":11.0,"turns":2.0},{"damage":3.0,"enemies":"3 Sentries","floor":12.0,"turns":7.0},{"damage":1.0,"enemies":"2 Louse","floor":14.0,"turns":3.0},{"damage":2.0,"enemies":"Red Slaver","floor":15.0,"turns":3.0},{"damage":30.0,"enemies":"downfall:Silent","floor":16.0,"turns":8.0},{"damage":0.0,"enemies":"downfall:FleeingMerchant","floor":19.0,"turns":4.0},{"damage":0.0,"enemies":"downfall:FleeingMerchant","floor":22.0,"turns":4.0},{"damage":0.0,"enemies":"Spheric Guardian","floor":25.0,"turns":4.0},{"damage":1.0,"enemies":"Gremlin Leader","floor":26.0,"turns":5.0},{"damage":0.0,"enemies":"REME_1_Revenger","floor":31.0,"turns":4.0},{"damage":0,"enemies":"Chosen","floor":32,"turns":1},{"damage":89,"enemies":"downfall:Watcher","floor":33,"turns":7},{"damage":13,"enemies":"2 Orb Walkers","floor":36,"turns":5},{"damage":0,"enemies":"Orb Walker","floor":39,"turns":2},{"damage":13,"enemies":"Giant Head","floor":40,"turns":5},{"damage":0,"enemies":"Mind Bloom Boss Battle","floor":42,"turns":5},{"damage":0,"enemies":"3 Shapes","floor":43,"turns":2},{"damage":0,"enemies":"Maw","floor":45,"turns":3},{"damage":8,"enemies":"Nemesis","floor":46,"turns":3},{"damage":0,"enemies":"Writhing Mass","floor":49,"turns":1},{"damage":1,"enemies":"downfall:Defect","floor":50,"turns":4},{"damage":0,"enemies":"downfall:CharBossMerchant","floor":52,"turns":4},{"damage":173,"enemies":"downfall:NeowBoss","floor":55,"turns":29}],"seed_played":"2271693777740966589","potions_obtained":[{"floor":2.0,"key":"GamblersBrew"},{"floor":15.0,"key":"AttackPotion"},{"floor":16.0,"key":"LiquidBronze"},{"floor":22.0,"key":"AttackPotion"},{"floor":25.0,"key":"Strength Potion"},{"floor":26.0,"key":"Block Potion"},{"floor":33,"key":"SkillPotion"},{"floor":39,"key":"champ:CounterPotion"},{"floor":43,"key":"Fire Potion"},{"floor":46,"key":"Swift Potion"}],"is_trial":false,"path_per_floor":["R","M","?","$","?","?","T","R","E","?","M","E","R","M","M","B",null,"R","$","?","?","$","?","T","M","E","R","T","R","?","E","M","B",null,"R","?","?","?","M","E","T","?","M","R","M","E","R","?","M","B",null,"E","$","R","B",null],"character_chosen":"THE_SPIRIT","items_purchased":["hexamod:ThirdSeal","ThornShield","Bag of Preparation","Bag of Marbles","Strength Potion"],"campfire_rested":0,"item_purchase_floors":[19,22,53,53,54],"current_hp_per_floor":[70,68,68,67,60,60,60,60,69,70,68,77,77,84,84,84,135,135,137,137,68,77,69,69,75,80,90,91,91,91,97,97,35,133,133,153,172,173,175,168,169,177,183,183,184,181,181,181,198,210,211,228,228,228,104],"gold":183,"neow_bonus":"BOSS_RELIC","is_daily":false,"chose_seed":false,"campfire_upgraded":5,"win_rate":0.0,"timestamp":1609522336,"path_taken":["R","M","?","$","?","?","T","R","E","?","M","E","R","M","M","BOSS","R","$","?","?","$","?","T","?","E","R","?","R","?","E","M","BOSS","R","?","?","?","M","E","T","?","M","R","M","E","R","?","M","BOSS","E","$","R","BOSS"],"items_purchased_type":["Card","Relic","Relic","Relic","Potion"],"build_version":"2020-12-22","purchased_purges":3,"victory":true,"max_hp_per_floor":[70,71,71,71,71,71,71,71,80,81,83,95,95,103,105,135,135,135,137,137,68,77,77,77,83,89,99,100,100,100,106,106,133,133,133,153,172,173,175,181,182,185,191,191,192,197,197,197,198,211,211,228,228,228,277],"card_choices":[{"not_picked":["hexamod:ShieldOfDarkness","hexamod:BurningTouch"],"picked":"hexamod:DynamicBlow","floor":2.0},{"not_picked":["hexamod:CatchUp","hexamod:GhostflameBarrier"],"picked":"hexamod:TimeWarp","floor":4.0},{"not_picked":["hexamod:NightmareGuise","hexamod:VolcanoVisage"],"picked":"hexamod:EmpoweredFlame","floor":9.0},{"not_picked":["hexamod:ThermalTransfer","hexamod:BurningTouch","hexamod:CatchUp"],"picked":"SKIP","floor":11.0},{"not_picked":["hexamod:GhostOfSpirePast","hexamod:HeatShield"],"picked":"hexamod:VolcanoVisage","floor":12.0},{"not_picked":["hexamod:NightmareStrike","hexamod:BurningTouch","hexamod:ShieldOfDarkness"],"picked":"SKIP","floor":14.0},{"not_picked":["hexamod:AdvancingGuard","hexamod:NightmareStrike"],"picked":"hexamod:ChargedBarrage","floor":15.0},{"not_picked":["hexamod:CrushingStance","hexamod:ParanormalForm"],"picked":"hexamod:WildfireWeapon","floor":16.0},{"not_picked":["hexamod:CatchUp","hexamod:HeatShield","hexamod:ThermalTransfer"],"picked":"SKIP","floor":19.0},{"not_picked":["hexamod:StepThrough","hexamod:RainOfEmbers"],"picked":"hexamod:FifthSeal","floor":22.0},{"not_picked":["hexamod:SpectralAdrenaline","hexamod:ShieldOfDarkness+1","hexamod:NightmareGuise+1"],"picked":"SKIP","floor":22.0},{"not_picked":["hexamod:ThirdSeal","hexamod:FirstSeal"],"picked":"hexamod:SixthSeal","floor":25.0},{"not_picked":["hexamod:RainOfEmbers+1","hexamod:BacktrackSmack","hexamod:RadiantFlame"],"picked":"SKIP","floor":25.0},{"not_picked":["hexamod:AdvancingGuard","hexamod:NightmareGuise+1","hexamod:NightmareStrike"],"picked":"SKIP","floor":25.0},{"not_picked":["hexamod:ThirdSeal","hexamod:FourthSeal"],"picked":"hexamod:SecondSeal","floor":26.0},{"not_picked":["hexamod:GhostOfSpirePast","hexamod:Hexaguard+1","hexamod:RecurringNightmare"],"picked":"SKIP","floor":26.0},{"not_picked":["hexamod:Hexaguard","hexamod:NightmareGuise","hexamod:GhostflameBarrier"],"picked":"SKIP","floor":26.0},{"not_picked":["hexamod:HeatShield","hexamod:WildfireWeapon","hexamod:Firestarter"],"picked":"SKIP","floor":31},{"not_picked":["hexamod:FourthSeal","hexamod:BurningTouch","hexamod:FastForward"],"picked":"SKIP","floor":32},{"not_picked":["hexamod:SixthSeal","hexamod:SecondSeal"],"picked":"hexamod:FirstSeal","floor":33},{"not_picked":["hexamod:VolcanoVisage","hexamod:TimeOfNeed"],"picked":"hexamod:EmpoweringStance","floor":33},{"not_picked":["hexamod:SearingWound","hexamod:SixthSeal"],"picked":"hexamod:UnleashSpirits","floor":33},{"not_picked":["hexamod:ThirdSeal","hexamod:SecondSeal"],"picked":"hexamod:SixthSeal","floor":36},{"not_picked":["hexamod:NightmareStrike","hexamod:SpectersWail","hexamod:Hexaguard+1"],"picked":"SKIP","floor":39},{"not_picked":["hexamod:FirstSeal","hexamod:SpectersWail","hexamod:SearingWound"],"picked":"SKIP","floor":40},{"not_picked":["hexamod:Hexaguard","hexamod:BurningTouch+1","hexamod:BacktrackSmack"],"picked":"SKIP","floor":43},{"not_picked":["hexamod:InspiringFlames","hexamod:GhostShield","hexamod:HauntingEcho"],"picked":"SKIP","floor":45},{"not_picked":["hexamod:GhostOfSpirePresent","hexamod:ExtraCrispy","hexamod:GhostLash+1"],"picked":"SKIP","floor":46},{"not_picked":["hexamod:GhostShield","hexamod:ThermalTransfer+1"],"picked":"hexamod:GhostOfSpireFuture","floor":49},{"not_picked":["hexamod:SwordOfDarkness","hexamod:HeatShield","hexamod:GhostOfSpirePresent+1"],"picked":"SKIP","floor":52}],"player_experience":866457,"relics_obtained":[{"floor":9.0,"key":"testmod-OneHitWonder"},{"floor":12.0,"key":"War Paint"},{"floor":24.0,"key":"testmod-Hope"},{"floor":26.0,"key":"Ancient Tea Set"},{"floor":28.0,"key":"AT_SunfireAegis"},{"floor":31,"key":"Girya"},{"floor":36,"key":"Pocketwatch"},{"floor":40,"key":"PreservedInsect"},{"floor":41,"key":"Toy Ornithopter"},{"floor":42,"key":"Guardian:GemstoneGun"},{"floor":46,"key":"Lantern"},{"floor":52,"key":"Pen Nib"}],"event_choices":[{"damage_healed":0.0,"max_hp_gain":0.0,"max_hp_loss":0.0,"gold_gain":0.0,"event_name":"Scrap Ooze","player_choice":"Success","floor":5.0,"gold_loss":0.0,"damage_taken":7.0,"relics_obtained":["REME_ArchaeologicalTools"]},{"damage_healed":0,"gold_gain":0,"player_choice":"Fight","damage_taken":0,"max_hp_gain":0,"max_hp_loss":0,"event_name":"Mysterious Sphere","floor":36,"gold_loss":0},{"damage_healed":0,"gold_gain":400,"player_choice":"Sell","damage_taken":0,"max_hp_gain":0,"max_hp_loss":0,"event_name":"恩洛斯的盘子","floor":38,"relics_lost":["DaveBox"],"gold_loss":0},{"damage_healed":0,"gold_gain":0,"player_choice":"Ignored","damage_taken":0,"max_hp_gain":0,"max_hp_loss":0,"event_name":"给自己的盒子","floor":48,"gold_loss":0}],"is_beta":false,"boss_relics":[{"not_picked":["NightmareShop","Runic Dome"],"picked":"SlaversCollar"},{"not_picked":["DiscerningMonocle","GuanYuAspect"],"picked":"JellyFishMachine"}],"items_purged_floors":[19,53,53],"is_endless":false,"potions_floor_spawned":[2,15,16,39,40,43,46],"ascension_level":0}}