{"host":"hjw1ay65n7jm40lc","time":1609512324,"event":{"mods":["AchievementEnabler","BaseMod","Block Reminder","Colored Map","Colored Powertips","Downfall","Googly Eyes","Highlight Path","Minty Spire (QoL Compilation)","Quick Restart","Relic Stats","StSLib"],"gold_per_floor":[99,110,128,62,77,62,62,76,24,58,58,87,113,131,144,221,221,221,238,238,238,54,54,54,89,89,122,47,47,59,70,85,162,162,87,105,119,119,133,148,148,196,209,519,199,225,150,177,197,197,197,230,20,20,20],"floor_reached":56,"playtime":7550,"items_purged":["Guardian:Strike_Guardian","Guardian:Strike_Guardian","Guardian:RollAttack"],"score":2914,"play_id":"ff810225-60cd-4a2d-ab99-3af0bd035814","local_time":"20210101094524","is_ascension_mode":true,"campfire_choices":[{"data":"Guardian:TwinSlam","floor":1.0,"key":"SMITH"},{"data":"Guardian:MultiBeam","floor":11.0,"key":"SMITH"},{"data":"Guardian:CompilePackage","floor":18.0,"key":"SMITH"},{"data":"Guardian:Planning","floor":23.0,"key":"SMITH"},{"floor":28.0,"key":"REST"},{"floor":35.0,"key":"RECALL"},{"floor":47.0,"key":"REST"},{"data":"Guardian:CompilePackage","floor":54,"key":"SMITH"}],"circlet_count":0,"master_deck":["AscendersBane","Guardian:Defend_Guardian","Guardian:Defend_Guardian","Guardian:Defend_Guardian","Guardian:CurlUp","Guardian:TwinSlam+1","Guardian:PrismaticBeam","Guardian:Reroute","Guardian:CompilePackage+1","Guardian:GemFinder","Guardian:MultiBeam+1","Guardian:Planning+1","Guardian:Recover","Guardian:RevengeProtocol","Guardian:RevengeProtocol","Guardian:CompilePackage+1","Guardian:EvasiveProtocol","Guardian:TimeCapacitor"],"relics":["Empty Cage","FossilizedHelix","Vajra","Ginger","Odd Mushroom","Sozu","Strange Spoon","Smiling Mask","Meat on the Bone","downfall:HeartBlessingGreen","Philosopher\u0027s Stone","downfall:HeartBlessingBlue","Toy Ornithopter","Mango","Mummified Hand","CaptainsWheel","downfall:HeartBlessingRed","CeramicFish","Pantograph","OrangePellets"],"acts_visited":["Exordium","TheCity","TheBeyond","TheEnding"],"potions_floor_usage":[],"damage_taken":[{"damage":1.0,"enemies":"Cultist","floor":2.0,"turns":4.0},{"damage":3.0,"enemies":"Small Slimes","floor":3.0,"turns":3.0},{"damage":2.0,"enemies":"downfall:FleeingMerchant","floor":4.0,"turns":4.0},{"damage":0.0,"enemies":"2 Louse","floor":5.0,"turns":3.0},{"damage":0.0,"enemies":"downfall:FleeingMerchant","floor":6.0,"turns":4.0},{"damage":0.0,"enemies":"Large Slime","floor":8.0,"turns":5.0},{"damage":8.0,"enemies":"downfall:FleeingMerchant","floor":9.0,"turns":4.0},{"damage":0.0,"enemies":"3 Sentries","floor":10.0,"turns":4.0},{"damage":0.0,"enemies":"Lagavulin","floor":12.0,"turns":5.0},{"damage":0.0,"enemies":"The Mushroom Lair","floor":13.0,"turns":2.0},{"damage":0.0,"enemies":"3 Louse","floor":14.0,"turns":2.0},{"damage":0.0,"enemies":"2 Fungi Beasts","floor":15.0,"turns":2.0},{"damage":7.0,"enemies":"downfall:Silent","floor":16.0,"turns":7.0},{"damage":0.0,"enemies":"Shell Parasite","floor":19.0,"turns":4.0},{"damage":0.0,"enemies":"downfall:FleeingMerchant","floor":22.0,"turns":4.0},{"damage":21.0,"enemies":"Slavers","floor":25.0,"turns":2.0},{"damage":0.0,"enemies":"Gremlin Leader","floor":27.0,"turns":5.0},{"damage":0.0,"enemies":"Chosen","floor":30.0,"turns":5.0},{"damage":0.0,"enemies":"Snecko","floor":31.0,"turns":4.0},{"damage":0.0,"enemies":"Centurion and Healer","floor":32.0,"turns":5.0},{"damage":0.0,"enemies":"downfall:Defect","floor":33.0,"turns":7.0},{"damage":16.0,"enemies":"3 Darklings","floor":36.0,"turns":3.0},{"damage":0.0,"enemies":"3 Shapes","floor":37.0,"turns":1.0},{"damage":0.0,"enemies":"Spire Growth","floor":39.0,"turns":4.0},{"damage":0.0,"enemies":"Writhing Mass","floor":40.0,"turns":5.0},{"damage":49.0,"enemies":"2 Orb Walkers","floor":42.0,"turns":4.0},{"damage":4.0,"enemies":"Transient","floor":43.0,"turns":6.0},{"damage":21.0,"enemies":"downfall:FleeingMerchant","floor":44.0,"turns":4.0},{"damage":0.0,"enemies":"Giant Head","floor":46.0,"turns":5.0},{"damage":0.0,"enemies":"Nemesis","floor":48.0,"turns":5.0},{"damage":0,"enemies":"Maw","floor":49,"turns":5},{"damage":0,"enemies":"downfall:Watcher","floor":50,"turns":7},{"damage":0,"enemies":"downfall:CharBossMerchant","floor":52,"turns":5},{"damage":0,"enemies":"downfall:NeowBoss","floor":55,"turns":15}],"seed_played":"-6243187498858091246","potions_obtained":[{"floor":5.0,"key":"Energy Potion"},{"floor":8.0,"key":"DistilledChaos"},{"floor":10.0,"key":"sneckomod:MuddlingPotion"},{"floor":13.0,"key":"hexamod:EctoCoolerPotion"}],"is_trial":false,"path_per_floor":["R","M","M","$","M","$","T","M","$","E","R","E","?","M","M","B",null,"R","M","?","?","$","R","T","E","?","E","R","?","M","M","M","B",null,"R","M","M","?","M","M","T","?","M","?","$","E","R","E","M","B",null,"E","$","R","B",null],"character_chosen":"GUARDIAN","items_purchased":["Guardian:Reroute","Guardian:MultiBeam","Strange Spoon","Mummified Hand","OrangePellets"],"campfire_rested":2,"item_purchase_floors":[4,9,22,45,53],"current_hp_per_floor":[65,64,61,59,59,59,59,59,51,51,51,51,51,51,51,44,65,65,65,65,65,65,65,65,44,58,58,72,72,72,72,72,72,72,82,66,66,66,66,66,66,43,51,42,42,54,82,82,82,82,93,93,93,93,96],"gold":20,"neow_bonus":"BOSS_RELIC","is_daily":false,"chose_seed":false,"campfire_upgraded":5,"win_rate":0.0,"timestamp":1609512324,"path_taken":["R","M","M","$","?","?","T","M","$","E","R","E","?","M","M","BOSS","R","M","?","?","$","R","T","E","?","E","R","?","M","M","M","BOSS","R","M","M","?","M","M","T","?","M","?","$","E","R","E","M","BOSS","E","$","R","BOSS"],"items_purchased_type":["Card","Card","Relic","Relic","Relic"],"build_version":"2020-12-22","purchased_purges":3,"victory":true,"max_hp_per_floor":[72,72,72,72,72,72,72,72,72,72,72,72,72,72,72,72,72,72,72,72,72,72,72,72,72,72,72,72,72,72,72,72,72,72,82,82,82,82,82,82,82,96,96,96,96,96,96,96,96,96,96,96,96,96,96],"relic_stats":{"Sozu":7,"Strange Spoon":[189],"OrangePellets":[0],"counters":[34,154],"Mummified Hand":[63],"CeramicFish":9,"Pantograph":3,"Ginger":[26],"Smiling Mask":150,"obtain_stats":[{"downfall:HeartBlessingRed":47,"CeramicFish":48,"Guardian:ModeShifter":0,"Vajra":10,"downfall:HeartBlessingGreen":28,"Mango":42,"Ginger":12,"Odd Mushroom":13,"Empty Cage":0,"Smiling Mask":25,"Sozu":17,"Strange Spoon":22,"OrangePellets":53,"CaptainsWheel":46,"downfall:HeartBlessingBlue":35,"Mummified Hand":45,"Pantograph":52,"Philosopher\u0027s Stone":34,"FossilizedHelix":7,"Toy Ornithopter":41,"Meat on the Bone":27},{"downfall:HeartBlessingRed":29,"CeramicFish":30,"Guardian:ModeShifter":0,"Vajra":8,"downfall:HeartBlessingGreen":17,"Mango":26,"Ginger":9,"Odd Mushroom":10,"Empty Cage":0,"Smiling Mask":16,"Sozu":13,"Strange Spoon":15,"OrangePellets":33,"CaptainsWheel":29,"downfall:HeartBlessingBlue":21,"Mummified Hand":28,"Pantograph":33,"Philosopher\u0027s Stone":21,"FossilizedHelix":5,"Toy Ornithopter":25,"Meat on the Bone":17},{"downfall:HeartBlessingRed":117,"CeramicFish":122,"Guardian:ModeShifter":0,"Vajra":31,"downfall:HeartBlessingGreen":64,"Mango":102,"Ginger":36,"Odd Mushroom":38,"Empty Cage":0,"Smiling Mask":59,"Sozu":49,"Strange Spoon":57,"OrangePellets":139,"CaptainsWheel":117,"downfall:HeartBlessingBlue":85,"Mummified Hand":112,"Pantograph":139,"Philosopher\u0027s Stone":85,"FossilizedHelix":18,"Toy Ornithopter":98,"Meat on the Bone":64}],"Toy Ornithopter":0,"Meat on the Bone":48},"card_choices":[{"not_picked":["Guardian:ShieldCharger","Guardian:Recover"],"picked":"Guardian:PrismaticBeam","floor":2.0},{"not_picked":["Guardian:Gem_Green","Guardian:Reroute"],"picked":"Guardian:Gem_Cyan","floor":3.0},{"not_picked":["Guardian:PiercingHide","Guardian:MultiBeam"],"picked":"Guardian:Gem_Blue","floor":4.0},{"not_picked":["Guardian:Incinerate","Guardian:ChargeCore"],"picked":"Guardian:CompilePackage","floor":5.0},{"not_picked":["Guardian:BronzeArmor","Guardian:Gem_Lightblue"],"picked":"Guardian:PiercingHide","floor":6.0},{"not_picked":["Guardian:ShieldSpikes","Guardian:CrystalBeam"],"picked":"Guardian:RollAttack","floor":8.0},{"not_picked":["Guardian:Recover","Guardian:Gem_Green"],"picked":"Guardian:GemFinder","floor":9.0},{"not_picked":["Guardian:Gem_Lightblue","Guardian:Gem_Green"],"picked":"Guardian:Planning","floor":10.0},{"not_picked":["Guardian:Incinerate","Guardian:SpikerProtocol"],"picked":"Guardian:Gem_Cyan","floor":12.0},{"not_picked":["Guardian:Incinerate","Guardian:RefractedBeam"],"picked":"Guardian:Recover","floor":13.0},{"not_picked":["Guardian:Reroute","Guardian:PiercingHide","Guardian:SentryBeam"],"picked":"SKIP","floor":14.0},{"not_picked":["Guardian:Gem_Green","Guardian:Gem_Red"],"picked":"Guardian:Gem_Cyan","floor":15.0},{"not_picked":["Guardian:Gem_Red","Guardian:SentryBeam","Guardian:ChargeCore"],"picked":"SKIP","floor":15.0},{"not_picked":["Guardian:Gem_Green","Guardian:Gem_Lightblue"],"picked":"Guardian:Gem_Cyan","floor":16.0},{"not_picked":["Guardian:FierceBash","Guardian:SphericShield"],"picked":"Guardian:RevengeProtocol","floor":16.0},{"not_picked":["Guardian:Gem_Lightblue","Guardian:Gem_Red"],"picked":"Guardian:Gem_Cyan","floor":19.0},{"not_picked":["Guardian:Harden","Guardian:ChargeUp","Guardian:TemporalStrike"],"picked":"SKIP","floor":19.0},{"not_picked":["Guardian:Harden","Guardian:ChargeUp","Guardian:TemporalStrike"],"picked":"SKIP","floor":19.0},{"not_picked":["Guardian:VentSteam","Guardian:Preprogram"],"picked":"Guardian:RevengeProtocol","floor":22.0},{"not_picked":["Guardian:Recover+1","Guardian:ShieldCharger+1","Guardian:Gem_Red"],"picked":"SKIP","floor":25.0},{"not_picked":["Guardian:Gem_Red","Guardian:Gem_Green"],"picked":"Guardian:Gem_Cyan","floor":27.0},{"not_picked":["Guardian:VentSteam","Guardian:Reroute","Guardian:PolyBeam"],"picked":"SKIP","floor":27.0},{"not_picked":["Guardian:Planning","Guardian:Gem_Red","Guardian:FierceBash"],"picked":"SKIP","floor":30.0},{"not_picked":["Guardian:Gem_Green","Guardian:RollAttack","Guardian:WalkerClaw"],"picked":"SKIP","floor":31.0},{"not_picked":["Guardian:CrystalBeam","Guardian:SentryBeam"],"picked":"Guardian:CompilePackage","floor":32.0},{"not_picked":["Guardian:GatlingBeam","Guardian:ConstructionForm"],"picked":"Guardian:Gem_Synthetic","floor":33.0},{"not_picked":["Guardian:PiercingHide","Guardian:Gem_Blue"],"picked":"Guardian:Gem_Fragmented","floor":36.0},{"not_picked":["Guardian:VentSteam","Guardian:ShieldCharger","Guardian:Planning"],"picked":"SKIP","floor":37.0},{"not_picked":["Guardian:TemporalShield","Guardian:RollAttack","Guardian:Planning"],"picked":"SKIP","floor":39.0},{"not_picked":["Guardian:VentSteam","Guardian:Gem_White"],"picked":"Guardian:EvasiveProtocol","floor":40.0},{"not_picked":["Guardian:TemporalShield","Guardian:Incinerate+1","Guardian:WalkerClaw"],"picked":"SKIP","floor":43.0},{"not_picked":["Guardian:Preprogram+1","Guardian:TemporalShield+1","Guardian:PrimingBeam"],"picked":"SKIP","floor":44.0},{"not_picked":["Guardian:Reroute","Guardian:SentryBeam","Guardian:Incinerate"],"picked":"SKIP","floor":46.0},{"not_picked":["Guardian:CrystalBeam","Guardian:Incinerate","Guardian:PrismaticBarrier"],"picked":"SKIP","floor":48.0},{"not_picked":["Guardian:Incinerate","Guardian:Gem_Red"],"picked":"Guardian:TimeCapacitor","floor":49},{"not_picked":["Guardian:WalkerClaw","Guardian:StasisField","Guardian:ShieldCharger+1"],"picked":"SKIP","floor":52}],"player_experience":696718,"relics_obtained":[{"floor":7.0,"key":"FossilizedHelix"},{"floor":10.0,"key":"Vajra"},{"floor":12.0,"key":"Ginger"},{"floor":13.0,"key":"Odd Mushroom"},{"floor":25.0,"key":"Smiling Mask"},{"floor":27.0,"key":"Meat on the Bone"},{"floor":41.0,"key":"Toy Ornithopter"},{"floor":42.0,"key":"Mango"},{"floor":46.0,"key":"CaptainsWheel"},{"floor":48.0,"key":"CeramicFish"},{"floor":52,"key":"Pantograph"}],"event_choices":[{"damage_healed":0.0,"max_hp_gain":0.0,"max_hp_loss":0.0,"gold_gain":0.0,"event_name":"Mushrooms","player_choice":"Fought Mushrooms","floor":13.0,"gold_loss":0.0,"damage_taken":0.0},{"damage_healed":0.0,"max_hp_gain":0.0,"max_hp_loss":0.0,"gold_gain":0.0,"event_name":"Ghosts","player_choice":"Ignored","floor":20.0,"gold_loss":0.0,"damage_taken":0.0},{"damage_healed":14.0,"max_hp_gain":0.0,"max_hp_loss":0.0,"gold_gain":0.0,"event_name":"The Library","player_choice":"Heal","floor":26.0,"gold_loss":0.0,"damage_taken":0.0},{"cards_removed":["Guardian:PiercingHide"],"damage_healed":0.0,"max_hp_gain":0.0,"max_hp_loss":0.0,"gold_gain":0.0,"event_name":"Falling","player_choice":"Removed Skill","floor":38.0,"gold_loss":0.0,"damage_taken":0.0},{"damage_healed":0.0,"max_hp_gain":0.0,"max_hp_loss":0.0,"gold_gain":0.0,"event_name":"Mysterious Sphere","player_choice":"Fight","floor":42.0,"gold_loss":0.0,"damage_taken":0.0}],"is_beta":false,"boss_relics":[{"not_picked":["Pandora\u0027s Box","Fusion Hammer"],"picked":"Sozu"},{"not_picked":["Tiny House","SacredBark"],"picked":"Philosopher\u0027s Stone"}],"items_purged_floors":[44,45,53],"is_endless":false,"potions_floor_spawned":[5,8,10,13,15,25,32,36,37,39,46,52],"ascension_level":20}}