{"host":"zrerxgu8lagrk16e","time":1609528431,"event":{"mods":["AchievementEnabler","BaseMod","Better Altar","Better Match","Better Note","Better Sensory Stone","Better Skull","Better Third Choice","Colored Map","Colored Powertips","Minty Spire (QoL Compilation)","Permanent Neow","Quick Restart","Relic Stats","StSLib","Waifu the Spire","slay the spire mod where everything is the same but ironclad has a cowboy hat"],"gold_per_floor":[20,20,20,38,52,87,102,112,112,112,142,121,86,62,62,161,161,179,179,106,116,136,136,136],"floor_reached":23,"playtime":908,"items_purged":[],"score":231,"play_id":"fd2fb3eb-ffb9-40af-9804-3bfadf524f92","local_time":"20210101141351","is_ascension_mode":true,"campfire_choices":[{"data":"Establishment","floor":10,"key":"SMITH"},{"floor":15,"key":"REST"}],"circlet_count":0,"master_deck":["Strike_P","Strike_P","Strike_P","Strike_P","Defend_P+1","Defend_P+1","Defend_P","Defend_P","Eruption","Vigilance","Establishment+1","Tantrum","Burn","CarveReality","Consecrate","DeceiveReality","Conclude","FlurryOfBlows","Tantrum","Conclude","Meditate","FlyingSleeves","LessonLearned","JustLucky","Wallop","Weave+1","WindmillStrike","TalkToTheHand","ClearTheMind"],"relics":["PureWater","Prayer Wheel","War Paint","Black Star","Bloody Idol"],"acts_visited":["Exordium","TheCity"],"potions_floor_usage":[4,16,18,13021,21,22],"damage_taken":[{"damage":0,"enemies":"Small Slimes","floor":1,"turns":3},{"damage":2,"enemies":"Jaw Worm","floor":4,"turns":4},{"damage":0,"enemies":"2 Louse","floor":5,"turns":1},{"damage":19,"enemies":"3 Sentries","floor":6,"turns":5},{"damage":2,"enemies":"Large Slime","floor":7,"turns":4},{"damage":0,"enemies":"Exordium Thugs","floor":8,"turns":2},{"damage":42,"enemies":"Lagavulin","floor":11,"turns":3},{"damage":9,"enemies":"Slime Boss","floor":16,"turns":5},{"damage":12,"enemies":"3 Byrds","floor":18,"turns":2},{"damage":18,"enemies":"Chosen","floor":21,"turns":6},{"damage":16,"enemies":"Snecko","floor":22,"turns":5},{"damage":14,"enemies":"Book of Stabbing","floor":23,"turns":2}],"seed_played":"1723518514797215466","potions_obtained":[{"floor":1,"key":"Fire Potion"},{"floor":6,"key":"CultistPotion"},{"floor":11,"key":"Energy Potion"},{"floor":16,"key":"Explosive Potion"},{"floor":18,"key":"PowerPotion"},{"floor":22,"key":"Dexterity Potion"}],"is_trial":false,"path_per_floor":["M","?","$","M","M","E","M","M","T","R","E","?","?","$","R","B",null,"M","?","$","M","M","E"],"character_chosen":"WATCHER","items_purchased":["FlyingSleeves","Wallop"],"campfire_rested":1,"item_purchase_floors":[14,20],"current_hp_per_floor":[72,72,72,70,70,51,49,49,49,49,7,7,25,25,46,37,72,60,7,7,19,8,0,0],"gold":136,"neow_bonus":"THREE_RARE_CARDS","is_daily":false,"chose_seed":false,"campfire_upgraded":1,"win_rate":0.0,"timestamp":1609528431,"path_taken":["M","?","?","M","M","E","M","M","T","R","E","?","?","?","R","BOSS","M","?","$","M","M","E"],"items_purchased_type":["Card","Card"],"build_version":"2020-12-22","purchased_purges":0,"victory":false,"max_hp_per_floor":[72,72,72,72,72,72,72,72,72,72,72,72,72,72,72,72,72,72,72,72,72,72,72,72],"relic_stats":{"counters":[12,42],"Bloody Idol":10,"Prayer Wheel":5,"Black Star":0,"War Paint":["Defend_P","Defend_P"],"obtain_stats":[{"Bloody Idol":19,"Prayer Wheel":6,"Black Star":17,"PureWater":0,"War Paint":11},{"Bloody Idol":9,"Prayer Wheel":4,"Black Star":8,"PureWater":0,"War Paint":7},{"Bloody Idol":29,"Prayer Wheel":13,"Black Star":27,"PureWater":0,"War Paint":22}]},"card_choices":[{"not_picked":["Judgement","Ragnarok"],"picked":"Establishment","floor":0},{"not_picked":["ThirdEye","Adaptation"],"picked":"Tantrum","floor":1},{"not_picked":["Halt","WheelKick"],"picked":"CarveReality","floor":4},{"not_picked":["Sanctity","CutThroughFate"],"picked":"Consecrate","floor":5},{"not_picked":["EmptyBody","Fasting2"],"picked":"DeceiveReality","floor":6},{"not_picked":["Halt","ForeignInfluence"],"picked":"Conclude","floor":7},{"not_picked":["EmptyBody","Wallop"],"picked":"FlurryOfBlows","floor":7},{"not_picked":["WreathOfFlame","Swivel"],"picked":"Tantrum","floor":8},{"not_picked":["Sanctity","InnerPeace"],"picked":"Conclude","floor":8},{"not_picked":["FollowUp","Worship"],"picked":"Meditate","floor":11},{"not_picked":["Judgement","DeusExMachina"],"picked":"LessonLearned","floor":16},{"not_picked":["EmptyFist","Indignation"],"picked":"JustLucky","floor":18},{"not_picked":["EmptyMind","ThirdEye","FollowUp"],"picked":"SKIP","floor":18},{"not_picked":["Worship","Indignation"],"picked":"Weave+1","floor":21},{"not_picked":["ThirdEye","DeusExMachina"],"picked":"WindmillStrike","floor":21},{"not_picked":["Weave","EmptyBody"],"picked":"TalkToTheHand","floor":22},{"not_picked":["Halt","CutThroughFate","ClearTheMind"],"picked":"SKIP","floor":22},{"not_picked":["Halt","CutThroughFate"],"picked":"ClearTheMind","floor":22}],"player_experience":140533,"relics_obtained":[{"floor":6,"key":"Prayer Wheel"},{"floor":11,"key":"War Paint"}],"event_choices":[{"damage_healed":72,"gold_gain":0,"player_choice":"Embrace Burn","damage_taken":0,"max_hp_gain":0,"max_hp_loss":72,"event_name":"betterThird:BetterShining","floor":2,"gold_loss":0},{"damage_healed":0,"gold_gain":0,"player_choice":"Left","damage_taken":0,"max_hp_gain":0,"max_hp_loss":0,"event_name":"betterThird:BetterGoop","floor":12,"gold_loss":21},{"damage_healed":18,"gold_gain":0,"player_choice":"Healed","damage_taken":0,"max_hp_gain":0,"max_hp_loss":0,"event_name":"The Cleric","floor":13,"gold_loss":35},{"damage_healed":0,"gold_gain":0,"player_choice":" Potion Idol ","damage_taken":53,"relics_obtained":["Bloody Idol"],"max_hp_gain":60,"max_hp_loss":7,"event_name":"betterAltar:BetterAltar","floor":19,"potions_obtained":["betterAltar:AltarPotion"],"relics_lost":[],"gold_loss":0}],"is_beta":false,"boss_relics":[{"not_picked":["Cursed Key","Ectoplasm"],"picked":"Black Star"}],"items_purged_floors":[],"is_endless":false,"potions_floor_spawned":[1,6,11,16,18,22],"killed_by":"Book of Stabbing","ascension_level":3}}