{"host":"dw2ay8i719i7xlef","time":1609459418,"event":{"mods":["BaseMod","Minty Spire (QoL Compilation)"],"gold_per_floor":[117,130,130,148,113,146,146,186,186,29,69,69,83,8,8,131,131,150,171,191,212,212,212],"floor_reached":22,"playtime":3792,"items_purged":["Regret"],"score":347,"play_id":"47a20b3f-0e35-475d-aee0-1a181e6b2fa3","local_time":"20201231180338","is_ascension_mode":true,"campfire_choices":[{"floor":7,"key":"REST"},{"floor":15,"key":"REST"}],"circlet_count":0,"master_deck":["AscendersBane","Strike_G","Strike_G","Strike_G","Strike_G","Strike_G","Defend_G","Defend_G","Defend_G","Defend_G","Defend_G","Survivor","Neutralize","Leg Sweep","PiercingWail","Backstab","Phantasmal Killer","Dagger Spray","All Out Attack","Dash","Burst","Malaise","Quick Slash","Well Laid Plans"],"relics":["Ring of the Snake","Akabeko","Golden Idol","Dream Catcher","White Beast Statue","Orichalcum","Potion Belt","Girya","Anchor","SlaversCollar"],"acts_visited":["Exordium","TheCity"],"potions_floor_usage":[6,11,16,16,18,20,21,22],"damage_taken":[{"damage":0,"enemies":"2 Louse","floor":1,"turns":3},{"damage":1,"enemies":"Small Slimes","floor":2,"turns":3},{"damage":2,"enemies":"Jaw Worm","floor":4,"turns":8},{"damage":33,"enemies":"Gremlin Nob","floor":6,"turns":6},{"damage":24,"enemies":"3 Sentries","floor":8,"turns":11},{"damage":0,"enemies":"Gremlin Nob","floor":11,"turns":2},{"damage":3,"enemies":"2 Fungi Beasts","floor":13,"turns":3},{"damage":2,"enemies":"Slime Boss","floor":16,"turns":9},{"damage":4,"enemies":"Shell Parasite","floor":18,"turns":7},{"damage":6,"enemies":"2 Thieves","floor":19,"turns":5},{"damage":4,"enemies":"Centurion and Healer","floor":20,"turns":8},{"damage":21,"enemies":"Sentry and Sphere","floor":21,"turns":5},{"damage":49,"enemies":"Chosen and Byrds","floor":22,"turns":8}],"seed_played":"3706805104779470153","potions_obtained":[{"floor":1,"key":"BlessingOfTheForge"},{"floor":8,"key":"DuplicationPotion"},{"floor":11,"key":"LiquidMemories"},{"floor":13,"key":"EssenceOfSteel"},{"floor":16,"key":"Explosive Potion"},{"floor":18,"key":"Swift Potion"},{"floor":19,"key":"FearPotion"},{"floor":20,"key":"Strength Potion"},{"floor":21,"key":"GamblersBrew"}],"is_trial":false,"path_per_floor":["M","M","?","M","?","E","R","E","T","$","E","?","M","$","R","B",null,"M","M","M","M","M"],"character_chosen":"THE_SILENT","items_purchased":["Potion Belt"],"campfire_rested":2,"item_purchase_floors":[10],"current_hp_per_floor":[63,62,45,43,60,27,48,24,24,24,24,24,21,21,42,40,63,59,53,49,28,0,0],"gold":212,"neow_bonus":"RANDOM_COMMON_RELIC","is_daily":false,"chose_seed":false,"campfire_upgraded":0,"win_rate":0.0,"timestamp":1609459418,"path_taken":["M","M","?","M","?","E","R","E","T","?","E","?","M","$","R","BOSS","M","M","M","M","M"],"items_purchased_type":["Relic"],"build_version":"2020-12-22","purchased_purges":1,"victory":false,"max_hp_per_floor":[70,70,70,70,70,70,70,70,70,70,70,70,70,70,70,70,70,70,70,70,70,70,70],"card_choices":[{"not_picked":["Finisher","Noxious Fumes"],"picked":"Leg Sweep","floor":1},{"not_picked":["Deflect","Blur"],"picked":"PiercingWail","floor":2},{"not_picked":["Blade Dance","Bane"],"picked":"Backstab","floor":4},{"not_picked":["Underhanded Strike","Backstab"],"picked":"Phantasmal Killer","floor":6},{"not_picked":["Bane","Accuracy"],"picked":"Dagger Spray","floor":7},{"not_picked":["Deflect","Reflex"],"picked":"All Out Attack","floor":8},{"not_picked":["Dodge and Roll","Dagger Spray","Deadly Poison"],"picked":"SKIP","floor":11},{"not_picked":["Dodge and Roll","Bane"],"picked":"Dash","floor":13},{"not_picked":["Caltrops","Dash"],"picked":"Burst","floor":15},{"not_picked":["Doppelganger","Grand Finale"],"picked":"Malaise","floor":16},{"not_picked":["Bane+1","Reflex","PiercingWail"],"picked":"SKIP","floor":18},{"not_picked":["Flying Knee","Cloak And Dagger"],"picked":"Quick Slash","floor":19},{"not_picked":["Bane+1","Masterful Stab+1","Choke"],"picked":"SKIP","floor":20},{"not_picked":["Cloak And Dagger+1","Quick Slash"],"picked":"Well Laid Plans","floor":21}],"player_experience":1180170,"relics_obtained":[{"floor":6,"key":"Dream Catcher"},{"floor":8,"key":"White Beast Statue"},{"floor":9,"key":"Orichalcum"},{"floor":11,"key":"Girya"}],"event_choices":[{"damage_healed":0,"gold_gain":0,"player_choice":"Take Damage","damage_taken":17,"relics_obtained":["Golden Idol"],"max_hp_gain":0,"max_hp_loss":0,"event_name":"Golden Idol","floor":3,"gold_loss":0},{"damage_healed":17,"gold_gain":0,"player_choice":"Healed","damage_taken":0,"max_hp_gain":0,"max_hp_loss":0,"event_name":"The Cleric","floor":5,"gold_loss":35},{"damage_healed":0,"gold_gain":0,"player_choice":"Box","damage_taken":0,"relics_obtained":["Anchor"],"max_hp_gain":0,"max_hp_loss":0,"event_name":"Big Fish","floor":12,"gold_loss":0,"cards_obtained":["Regret"]}],"is_beta":false,"boss_relics":[{"not_picked":["HoveringKite","Pandora\u0027s Box"],"picked":"SlaversCollar"}],"items_purged_floors":[14],"is_endless":false,"potions_floor_spawned":[1,8,11,13,16,18,19,20,21],"killed_by":"Chosen and Byrds","ascension_level":10}}