{"host":"2461dio7vetlq1z3","time":1609505139,"event":{"mods":["2.2 Compatiblity","AchievementEnabler","BaseMod","Better Third Choice","Friendly Minions","Hubris","Minty Spire (QoL Compilation)","Relic Stats","Spicy Shops","StSLib","Waifu the Spire"],"gold_per_floor":[99,99,43,43,43,43,43,43,43,43,43,43,43,43,43,43,43,43,43,3,3,3,3,3,3],"floor_reached":24,"playtime":897,"items_purged":[],"score":404,"play_id":"3e33ba06-6519-4d35-9041-2db8821839d4","local_time":"20210101134539","is_ascension_mode":true,"campfire_choices":[{"data":"Armaments","floor":6,"key":"SMITH"},{"data":"Searing Blow","floor":8,"key":"SMITH"},{"data":"Searing Blow+1","floor":11,"key":"SMITH"},{"data":"Searing Blow+2","floor":15,"key":"SMITH"},{"data":"Searing Blow+3","floor":23,"key":"SMITH"}],"circlet_count":0,"master_deck":["AscendersBane","Strike_R","Strike_R","Strike_R","Strike_R+1","Strike_R","Defend_R","Defend_R","Defend_R","Defend_R","Bash+1","Searing Blow+4","Armaments+1","True Grit","True Grit","Shrug It Off","Double Tap","Dual Wield","Heavy Blade","Armaments"],"relics":["Ectoplasm","Bag of Preparation","Whetstone","hubris:Metronome","Philosopher\u0027s Stone","Mummified Hand"],"acts_visited":["Exordium","TheCity"],"potions_floor_usage":[7,16,24,24,24],"damage_taken":[{"damage":4,"enemies":"Jaw Worm","floor":1,"turns":3},{"damage":1,"enemies":"Cultist","floor":4,"turns":3},{"damage":0,"enemies":"2 Louse","floor":5,"turns":3},{"damage":25,"enemies":"3 Sentries","floor":7,"turns":12},{"damage":28,"enemies":"Lagavulin","floor":13,"turns":5},{"damage":13,"enemies":"Hexaghost","floor":16,"turns":6},{"damage":0,"enemies":"Spheric Guardian","floor":18,"turns":1},{"damage":0,"enemies":"2 Thieves","floor":20,"turns":4},{"damage":23,"enemies":"Cultist and Chosen","floor":21,"turns":7},{"damage":40,"enemies":"Slavers","floor":24,"turns":8}],"seed_played":"-3571847773290500391","potions_obtained":[{"floor":1,"key":"EssenceOfSteel"},{"floor":5,"key":"CultistPotion"},{"floor":13,"key":"Dexterity Potion"},{"floor":16,"key":"Ancient Potion"},{"floor":20,"key":"EntropicBrew"}],"is_trial":false,"path_per_floor":["M","?","$","M","M","R","E","R","T","?","R","$","E","$","R","B",null,"M","?","M","M","$","R","E"],"character_chosen":"IRONCLAD","items_purchased":["Armaments"],"campfire_rested":0,"item_purchase_floors":[3],"current_hp_per_floor":[64,75,75,74,74,74,49,49,49,54,54,54,26,26,26,13,63,63,63,63,40,40,40,0,0],"gold":3,"neow_bonus":"BOSS_RELIC","is_daily":false,"chose_seed":false,"campfire_upgraded":5,"win_rate":0.0,"timestamp":1609505139,"path_taken":["M","?","$","?","M","R","E","R","T","?","R","$","E","?","R","BOSS","M","?","M","M","$","R","E"],"items_purchased_type":["Card"],"build_version":"2020-12-22","purchased_purges":0,"victory":false,"max_hp_per_floor":[75,75,75,75,75,75,75,75,75,80,80,80,80,80,80,80,80,80,80,80,80,80,80,80,80],"relic_stats":{"counters":[10,52],"Mummified Hand":[0],"Ectoplasm":237,"Bag of Preparation":[12],"Whetstone":["Strike_R","Bash"],"obtain_stats":[{"hubris:Metronome":13,"Mummified Hand":19,"Philosopher\u0027s Stone":17,"Ectoplasm":0,"Bag of Preparation":7,"Whetstone":9,"Burning Blood":0},{"hubris:Metronome":5,"Mummified Hand":7,"Philosopher\u0027s Stone":6,"Ectoplasm":0,"Bag of Preparation":4,"Whetstone":4,"Burning Blood":0},{"hubris:Metronome":26,"Mummified Hand":33,"Philosopher\u0027s Stone":32,"Ectoplasm":0,"Bag of Preparation":21,"Whetstone":21,"Burning Blood":0}]},"card_choices":[{"not_picked":["Armaments","Metallicize"],"picked":"Searing Blow","floor":1},{"not_picked":["hubris:ReadiedAction","hubris:CleavingFinish"],"picked":"True Grit","floor":4},{"not_picked":["Rampage","Spot Weakness"],"picked":"True Grit","floor":5},{"not_picked":["Blood for Blood","Rupture"],"picked":"Shrug It Off","floor":7},{"not_picked":["True Grit","Heavy Blade"],"picked":"Inflame","floor":13},{"not_picked":["Reaper","Exhume"],"picked":"Double Tap","floor":16},{"not_picked":["Pommel Strike","Havoc"],"picked":"Dual Wield","floor":18},{"not_picked":["Flex","Shrug It Off"],"picked":"Heavy Blade","floor":20},{"not_picked":["Burning Pact","Clothesline"],"picked":"Armaments","floor":21}],"player_experience":977856,"relics_obtained":[{"floor":7,"key":"Bag of Preparation"},{"floor":9,"key":"Whetstone"},{"floor":13,"key":"hubris:Metronome"}],"event_choices":[{"damage_healed":11,"gold_gain":0,"player_choice":"Full Heal","damage_taken":0,"max_hp_gain":0,"max_hp_loss":0,"event_name":"Wheel of Change","floor":2,"gold_loss":0},{"damage_healed":0,"gold_gain":0,"player_choice":"Donut","damage_taken":0,"max_hp_gain":5,"max_hp_loss":0,"event_name":"Big Fish","floor":10,"gold_loss":0},{"cards_removed":["Inflame"],"damage_healed":0,"gold_gain":0,"player_choice":"Gave Card","damage_taken":0,"relics_obtained":["Mummified Hand"],"max_hp_gain":0,"max_hp_loss":0,"event_name":"WeMeetAgain","floor":19,"gold_loss":0}],"is_beta":false,"boss_relics":[{"not_picked":["Runic Cube","hubris:Stopwatch"],"picked":"Philosopher\u0027s Stone"}],"items_purged_floors":[],"is_endless":false,"potions_floor_spawned":[1,5,13,16,18,20],"killed_by":"Slavers","ascension_level":20}}