{"host":"6dypmz777xraikqf","time":1609539700,"event":{"mods":["AchievementEnabler","BaseMod","BetterRewards","Colored Map","Colored Powertips","Downfall","Highlight Path","Hubris","Infinite Spire","Minty Spire (QoL Compilation)","Replay The Spire","StSLib"],"gold_per_floor":[110,110,129,304,178,178,190,190,190,202,102,120,146,163,163,267,267,279,279,189,209,219,219,94,112,157,157,172,207,224,235,235,338,338,355,403,253,273,273,307,307,321,371,398,412,412,426,444,444,444,444],"floor_reached":50,"playtime":3507,"items_purged":["Doubt","Strike_P","Defend_P","Defend_P+1"],"score":553,"play_id":"f00381f4-53a1-4424-95b9-a4e72d90e5d3","local_time":"20210101222140","is_ascension_mode":false,"campfire_choices":[{"data":"Replay:Battleflow","floor":6,"key":"SMITH"},{"data":"EmptyMind","floor":8,"key":"SMITH"},{"data":"FlurryOfBlows","floor":15,"key":"SMITH"},{"data":"EmptyBody","floor":27,"key":"SMITH"},{"data":"Perseverance","floor":32,"key":"SMITH"},{"floor":41,"key":"REST"},{"floor":46,"key":"REST"},{"floor":49,"key":"REST"}],"circlet_count":0,"master_deck":["Strike_P+1","Eruption+1","Vigilance+1","EmptyMind+1","Replay:Battleflow+1","EmptyFist","FearNoEvil","EmptyFist","FlurryOfBlows+1","FlurryOfBlows+1","DeceiveReality+1","EmptyBody+1","Perseverance+1","Replay:Hum+1","FlurryOfBlows+1","DevaForm","BattleHymn","ClearTheMind+1","Replay:Cycle","Overencumbered","Halt+1","Halt+1","Parasite","Study","CutThroughFate"],"relics":["PureWater","Pocketwatch","Blood Vial","Replay:Drink Me","Replay:Bottled Eggs","infinitespire:Beetle Shell","hubris:TenFootPole","Cursed Key","hubris:64BitClover","Shuriken","PreservedInsect","Pantograph"],"acts_visited":["Exordium","TheCity","TheBeyond"],"potions_floor_usage":[16,36,36,47,50,50],"damage_taken":[{"damage":0,"enemies":"Small Slimes","floor":1,"turns":3},{"damage":3,"enemies":"Jaw Worm","floor":3,"turns":3},{"damage":0,"enemies":"Cultist","floor":7,"turns":2},{"damage":0,"enemies":"Exordium Thugs","floor":10,"turns":3},{"damage":8,"enemies":"Red Slaver","floor":12,"turns":2},{"damage":5,"enemies":"3 Sentries","floor":13,"turns":4},{"damage":2,"enemies":"Large Slime","floor":14,"turns":3},{"damage":19,"enemies":"Fading Forest","floor":16,"turns":11},{"damage":0,"enemies":"Chosen","floor":18,"turns":3},{"damage":10,"enemies":"2 Thieves","floor":21,"turns":2},{"damage":0,"enemies":"3 Cultists","floor":22,"turns":2},{"damage":0,"enemies":"Centurion and Healer","floor":25,"turns":2},{"damage":0,"enemies":"Snecko","floor":28,"turns":2},{"damage":1,"enemies":"Gremlin Leader","floor":29,"turns":3},{"damage":6,"enemies":"3 Cultists","floor":30,"turns":3},{"damage":0,"enemies":"Chosen and Byrds","floor":31,"turns":3},{"damage":25,"enemies":"Champ","floor":33,"turns":7},{"damage":0,"enemies":"3 Darklings","floor":35,"turns":2},{"damage":20,"enemies":"2 Orb Walkers","floor":36,"turns":3},{"damage":0,"enemies":"Orb Walker","floor":38,"turns":2},{"damage":16,"enemies":"Reptomancer","floor":40,"turns":4},{"damage":0,"enemies":"Maw","floor":42,"turns":4},{"damage":37,"enemies":"Nightmare","floor":44,"turns":6},{"damage":0,"enemies":"Jaw Worm Horde","floor":45,"turns":3},{"damage":1,"enemies":"Writhing Mass","floor":47,"turns":4},{"damage":0,"enemies":"Maw","floor":48,"turns":4},{"damage":64,"enemies":"Time Eater","floor":50,"turns":5}],"seed_played":"-7313229117018163893","potions_obtained":[{"floor":3,"key":"Energy Potion"},{"floor":16,"key":"Dexterity Potion"},{"floor":21,"key":"Venom Potion"},{"floor":22,"key":"EssenceOfSteel"},{"floor":25,"key":"hexamod:EctoCoolerPotion"},{"floor":33,"key":"ColorlessPotion"},{"floor":36,"key":"Weak Potion"},{"floor":39,"key":"infinitespire:BlackPotion"},{"floor":39,"key":"Adrenaline Potion"}],"is_trial":false,"path_per_floor":["M","?","M","?","$","R","M","R","T","M","$","M","E","M","R","B",null,"M","?","?","M","M","T","$","M","T","R","M","E","M","M","R","B",null,"M","?","$","M","?","E","R","M","T","NM","M","R","M","M","R","B"],"character_chosen":"WATCHER","items_purchased":["EmptyFist"],"campfire_rested":3,"item_purchase_floors":[5],"current_hp_per_floor":[72,58,55,55,55,55,55,55,55,55,55,47,42,42,42,39,54,54,54,54,44,46,46,46,48,48,48,50,51,47,49,49,26,54,54,34,34,36,36,22,38,40,40,5,7,23,24,26,42,0,0],"gold":444,"neow_bonus":"RANDOM_EVENT","is_daily":false,"chose_seed":false,"campfire_upgraded":5,"win_rate":0.0,"timestamp":1609539700,"path_taken":["M","?","M","?","?","R","M","R","T","M","$","M","E","?","R","BOSS","M","?","?","?","M","?","$","?","T","R","M","E","M","M","R","BOSS","M","?","$","M","?","E","R","M","T","NM","M","R","M","M","R","BOSS"],"items_purchased_type":["Card"],"build_version":"2020-12-22","purchased_purges":4,"victory":false,"max_hp_per_floor":[72,72,72,72,72,72,72,72,72,72,72,72,72,72,72,72,54,54,54,54,54,54,54,54,54,54,54,54,54,54,54,54,54,54,54,54,54,54,54,54,54,54,54,54,54,54,54,54,54,54,54],"card_choices":[{"not_picked":["SandsOfTime","Indignation"],"picked":"EmptyMind","floor":1},{"not_picked":["SashWhip","Consecrate"],"picked":"Replay:Battleflow","floor":3},{"not_picked":["SignatureMove","Replay:ManipulateFuture"],"picked":"FearNoEvil","floor":7},{"not_picked":["Swivel","BowlingBash"],"picked":"EmptyFist","floor":10},{"not_picked":["Pray","Collect","ThirdEye"],"picked":"SKIP","floor":12},{"not_picked":["Protect","Pray"],"picked":"FlurryOfBlows","floor":13},{"not_picked":["Replay:Vibes","ThirdEye","PathToVictory"],"picked":"SKIP","floor":14},{"not_picked":["PathToVictory","Evaluate","Replay:BluntJabs"],"picked":"SKIP","floor":18},{"not_picked":["BowlingBash","WaveOfTheHand"],"picked":"FlurryOfBlows","floor":21},{"not_picked":["Collect","FlyingSleeves+1"],"picked":"DeceiveReality+1","floor":22},{"not_picked":["Nirvana","PathToVictory+1"],"picked":"EmptyBody","floor":25},{"not_picked":["FearNoEvil","LikeWater"],"picked":"Perseverance","floor":28},{"not_picked":["Sanctity","LikeWater"],"picked":"Replay:Hum+1","floor":29},{"not_picked":["PathToVictory","SashWhip+1","CutThroughFate+1"],"picked":"SKIP","floor":30},{"not_picked":["Replay:AtTheReady","WaveOfTheHand"],"picked":"FlurryOfBlows+1","floor":31},{"not_picked":["Scrawl","Omniscience"],"picked":"DevaForm","floor":33},{"not_picked":["LikeWater","SashWhip","EmptyFist+1"],"picked":"SKIP","floor":35},{"not_picked":["PathToVictory+1","Worship+1"],"picked":"BattleHymn","floor":36},{"not_picked":["BowlingBash+1","Replay:DivineShield"],"picked":"ClearTheMind+1","floor":38},{"not_picked":["LikeWater+1","Replay:Anticipation+1","SandsOfTime"],"picked":"SKIP","floor":40},{"not_picked":["FearNoEvil","Conclude"],"picked":"Replay:Cycle","floor":42},{"not_picked":["Prostrate","FlyingSleeves"],"picked":"Halt+1","floor":44},{"not_picked":["JustLucky","CarveReality"],"picked":"Halt+1","floor":45},{"not_picked":["Pray+1","Replay:Hum+1"],"picked":"Study","floor":47},{"not_picked":["Replay:ManipulateFuture+1","FlyingSleeves"],"picked":"CutThroughFate","floor":48}],"player_experience":53690,"relics_obtained":[{"floor":9,"key":"Pocketwatch"},{"floor":13,"key":"Blood Vial"},{"floor":23,"key":"Replay:Bottled Eggs"},{"floor":26,"key":"infinitespire:Beetle Shell"},{"floor":29,"key":"hubris:TenFootPole"},{"floor":36,"key":"hubris:64BitClover"},{"floor":40,"key":"Shuriken"},{"floor":43,"key":"PreservedInsect"},{"floor":44,"key":"Pantograph"}],"event_choices":[{"damage_healed":0,"gold_gain":0,"player_choice":"Grow","damage_taken":0,"max_hp_gain":0,"max_hp_loss":0,"event_name":"Living Wall","floor":0,"gold_loss":0,"cards_upgraded":["Eruption"]},{"damage_healed":0,"gold_gain":0,"player_choice":"Entered Light","damage_taken":14,"max_hp_gain":0,"max_hp_loss":0,"event_name":"Shining Light","floor":2,"gold_loss":0,"cards_upgraded":["Defend_P","Strike_P"]},{"damage_healed":0,"gold_gain":175,"player_choice":"AGREE","damage_taken":0,"max_hp_gain":0,"max_hp_loss":0,"event_name":"Liars Game","floor":4,"gold_loss":0,"cards_obtained":["Doubt"]},{"damage_healed":0,"gold_gain":0,"player_choice":"Ignored","damage_taken":0,"max_hp_gain":0,"max_hp_loss":0,"event_name":"Ghosts","floor":19,"gold_loss":0},{"cards_removed":["Defend_P"],"damage_healed":0,"gold_gain":0,"player_choice":"Upgrade and Remove","damage_taken":0,"max_hp_gain":0,"max_hp_loss":0,"event_name":"Designer","floor":20,"gold_loss":90,"cards_upgraded":["Vigilance"]},{"damage_healed":0,"gold_gain":0,"player_choice":"Fight","damage_taken":0,"max_hp_gain":0,"max_hp_loss":0,"event_name":"Mysterious Sphere","floor":36,"gold_loss":0},{"damage_healed":0,"gold_gain":0,"player_choice":"Got Potions","damage_taken":0,"max_hp_gain":0,"max_hp_loss":0,"event_name":"Lab","floor":39,"gold_loss":0}],"is_beta":false,"boss_relics":[{"not_picked":["hubris:TerracottaHorce","Black Star"],"picked":"Replay:Drink Me"},{"not_picked":["hubris:CrackedHourglass","Replay:Wanted Poster"],"picked":"Cursed Key"}],"items_purged_floors":[5,11,24,37],"is_endless":false,"potions_floor_spawned":[3,16,21,22,25,33,35,36,40,42],"killed_by":"Time Eater","ascension_level":0}}