{"host":"l0x1ky9qxkxk6ywx","time":1609475214,"event":{"mods":["Act Like it!","Aspiration","Astrologer","BaseMod","CapriCore","Gensokyo","GifTheSpireLib","Hubris","Marisa????????","Minty Spire (QoL Compilation)","Permanent Neow","Rare Cards Sparkle","Remilia??????","Replay The Spire","StSLib","The Administrix","The Animator","The Bladedancer","The Bug Knight","The Cursed","The Hierophant","The Immortal","The Marked","The Mystic","The Runesmith","The Servant 0.9.4"],"gold_per_floor":[131,99,122,134,146,158,170,182,220,232,244,275,306,436,448,460,460],"floor_reached":16,"playtime":7581,"items_purged":["Hallucinations"],"score":90,"play_id":"92d8d1f9-6668-4512-a11a-202443c257a1","local_time":"20201231222654","is_ascension_mode":false,"campfire_choices":[{"data":"SilverBlades","floor":6,"key":"SMITH"},{"floor":10,"key":"REST"},{"floor":15,"key":"REST"}],"circlet_count":0,"master_deck":["Strike_S","Strike_S","Strike_S","Strike_S","Defend_S","Defend_S","Defend_S","Defend_S","KidneyShot","Exchange","SilverBlades+1","Starlight","Luminosity","Luminosity","FastForward"],"relics":["Uniform","MawBank","Pear","Gensokyo:Justice","Ring of Fangs","ReplayTheSpireMod:Ring of Exchange","hubris:Icosahedron","Smiling Mask","HollowMod:StagPassRelic"],"acts_visited":["Gensokyo:Gensokyo"],"potions_floor_usage":[],"damage_taken":[{"damage":0,"enemies":"Gensokyo:3_Fairies","floor":1,"turns":4},{"damage":6,"enemies":"Gensokyo:2_Kodama","floor":3,"turns":5},{"damage":0,"enemies":"Gensokyo:Gryphon","floor":12,"turns":3},{"damage":2,"enemies":"Gensokyo:Kitsune","floor":13,"turns":4},{"damage":17,"enemies":"Gensokyo:3_Kodama","floor":14,"turns":7},{"damage":62,"enemies":"Gensokyo:Reimu","floor":16,"turns":8}],"seed_played":"3733502707071413613","potions_obtained":[{"floor":1,"key":"Death Potion"},{"floor":3,"key":"Toxic Potion"}],"is_trial":false,"path_per_floor":["M","COS","M","?","?","R","?","?","T","R","$","M","M","M","R","B"],"character_chosen":"THE_SERVANT","items_purchased":["HollowMod:StagPassRelic"],"campfire_rested":2,"item_purchase_floors":[11],"current_hp_per_floor":[65,65,59,54,54,54,54,54,54,75,55,55,53,36,58,0,0],"gold":460,"neow_bonus":"RANDOM_COMMON_RELIC","is_daily":false,"chose_seed":false,"campfire_upgraded":1,"win_rate":0.0,"timestamp":1609475214,"path_taken":["M","COS","?","?","?","R","?","?","T","R","?","?","M","M","R","BOSS"],"items_purchased_type":["Relic"],"build_version":"2020-12-22","purchased_purges":1,"victory":false,"max_hp_per_floor":[65,65,65,75,75,75,75,75,75,75,75,75,75,75,75,75,75],"card_choices":[{"not_picked":["ShiftingGears","RealityMarble"],"picked":"SilverBlades","floor":1},{"not_picked":["Replace","ReturningBlade"],"picked":"Starlight","floor":3},{"not_picked":["FastForward","Ricochet"],"picked":"Luminosity","floor":12},{"not_picked":["ReturningBlade","Ricochet"],"picked":"Luminosity","floor":13},{"not_picked":["Spin","Defy"],"picked":"FastForward","floor":14}],"player_experience":195001,"relics_obtained":[{"floor":7,"key":"Ring of Fangs"},{"floor":7,"key":"ReplayTheSpireMod:Ring of Exchange"},{"floor":9,"key":"Smiling Mask"}],"event_choices":[],"is_beta":false,"boss_relics":[],"items_purged_floors":[11],"is_endless":false,"potions_floor_spawned":[1,3],"killed_by":"Gensokyo:Reimu","ascension_level":0}}