{"host":"z16h96csw6gsetxl","time":1609475775,"event":{"mods":["BaseMod","Minty Spire (QoL Compilation)"],"gold_per_floor":[112,123,140,151,164,164,181,181,208,208,208,225,225,237,237,237,237],"floor_reached":16,"playtime":1232,"items_purged":[],"score":121,"play_id":"b1cb7b91-b3a6-4ad3-80d8-b9978291b4c4","local_time":"20210101123615","is_ascension_mode":false,"campfire_choices":[{"floor":6,"key":"REST"},{"data":"Feed","floor":8,"key":"SMITH"},{"data":"Armaments","floor":15,"key":"SMITH"}],"circlet_count":0,"master_deck":["Strike_R","Strike_R","Strike_R","Strike_R","Strike_R","Defend_R","Defend_R","Defend_R","Defend_R","Bash","Warcry","Body Slam","Entrench","Armaments+1","Clothesline","Feed+1","Armaments+1","Inflame"],"relics":["Burning Blood","Happy Flower"],"acts_visited":["Exordium"],"potions_floor_usage":[16,16,16],"damage_taken":[{"damage":18,"enemies":"Jaw Worm","floor":1,"turns":3},{"damage":3,"enemies":"Small Slimes","floor":2,"turns":3},{"damage":5,"enemies":"2 Louse","floor":3,"turns":2},{"damage":42,"enemies":"Gremlin Gang","floor":4,"turns":11},{"damage":13,"enemies":"2 Fungi Beasts","floor":5,"turns":5},{"damage":11,"enemies":"Looter","floor":7,"turns":4},{"damage":0,"enemies":"Exordium Wildlife","floor":12,"turns":4},{"damage":9,"enemies":"2 Fungi Beasts","floor":14,"turns":3},{"damage":98,"enemies":"Slime Boss","floor":16,"turns":17}],"seed_played":"-5479679741877139927","potions_obtained":[{"floor":2,"key":"Block Potion"},{"floor":4,"key":"Fire Potion"},{"floor":5,"key":"Fire Potion"},{"floor":7,"key":"LiquidBronze"}],"is_trial":false,"path_per_floor":["M","M","M","M","M","R","M","R","T","?","?","M","?","M","R","B"],"character_chosen":"IRONCLAD","items_purchased":[],"campfire_rested":1,"item_purchase_floors":[],"current_hp_per_floor":[76,79,80,44,37,63,58,58,58,58,58,68,92,93,93,0,0],"gold":237,"neow_bonus":"TEN_PERCENT_HP_BONUS","is_daily":false,"chose_seed":false,"campfire_upgraded":2,"win_rate":0.0,"timestamp":1609475775,"path_taken":["M","M","M","M","M","R","M","R","T","?","?","M","?","M","R","BOSS"],"items_purchased_type":[],"build_version":"2020-12-22","purchased_purges":0,"victory":false,"max_hp_per_floor":[88,88,88,88,88,88,88,88,88,88,88,92,92,96,96,96,96],"card_choices":[{"not_picked":["Perfected Strike","Cleave"],"picked":"Warcry","floor":1},{"not_picked":["Ghostly Armor","Intimidate"],"picked":"Body Slam","floor":2},{"not_picked":["Sword Boomerang","Warcry"],"picked":"Entrench","floor":3},{"not_picked":["Dark Embrace","Anger"],"picked":"Armaments","floor":4},{"not_picked":["Burning Pact","Headbutt"],"picked":"Clothesline","floor":5},{"not_picked":["Rage","Clothesline"],"picked":"Feed","floor":7},{"not_picked":["Heavy Blade","Pommel Strike"],"picked":"Armaments","floor":12},{"not_picked":["True Grit","Blood for Blood"],"picked":"Inflame","floor":14}],"player_experience":9230,"relics_obtained":[{"floor":9,"key":"Happy Flower"}],"event_choices":[{"damage_healed":0,"gold_gain":0,"player_choice":"Grow","damage_taken":0,"max_hp_gain":0,"max_hp_loss":0,"event_name":"Living Wall","floor":10,"gold_loss":0,"cards_upgraded":["Armaments"]},{"damage_healed":0,"gold_gain":0,"player_choice":"Ignored","damage_taken":0,"max_hp_gain":0,"max_hp_loss":0,"event_name":"Liars Game","floor":11,"gold_loss":0},{"damage_healed":30,"gold_gain":0,"player_choice":"Banana","damage_taken":0,"max_hp_gain":0,"max_hp_loss":0,"event_name":"Big Fish","floor":13,"gold_loss":0}],"is_beta":false,"boss_relics":[],"items_purged_floors":[],"is_endless":false,"potions_floor_spawned":[2,4,5,7],"killed_by":"Slime Boss","ascension_level":0}}