{"host":"a1u4jo6xlg3w0wsm","time":1609496641,"event":{"mods":["BaseMod","Better Third Choice","DeckTracker","Downfall","Hermit","Hubris","Minty Spire (QoL Compilation)","Rare Cards Sparkle","Replay The Spire","StSLib"],"gold_per_floor":[114,62,75,91,91,121,121,296,296,315,315,335,81,188,188,284,284,303,287,287,5,280,306,306,316,361,361,361],"floor_reached":27,"playtime":1923,"items_purged":["hermit:Strike_Hermit"],"score":266,"play_id":"f40cd5eb-e044-4732-84e7-93a7c5a0566f","local_time":"20210101232401","is_ascension_mode":true,"campfire_choices":[{"floor":11,"key":"REST"},{"data":"hermit:Combo","floor":24,"key":"SMITH"}],"circlet_count":0,"master_deck":["hermit:Strike_Hermit","hermit:Strike_Hermit","hermit:Strike_Hermit","hermit:Defend_Hermit","hermit:Defend_Hermit","hermit:Defend_Hermit","hermit:Defend_Hermit","hermit:Snapshot","hermit:Covet","hermit:Shortfuse","hermit:Determination+1","hermit:Misfire+1","hermit:Gestalt","Voices","hermit:SprayPray","Doubt","hermit:Gestalt","hermit:Snipe","hermit:Snipe","hermit:Vantage","hermit:Combo+1","hermit:Manifest","hermit:Vantage","hermit:Adapt","hermit:Enervate+1","hermit:ShadowCloak","hermit:ShadowCloak","Regret","hermit:FlashPowder","hermit:Quickdraw+1"],"relics":["hermit:Momento","NeowsBlessing","Ring of Fury","Ring of Fangs","MealTicket","Counterbalance","Orichalcum","Lee\u0027s Waffle","Honey Jar","Replay:Wax Seal","Tiny Chest"],"acts_visited":["Exordium","TheCity"],"potions_floor_usage":[6,19,23,23,23,23,25],"damage_taken":[{"damage":0,"enemies":"Jaw Worm","floor":1,"turns":1},{"damage":0,"enemies":"Cultist","floor":3,"turns":1},{"damage":0,"enemies":"2 Louse","floor":4,"turns":2},{"damage":16,"enemies":"Lagavulin","floor":6,"turns":6},{"damage":13,"enemies":"2 Fungi Beasts","floor":10,"turns":4},{"damage":13,"enemies":"Exordium Thugs","floor":12,"turns":6},{"damage":34,"enemies":"Fading Forest","floor":16,"turns":11},{"damage":4,"enemies":"Spheric Guardian","floor":18,"turns":5},{"damage":21,"enemies":"2 Thieves","floor":19,"turns":4},{"damage":6,"enemies":"Book of Stabbing","floor":23,"turns":6},{"damage":40,"enemies":"Snake Plant","floor":25,"turns":5},{"damage":0,"enemies":"Slavers","floor":27,"turns":1}],"seed_played":"7172859204362965621","potions_obtained":[{"floor":3,"key":"Swift Potion"},{"floor":6,"key":"Weak Potion"},{"floor":10,"key":"Ancient Potion"},{"floor":16,"key":"Venom Potion"},{"floor":23,"key":"sneckomod:MuddlingPotion"}],"is_trial":false,"path_per_floor":["M","$","M","M","?","E","T","?","T","M","R","M","$","?","R","B",null,"M","M","?","$","?","E","R","M","T","E"],"character_chosen":"HERMIT","items_purchased":["hermit:Determination+1","Lee\u0027s Waffle","hermit:Snipe","hermit:Vantage","hermit:ShadowCloak","PowerPotion","DistilledChaos"],"campfire_rested":1,"item_purchase_floors":[2,13,13,13,21,21,21],"current_hp_per_floor":[75,75,75,75,75,59,59,59,59,46,68,55,82,50,74,50,82,78,57,57,72,72,66,66,26,26,26,26],"gold":361,"neow_bonus":"THREE_ENEMY_KILL","is_daily":false,"chose_seed":false,"campfire_upgraded":1,"win_rate":0.0,"timestamp":1609496641,"path_taken":["M","$","M","M","?","E","?","?","T","M","R","?","?","?","R","BOSS","M","M","?","$","?","E","R","M","T","E"],"items_purchased_type":["Card","Relic","Card","Card","Card","Potion","Potion"],"build_version":"2020-12-13","purchased_purges":1,"victory":false,"max_hp_per_floor":[75,75,75,75,75,75,75,75,75,75,75,75,82,82,82,82,82,82,82,82,82,82,82,82,82,82,82,82],"card_choices":[{"not_picked":["hermit:Coalescence","hermit:WideOpen"],"picked":"hermit:Shortfuse","floor":1},{"not_picked":["hermit:Malice","hermit:Brawl"],"picked":"hermit:Misfire","floor":3},{"not_picked":["hermit:Manifest","hermit:BodyArmor"],"picked":"hermit:Gestalt","floor":4},{"not_picked":["hermit:ItchyTrigger","hermit:LowProfile"],"picked":"hermit:SprayPray","floor":6},{"not_picked":["hermit:Ricochet","hermit:LoneWolf"],"picked":"hermit:Gestalt","floor":10},{"not_picked":["hermit:Manifest","hermit:Adapt"],"picked":"hermit:Snipe","floor":12},{"not_picked":["hermit:CalledShot","hermit:DeadMansHand"],"picked":"hermit:Combo","floor":14},{"not_picked":["hermit:Roulette","hermit:HighCaliber"],"picked":"hermit:Manifest","floor":14},{"not_picked":["hermit:Horror","hermit:HighCaliber"],"picked":"hermit:Vantage","floor":14},{"not_picked":["hermit:Dissolve","hermit:Magnum"],"picked":"hermit:Adapt","floor":16},{"not_picked":["hermit:Desperado","hermit:Vantage+1","hermit:GoldenBullet"],"picked":"hermit:Enervate+1","floor":18},{"not_picked":["hermit:ItchyTrigger","hermit:TrackingShot+1","hermit:HoleUp"],"picked":"hermit:ShadowCloak","floor":19},{"not_picked":["hermit:Maintenance+1","hermit:Gestalt","hermit:Combo"],"picked":"hermit:FlashPowder","floor":23},{"not_picked":["hermit:Showdown","hermit:Ricochet","hermit:TrackingShot+1"],"picked":"hermit:Quickdraw+1","floor":25}],"player_experience":268333,"relics_obtained":[{"floor":5,"key":"Ring of Fury"},{"floor":5,"key":"Ring of Fangs"},{"floor":6,"key":"MealTicket"},{"floor":7,"key":"Counterbalance"},{"floor":9,"key":"Orichalcum"},{"floor":23,"key":"Replay:Wax Seal"},{"floor":26,"key":"Tiny Chest"}],"event_choices":[{"damage_healed":0,"gold_gain":175,"player_choice":"AGREE","damage_taken":121,"max_hp_gain":0,"max_hp_loss":0,"event_name":"betterThird:BetterSerpent","floor":8,"gold_loss":0},{"damage_healed":0,"gold_gain":0,"player_choice":"Ignored","damage_taken":0,"max_hp_gain":0,"max_hp_loss":0,"event_name":"Vampires","floor":20,"gold_loss":0},{"damage_healed":0,"gold_gain":275,"player_choice":"Desecrate","damage_taken":0,"max_hp_gain":0,"max_hp_loss":0,"event_name":"Golden Shrine","floor":22,"gold_loss":0,"cards_obtained":["Regret"]}],"is_beta":false,"boss_relics":[{"not_picked":["hubris:RunicObelisk","SacredBark"],"picked":"Honey Jar"}],"items_purged_floors":[21],"is_endless":false,"potions_floor_spawned":[3,6,10,16,23],"killed_by":"Slavers","ascension_level":3}}