{"host":"3vgzk5mhz751jdrj","time":1609499894,"event":{"mods":["2.2 Compatiblity","AchievementEnabler","Act Like it!","Aspiration","BaseMod","Better Match","Better Note","Better Sensory Stone","Better Skull","Better Third Choice","Block Reminder","Colored Map","Conspire","Displayed Cursed Tome","Downfall","Downfall-Rebalance","Friendly Minions","GifTheSpireLib","Halation","Hubris","Marked Mod","Mimic Mod","Minty Spire (QoL Compilation)","Quick Restart","Rare Cards Sparkle","Replay The Spire","Reworked Bosses","Shop Mod","Spicy Shops","Spikes Relics","StSLib","Stuff the Spire","The Marked","Trackpad","vexMod"],"gold_per_floor":[112,124,144,163,163,163,177,177,216,143,162,162,162,175,175,271,271,286,62,73,84,84,84,84,84,119,119,119,119,119],"floor_reached":29,"playtime":1145,"items_purged":[],"score":215,"play_id":"3720b046-b6f4-4360-90fd-de92f78613ff","local_time":"20210101061814","is_ascension_mode":false,"campfire_choices":[{"floor":6,"key":"REST"},{"floor":8,"key":"REST"},{"floor":12,"key":"REST"},{"data":"theMarked:MysticalArsenal","floor":15,"key":"SMITH"},{"floor":24,"key":"REST"},{"floor":27,"key":"REST"}],"circlet_count":0,"master_deck":["theMarked:Strike","theMarked:Strike","theMarked:Strike","theMarked:Strike","theMarked:Strike","theMarked:Defend+1","theMarked:Defend","theMarked:Defend","theMarked:Defend","theMarked:SoldierOfQuellstein","theMarked:BindingBlade","theMarked:Parry+1","theMarked:Overcharge","theMarked:HeritageOfTheMarked","theMarked:DeterminationOfTheMarked","theMarked:MysticalArsenal+1","Panacea","theMarked:Electrocute","theMarked:ElementalBlade","theMarked:ParalyzingBlade"],"relics":["theMarked:ArtifactOfAir","theMarked:Winder","halation:LostSnail","RoseTintedShades"],"acts_visited":["Exordium","TheCity"],"potions_floor_usage":[3,16,20],"damage_taken":[{"damage":0,"enemies":"Cultist","floor":1,"turns":3},{"damage":0,"enemies":"2 Louse","floor":2,"turns":1},{"damage":7,"enemies":"Jaw Worm","floor":3,"turns":2},{"damage":5,"enemies":"Looter","floor":4,"turns":2},{"damage":29,"enemies":"Large Slime","floor":7,"turns":7},{"damage":0,"enemies":"Red Slaver","floor":9,"turns":6},{"damage":4,"enemies":"Red Slaver","floor":11,"turns":2},{"damage":10,"enemies":"Looter","floor":14,"turns":4},{"damage":27,"enemies":"Hexaghost","floor":16,"turns":6},{"damage":20,"enemies":"Shell Parasite","floor":18,"turns":5},{"damage":21,"enemies":"3 Byrds","floor":20,"turns":5},{"damage":24,"enemies":"Centurion and Healer","floor":21,"turns":7},{"damage":11,"enemies":"3 Cultists","floor":26,"turns":7},{"damage":45,"enemies":"3 Cultists","floor":29,"turns":4}],"seed_played":"-7455233414469198124","potions_obtained":[{"floor":1,"key":"EssenceOfSteel"},{"floor":14,"key":"champ:CounterPotion"},{"floor":16,"key":"Explosive Potion"}],"is_trial":false,"path_per_floor":["M","M","M","M","?","R","M","R","MIM","$","M","R","?","M","R","B",null,"M","$","M","M","?","?","R","?","MIM","R","$","M"],"character_chosen":"THE_DEFAULT","items_purchased":["theMarked:Winder","theMarked:ParalyzingBlade","halation:LostSnail"],"campfire_rested":5,"item_purchase_floors":[10,19,19],"current_hp_per_floor":[49,49,42,37,23,44,15,36,36,36,32,53,53,43,43,16,70,50,50,29,5,5,5,26,33,22,43,43,0,0],"gold":119,"neow_bonus":"THREE_RARE_CARDS","is_daily":false,"chose_seed":false,"campfire_upgraded":1,"win_rate":0.0,"timestamp":1609499894,"path_taken":["M","?","?","M","?","R","M","R","MIM","$","M","R","?","M","R","BOSS","M","$","M","M","?","?","R","?","MIM","R","$","M"],"items_purchased_type":["Relic","Card","Relic"],"build_version":"2020-12-22","purchased_purges":0,"victory":false,"max_hp_per_floor":[70,70,70,70,70,70,70,70,70,70,70,70,70,70,70,70,70,70,70,70,70,70,70,70,70,70,70,70,70,70],"card_choices":[{"not_picked":["theMarked:Abjuration","theMarked:TurnInvisible"],"picked":"theMarked:BindingBlade","floor":0},{"not_picked":["theMarked:SelfDefenseTraining","theMarked:EmpowerWeapon"],"picked":"theMarked:Parry","floor":1},{"not_picked":["theMarked:Parry","theMarked:Aftermath"],"picked":"theMarked:Overcharge","floor":2},{"not_picked":["theMarked:KeepCalmAndFightOn","theMarked:HeightenedSenses"],"picked":"theMarked:HeritageOfTheMarked","floor":3},{"not_picked":["theMarked:Electrify","theMarked:PowerFlow"],"picked":"theMarked:DeterminationOfTheMarked","floor":4},{"not_picked":["theMarked:HeightenedSenses","theMarked:TwofoldDefense","theMarked:ChainLightning"],"picked":"SKIP","floor":7},{"not_picked":["theMarked:EmpowerWeapon","theMarked:Aftermath"],"picked":"theMarked:MysticalArsenal","floor":9},{"not_picked":["theMarked:Overcharge","theMarked:Aftermath","theMarked:ChannelForce"],"picked":"SKIP","floor":11},{"not_picked":["hubris:Ssssneak","expansioncontent:ChargeUp"],"picked":"Panacea","floor":13},{"not_picked":["theMarked:BanishingStrike","theMarked:ContemptForTheProud"],"picked":"theMarked:Electrocute","floor":14},{"not_picked":["theMarked:SwordAndMagic","theMarked:Parkour+1"],"picked":"theMarked:ElementalBlade","floor":18},{"not_picked":["theMarked:Parry","theMarked:ResourceFulStrike","theMarked:Frustration"],"picked":"SKIP","floor":20},{"not_picked":["theMarked:Frustration+1","theMarked:Overcharge","theMarked:ElectricStrings+1"],"picked":"SKIP","floor":21}],"player_experience":403449,"relics_obtained":[{"floor":26,"key":"RoseTintedShades"}],"event_choices":[{"damage_healed":37,"gold_gain":0,"player_choice":"Upgrade","damage_taken":14,"max_hp_gain":0,"max_hp_loss":70,"event_name":"betterThird:BetterShining","floor":5,"gold_loss":0,"cards_upgraded":["theMarked:Parry","theMarked:Defend"]},{"damage_healed":0,"gold_gain":1,"player_choice":"1","damage_taken":0,"max_hp_gain":0,"max_hp_loss":0,"event_name":"betterStone:BetterStone","floor":13,"gold_loss":0},{"cards_removed":["theMarked:BindingBlade"],"damage_healed":0,"gold_gain":0,"player_choice":"Give","damage_taken":0,"max_hp_gain":0,"max_hp_loss":0,"event_name":"betterNote:BetterNote","floor":22,"gold_loss":0,"cards_obtained":["None"]}],"is_beta":false,"boss_relics":[{"not_picked":["StuffTheSpire:RunicHypercube","halation:PlatinumPhoenix","vexMod:MysteryBossChallenge"]}],"items_purged_floors":[],"is_endless":false,"potions_floor_spawned":[1,14,16],"killed_by":"3 Cultists","ascension_level":0}}