{"host":"6cjsh2hjzszjl3p1","time":1609525691,"event":{"mods":["BaseMod","Colored Map","Downfall","Hermit","Lobotomy","Marisa£®ÏF”Í°°ƒß¿Ì…≥£©","Minty Spire (QoL Compilation)","Remilia£®¿Ÿ√◊¿Ú—«£©","StSLib","The Animator","The Bug Knight","The Cursed","The Disciple","The Marked","The Necromancer","The Servant 0.9.4"],"gold_per_floor":[99,99,99,99,119,44,69,99,99,99],"floor_reached":8,"playtime":670,"items_purged":[],"score":52,"play_id":"dcf6a8b3-c89b-4997-8d12-f2f727675802","local_time":"20210102022811","is_ascension_mode":false,"campfire_choices":[{"floor":1,"key":"RECALL"},{"data":"Slimebound:Split","floor":6,"key":"SMITH"}],"circlet_count":0,"master_deck":["Slimebound:Strike_Slimebound","Slimebound:Strike_Slimebound","Slimebound:Strike_Slimebound","Slimebound:Tackle","Slimebound:Defend_Slimebound","Slimebound:Defend_Slimebound","Slimebound:Defend_Slimebound","Slimebound:Defend_Slimebound","Slimebound:Split+1","Slimebound:CorrosiveSpit","Slimebound:ComboTackle","Slimebound:FirmFortitude","Slimebound:SplitBruiser","Slimebound:RollThrough","Slimebound:OneTwoCombo"],"relics":["Slimebound:AbsorbEndCombat","downfall:HeartsMalice","downfall:HeartBlessingRed","Omamori","Boot"],"acts_visited":["Exordium"],"potions_floor_usage":[],"damage_taken":[{"damage":0,"enemies":"Jaw Worm","floor":2,"turns":1},{"damage":0,"enemies":"2 Louse","floor":3,"turns":1},{"damage":0,"enemies":"Small Slimes","floor":4,"turns":1},{"damage":11,"enemies":"Blue Slaver","floor":5,"turns":3},{"damage":43,"enemies":"HollowMod:MossKnight","floor":8,"turns":6}],"seed_played":"-8681633305759618422","potions_obtained":[{"floor":8,"key":"Fire Potion"}],"is_trial":false,"path_per_floor":["R","M","M","M","M","R","T","E"],"character_chosen":"SLIMEBOUND","items_purchased":[],"campfire_rested":0,"item_purchase_floors":[],"current_hp_per_floor":[60,60,60,60,57,57,57,28,28,28],"gold":99,"neow_bonus":"THREE_ENEMY_KILL","is_daily":false,"chose_seed":false,"campfire_upgraded":1,"win_rate":0.0,"timestamp":1609525691,"path_taken":["R","M","M","M","M","R","T","E"],"items_purchased_type":[],"build_version":"2020-12-22","purchased_purges":0,"victory":false,"max_hp_per_floor":[60,60,60,60,60,60,60,60,60,60],"card_choices":[{"not_picked":["Slimebound:PressTheAttack","Slimebound:Equalize"],"picked":"Slimebound:ComboTackle","floor":2},{"not_picked":["Slimebound:GoopTackle","Slimebound:Schlurp"],"picked":"Slimebound:FirmFortitude","floor":3},{"not_picked":["Slimebound:GoopSpray","Slimebound:ViciousTackle"],"picked":"Slimebound:SplitBruiser","floor":4},{"not_picked":["Slimebound:LeechEnergy","Slimebound:FinishingTackle"],"picked":"Slimebound:RollThrough","floor":5},{"not_picked":["Slimebound:PressTheAttack","Slimebound:Schlurp"],"picked":"Slimebound:OneTwoCombo","floor":8}],"player_experience":139920,"relics_obtained":[{"floor":7,"key":"Omamori"},{"floor":8,"key":"Boot"}],"event_choices":[],"is_beta":false,"boss_relics":[],"items_purged_floors":[],"is_endless":false,"potions_floor_spawned":[8],"killed_by":"HollowMod:MossKnight","ascension_level":0}}