{"host":"qgru5siit3fz0wh9","time":1609503908,"event":{"mods":["AchievementEnabler","BaseMod","Highlight Path","Minty Spire (QoL Compilation)"],"gold_per_floor":[119,134,56,76,76,106,123,123,123],"floor_reached":8,"playtime":608,"items_purged":[],"score":70,"play_id":"5d8dfb30-5278-49fb-90a0-e82c88cbfc07","local_time":"20210101132508","is_ascension_mode":true,"campfire_choices":[],"circlet_count":0,"master_deck":["Strike_B","Strike_B","Strike_B","Strike_B","Defend_B","Defend_B","Defend_B","Defend_B","Zap","Dualcast","Storm","Static Discharge","Storm","Streamline","Self Repair","Self Repair"],"relics":["Cracked Core","Smiling Mask","Potion Belt"],"acts_visited":["Exordium"],"potions_floor_usage":[6,6,6,7,8,8],"damage_taken":[{"damage":3,"enemies":"2 Louse","floor":1,"turns":2},{"damage":0,"enemies":"Cultist","floor":2,"turns":4},{"damage":14,"enemies":"Jaw Worm","floor":4,"turns":4},{"damage":18,"enemies":"Gremlin Nob","floor":6,"turns":3},{"damage":23,"enemies":"Exordium Thugs","floor":7,"turns":4},{"damage":26,"enemies":"3 Sentries","floor":8,"turns":4}],"seed_played":"3020626702431124161","potions_obtained":[{"floor":0,"key":"EntropicBrew"},{"floor":0,"key":"CultistPotion"},{"floor":0,"key":"Weak Potion"},{"floor":2,"key":"Strength Potion"},{"floor":7,"key":"Strength Potion"}],"is_trial":false,"path_per_floor":["M","M","$","M","?","E","M","E"],"character_chosen":"DEFECT","items_purchased":["Storm"],"campfire_rested":0,"item_purchase_floors":[3],"current_hp_per_floor":[72,72,72,58,58,40,24,0,0],"gold":123,"neow_bonus":"THREE_SMALL_POTIONS","is_daily":false,"chose_seed":false,"campfire_upgraded":0,"win_rate":0.0,"timestamp":1609503908,"path_taken":["M","M","$","M","?","E","M","E"],"items_purchased_type":["Card"],"build_version":"2020-12-22","purchased_purges":0,"victory":false,"max_hp_per_floor":[75,75,75,75,75,75,75,75,75],"card_choices":[{"not_picked":["Rip and Tear","Streamline"],"picked":"Storm","floor":1},{"not_picked":["Recycle","Gash"],"picked":"Static Discharge","floor":2},{"not_picked":["Stack","Gash"],"picked":"Streamline","floor":4},{"not_picked":["Fusion","Ball Lightning"],"picked":"Self Repair","floor":6},{"not_picked":["Sweeping Beam","Gash"],"picked":"Self Repair","floor":7}],"player_experience":367435,"relics_obtained":[{"floor":6,"key":"Potion Belt"}],"event_choices":[{"damage_healed":0,"gold_gain":0,"player_choice":"Gave Potion","damage_taken":0,"relics_obtained":["Smiling Mask"],"max_hp_gain":0,"max_hp_loss":0,"event_name":"WeMeetAgain","floor":5,"gold_loss":0}],"is_beta":false,"boss_relics":[],"items_purged_floors":[],"is_endless":false,"potions_floor_spawned":[2,7],"killed_by":"3 Sentries","ascension_level":4}}