{"host":"f6tqpspb2ou2a4h5","time":1609465152,"event":{"mods":["2.2 Compatiblity","Ascension Unlocker","BaseMod","Colored Map","DeckTracker","Hermit","Highlight Path","KOR Keyword Fix","Keyboard Shortcuts","Minty Spire (QoL Compilation)","Permanent Neow","Quick Restart","Random Character Button","StSLib","SuperFastMode","The Poker Player","everything is the same but u backflip on backflip"],"gold_per_floor":[117,129,54,1,13,47,47,79,106,106,6,61,37,48,48,144,144,155,205,217,234,247,247,32,32,102,102,115,146,163,163,163,268,268,288,288,127,147,147,178,178,189,189,201,201,227,282,302,302,302],"floor_reached":51,"playtime":2850,"items_purged":["Strike_B","Strike_B","Defend_B"],"score":1164,"play_id":"32cbf020-3272-4c11-9bc2-9bc8f82b58db","local_time":"20210101103912","is_ascension_mode":true,"campfire_choices":[{"data":"Metamorphosis","floor":7.0,"key":"SMITH"},{"data":"Chaos","floor":10.0,"key":"SMITH"},{"data":"Fusion","floor":15.0,"key":"SMITH"},{"data":"Reinforced Body","floor":23.0,"key":"SMITH"},{"data":"Genetic Algorithm","floor":25.0,"key":"SMITH"},{"data":"Buffer","floor":27.0,"key":"SMITH"},{"data":"Master of Strategy","floor":32.0,"key":"SMITH"},{"data":"Aggregate","floor":41.0,"key":"SMITH"},{"data":"Consume","floor":45,"key":"SMITH"},{"data":"Defend_B","floor":49,"key":"PURGE"}],"circlet_count":0,"master_deck":["AscendersBane","Defend_B","Defend_B","Zap","Dualcast","Metamorphosis+1","Ball Lightning","Genetic Algorithm+1","Rip and Tear","Reinforced Body+1","Chaos+1","Fusion+1","Sweeping Beam","Buffer+1","BootSequence+1","Compile Driver+1","Hologram+1","Skim+1","Master of Strategy+1","Compile Driver","Aggregate+1","Melter","BootSequence","Steam+1","Consume+1","Undo+1","Turbo+1","Undo+1"],"relics":["Cracked Core","Blood Vial","Nunchaku","Girya","Toy Ornithopter","Eternal Feather","Coffee Dripper","Ornamental Fan","Dream Catcher","Inserter","Oddly Smooth Stone","Vajra","Pen Nib","Peace Pipe"],"acts_visited":["Exordium","TheCity","TheBeyond"],"potions_floor_usage":[50,50],"damage_taken":[{"damage":6.0,"enemies":"Cultist","floor":1.0,"turns":3.0},{"damage":0.0,"enemies":"2 Louse","floor":2.0,"turns":2.0},{"damage":10.0,"enemies":"Small Slimes","floor":5.0,"turns":3.0},{"damage":27.0,"enemies":"3 Sentries","floor":6.0,"turns":7.0},{"damage":0.0,"enemies":"Lagavulin","floor":8.0,"turns":4.0},{"damage":16.0,"enemies":"Lagavulin Event","floor":12.0,"turns":5.0},{"damage":0.0,"enemies":"2 Fungi Beasts","floor":14.0,"turns":2.0},{"damage":5.0,"enemies":"Slime Boss","floor":16.0,"turns":7.0},{"damage":4.0,"enemies":"3 Byrds","floor":18.0,"turns":3.0},{"damage":3.0,"enemies":"Shell Parasite","floor":20.0,"turns":4.0},{"damage":13.0,"enemies":"Cultist and Chosen","floor":21.0,"turns":6.0},{"damage":11.0,"enemies":"Shelled Parasite and Fungi","floor":22.0,"turns":6.0},{"damage":0.0,"enemies":"Snecko","floor":28.0,"turns":5.0},{"damage":20.0,"enemies":"Gremlin Leader","floor":29.0,"turns":6.0},{"damage":0.0,"enemies":"Centurion and Healer","floor":30.0,"turns":4.0},{"damage":7.0,"enemies":"Collector","floor":33.0,"turns":8.0},{"damage":0.0,"enemies":"Orb Walker","floor":35.0,"turns":5.0},{"damage":6.0,"enemies":"3 Darklings","floor":38.0,"turns":5.0},{"damage":20.0,"enemies":"Giant Head","floor":40.0,"turns":8.0},{"damage":0,"enemies":"Transient","floor":42,"turns":5},{"damage":0,"enemies":"4 Shapes","floor":44,"turns":7},{"damage":35,"enemies":"Reptomancer","floor":46,"turns":9},{"damage":1,"enemies":"2 Orb Walkers","floor":47,"turns":5},{"damage":0,"enemies":"Spire Growth","floor":48,"turns":5},{"damage":27,"enemies":"Awakened One","floor":50,"turns":10}],"seed_played":"-2652729589473100336","potions_obtained":[{"floor":5.0,"key":"LiquidBronze"},{"floor":6.0,"key":"Fire Potion"},{"floor":14.0,"key":"AttackPotion"},{"floor":18.0,"key":"EntropicBrew"},{"floor":22.0,"key":"Dexterity Potion"},{"floor":44,"key":"PowerPotion"}],"is_trial":false,"path_per_floor":["M","M","$","?","M","E","R","E","T","R","$","?","$","M","R","B",null,"M","?","M","M","M","R","$","R","T","R","M","E","M","?","R","B",null,"M","?","$","M","$","E","R","M","T","M","R","E","?","M","R","B",null],"character_chosen":"DEFECT","items_purchased":["Sweeping Beam","Master of Strategy","Compile Driver","Consume"],"campfire_rested":0,"item_purchase_floors":[13,24,24,37],"current_hp_per_floor":[62,62,62,62,54,29,29,31,31,31,31,22,22,24,33,30,59,62,62,66,55,56,68,68,68,68,68,68,53,55,55,68,61,66,68,68,68,62,62,44,59,61,61,63,68,33,34,36,51,36],"gold":302,"neow_bonus":"RANDOM_COLORLESS_2","is_daily":false,"chose_seed":false,"campfire_upgraded":9,"win_rate":0.0,"timestamp":1609465152,"path_taken":["M","?","$","?","M","E","R","E","T","R","?","?","$","M","R","BOSS","M","?","?","M","M","R","$","R","T","R","M","E","M","?","R","BOSS","M","?","$","M","$","E","R","M","T","M","R","E","?","M","R","BOSS"],"items_purchased_type":["Card","Card","Card","Card"],"build_version":"2020-12-22","purchased_purges":3,"victory":true,"max_hp_per_floor":[68,68,68,68,68,68,68,68,68,68,68,68,68,68,68,68,68,68,68,68,68,68,68,68,68,68,68,68,68,68,68,68,68,68,68,68,68,68,68,68,68,68,68,68,68,68,68,68,68,68],"card_choices":[{"not_picked":["Mayhem","Transmutation"],"picked":"Metamorphosis","floor":0.0},{"not_picked":["White Noise","Barrage"],"picked":"Ball Lightning","floor":1.0},{"not_picked":["Turbo","Go for the Eyes"],"picked":"Genetic Algorithm","floor":2.0},{"not_picked":["Blizzard","Darkness"],"picked":"Rip and Tear","floor":5.0},{"not_picked":["Fusion","Turbo"],"picked":"Reinforced Body","floor":6.0},{"not_picked":["Chill","Multi-Cast"],"picked":"Chaos","floor":8.0},{"not_picked":["Rebound","Auto Shields"],"picked":"Fusion","floor":12.0},{"not_picked":["Cold Snap","Sweeping Beam","Redo"],"picked":"SKIP","floor":14.0},{"not_picked":["Biased Cognition","Thunder Strike"],"picked":"Buffer","floor":16.0},{"not_picked":["Go for the Eyes","Streamline"],"picked":"BootSequence+1","floor":18.0},{"not_picked":["Coolheaded","Lockon"],"picked":"Compile Driver+1","floor":20.0},{"not_picked":["Compile Driver","Turbo"],"picked":"Hologram+1","floor":21.0},{"not_picked":["Cold Snap","Steam+1"],"picked":"Skim+1","floor":22.0},{"not_picked":["Doom and Gloom","Multi-Cast","Stack+1"],"picked":"SKIP","floor":28.0},{"not_picked":["Barrage","Redo","Sunder"],"picked":"SKIP","floor":29.0},{"not_picked":["FTL","Barrage"],"picked":"Aggregate","floor":30.0},{"not_picked":["Beam Cell","Double Energy+1"],"picked":"Steam+1","floor":35.0},{"not_picked":["Steam+1","Go for the Eyes","Machine Learning"],"picked":"SKIP","floor":38.0},{"not_picked":["Lockon+1","Turbo+1"],"picked":"Undo+1","floor":40.0},{"not_picked":["Stack+1","Sweeping Beam","Capacitor"],"picked":"SKIP","floor":42},{"not_picked":["Gash","Capacitor+1"],"picked":"Turbo+1","floor":44},{"not_picked":["Amplify","Beam Cell","Gash"],"picked":"SKIP","floor":46},{"not_picked":["Steam+1","Coolheaded+1"],"picked":"Undo+1","floor":47},{"not_picked":["Barrage","Storm","Coolheaded"],"picked":"SKIP","floor":48}],"player_experience":56363,"relics_obtained":[{"floor":6.0,"key":"Nunchaku"},{"floor":8.0,"key":"Girya"},{"floor":9.0,"key":"Toy Ornithopter"},{"floor":12.0,"key":"Eternal Feather"},{"floor":26.0,"key":"Ornamental Fan"},{"floor":29.0,"key":"Dream Catcher"},{"floor":40.0,"key":"Oddly Smooth Stone"},{"floor":43,"key":"Vajra"},{"floor":46,"key":"Pen Nib"},{"floor":47,"key":"Peace Pipe"}],"event_choices":[{"damage_healed":0.0,"max_hp_gain":0.0,"max_hp_loss":0.0,"gold_gain":0.0,"event_name":"WeMeetAgain","player_choice":"Paid Gold","floor":4.0,"gold_loss":53.0,"damage_taken":0.0,"relics_obtained":["Blood Vial"]},{"damage_healed":0.0,"max_hp_gain":0.0,"max_hp_loss":0.0,"gold_gain":0.0,"event_name":"Dead Adventurer","player_choice":"Searched \u00271\u0027 times","floor":12.0,"gold_loss":0.0,"damage_taken":0.0},{"damage_healed":0.0,"max_hp_gain":0.0,"max_hp_loss":0.0,"gold_gain":100.0,"event_name":"The Joust","player_choice":"Bet on Murderer","floor":19.0,"gold_loss":50.0,"damage_taken":0.0},{"damage_healed":0.0,"max_hp_gain":0.0,"max_hp_loss":0.0,"gold_gain":0.0,"cards_transformed":["Strike_B","Strike_B"],"event_name":"Drug Dealer","player_choice":"Became Test Subject","floor":31.0,"gold_loss":0.0,"damage_taken":0.0,"cards_obtained":["Melter","BootSequence"]},{"damage_healed":0.0,"max_hp_gain":0.0,"max_hp_loss":0.0,"gold_gain":0.0,"event_name":"Tomb of Lord Red Mask","player_choice":"Ignored","floor":36.0,"gold_loss":0.0,"damage_taken":0.0},{"damage_healed":0,"gold_gain":0,"player_choice":"Fight","damage_taken":0,"max_hp_gain":0,"max_hp_loss":0,"event_name":"Mysterious Sphere","floor":47,"gold_loss":0}],"is_beta":false,"boss_relics":[{"not_picked":["Runic Dome","FrozenCore"],"picked":"Coffee Dripper"},{"not_picked":["Busted Crown","Velvet Choker"],"picked":"Inserter"}],"items_purged_floors":[3,11,37],"is_endless":false,"potions_floor_spawned":[5,6,14,16,18,22,44,47,48],"ascension_level":11}}