{"host":"9oysz4knkucnjyyz","time":1609508486,"event":{"mods":["2.2 Compatiblity","Act Like it!","BaseMod","Better Altar","Better Match","Better Note","Better Sensory Stone","Better Skull","Better Third Choice","BetterRewards","Displayed Cursed Tome","Downfall","Friendly Minions","Googly Eyes","GungeonMod","Hallownest","Hermit","Lobotomy","LobotomyExtend","Minty Spire (QoL Compilation)","Spicy Shops","Spire Birthday Party","StSLib","The Bug Knight","everything is the same but u backflip on backflip","slay the spire mod where everything is the same but ironclad has a cowboy hat"],"gold_per_floor":[112,123,135,153,164,180,180,180,232,262,334,364,381,411,411,484,484,499,528,544,563,60,93,93,126,126,126,146,158,178,197,212,212,212,283,283,303,319,319,329,26,26,60,60,60,77,77,130,143,168,168,208,208],"floor_reached":54,"playtime":2195,"items_purged":[],"score":2034,"play_id":"3f92f8df-cf5a-4ab1-8650-4361e9a596de","local_time":"20210101084126","is_ascension_mode":true,"campfire_choices":[],"circlet_count":0,"master_deck":["SpecialBullet","SpecialBullet","SpecialBullet","SpecialBullet","SpecialBullet","SpecialBullet","SpecialBullet","SpecialBullet","InformationCode","SecurityCode","CentralCode","FourthMatchFlame","SolemnVow","SwordSharpenedByTears","SecurityCode","Justitia","Diffraction+1","GrinderMk4","expansioncontent:LastStand","OldLady","Spore+1","OSAHOGD","Justitia","DespairKnight","GreedKing","Regret_ego","MHz","BloodyDesire","DisciplinaryCode","WallGazer","RedEyes","Scorched","Regret_ego","FieryBird","WelfareCode","CENSORED_ego","BlackArmy","RedEyes","Variant","LaLuna","RedShoes","SpiderBud","TodaysExpression","BlueStar","ScreamingWedge","DemoMod:Elimentaler","BigBird","GoldRush","WristCuter","SingingMachine","Diffraction","Madness+1","Diffraction","CherryBlossom","Regret_ego+1","ControlCode","TT2Protocol","PunishingBird","Logging","NothingThere","TheSmile","Wellcheers","FourthMatchFlame","SummonCall","Freischutz"],"relics":["CogitoBucket","RabbitCall","DemoMod:MeltedRock","DemoMod:Metronome","DemoMod:Antibody","Torii","Matryoshka","DollysMirror","DemoMod:GundromedaStrain","Nunchaku","LetterFromLob","SkinProphecy","Gaze_r","Heaven_r","MagicBullet_r","Regal Pillow","War Paint","DemoMod:ClearGuonStone","Anchor","DemoMod:AgedBell","Cursed Key","ChangeAnything","DemoMod:ResourcefulSack","Lee\u0027s Waffle","Sundial","Bronze Scales","Theresia","DemoMod:RatBoots","The Courier","DemoMod:PartiallyEatenCheese","Sozu","Runic Dome","Bag of Preparation","Membership Card","Boot","Art of War","Orichalcum","HollowMod:LifeEnderRelic","Ginger","DemoMod:DecoyRelic"],"acts_visited":["Exordium","TheCity","TheCity","TheBeyond"],"potions_floor_usage":[],"damage_taken":[{"damage":6,"enemies":"Jaw Worm","floor":1,"turns":3},{"damage":0,"enemies":"2 Louse","floor":2,"turns":1},{"damage":1,"enemies":"Cultist","floor":3,"turns":3},{"damage":32,"enemies":"Large Slime","floor":4,"turns":5},{"damage":10,"enemies":"Looter","floor":5,"turns":2},{"damage":42,"enemies":"Blue Slaver","floor":6,"turns":7},{"damage":1,"enemies":"3 Sentries","floor":8,"turns":2},{"damage":44,"enemies":"3 Sentries","floor":8,"turns":3},{"damage":0,"enemies":"3 Sentries","floor":10,"turns":1},{"damage":23,"enemies":"Lagavulin","floor":12,"turns":5},{"damage":0,"enemies":"Gremlin Gang","floor":13,"turns":1},{"damage":8,"enemies":"Gremlin Nob","floor":14,"turns":3},{"damage":33,"enemies":"Hexaghost","floor":16,"turns":8},{"damage":49,"enemies":"3 Byrds","floor":18,"turns":5},{"damage":0,"enemies":"Chosen","floor":19,"turns":2},{"damage":0,"enemies":"3 Cultists","floor":20,"turns":1},{"damage":0,"enemies":"Snake Plant","floor":21,"turns":2},{"damage":0,"enemies":"Gremlin Leader","floor":23,"turns":3},{"damage":12,"enemies":"Book of Stabbing","floor":25,"turns":5},{"damage":22,"enemies":"DemoMod:4_Bullet_Kins","floor":28,"turns":6},{"damage":0,"enemies":"DemoMod:2_Veteran_bullet_kins_and_red_shotgun_kin","floor":29,"turns":1},{"damage":0,"enemies":"DemoMod:2_Mousers","floor":30,"turns":1},{"damage":0,"enemies":"DemoMod:Veteran_shot_gun_kin_and_blue_shotgun_kin_with_gunsinger","floor":31,"turns":1},{"damage":0,"enemies":"DemoMod:Red_and_blue_shotgun_kin_with_gunsinger","floor":32,"turns":1},{"damage":3,"enemies":"DemoMod:ResourcefulRat","floor":35,"turns":7},{"damage":12,"enemies":"3 Shapes","floor":37,"turns":1},{"damage":0,"enemies":"Orb Walker","floor":38,"turns":1},{"damage":0,"enemies":"Spire Growth","floor":40,"turns":2},{"damage":7,"enemies":"Reptomancer","floor":43,"turns":3},{"damage":8,"enemies":"Maw","floor":46,"turns":3},{"damage":0,"enemies":"2 Orb Walkers","floor":48,"turns":1},{"damage":5,"enemies":"3 Darklings","floor":49,"turns":2},{"damage":16,"enemies":"Giant Head","floor":50,"turns":4},{"damage":26,"enemies":"FixerMidnight","floor":52,"turns":5}],"seed_played":"-4785955370025685356","potions_obtained":[{"floor":21,"key":"Fire Potion"},{"floor":30,"key":"Strength Potion"}],"is_trial":false,"path_per_floor":["M","M","M","M","M","M","R","E","T","E","?","E","M","E","R","B",null,"M","M","M","M","$","E","R","E","T","R","M","M","M","M","M","R","B","B",null,"M","M","?","M","$","R","E","R","T","M","R","?","M","E","R","B",null,null],"character_chosen":"Angela","items_purchased":["FourthMatchFlame","SolemnVow","DemoMod:MeltedRock","DemoMod:GnawedKey","DemoMod:Metronome","SwordSharpenedByTears","DemoMod:Antibody","Torii","Matryoshka","DollysMirror","DemoMod:GundromedaStrain","Justitia","Diffraction","Nunchaku","GrinderMk4","expansioncontent:LastStand","DemoMod:ResourcefulSack","Lee\u0027s Waffle","Membership Card","Diffraction","CherryBlossom","Boot","Art of War"],"campfire_rested":0,"item_purchase_floors":[0,0,0,0,0,0,0,0,0,0,0,0,0,0,0,0,22,22,41,41,41,41,41],"current_hp_per_floor":[70,70,70,70,70,52,52,47,47,59,59,44,68,80,80,51,85,48,68,88,114,121,123,123,129,129,129,137,139,145,151,153,153,151,161,161,163,169,127,159,159,159,173,173,173,179,179,185,191,197,197,199,199],"gold":208,"neow_bonus":"","is_daily":false,"chose_seed":false,"campfire_upgraded":0,"win_rate":0.0,"timestamp":1609508486,"path_taken":["M","M","M","M","M","M","R","E","T","E","?","E","M","E","R","BOSS","M","M","M","M","$","E","R","E","T","R","M","M","M","M","M","R","BOSS","BOSS","M","M","?","M","$","R","E","R","T","M","R","?","M","E","R","BOSS"],"items_purchased_type":["Card","Card","Relic","Relic","Relic","Card","Relic","Relic","Relic","Relic","Relic","Card","Card","Relic","Card","Card","Relic","Relic","Relic","Card","Card","Relic","Relic"],"build_version":"2020-12-22","purchased_purges":0,"victory":true,"max_hp_per_floor":[70,70,70,70,70,70,70,74,74,76,76,82,88,94,94,96,96,104,106,108,114,121,123,123,129,129,129,137,139,145,151,153,153,155,161,161,163,169,169,171,171,171,173,173,173,179,179,185,191,197,197,199,199],"card_choices":[{"not_picked":["Bloodbath","FairyFestival"],"picked":"OldLady","floor":1},{"not_picked":["BlueScar"],"picked":"Spore","floor":1},{"not_picked":["Loneliness","LifeForTheDareDevil"],"picked":"SKIP","floor":2},{"not_picked":["VoidDream","ShyLook"],"picked":"OSAHOGD","floor":3},{"not_picked":["Penitence"],"picked":"Justitia","floor":3},{"not_picked":["DreamingCurrent","MeatLantern"],"picked":"DespairKnight","floor":4},{"not_picked":["Tough","Soda"],"picked":"SKIP","floor":4},{"not_picked":["CrumblingArmor","Wellcheers"],"picked":"GreedKing","floor":5},{"not_picked":["CUTE"],"picked":"Regret_ego","floor":5},{"not_picked":["FairyFestival","HappyTeddy"],"picked":"MHz","floor":6},{"not_picked":["Beak","RapturousDream"],"picked":"SKIP","floor":6},{"not_picked":["Lantern"],"picked":"BloodyDesire","floor":10},{"not_picked":["CherryBlossoms","MeatLantern"],"picked":"WallGazer","floor":12},{"not_picked":["Lantern"],"picked":"RedEyes","floor":12},{"not_picked":["WhiteNight","Porccubus"],"picked":"Scorched","floor":13},{"not_picked":["ShedSkin"],"picked":"Regret_ego","floor":13},{"not_picked":["BeautyBeast","Porccubus"],"picked":"FieryBird","floor":14},{"not_picked":["Moonlight","TodaysExpression"],"picked":"SKIP","floor":14},{"not_picked":["TheSmile"],"picked":"CENSORED_ego","floor":16},{"not_picked":["PunishingBird","BlackSwan"],"picked":"BlackArmy","floor":18},{"not_picked":["SomewhereSpear","SwordSharpenedByTears"],"picked":"SKIP","floor":18},{"not_picked":["Penitence","Horn"],"picked":"SKIP","floor":19},{"not_picked":["Noise"],"picked":"RedEyes","floor":20},{"not_picked":["ShyLook","VoidDream"],"picked":"Variant","floor":21},{"not_picked":["Loneliness","Noise"],"picked":"SKIP","floor":21},{"not_picked":["Loneliness","InTheNameOfLoveAndHate"],"picked":"SKIP","floor":23},{"not_picked":["Mercenary","Bloodbath"],"picked":"LaLuna","floor":25},{"not_picked":["Lamp","SwordSharpenedByTears"],"picked":"SKIP","floor":25},{"not_picked":["Porccubus","BigBadWolf"],"picked":"RedShoes","floor":28},{"not_picked":["RedEyes","Tough"],"picked":"SKIP","floor":28},{"not_picked":["Moonlight+1","Wingbeat+1"],"picked":"SKIP","floor":29},{"not_picked":["Scarecrow","UniverseFragment"],"picked":"SpiderBud","floor":30},{"not_picked":["Penitence"],"picked":"TodaysExpression","floor":30},{"not_picked":["Laetitia","VoidDream"],"picked":"BlueStar","floor":31},{"not_picked":["SomewhereSpear"],"picked":"ScreamingWedge","floor":31},{"not_picked":["SomewhereSpear","Wingbeat"],"picked":"SKIP","floor":32},{"not_picked":[],"picked":"DemoMod:Elimentaler","floor":35},{"not_picked":["Yin","Funeral"],"picked":"BigBird","floor":35},{"not_picked":["TheSmile"],"picked":"GoldRush","floor":35},{"not_picked":["ScreamingWedge+1"],"picked":"WristCuter","floor":37},{"not_picked":["VoidDream","HappyTeddy"],"picked":"SingingMachine","floor":38},{"not_picked":["CherryBlossom"],"picked":"Diffraction","floor":38},{"not_picked":["Soda","Lamp+1"],"picked":"SKIP","floor":40},{"not_picked":["RedEyes"],"picked":"Regret_ego+1","floor":43},{"not_picked":["LittleHelper","Funeral"],"picked":"PunishingBird","floor":46},{"not_picked":["Harmony"],"picked":"Logging","floor":46},{"not_picked":["Scarecrow","Yin"],"picked":"NothingThere","floor":48},{"not_picked":["Beak"],"picked":"TheSmile","floor":48},{"not_picked":["DreamingCurrent","Laetitia"],"picked":"Wellcheers","floor":49},{"not_picked":["Christmas"],"picked":"FourthMatchFlame","floor":49},{"not_picked":["Funeral","NakedNest"],"picked":"Freischutz","floor":50},{"not_picked":["Mimicry","Horn"],"picked":"SKIP","floor":50}],"player_experience":339487,"relics_obtained":[{"floor":1,"key":"LetterFromLob"},{"floor":9,"key":"Regal Pillow"},{"floor":9,"key":"War Paint"},{"floor":10,"key":"DemoMod:ClearGuonStone"},{"floor":12,"key":"Anchor"},{"floor":14,"key":"DemoMod:AgedBell"},{"floor":23,"key":"Sundial"},{"floor":25,"key":"Bronze Scales"},{"floor":36,"key":"DemoMod:RatBoots"},{"floor":36,"key":"The Courier"},{"floor":36,"key":"DemoMod:PartiallyEatenCheese"},{"floor":36,"key":"Sozu"},{"floor":36,"key":"Runic Dome"},{"floor":36,"key":"Bag of Preparation"},{"floor":43,"key":"Orichalcum"},{"floor":45,"key":"HollowMod:LifeEnderRelic"},{"floor":48,"key":"Ginger"},{"floor":50,"key":"DemoMod:DecoyRelic"}],"event_choices":[{"damage_healed":0,"gold_gain":72,"player_choice":"Gained Gold","damage_taken":0,"max_hp_gain":0,"max_hp_loss":0,"event_name":"Golden Wing","floor":11,"gold_loss":0},{"damage_healed":0,"gold_gain":3,"player_choice":"2","damage_taken":0,"max_hp_gain":0,"max_hp_loss":42,"event_name":"betterStone:BetterStone","floor":39,"gold_loss":0},{"damage_healed":0,"gold_gain":0,"player_choice":"Fight","damage_taken":0,"max_hp_gain":0,"max_hp_loss":0,"event_name":"Mysterious Sphere","floor":48,"gold_loss":0}],"is_beta":false,"boss_relics":[{"not_picked":["Velvet Choker","Runic Pyramid"],"picked":"Cursed Key"},{"not_picked":[]}],"items_purged_floors":[],"is_endless":false,"potions_floor_spawned":[8,8,21,30,37,38],"ascension_level":20}}