{"host":"7sni158j623xchr2","time":1609488819,"event":{"mods":["BaseMod","Colored Map","Highlight Path","Minty Spire (QoL Compilation)","Permanent Neow","Potion Indicator Mod","Rare Cards Sparkle","Relic Sorter","Relic Stats","StSLib","everything is the same but u backflip on backflip"],"gold_per_floor":[218,16,30,30,47,72,72,98,98,133,158,170,32,47,47,145,145,164,164,164,176,176,203,47,47,47,72,72,86,86,120,120,216,216,228,228,7,25,44,71,71,96,96,5,5,21,63,80,80,80,80,80,17,59,59],"floor_reached":56,"playtime":1718,"items_purged":["Strike_B"],"score":1466,"play_id":"a5b412c6-6317-4871-a5d4-e5a14325aaed","local_time":"20210101021339","is_ascension_mode":true,"campfire_choices":[{"data":"White Noise","floor":7,"key":"SMITH"},{"data":"Sunder","floor":12,"key":"SMITH"},{"data":"Hyperbeam","floor":15,"key":"SMITH"},{"data":"Consume","floor":28,"key":"SMITH"},{"floor":32,"key":"REST"},{"floor":41,"key":"RECALL"},{"data":"Meteor Strike","floor":45,"key":"SMITH"},{"floor":49,"key":"REST"},{"data":"Coolheaded","floor":52,"key":"SMITH"}],"circlet_count":0,"master_deck":["Strike_B+1","Strike_B+1","Strike_B+1","Defend_B+1","Defend_B+1","Defend_B+1","Zap","Dualcast","Hyperbeam+1","Glacier","White Noise+1","Streamline","Sunder+1","Sweeping Beam","Consume+1","Loop+1","Biased Cognition+1","Conserve Battery","Coolheaded+1","Necronomicurse","Storm+1","Heatsinks+1","Meteor Strike+1","Coolheaded+1","Defragment+1","Capacitor+1","Conserve Battery+1"],"relics":["Cracked Core","White Beast Statue","Frozen Egg 2","StrikeDummy","MawBank","SlaversCollar","Torii","Necronomicon","MealTicket","Toy Ornithopter","Strawberry","Symbiotic Virus","Pen Nib","Nuclear Battery","Spirit Poop","Runic Capacitor","Blood Vial","CeramicFish","Gremlin Horn","Bottled Flame","CaptainsWheel"],"acts_visited":["Exordium","TheCity","TheBeyond","TheEnding"],"potions_floor_usage":[6,10,11,18,23,27,31,33,33,47,50,55,55,55,55,55,55],"damage_taken":[{"damage":4,"enemies":"2 Louse","floor":1,"turns":4},{"damage":1,"enemies":"Cultist","floor":3,"turns":3},{"damage":0,"enemies":"Small Slimes","floor":5,"turns":1},{"damage":6,"enemies":"Lagavulin","floor":6,"turns":13},{"damage":21,"enemies":"3 Sentries","floor":8,"turns":7},{"damage":25,"enemies":"Lagavulin","floor":10,"turns":5},{"damage":1,"enemies":"Looter","floor":11,"turns":2},{"damage":0,"enemies":"2 Fungi Beasts","floor":14,"turns":1},{"damage":0,"enemies":"Slime Boss","floor":16,"turns":6},{"damage":4,"enemies":"Spheric Guardian","floor":18,"turns":5},{"damage":12,"enemies":"Chosen","floor":21,"turns":4},{"damage":10,"enemies":"Book of Stabbing","floor":23,"turns":3},{"damage":20,"enemies":"Slavers","floor":27,"turns":3},{"damage":0,"enemies":"Centurion and Healer","floor":29,"turns":2},{"damage":21,"enemies":"Book of Stabbing","floor":31,"turns":4},{"damage":29,"enemies":"Champ","floor":33,"turns":7},{"damage":11,"enemies":"Orb Walker","floor":35,"turns":3},{"damage":0,"enemies":"3 Shapes","floor":38,"turns":2},{"damage":0,"enemies":"Spire Growth","floor":39,"turns":3},{"damage":18,"enemies":"Nemesis","floor":40,"turns":7},{"damage":0,"enemies":"Reptomancer","floor":42,"turns":4},{"damage":39,"enemies":"Transient","floor":46,"turns":5},{"damage":1,"enemies":"Giant Head","floor":47,"turns":5},{"damage":27,"enemies":"Jaw Worm Horde","floor":48,"turns":2},{"damage":34,"enemies":"Awakened One","floor":50,"turns":13},{"damage":12,"enemies":"Shield and Spear","floor":54,"turns":3},{"damage":14,"enemies":"The Heart","floor":55,"turns":8}],"seed_played":"-8405431425422253479","potions_obtained":[{"floor":6,"key":"Ancient Potion"},{"floor":8,"key":"FearPotion"},{"floor":10,"key":"Explosive Potion"},{"floor":11,"key":"SmokeBomb"},{"floor":14,"key":"EssenceOfSteel"},{"floor":18,"key":"FearPotion"},{"floor":21,"key":"LiquidMemories"},{"floor":23,"key":"FocusPotion"},{"floor":27,"key":"GamblersBrew"},{"floor":31,"key":"EssenceOfSteel"},{"floor":33,"key":"SteroidPotion"},{"floor":35,"key":"SteroidPotion"},{"floor":38,"key":"EntropicBrew"},{"floor":40,"key":"LiquidMemories"},{"floor":42,"key":"DuplicationPotion"},{"floor":47,"key":"DistilledChaos"},{"floor":54,"key":"Energy Potion"}],"is_trial":false,"path_per_floor":["M","$","M","?","M","E","R","E","T","E","M","R","$","M","R","B",null,"M","?","?","M","?","E","$","?","T","E","R","M","?","E","R","B",null,"M","?","$","M","M","E","R","E","T","?","R","M","E","M","R","B",null,"R","$","E","B",null],"character_chosen":"DEFECT","items_purchased":["Hyperbeam","PowerPotion","Loop+1","Toy Ornithopter","Runic Capacitor","DistilledChaos","Capacitor+1"],"campfire_rested":2,"item_purchase_floors":[2,2,13,24,37,37,53],"current_hp_per_floor":[71,71,70,70,70,64,64,43,43,18,17,17,17,17,17,17,75,71,57,57,45,29,19,34,34,41,26,26,26,26,10,36,17,87,76,76,87,87,87,69,69,71,71,71,71,34,40,15,41,14,87,87,87,75,83],"gold":59,"neow_bonus":"HUNDRED_GOLD","is_daily":false,"chose_seed":false,"campfire_upgraded":6,"win_rate":0.0,"timestamp":1609488819,"path_taken":["M","$","M","?","?","E","R","E","T","E","M","R","$","M","R","BOSS","M","?","?","M","?","E","$","?","T","E","R","?","?","E","R","BOSS","M","?","?","M","M","E","R","E","T","?","R","M","E","M","R","BOSS","R","$","E","BOSS"],"items_purchased_type":["Card","Potion","Card","Relic","Relic","Potion","Card"],"build_version":"2020-12-22","purchased_purges":1,"victory":true,"max_hp_per_floor":[75,75,75,75,75,75,75,75,75,75,75,75,75,75,75,75,75,75,80,80,80,80,80,80,80,87,87,87,87,87,87,87,87,87,87,87,87,87,87,87,87,87,87,87,87,87,87,87,87,87,87,87,87,87,87],"relic_stats":{"Blood Vial":12,"Torii":10,"Gremlin Horn":[6,6],"counters":[27,123],"CeramicFish":27,"MealTicket":26,"Pen Nib":[11],"Necronomicon":[33],"MawBank":36,"obtain_stats":[{"Torii":20,"Gremlin Horn":44,"CeramicFish":42,"Spirit Poop":36,"Pen Nib":31,"Runic Capacitor":37,"Frozen Egg 2":8,"MawBank":10,"White Beast Statue":6,"Nuclear Battery":34,"Blood Vial":40,"SlaversCollar":17,"Bottled Flame":47,"CaptainsWheel":54,"Strawberry":26,"MealTicket":23,"Necronomicon":22,"Cracked Core":0,"StrikeDummy":9,"Symbiotic Virus":27,"Toy Ornithopter":24},{"Torii":10,"Gremlin Horn":21,"CeramicFish":21,"Spirit Poop":17,"Pen Nib":15,"Runic Capacitor":17,"Frozen Egg 2":5,"MawBank":6,"White Beast Statue":4,"Nuclear Battery":16,"Blood Vial":20,"SlaversCollar":9,"Bottled Flame":23,"CaptainsWheel":26,"Strawberry":12,"MealTicket":12,"Necronomicon":11,"Cracked Core":0,"StrikeDummy":5,"Symbiotic Virus":13,"Toy Ornithopter":12},{"Torii":47,"Gremlin Horn":87,"CeramicFish":87,"Spirit Poop":71,"Pen Nib":61,"Runic Capacitor":71,"Frozen Egg 2":28,"MawBank":33,"White Beast Statue":21,"Nuclear Battery":68,"Blood Vial":83,"SlaversCollar":42,"Bottled Flame":97,"CaptainsWheel":115,"Strawberry":53,"MealTicket":53,"Necronomicon":50,"Cracked Core":0,"StrikeDummy":28,"Symbiotic Virus":55,"Toy Ornithopter":53}],"Toy Ornithopter":50},"card_choices":[{"not_picked":["Hologram","Turbo","Redo"],"picked":"SKIP","floor":1},{"not_picked":["Scrape","Hello World"],"picked":"Glacier","floor":3},{"not_picked":["Double Energy","Turbo"],"picked":"White Noise","floor":5},{"not_picked":["Creative AI","Static Discharge"],"picked":"Streamline","floor":6},{"not_picked":["White Noise","Steam"],"picked":"Sunder","floor":8},{"not_picked":["Compile Driver","Rebound"],"picked":"Sweeping Beam","floor":10},{"not_picked":["Reprogram","Beam Cell"],"picked":"Consume","floor":11},{"not_picked":["Stack","Sweeping Beam","Fusion"],"picked":"SKIP","floor":14},{"not_picked":["Buffer+1","Reboot"],"picked":"Biased Cognition+1","floor":16},{"not_picked":["Double Energy","Rebound"],"picked":"Conserve Battery","floor":18},{"not_picked":["Steam","Ball Lightning"],"picked":"Coolheaded","floor":21},{"not_picked":["Go for the Eyes","Multi-Cast","Darkness"],"picked":"SKIP","floor":23},{"not_picked":["Streamline","Tempest"],"picked":"Storm+1","floor":27},{"not_picked":["Barrage","Steam","Stack"],"picked":"SKIP","floor":29},{"not_picked":["Redo","Leap"],"picked":"Heatsinks+1","floor":31},{"not_picked":["Seek","Machine Learning+1"],"picked":"Meteor Strike","floor":33},{"not_picked":["Gash","Conserve Battery+1"],"picked":"Coolheaded+1","floor":35},{"not_picked":["Gash","White Noise","Chill"],"picked":"SKIP","floor":38},{"not_picked":["Go for the Eyes","Darkness","Skim"],"picked":"SKIP","floor":39},{"not_picked":["Sunder","Genetic Algorithm","Ball Lightning+1"],"picked":"SKIP","floor":40},{"not_picked":["Coolheaded","Blizzard","Cold Snap"],"picked":"SKIP","floor":42},{"not_picked":["Blizzard","Lockon","Turbo+1"],"picked":"SKIP","floor":46},{"not_picked":["Hologram","Gash"],"picked":"Defragment+1","floor":47},{"not_picked":["Hologram+1","Thunder Strike","Cold Snap+1"],"picked":"SKIP","floor":48},{"not_picked":["Leap","Compile Driver"],"picked":"Conserve Battery+1","floor":54}],"player_experience":1572975,"relics_obtained":[{"floor":6,"key":"White Beast Statue"},{"floor":8,"key":"Frozen Egg 2"},{"floor":9,"key":"StrikeDummy"},{"floor":10,"key":"MawBank"},{"floor":22,"key":"Necronomicon"},{"floor":23,"key":"MealTicket"},{"floor":26,"key":"Strawberry"},{"floor":27,"key":"Symbiotic Virus"},{"floor":31,"key":"Pen Nib"},{"floor":40,"key":"Blood Vial"},{"floor":42,"key":"CeramicFish"},{"floor":47,"key":"Bottled Flame"},{"floor":54,"key":"CaptainsWheel"}],"event_choices":[{"cards_removed":["Defend_B"],"damage_healed":0,"gold_gain":0,"player_choice":"Card Removal","damage_taken":0,"max_hp_gain":0,"max_hp_loss":0,"event_name":"Wheel of Change","floor":4,"gold_loss":0},{"damage_healed":0,"gold_gain":0,"player_choice":"Shed Blood","damage_taken":19,"max_hp_gain":5,"max_hp_loss":0,"event_name":"Forgotten Altar","floor":19,"gold_loss":0},{"damage_healed":0,"gold_gain":0,"player_choice":"Opened","damage_taken":0,"relics_obtained":["Torii"],"max_hp_gain":0,"max_hp_loss":0,"event_name":"The Mausoleum","floor":20,"gold_loss":0,"cards_obtained":["Writhe"]},{"damage_healed":0,"gold_gain":0,"player_choice":"Obtained Book","damage_taken":16,"max_hp_gain":0,"max_hp_loss":0,"event_name":"Cursed Tome","floor":22,"gold_loss":0},{"damage_healed":0,"gold_gain":0,"player_choice":"Simplicity","damage_taken":0,"max_hp_gain":0,"max_hp_loss":0,"event_name":"Back to Basics","floor":25,"gold_loss":0,"cards_upgraded":["Strike_B","Strike_B","Strike_B","Defend_B","Defend_B","Defend_B"]},{"damage_healed":0,"gold_gain":0,"player_choice":"Ignored","damage_taken":0,"max_hp_gain":0,"max_hp_loss":0,"event_name":"Vampires","floor":30,"gold_loss":0},{"cards_removed":["Writhe"],"damage_healed":0,"gold_gain":0,"player_choice":"Offered Curse","damage_taken":0,"relics_obtained":["Spirit Poop"],"max_hp_gain":0,"max_hp_loss":0,"event_name":"Bonfire Elementals","floor":36,"gold_loss":0},{"damage_healed":0,"gold_gain":0,"player_choice":"Paid Gold","damage_taken":0,"relics_obtained":["Gremlin Horn"],"max_hp_gain":0,"max_hp_loss":0,"event_name":"WeMeetAgain","floor":44,"gold_loss":91}],"is_beta":false,"boss_relics":[{"not_picked":["Runic Pyramid","Fusion Hammer"],"picked":"SlaversCollar"},{"not_picked":["Runic Dome","Pandora\u0027s Box"],"picked":"Nuclear Battery"}],"items_purged_floors":[13],"is_endless":false,"potions_floor_spawned":[6,8,10,11,14,16,18,21,23,27,29,31,33,35,38,39,40,42,46,47,48,54],"ascension_level":2}}