{"host":"r0e4s450fexxrjel","time":1609511936,"event":{"mods":["AchievementEnabler","Act Like it!","AlwaysNeverKeys","BaseMod","Better Third Choice","Colored Map","Conspire","Dota2Spire","Downfall","Energized Spire","Evolution","Friendly Minions","GifTheSpireLib","Gold Saver","Hubris","Infinite Spire","Minty Spire (QoL Compilation)","RRrroohrrRGHHhhh!!","Replay The Spire","Shop Mod","StSLib","The Dragon Tamer","??????REMEMod"],"gold_per_floor":[891,906,923,935,951,963,963,977,996,225,75,103,103,117,127,225,225,225,236,253,270,286,286,368,368,387,402,417,431,431,531,541,642,642,642,660,678,366,376,410,410,425,425,445,456,472,495,80,92,92],"floor_reached":51,"playtime":2927,"items_purged":[],"score":797,"play_id":"8c7b2e36-13ef-4488-b9ec-c0d0f4bb219b","local_time":"20210101153856","is_ascension_mode":false,"campfire_choices":[{"data":"Guardian:TwinSlam","floor":1.0,"key":"SMITH"},{"data":"Guardian:SpikerProtocol","floor":13.0,"key":"SMITH"},{"data":"Guardian:ArmoredProtocol","floor":13.0,"key":"SMITH"},{"floor":18.0,"key":"DIG"},{"data":"Guardian:ExploitGems","floor":30,"key":"SMITH"},{"data":"Guardian:PrismaticBeam","floor":30,"key":"SMITH"},{"data":"Guardian:DecasProtection","floor":35,"key":"SMITH"},{"data":"Guardian:Harden","floor":35,"key":"SMITH"}],"circlet_count":0,"master_deck":["Guardian:Strike_Guardian","Guardian:Strike_Guardian","Guardian:Strike_Guardian","Guardian:Strike_Guardian","Guardian:Defend_Guardian","Guardian:Defend_Guardian","Guardian:Defend_Guardian","Guardian:Defend_Guardian","Guardian:CurlUp","Guardian:TwinSlam+1","Replay:SS_fish_2","Guardian:ArmoredProtocol+1","Guardian:PrimingBeam","Guardian:SpikerProtocol+1","Guardian:DonusPower","Guardian:DecasProtection+1","REME_BodyOfCthun+1","Guardian:Harden+1","Guardian:PrismaticBeam+1","Writhe","Guardian:BronzeArmor","Guardian:ExploitGems+1","Guardian:RevengeProtocol+1","Guardian:SphericShield","Guardian:Gem_Purple","Guardian:Gem_Lightblue","Guardian:SpikerProtocol+1","Guardian:SpikerProtocol+1","Guardian:Repulse+1","Guardian:Gem_Green","Guardian:Gem_Lightblue","Guardian:TemporalShield","Guardian:Gem_Red","Guardian:Suspension","REME_BattleFury","Guardian:EvasiveProtocol","Guardian:Gem_Purple"],"relics":["Guardian:ModeShifter","EVO:Axolotl","REME_ComplimentaryCards","downfall:HeartBlessingGreen","downfall:HeartBlessingBlue","downfall:HeartBlessingRed","Replay:Mystery Machine","Replay:Arrowhead","Dota2Spire:AssaultCuirass","infinitespire:BottledMercury","conspire:SpecialSausage","Dota2Spire:DrumOfEndurance","Replay:Bottled Snecko","Replay:Bottled Flurry","Potion Belt","Ring of Chaos","REME_HandOfSuture","Dota2Spire:ArcaneBoots","Pet Ghost","hubris:64BitClover","PreservedInsect","Guide Book"],"acts_visited":["Exordium","TheCity","TheBeyond"],"potions_floor_usage":[29,31,31,33,33,36,42,45,45,49,50],"damage_taken":[{"damage":6.0,"enemies":"Cultist","floor":2.0,"turns":4.0},{"damage":0.0,"enemies":"2 Louse","floor":3.0,"turns":3.0},{"damage":0.0,"enemies":"Small Slimes","floor":4.0,"turns":3.0},{"damage":2.0,"enemies":"3 Louse","floor":5.0,"turns":3.0},{"damage":1.0,"enemies":"Lots of Slimes","floor":6.0,"turns":5.0},{"damage":9.0,"enemies":"Gremlin Gang","floor":8.0,"turns":4.0},{"damage":5.0,"enemies":"Blue Slaver","floor":9.0,"turns":3.0},{"damage":0.0,"enemies":"downfall:FleeingMerchant","floor":10.0,"turns":4.0},{"damage":0.0,"enemies":"Replay:BlueRogue","floor":12.0,"turns":6.0},{"damage":6.0,"enemies":"Exordium Wildlife","floor":14.0,"turns":4.0},{"damage":0.0,"enemies":"conspire:2 RoseBushes","floor":15.0,"turns":5.0},{"damage":0.0,"enemies":"downfall:Silent","floor":16.0,"turns":9.0},{"damage":0.0,"enemies":"Spheric Guardian","floor":19.0,"turns":5.0},{"damage":0.0,"enemies":"3 Byrds","floor":20.0,"turns":2.0},{"damage":11.0,"enemies":"Centurion and Healer","floor":21.0,"turns":11.0},{"damage":4.0,"enemies":"3 Cultists","floor":22.0,"turns":5.0},{"damage":2.0,"enemies":"Snake Plant","floor":26.0,"turns":4.0},{"damage":10.0,"enemies":"Sentry and Sphere","floor":27.0,"turns":5.0},{"damage":4,"enemies":"3 Cultists","floor":28,"turns":5},{"damage":0,"enemies":"Shelled Parasite and Fungi","floor":29,"turns":7},{"damage":10,"enemies":"downfall:LadyInBlue","floor":31,"turns":6},{"damage":0,"enemies":"Centurion and Healer","floor":32,"turns":5},{"damage":45,"enemies":"downfall:Watcher","floor":33,"turns":9},{"damage":2,"enemies":"3 Darklings","floor":36,"turns":5},{"damage":0,"enemies":"Orb Walker","floor":37,"turns":4},{"damage":0,"enemies":"downfall:FleeingMerchant","floor":38,"turns":4},{"damage":0,"enemies":"Spire Growth","floor":39,"turns":6},{"damage":4,"enemies":"R_Hoarder","floor":40,"turns":8},{"damage":3,"enemies":"Jaw Worm Horde","floor":42,"turns":5},{"damage":1,"enemies":"Writhing Mass","floor":44,"turns":4},{"damage":0,"enemies":"Spire Growth","floor":45,"turns":4},{"damage":2,"enemies":"4 Shapes","floor":46,"turns":6},{"damage":0,"enemies":"downfall:FleeingMerchant","floor":48,"turns":4},{"damage":17,"enemies":"Jaw Worm Horde","floor":49,"turns":4},{"damage":101,"enemies":"downfall:Defect","floor":50,"turns":11}],"seed_played":"-955738233283155388","potions_obtained":[{"floor":3.0,"key":"DuplicationPotion"},{"floor":6.0,"key":"Energy Potion"},{"floor":8.0,"key":"Milkshake"},{"floor":9.0,"key":"FearPotion"},{"floor":14.0,"key":"Explosive Potion"},{"floor":15.0,"key":"Strength Potion"},{"floor":20.0,"key":"Block Potion"},{"floor":27,"key":"sneckomod:MuddlingPotion"},{"floor":28,"key":"infinitespire:BlackPotion"},{"floor":31,"key":"SkillPotion"},{"floor":31,"key":"Guardian:AcceleratePotion"},{"floor":31,"key":"Venom Potion"},{"floor":32,"key":"Dexterity Potion"},{"floor":33,"key":"PowerPotion"},{"floor":36,"key":"ColorlessPotion"},{"floor":39,"key":"SteroidPotion"},{"floor":44,"key":"SteroidPotion"},{"floor":46,"key":"FairyPotion"},{"floor":49,"key":"Guardian:DefensiveModePotion"}],"is_trial":false,"path_per_floor":["R","M","M","M","M","M","T","M","M","$","?","E","R","M","M","B",null,"R_BF","M","M","M","M","?","T","?","M","M","M","M","R","?","M","B",null,"R","M","M","$","M","E","T","M","?","M","M","M","T","$","M","B",null],"character_chosen":"GUARDIAN","items_purchased":["Replay:Arrowhead","Dota2Spire:AssaultCuirass","REME_BodyOfCthun","REME_HandOfSuture","Dota2Spire:ArcaneBoots","REME_BattleFury","Guide Book","Guardian:EvasiveProtocol"],"campfire_rested":0,"item_purchase_floors":[10,10,10,38,38,48,48,48],"current_hp_per_floor":[98,92,92,92,90,89,89,80,75,75,108,108,108,102,102,102,108,108,108,108,97,101,101,101,101,99,89,93,101,101,98,98,53,108,108,106,106,106,106,104,104,101,101,100,100,98,98,98,96,32],"gold":92,"neow_bonus":"TEN_PERCENT_HP_BONUS","is_daily":false,"chose_seed":false,"campfire_upgraded":7,"win_rate":0.0,"timestamp":1609511936,"path_taken":["R","M","M","M","M","?","T","M","M","$","?","E","R","M","M","BOSS","R_BF","M","M","?","M","?","T","?","M","?","M","M","R","?","M","BOSS","R","M","M","?","?","E","T","M","?","M","M","M","?","?","M","BOSS"],"items_purchased_type":["Relic","Relic","Card","Relic","Relic","Card","Relic","Card"],"build_version":"2020-12-22","purchased_purges":0,"victory":true,"max_hp_per_floor":[98,98,98,98,98,98,98,98,98,98,108,108,108,108,108,108,108,108,108,108,108,108,108,108,108,108,108,108,108,108,108,108,108,108,108,108,108,108,108,108,108,108,108,108,108,108,108,108,108,108],"card_choices":[{"not_picked":["Guardian:ShieldCharger","Guardian:PiercingHide"],"picked":"Guardian:ArmoredProtocol","floor":2.0},{"not_picked":["Guardian:Incinerate","Guardian:RollAttack"],"picked":"Guardian:PrimingBeam","floor":3.0},{"not_picked":["Guardian:BronzeArmor","Guardian:PrismaticBeam"],"picked":"Guardian:SpikerProtocol","floor":4.0},{"not_picked":["Guardian:ChargeCore","Guardian:PolyBeam"],"picked":"Guardian:DonusPower","floor":5.0},{"not_picked":["Guardian:PrismaticBeam","Guardian:Recover"],"picked":"Guardian:Gem_Lightblue","floor":6.0},{"not_picked":["Guardian:Suspension","Guardian:FloatingOrbs"],"picked":"Guardian:DecasProtection","floor":8.0},{"not_picked":["Guardian:PiercingHide","Guardian:PrismaticBeam"],"picked":"Guardian:Gem_Red","floor":9.0},{"not_picked":["Guardian:DonusPower","Guardian:ExploitGems"],"picked":"Guardian:Gem_Purple","floor":10.0},{"not_picked":["Guardian:TemporalShield","Guardian:Preprogram","Guardian:Planning"],"picked":"SKIP","floor":12.0},{"not_picked":["Guardian:TemporalShield","Guardian:Planning","Guardian:Incinerate"],"picked":"SKIP","floor":14.0},{"not_picked":["Guardian:Recover","Guardian:CrystalBeam"],"picked":"Guardian:Harden","floor":15.0},{"not_picked":["Guardian:RevengeProtocol","Guardian:StasisStrike"],"picked":"Guardian:Gem_Orange","floor":16.0},{"not_picked":["Guardian:Gem_Lightblue","Guardian:Recover"],"picked":"Guardian:Gem_Blue","floor":19.0},{"not_picked":["Guardian:CrystalBeam+1","Guardian:Preprogram+1"],"picked":"Guardian:PrismaticBeam","floor":20.0},{"not_picked":["Guardian:RollAttack+1","Guardian:PrismaticBeam"],"picked":"Guardian:Gem_Lightblue","floor":21.0},{"not_picked":["Guardian:Suspension+1","Guardian:Planning","Guardian:TimeBomb"],"picked":"SKIP","floor":22.0},{"not_picked":["Guardian:DonusPower","Guardian:Gem_Blue"],"picked":"Guardian:BronzeArmor","floor":26.0},{"not_picked":["Guardian:Recover","Guardian:PrimingBeam"],"picked":"Guardian:ExploitGems","floor":27},{"not_picked":["Guardian:Planning+1","Guardian:ChargeCore","Guardian:GuardianWhirl"],"picked":"SKIP","floor":28},{"not_picked":["Guardian:CrystalBeam","Guardian:Planning"],"picked":"Guardian:Gem_Red","floor":29},{"not_picked":["Guardian:Clone","Guardian:EvasiveProtocol"],"picked":"Guardian:Gem_Cyan","floor":31},{"not_picked":["Guardian:MultiBeam","Guardian:Gem_Lightblue"],"picked":"Guardian:RevengeProtocol","floor":32},{"not_picked":["Guardian:FastForward","Guardian:AncientConstruct"],"picked":"Guardian:SphericShield","floor":33},{"not_picked":["Guardian:TemporalShield+1","Guardian:TemporalStrike+1"],"picked":"Guardian:Gem_Purple","floor":36},{"not_picked":["Guardian:TemporalStrike+1","Guardian:ChargeCore"],"picked":"Guardian:Gem_Lightblue","floor":37},{"not_picked":["Guardian:RollAttack","Guardian:Gem_Blue"],"picked":"Guardian:SpikerProtocol+1","floor":38},{"not_picked":["Guardian:ShieldSpikes","Guardian:Planning"],"picked":"Guardian:SpikerProtocol+1","floor":39},{"not_picked":["Guardian:CrystalBeam","Guardian:Reroute"],"picked":"Guardian:Repulse+1","floor":40},{"not_picked":["Guardian:TemporalStrike+1","Guardian:TimeBomb"],"picked":"Guardian:Gem_Green","floor":42},{"not_picked":["Guardian:Recover+1","Guardian:Preprogram+1"],"picked":"Guardian:Gem_Lightblue","floor":44},{"not_picked":["Guardian:Preprogram","Guardian:RollAttack"],"picked":"Guardian:TemporalShield","floor":45},{"not_picked":["Guardian:AncientConstruct","Guardian:Gem_Green"],"picked":"Guardian:Gem_Red","floor":46},{"not_picked":["Guardian:ChargeCore","Guardian:ArmoredProtocol"],"picked":"Guardian:Suspension","floor":48},{"not_picked":["Guardian:Recover+1","Guardian:ShieldSpikes+1"],"picked":"Guardian:Gem_Purple","floor":49}],"player_experience":45650,"relics_obtained":[{"floor":7.0,"key":"Replay:Mystery Machine"},{"floor":12.0,"key":"infinitespire:BottledMercury"},{"floor":18.0,"key":"Dota2Spire:DrumOfEndurance"},{"floor":24.0,"key":"Replay:Bottled Flurry"},{"floor":31,"key":"Potion Belt"},{"floor":40,"key":"Pet Ghost"},{"floor":41,"key":"hubris:64BitClover"},{"floor":47,"key":"PreservedInsect"}],"event_choices":[{"damage_healed":0.0,"max_hp_gain":0.0,"max_hp_loss":0.0,"gold_gain":0.0,"event_name":"NoteForYourself","player_choice":"Ignored","floor":25.0,"gold_loss":0.0,"damage_taken":0.0}],"is_beta":false,"boss_relics":[{"not_picked":["energizedSpire:OgreHead","ReplayTheSpireMod:SealedPack"],"picked":"conspire:SpecialSausage"},{"not_picked":["conspire:SlowCooker","ChewingGum"],"picked":"Ring of Chaos"}],"items_purged_floors":[],"is_endless":false,"potions_floor_spawned":[3,6,8,9,14,15,20,27,28,32,33,36,39,44,46,49],"ascension_level":0}}