{"host":"3vgzk5mhz751jdrj","time":1609494497,"event":{"mods":["2.2 Compatiblity","AchievementEnabler","Act Like it!","Aspiration","BaseMod","Better Match","Better Note","Better Sensory Stone","Better Skull","Better Third Choice","Block Reminder","Colored Map","Conspire","Displayed Cursed Tome","Downfall","Downfall-Rebalance","Friendly Minions","GifTheSpireLib","Halation","Hubris","Marked Mod","Mimic Mod","Minty Spire (QoL Compilation)","Quick Restart","Rare Cards Sparkle","Replay The Spire","Reworked Bosses","Shop Mod","Spicy Shops","Spikes Relics","StSLib","Stuff the Spire","The Marked","Trackpad","vexMod"],"gold_per_floor":[111,157,2,16,33,60,60,60,97,29,58,77,90,13,13,113,113,99,49,60,60,60,88,88,88,88,118,118,146,146,146,146,246,246,259,259,132,150,150,150,150],"floor_reached":40,"playtime":2011,"items_purged":["hubris:Wrath"],"score":448,"play_id":"df1cc41b-0459-4b51-b0d8-e1f381f74ae6","local_time":"20210101044817","is_ascension_mode":false,"campfire_choices":[{"data":"theMarked:Parry","floor":8,"key":"SMITH"},{"floor":15,"key":"REST"},{"data":"theMarked:MysticalArsenal","floor":24,"key":"SMITH"},{"floor":28,"key":"REST"},{"floor":30,"key":"REST"},{"floor":32,"key":"RECALL"}],"circlet_count":0,"master_deck":["theMarked:Strike","theMarked:Strike","theMarked:Strike","theMarked:Strike","theMarked:Strike","theMarked:Defend","theMarked:Defend","theMarked:Defend","theMarked:Defend","theMarked:SoldierOfQuellstein","theMarked:MagicAdept","theMarked:ElementalBlade","theMarked:Parry+1","theMarked:ReduceFriction","theMarked:MysticalArsenal+1","theMarked:Electrocute","theMarked:SuspiciousRaven","theMarked:Parry+1","theMarked:AttractMetal","theMarked:HeritageOfTheMarked+1","theMarked:Electrocute","theMarked:Challenge","theMarked:EmpowerWeapon","theMarked:Defy","theMarked:Polarize+1","Apotheosis","Finesse","theMarked:MysticalArsenal+1"],"relics":["theMarked:ArtifactOfAir","vexMod:MemoryStick","trackpad:AdjectivePendant","Nunchaku","ReplayTheSpireMod:CursedCoin","SpikesRelics:DaevaFist","aspiration:HummingbirdHeart","theMarked:SpiritSword","conspire:Boomerang","WingedGreaves","trackpad:FieryHotPepper","Toy Ornithopter","halation:Yufonium"],"acts_visited":["Exordium","TheCity","TheBeyond"],"potions_floor_usage":[4,5,16,23,23,27,29,40],"damage_taken":[{"damage":10,"enemies":"Cultist","floor":1,"turns":4},{"damage":1,"enemies":"Small Slimes","floor":4,"turns":3},{"damage":0,"enemies":"2 Louse","floor":5,"turns":2},{"damage":19,"enemies":"3 Sentries","floor":6,"turns":9},{"damage":3,"enemies":"Exordium Thugs","floor":9,"turns":9},{"damage":26,"enemies":"Lagavulin","floor":11,"turns":8},{"damage":7,"enemies":"Exordium Thugs","floor":12,"turns":4},{"damage":0,"enemies":"Red Slaver","floor":13,"turns":3},{"damage":22,"enemies":"Slime Boss","floor":16,"turns":10},{"damage":0,"enemies":"2 Thieves","floor":18,"turns":4},{"damage":0,"enemies":"3 Byrds","floor":20,"turns":4},{"damage":22,"enemies":"Book of Stabbing","floor":23,"turns":6},{"damage":21,"enemies":"Gremlin Leader","floor":27,"turns":6},{"damage":26,"enemies":"Slavers","floor":29,"turns":4},{"damage":28,"enemies":"conspire:MysteriousRune","floor":33,"turns":8},{"damage":18,"enemies":"Orb Walker","floor":35,"turns":5},{"damage":6,"enemies":"3 Shapes","floor":38,"turns":3},{"damage":59,"enemies":"Reptomancer","floor":40,"turns":5}],"seed_played":"-1609112474314448140","potions_obtained":[{"floor":1,"key":"Weak Potion"},{"floor":4,"key":"Swift Potion"},{"floor":13,"key":"sneckomod:MuddlingPotion"},{"floor":20,"key":"LifebloodPotion"},{"floor":21,"key":"Guardian:BlockOnCardUsePotion"},{"floor":21,"key":"SkillPotion"},{"floor":27,"key":"Swift Potion"},{"floor":35,"key":"Explosive Potion"}],"is_trial":false,"path_per_floor":["M","T","$","M","M","E","?","R","MIM","$","E","M","M","$","R","B",null,"M","?","M","?","$","E","R","?","T","E","R","E","R","$","R","B",null,"M","?","$","M","?","E"],"character_chosen":"THE_DEFAULT","items_purchased":["trackpad:AdjectivePendant","ReplayTheSpireMod:CursedCoin","SpikesRelics:DaevaFist","theMarked:Electrocute","Finesse"],"campfire_rested":3,"item_purchase_floors":[3,10,10,14,37],"current_hp_per_floor":[60,60,60,59,59,40,40,40,37,37,11,4,4,4,25,3,70,70,70,70,70,70,48,48,48,48,27,48,22,43,43,43,15,70,52,52,52,46,46,0,0],"gold":150,"neow_bonus":"ONE_RANDOM_RARE_CARD","is_daily":false,"chose_seed":false,"campfire_upgraded":2,"win_rate":0.0,"timestamp":1609494497,"path_taken":["M","?","?","M","?","E","?","R","MIM","$","E","M","M","?","R","BOSS","M","?","M","?","$","E","R","?","T","E","R","E","R","$","R","BOSS","M","?","$","?","?","E"],"items_purchased_type":["Relic","Relic","Relic","Card","Card"],"build_version":"2020-12-22","purchased_purges":1,"victory":false,"max_hp_per_floor":[70,70,70,70,70,70,70,70,70,70,70,70,70,70,70,70,70,70,70,70,70,70,70,70,70,70,70,70,70,70,70,70,70,70,70,70,70,70,70,70,70],"card_choices":[{"not_picked":["theMarked:ComboAttacks","theMarked:HeightenedSenses"],"picked":"theMarked:ElementalBlade","floor":1},{"not_picked":["theMarked:StartUp","theMarked:Improvise","theMarked:Frustration"],"picked":"SKIP","floor":4},{"not_picked":["theMarked:MaelstromOfLightning","theMarked:BanishingStrike"],"picked":"theMarked:Parry","floor":5},{"not_picked":["theMarked:SwordAndMagic","theMarked:Vacuum"],"picked":"theMarked:ReduceFriction","floor":6},{"not_picked":["theMarked:Static","theMarked:Convert"],"picked":"theMarked:MysticalArsenal","floor":11},{"not_picked":["theMarked:Frustration","theMarked:Panic","theMarked:HeightenedSenses"],"picked":"SKIP","floor":12},{"not_picked":["theMarked:TwofoldDefense","theMarked:Overthink","theMarked:BanishingStrike"],"picked":"SKIP","floor":13},{"not_picked":["theMarked:FavorableWinds","theMarked:ThrowWeapon"],"picked":"theMarked:SuspiciousRaven","floor":16},{"not_picked":["theMarked:ReduceFriction+1","theMarked:Parkour"],"picked":"theMarked:Parry+1","floor":18},{"not_picked":["theMarked:Parry","theMarked:LightningStrikesTwice"],"picked":"theMarked:AttractMetal","floor":20},{"not_picked":["theMarked:ShockingTouch","theMarked:ElectricStrings+1"],"picked":"theMarked:HeritageOfTheMarked+1","floor":23},{"not_picked":["theMarked:Improvise","theMarked:Parry+1"],"picked":"theMarked:Challenge","floor":27},{"not_picked":["theMarked:WastefulDefense","theMarked:Parkour"],"picked":"theMarked:EmpowerWeapon","floor":29},{"not_picked":["theMarked:EternalStudent","theMarked:UnarmedFury"],"picked":"theMarked:Defy","floor":33},{"not_picked":["theMarked:HeritageOfTheMarked+1","theMarked:ChainLightning"],"picked":"theMarked:Polarize+1","floor":35},{"not_picked":["theMarked:Parkour+1","theMarked:Parry+1","theMarked:SwordAndMagic"],"picked":"SKIP","floor":38}],"player_experience":403449,"relics_obtained":[{"floor":2,"key":"vexMod:MemoryStick"},{"floor":6,"key":"Nunchaku"},{"floor":11,"key":"aspiration:HummingbirdHeart"},{"floor":23,"key":"conspire:Boomerang"},{"floor":26,"key":"WingedGreaves"},{"floor":27,"key":"trackpad:FieryHotPepper"},{"floor":29,"key":"Toy Ornithopter"}],"event_choices":[{"damage_healed":0,"gold_gain":0,"player_choice":"Bet on Murderer","damage_taken":0,"max_hp_gain":0,"max_hp_loss":0,"event_name":"The Joust","floor":19,"gold_loss":50},{"damage_healed":0,"gold_gain":0,"player_choice":"Got Potions","damage_taken":0,"max_hp_gain":0,"max_hp_loss":0,"event_name":"Lab","floor":21,"gold_loss":0},{"damage_healed":0,"gold_gain":0,"player_choice":"Copied","damage_taken":0,"max_hp_gain":0,"max_hp_loss":0,"event_name":"Duplicator","floor":25,"gold_loss":0,"cards_obtained":["theMarked:Electrocute"]},{"cards_removed":["theMarked:MysticalArsenal"],"damage_healed":0,"gold_gain":0,"player_choice":"Take \u0026 Give","damage_taken":0,"max_hp_gain":0,"max_hp_loss":0,"event_name":"betterNote:BetterNote","floor":36,"gold_loss":0,"cards_obtained":["Apotheosis"]},{"damage_healed":0,"gold_gain":3,"player_choice":"4","damage_taken":0,"max_hp_gain":0,"max_hp_loss":0,"event_name":"betterStone:BetterStone","floor":39,"gold_loss":0,"cards_obtained":["theMarked:MysticalArsenal"]}],"is_beta":false,"boss_relics":[{"not_picked":["vexMod:RockOfEvil","trackpad:Coffee"],"picked":"theMarked:SpiritSword"},{"not_picked":["Empty Cage","Runic Dome"],"picked":"halation:Yufonium"}],"items_purged_floors":[10],"is_endless":false,"potions_floor_spawned":[1,4,13,20,27,35],"killed_by":"Reptomancer","ascension_level":0}}