{"host":"vumwfieg2b2mnrfl","time":1609532652,"event":{"mods":["AchievementEnabler","BaseMod","Minty Spire (QoL Compilation)","Rare Cards Sparkle","Relic Stats"],"gold_per_floor":[18,36,36,36,51,68,68,96,167,167,167,195,211,246,246,350,350,350,350,350,350,350,350,350,350,350,350,350,350,350,350,350,350,350,350,350,350,350,350,350,350,350,350,350,350,195,195,195,195,195,195,195,126,126,126],"floor_reached":54,"playtime":2231,"items_purged":[],"score":1113,"play_id":"8b356459-f504-4119-a844-aaed07ccc422","local_time":"20210101142412","is_ascension_mode":true,"campfire_choices":[{"data":"Zap","floor":7,"key":"SMITH"},{"data":"Dualcast","floor":10,"key":"SMITH"},{"floor":15,"key":"REST"},{"floor":23,"key":"REST"},{"floor":25,"key":"REST"},{"data":"Lockon","floor":32,"key":"SMITH"},{"data":"Apotheosis","floor":40,"key":"SMITH"},{"floor":42,"key":"REST"},{"floor":49,"key":"RECALL"},{"floor":52,"key":"REST"}],"circlet_count":0,"master_deck":["Strike_B","Strike_B","Defend_B","Defend_B","Defend_B","Zap+1","Dualcast+1","Chill","Conserve Battery","Cold Snap","Static Discharge","Lockon+1","Multi-Cast","Doom and Gloom","Thunder Strike","Coolheaded+1","Undo","Glacier","Cold Snap","Electrodynamics","Hologram+1","Apotheosis+1","Capacitor+1","Loop+1","Reinforced Body+1","Echo Form","Barrage","Thunder Strike"],"relics":["Cracked Core","FossilizedHelix","Ginger","Blue Candle","Boot","Oddly Smooth Stone","Ectoplasm","Cables","HornCleat","Strawberry","Meat on the Bone","Nunchaku","Inserter","Dream Catcher","PreservedInsect"],"acts_visited":["Exordium","TheCity","TheBeyond","TheEnding"],"potions_floor_usage":[14,16,24,30,31,33,39],"damage_taken":[{"damage":0,"enemies":"Small Slimes","floor":1,"turns":3},{"damage":0,"enemies":"Cultist","floor":2,"turns":3},{"damage":0,"enemies":"Jaw Worm","floor":5,"turns":3},{"damage":1,"enemies":"Lots of Slimes","floor":6,"turns":4},{"damage":10,"enemies":"Lagavulin","floor":8,"turns":8},{"damage":15,"enemies":"3 Sentries","floor":12,"turns":9},{"damage":0,"enemies":"2 Fungi Beasts","floor":13,"turns":4},{"damage":7,"enemies":"Gremlin Nob","floor":14,"turns":4},{"damage":0,"enemies":"Slime Boss","floor":16,"turns":9},{"damage":20,"enemies":"Shell Parasite","floor":18,"turns":6},{"damage":12,"enemies":"Spheric Guardian","floor":21,"turns":4},{"damage":8,"enemies":"Cultist and Chosen","floor":22,"turns":6},{"damage":20,"enemies":"Gremlin Leader","floor":24,"turns":6},{"damage":16,"enemies":"Slavers","floor":27,"turns":4},{"damage":0,"enemies":"Centurion and Healer","floor":28,"turns":4},{"damage":1,"enemies":"Snake Plant","floor":29,"turns":5},{"damage":16,"enemies":"Book of Stabbing","floor":30,"turns":5},{"damage":11,"enemies":"Champ","floor":33,"turns":8},{"damage":0,"enemies":"3 Shapes","floor":35,"turns":2},{"damage":0,"enemies":"3 Darklings","floor":38,"turns":6},{"damage":44,"enemies":"Transient","floor":39,"turns":5},{"damage":91,"enemies":"Giant Head","floor":41,"turns":10},{"damage":0,"enemies":"Maw","floor":44,"turns":7},{"damage":12,"enemies":"Spire Growth","floor":45,"turns":5},{"damage":20,"enemies":"Time Eater","floor":50,"turns":11},{"damage":93,"enemies":"Shield and Spear","floor":54,"turns":5}],"seed_played":"-8243093837157792801","potions_obtained":[{"floor":5,"key":"FairyPotion"},{"floor":8,"key":"Weak Potion"},{"floor":12,"key":"ColorlessPotion"},{"floor":21,"key":"FocusPotion"},{"floor":28,"key":"FairyPotion"},{"floor":29,"key":"SkillPotion"},{"floor":30,"key":"SteroidPotion"},{"floor":31,"key":"Fruit Juice"},{"floor":31,"key":"EssenceOfDarkness"},{"floor":33,"key":"SkillPotion"},{"floor":44,"key":"BlessingOfTheForge"}],"is_trial":false,"path_per_floor":["M","M","?","$","M","M","R","E","T","R","?","E","M","E","R","B",null,"M","?","$","M","M","R","E","R","T","E","M","M","E","?","R","B",null,"M","$","?","M","M","R","E","R","T","M","M","$","?","?","R","B",null,"R","$","E"],"character_chosen":"DEFECT","items_purchased":["PreservedInsect","Thunder Strike"],"campfire_rested":5,"item_purchase_floors":[46,53],"current_hp_per_floor":[68,68,61,61,61,60,60,50,50,50,50,35,35,28,50,50,69,49,49,49,37,29,51,31,53,60,44,44,43,39,44,44,45,77,77,77,67,67,35,35,17,43,43,55,55,55,55,55,55,47,77,87,87,0,0],"gold":126,"neow_bonus":"ONE_RARE_RELIC","is_daily":false,"chose_seed":false,"campfire_upgraded":4,"win_rate":0.0,"timestamp":1609532652,"path_taken":["M","M","?","?","M","?","R","E","T","R","?","E","M","E","R","BOSS","M","?","$","M","M","R","E","R","T","E","?","M","E","?","R","BOSS","M","$","?","M","M","R","E","R","T","M","M","$","?","?","R","BOSS","R","$","E"],"items_purchased_type":["Relic","Card"],"build_version":"2020-12-22","purchased_purges":0,"victory":false,"max_hp_per_floor":[75,75,75,75,75,75,75,75,75,75,75,75,75,75,75,75,75,75,75,75,75,75,75,75,75,82,82,82,82,82,87,87,87,87,87,87,87,87,87,87,87,87,87,87,87,87,87,87,87,87,87,87,87,87,87],"relic_stats":{"Nunchaku":[6],"Dream Catcher":2,"Inserter":[24],"counters":[26,146],"Blue Candle":[0],"Ectoplasm":454,"PreservedInsect":77,"Ginger":[21],"Boot":[28],"obtain_stats":[{"Inserter":34,"Blue Candle":9,"Oddly Smooth Stone":14,"PreservedInsect":46,"Ginger":8,"Boot":12,"Cables":19,"Nunchaku":30,"Dream Catcher":41,"HornCleat":24,"Strawberry":26,"Ectoplasm":17,"Cracked Core":0,"FossilizedHelix":0,"Meat on the Bone":27},{"Inserter":18,"Blue Candle":5,"Oddly Smooth Stone":8,"PreservedInsect":24,"Ginger":5,"Boot":6,"Cables":10,"Nunchaku":17,"Dream Catcher":22,"HornCleat":13,"Strawberry":13,"Ectoplasm":9,"Cracked Core":0,"FossilizedHelix":0,"Meat on the Bone":14},{"Inserter":95,"Blue Candle":21,"Oddly Smooth Stone":38,"PreservedInsect":130,"Ginger":21,"Boot":30,"Cables":53,"Nunchaku":87,"Dream Catcher":118,"HornCleat":69,"Strawberry":69,"Ectoplasm":47,"Cracked Core":0,"FossilizedHelix":0,"Meat on the Bone":73}],"Cables":[83,32,29,22,0],"Meat on the Bone":84},"card_choices":[{"not_picked":["Leap","Hologram"],"picked":"Chill","floor":1},{"not_picked":["Fission","Hologram"],"picked":"Conserve Battery","floor":2},{"not_picked":["Conserve Battery","Steam"],"picked":"Barrage","floor":5},{"not_picked":["Gash","Redo"],"picked":"Cold Snap","floor":6},{"not_picked":["Melter","Consume"],"picked":"Static Discharge","floor":8},{"not_picked":["Hologram","Gash"],"picked":"Multi-Cast","floor":12},{"not_picked":["Streamline","Steam","Conserve Battery"],"picked":"SKIP","floor":13},{"not_picked":["Compile Driver","Self Repair"],"picked":"Doom and Gloom","floor":14},{"not_picked":["Meteor Strike","Core Surge"],"picked":"Thunder Strike","floor":16},{"not_picked":["Genetic Algorithm","Ball Lightning+1"],"picked":"Coolheaded+1","floor":18},{"not_picked":["Chaos","Leap"],"picked":"Undo","floor":21},{"not_picked":["Gash+1","Doom and Gloom","Conserve Battery"],"picked":"SKIP","floor":22},{"not_picked":["Rebound+1","Machine Learning"],"picked":"Glacier","floor":24},{"not_picked":["Chill","Genetic Algorithm+1","Barrage"],"picked":"SKIP","floor":27},{"not_picked":["Consume","Stack","Chaos"],"picked":"SKIP","floor":28},{"not_picked":["Go for the Eyes","Hologram"],"picked":"Cold Snap","floor":29},{"not_picked":["Aggregate","Auto Shields","Steam"],"picked":"SKIP","floor":30},{"not_picked":["Biased Cognition","Multi-Cast"],"picked":"Electrodynamics","floor":33},{"not_picked":["Undo+1","Gash+1"],"picked":"Hologram+1","floor":35},{"not_picked":["Forethought","Master of Strategy"],"picked":"Apotheosis","floor":37},{"not_picked":["Streamline","Auto Shields+1"],"picked":"Capacitor+1","floor":38},{"not_picked":["Cold Snap","Capacitor","Redo"],"picked":"SKIP","floor":39},{"not_picked":["Hologram+1","Scrape"],"picked":"Loop+1","floor":41},{"not_picked":["Coolheaded","White Noise+1"],"picked":"Reinforced Body+1","floor":42},{"not_picked":["Scrape+1","Hologram"],"picked":"Echo Form","floor":44},{"not_picked":["Doom and Gloom","Conserve Battery"],"picked":"Barrage","floor":45}],"player_experience":337032,"relics_obtained":[{"floor":8,"key":"Ginger"},{"floor":9,"key":"Blue Candle"},{"floor":12,"key":"Boot"},{"floor":14,"key":"Oddly Smooth Stone"},{"floor":24,"key":"HornCleat"},{"floor":26,"key":"Strawberry"},{"floor":27,"key":"Meat on the Bone"},{"floor":30,"key":"Nunchaku"},{"floor":41,"key":"Dream Catcher"}],"event_choices":[{"damage_healed":0,"gold_gain":0,"player_choice":"Damaged","damage_taken":7,"max_hp_gain":0,"max_hp_loss":0,"event_name":"Wheel of Change","floor":3,"gold_loss":0},{"damage_healed":0,"gold_gain":0,"cards_transformed":["Strike_B"],"player_choice":"Change","damage_taken":0,"max_hp_gain":0,"max_hp_loss":0,"event_name":"Living Wall","floor":11,"gold_loss":0,"cards_obtained":["Lockon"]},{"cards_removed":["Barrage"],"damage_healed":0,"gold_gain":0,"player_choice":"Gave Card","damage_taken":0,"relics_obtained":["Cables"],"max_hp_gain":0,"max_hp_loss":0,"event_name":"WeMeetAgain","floor":19,"gold_loss":0},{"damage_healed":0,"gold_gain":0,"player_choice":"Got Potions","damage_taken":0,"max_hp_gain":0,"max_hp_loss":0,"event_name":"Lab","floor":31,"gold_loss":0},{"damage_healed":0,"gold_gain":0,"player_choice":"Memory 3","damage_taken":10,"max_hp_gain":0,"max_hp_loss":0,"event_name":"SensoryStone","floor":37,"gold_loss":0},{"cards_removed":["Strike_B"],"damage_healed":0,"gold_gain":0,"player_choice":"Removed Attack","damage_taken":0,"max_hp_gain":0,"max_hp_loss":0,"event_name":"Falling","floor":47,"gold_loss":0},{"cards_removed":["Defend_B"],"damage_healed":0,"gold_gain":0,"player_choice":"Purged","damage_taken":0,"max_hp_gain":0,"max_hp_loss":0,"event_name":"Purifier","floor":48,"gold_loss":0}],"is_beta":false,"boss_relics":[{"not_picked":["SacredBark","Pandora\u0027s Box"],"picked":"Ectoplasm"},{"not_picked":["Cursed Key","Runic Dome"],"picked":"Inserter"}],"items_purged_floors":[],"is_endless":false,"potions_floor_spawned":[5,8,12,13,21,28,29,30,33,35,38,44],"killed_by":"Shield and Spear","ascension_level":8}}