{"host":"i0s8vbixp24k5aul","time":1609503148,"event":{"mods":["2.2 Compatiblity","Act Like it!","Aspiration","BaseMod","Better Note","Better Third Choice","Better Vampires","BetterUpgradePreview","Colorless Booster Pack","Dota2Spire","GifTheSpireLib","Halation","Hermit","Hubris","Jedi Mod","Minty Spire (QoL Compilation)","Optimize The Spire","StSLib","The Animator","TheWitcher","vexMod","??????REMEMod"],"gold_per_floor":[114,129,144,144,202,202,217,247,247,247,307,307,337,87,87,217,217,232,232,82,127,134,134,194,194,194,194,209,269,269,284,284,414,414,429,429,429,444,178,178,208,208],"floor_reached":41,"playtime":2202,"items_purged":[],"score":597,"play_id":"e0254908-7a67-4c9b-be94-3dc2a9d90112","local_time":"20210101151228","daily_mods":["Shiny","ControlledChaos","Elite Swarm"],"is_ascension_mode":false,"campfire_choices":[{"data":"Creative AI","floor":6,"key":"SMITH"},{"floor":12,"key":"REST"},{"floor":15,"key":"REST"},{"floor":23,"key":"REST"},{"data":"Ghostly","floor":27,"key":"SMITH"},{"floor":32,"key":"REST"},{"data":"jedi:cleanse","floor":40,"key":"SMITH"}],"circlet_count":0,"master_deck":["Hyperbeam","REME_ForAll","Machine Learning","Buffer","All For One","Core Surge","Multi-Cast","Thunder Strike","hubris:DoWhile","jedi:bruteforce","Electrodynamics","Rainbow","jedi:BurstDark","hubris:Prefetch","hubris:SpecializedCircuitry","jedi:studyfrost","Seek","jedi:gatheringstorm","Echo Form","Reboot","jedi:meditation","Fission","Biased Cognition","REME_Shoggoth","jedi:darknesscall+1","Meteor Strike","Amplify+1","jedi:readyaimfire","Creative AI+1","Corpse Explosion+1","Static Discharge","Fusion","Rebound","Conserve Battery","Rainbow","REME_ForAll","REME_Shoggoth","Buffer","Stack","jedi:locknload","Rainbow","Ghostly+1","Ghostly","Ghostly","Ghostly","Ghostly","REME_Compress","Electrodynamics","Electrodynamics","Redo+1","Hyperbeam","Ball Lightning+1","Dark Shackles","Ghostly+1","Ball Lightning","jedi:cleanse+1"],"relics":["Cracked Core","Frozen Eye","Regal Pillow","Dota2Spire:HandOfMidas","Blue Candle","StrikeDummy","Dota2Spire:PowerTreads","War Paint","vexMod:DeviousBotling","Nloth\u0027s Gift","Boot","vexMod:HeadHunter","TungstenRod","Gambling Chip","hubris:Towel","aspiration:RandomNobGenerator"],"acts_visited":["Exordium","TheCity","TheBeyond"],"potions_floor_usage":[11,11,16,16,16,16,16,16,21,24,24,31,41,41],"damage_taken":[{"damage":6,"enemies":"Cultist","floor":1,"turns":3},{"damage":15,"enemies":"Small Slimes","floor":2,"turns":3},{"damage":0,"enemies":"2 Louse","floor":3,"turns":1},{"damage":6,"enemies":"Blue Slaver","floor":7,"turns":3},{"damage":9,"enemies":"3 Sentries","floor":8,"turns":2},{"damage":11,"enemies":"Lagavulin","floor":11,"turns":7},{"damage":25,"enemies":"Gremlin Nob","floor":13,"turns":4},{"damage":52,"enemies":"Hexaghost","floor":16,"turns":9},{"damage":10,"enemies":"Chosen","floor":18,"turns":3},{"damage":10,"enemies":"3 Byrds","floor":21,"turns":2},{"damage":12,"enemies":"Centurion and Healer","floor":22,"turns":4},{"damage":18,"enemies":"Gremlin Leader","floor":24,"turns":3},{"damage":0,"enemies":"3 Cultists","floor":28,"turns":3},{"damage":18,"enemies":"Slavers","floor":29,"turns":4},{"damage":12,"enemies":"Snake Plant","floor":31,"turns":4},{"damage":0,"enemies":"Collector","floor":33,"turns":10},{"damage":0,"enemies":"3 Darklings","floor":35,"turns":2},{"damage":0,"enemies":"3 Shapes","floor":38,"turns":2},{"damage":44,"enemies":"Nemesis","floor":41,"turns":2}],"seed_played":"-2495295926900846280","potions_obtained":[{"floor":1,"key":"EssenceOfSteel"},{"floor":2,"key":"SpeedPotion"},{"floor":8,"key":"jedi:StrikingPotion"},{"floor":13,"key":"FearPotion"},{"floor":16,"key":"Swift Potion"},{"floor":21,"key":"Ancient Potion"},{"floor":22,"key":"Energy Potion"},{"floor":28,"key":"Swift Potion"},{"floor":29,"key":"PowerPotion"},{"floor":33,"key":"jedi:coolantleak"}],"is_trial":false,"path_per_floor":["M","M","M","?","?","R","M","E","T","T","E","R","E","$","R","B",null,"M","?","$","M","M","R","E","?","T","R","M","E","?","M","R","B",null,"M","?","?","M","$","R","E"],"character_chosen":"DEFECT","items_purchased":["EntropicBrew","War Paint","Boot","jedi:cleanse","Ancient Potion"],"campfire_rested":4,"item_purchase_floors":[14,14,20,39,39],"current_hp_per_floor":[69,54,54,54,54,54,48,39,39,39,28,65,40,40,75,23,75,65,65,65,55,43,75,57,37,37,37,37,19,19,7,33,33,37,37,37,37,37,37,37,0,0],"gold":208,"neow_bonus":"","is_daily":true,"chose_seed":false,"campfire_upgraded":3,"win_rate":0.0,"timestamp":1609503148,"path_taken":["M","M","?","?","?","R","?","E","T","?","E","R","E","$","R","BOSS","M","?","$","?","M","R","E","?","T","R","M","E","?","M","R","BOSS","M","?","?","M","$","R","E"],"items_purchased_type":["Potion","Relic","Relic","Card","Potion"],"build_version":"2020-12-22","purchased_purges":0,"victory":false,"max_hp_per_floor":[75,75,75,75,75,75,75,75,75,75,75,75,75,75,75,75,75,75,75,75,75,75,75,75,37,37,37,37,37,37,37,37,37,37,37,37,37,37,37,37,37,37],"card_choices":[{"not_picked":["Streamline","Hologram"],"picked":"Static Discharge","floor":1},{"not_picked":["jedi:BurstFrost","Redo"],"picked":"Fusion","floor":2},{"not_picked":["Lockon","Steam"],"picked":"Rebound","floor":3},{"not_picked":["REME_Compress","Undo"],"picked":"Conserve Battery","floor":7},{"not_picked":["Reboot","jedi:darknesscall"],"picked":"Rainbow","floor":8},{"not_picked":["Machine Learning","Rainbow"],"picked":"REME_ForAll","floor":11},{"not_picked":["Buffer","All For One"],"picked":"REME_Shoggoth","floor":13},{"not_picked":["hubris:DoWhile","REME_ForAll"],"picked":"Buffer","floor":16},{"not_picked":["Lockon","aspiration:Polymerization"],"picked":"Stack","floor":18},{"not_picked":["Sweeping Beam","Compile Driver","Undo"],"picked":"SKIP","floor":21},{"not_picked":["Beam Cell","jedi:BurstLightning"],"picked":"jedi:locknload","floor":22},{"not_picked":["jedi:bruteforce","Thunder Strike"],"picked":"Rainbow","floor":24},{"not_picked":["Steam","Rebound"],"picked":"REME_Compress","floor":28},{"not_picked":["Echo Form","hubris:SpecializedCircuitry"],"picked":"Electrodynamics","floor":29},{"not_picked":["Seek","Multi-Cast"],"picked":"Electrodynamics","floor":29},{"not_picked":["Cold Snap","Hologram"],"picked":"Redo+1","floor":31},{"not_picked":["Multi-Cast","jedi:meditation","jedi:studyfrost"],"picked":"Hyperbeam","floor":33},{"not_picked":["Go for the Eyes+1","jedi:BurstLightning"],"picked":"Ball Lightning+1","floor":35},{"not_picked":["Madness","jedi:forcepull"],"picked":"Dark Shackles","floor":36},{"not_picked":["jedi:BurstLightning","Rebound+1"],"picked":"Ball Lightning","floor":38}],"player_experience":763168,"relics_obtained":[{"floor":8,"key":"Regal Pillow"},{"floor":9,"key":"Dota2Spire:HandOfMidas"},{"floor":10,"key":"Blue Candle"},{"floor":11,"key":"StrikeDummy"},{"floor":13,"key":"Dota2Spire:PowerTreads"},{"floor":24,"key":"vexMod:HeadHunter"},{"floor":26,"key":"TungstenRod"},{"floor":29,"key":"Gambling Chip"}],"event_choices":[{"damage_healed":0,"gold_gain":0,"player_choice":"Grow","damage_taken":0,"max_hp_gain":0,"max_hp_loss":0,"event_name":"Living Wall","floor":4,"gold_loss":0,"cards_upgraded":["Corpse Explosion"]},{"damage_healed":0,"gold_gain":58,"player_choice":"Gained Gold","damage_taken":0,"max_hp_gain":0,"max_hp_loss":0,"event_name":"Golden Wing","floor":5,"gold_loss":0},{"damage_healed":0,"gold_gain":0,"player_choice":"Traded Relic","damage_taken":0,"relics_obtained":["Nloth\u0027s Gift"],"max_hp_gain":0,"max_hp_loss":0,"event_name":"N\u0027loth","floor":19,"relics_lost":["REME_ComplimentaryCards"],"gold_loss":0},{"damage_healed":0,"gold_gain":0,"player_choice":"Became a Ghost","damage_taken":0,"max_hp_gain":0,"max_hp_loss":38,"event_name":"Ghosts","floor":25,"gold_loss":0,"cards_obtained":["Ghostly","Ghostly","Ghostly","Ghostly","Ghostly"]},{"damage_healed":0,"gold_gain":0,"player_choice":"Memory 1","damage_taken":0,"max_hp_gain":0,"max_hp_loss":0,"event_name":"SensoryStone","floor":36,"gold_loss":0},{"damage_healed":0,"gold_gain":0,"player_choice":"Copied","damage_taken":0,"max_hp_gain":0,"max_hp_loss":0,"event_name":"Duplicator","floor":37,"gold_loss":0,"cards_obtained":["Ghostly"]}],"is_beta":false,"boss_relics":[{"not_picked":["Nuclear Battery","halation:CatFaceCupcake"],"picked":"vexMod:DeviousBotling"},{"not_picked":["aspiration:RunicSpoon","Black Star"],"picked":"aspiration:RandomNobGenerator"}],"items_purged_floors":[],"is_endless":false,"potions_floor_spawned":[1,2,8,13,16,21,22,28,29,33],"killed_by":"Nemesis","ascension_level":0}}