{"host":"gopu3kmfaoww0llm","time":1609495795,"event":{"mods":["BaseMod","DeckTracker","Minty Spire (QoL Compilation)","Quick Restart","StSLib","SuperFastMode"],"gold_per_floor":[111,126,51,126,146,146,176,176,201,201,201,219,250,266,266,342,342,386,436,62,75,92,92,92],"floor_reached":23,"playtime":502,"items_purged":["Regret","Defend_P"],"score":452,"play_id":"03016021-20ea-4b86-87e3-133abea03dc8","local_time":"20210101190955","is_ascension_mode":true,"campfire_choices":[{"floor":6.0,"key":"REST"},{"data":"Apotheosis","floor":8.0,"key":"SMITH"},{"data":"Eruption","floor":10.0,"key":"SMITH"},{"floor":15.0,"key":"REST"}],"circlet_count":0,"master_deck":["AscendersBane","Strike_P","Defend_P","Defend_P","Defend_P","Eruption+1","Vigilance+1","Apotheosis+1","FlurryOfBlows","InnerPeace","Tantrum","Wish","Pray+1","ThirdEye+1","Sanctity+1","Worship"],"relics":["PureWater","Tiny Chest","Damaru","Blue Candle","Astrolabe","Sundial"],"acts_visited":["Exordium","TheCity"],"potions_floor_usage":[22],"damage_taken":[{"damage":5.0,"enemies":"Small Slimes","floor":1.0,"turns":4.0},{"damage":28.0,"enemies":"Cultist","floor":2.0,"turns":4.0},{"damage":3.0,"enemies":"2 Louse","floor":5.0,"turns":3.0},{"damage":8.0,"enemies":"Lagavulin","floor":7.0,"turns":6.0},{"damage":4.0,"enemies":"Large Slime","floor":12.0,"turns":4.0},{"damage":0.0,"enemies":"Gremlin Nob","floor":13.0,"turns":2.0},{"damage":7.0,"enemies":"Looter","floor":14.0,"turns":3.0},{"damage":8.0,"enemies":"The Guardian","floor":16.0,"turns":9.0},{"damage":7.0,"enemies":"3 Byrds","floor":18.0,"turns":6.0},{"damage":0.0,"enemies":"Spheric Guardian","floor":21.0,"turns":3.0},{"damage":21,"enemies":"3 Cultists","floor":22,"turns":5},{"damage":33,"enemies":"Book of Stabbing","floor":23,"turns":4}],"seed_played":"4052601557826693403","potions_obtained":[{"floor":1.0,"key":"LiquidMemories"},{"floor":14.0,"key":"FearPotion"},{"floor":16.0,"key":"Block Potion"}],"is_trial":false,"path_per_floor":["M","M","$","?","M","R","E","R","T","R","?","M","E","M","R","B",null,"M","?","$","M","M","E"],"character_chosen":"WATCHER","items_purchased":["Sundial"],"campfire_rested":2,"item_purchase_floors":[20],"current_hp_per_floor":[56,28,28,17,14,34,26,26,26,26,26,22,22,15,35,27,58,51,51,51,51,30,0,0],"gold":92,"neow_bonus":"RANDOM_COLORLESS_2","is_daily":false,"chose_seed":false,"campfire_upgraded":2,"win_rate":0.0,"timestamp":1609495795,"path_taken":["M","M","$","?","M","R","E","R","T","R","?","M","E","M","R","BOSS","M","?","$","M","M","E"],"items_purchased_type":["Relic"],"build_version":"2020-12-22","purchased_purges":2,"victory":false,"max_hp_per_floor":[68,68,68,68,68,68,68,68,68,68,68,68,68,68,68,68,68,68,68,68,68,68,68,68],"card_choices":[{"not_picked":["Magnetism","Panache"],"picked":"Apotheosis","floor":0.0},{"not_picked":["Sanctity","Fasting2","FollowUp"],"picked":"SKIP","floor":1.0},{"not_picked":["Protect","CutThroughFate","Crescendo"],"picked":"SKIP","floor":2.0},{"not_picked":["Crescendo","CrushJoints"],"picked":"FlurryOfBlows","floor":5.0},{"not_picked":["Protect","Weave","Evaluate"],"picked":"SKIP","floor":7.0},{"not_picked":["LessonLearned","FlyingSleeves"],"picked":"InnerPeace","floor":12.0},{"not_picked":["InnerPeace","BowlingBash"],"picked":"Tantrum","floor":13.0},{"not_picked":["ReachHeaven","JustLucky","BowlingBash"],"picked":"SKIP","floor":14.0},{"not_picked":["Brilliance","LessonLearned"],"picked":"Wish","floor":16.0},{"not_picked":["LikeWater","Fasting2+1","FlurryOfBlows"],"picked":"SKIP","floor":18.0},{"not_picked":["FlurryOfBlows","Consecrate"],"picked":"Worship","floor":21.0},{"not_picked":["Pray","LikeWater","Indignation"],"picked":"SKIP","floor":22}],"player_experience":2896966,"relics_obtained":[{"floor":7.0,"key":"Tiny Chest"},{"floor":9.0,"key":"Damaru"},{"floor":13.0,"key":"Blue Candle"}],"event_choices":[{"damage_healed":0.0,"max_hp_gain":0.0,"max_hp_loss":0.0,"gold_gain":75.0,"event_name":"World of Goop","player_choice":"Gather Gold","floor":4.0,"gold_loss":0.0,"damage_taken":11.0},{"damage_healed":0.0,"max_hp_gain":0.0,"max_hp_loss":0.0,"gold_gain":0.0,"event_name":"Accursed Blacksmith","player_choice":"Forge","floor":11.0,"gold_loss":0.0,"damage_taken":0.0,"cards_upgraded":["Vigilance"]},{"damage_healed":0.0,"max_hp_gain":0.0,"max_hp_loss":0.0,"gold_gain":50.0,"event_name":"Nest","player_choice":"Stole From Cult","floor":19.0,"gold_loss":0.0,"damage_taken":0.0}],"is_beta":false,"boss_relics":[{"not_picked":["Empty Cage","HolyWater"],"picked":"Astrolabe"}],"items_purged_floors":[3,20],"is_endless":false,"potions_floor_spawned":[1,14,16],"killed_by":"Book of Stabbing","ascension_level":20}}