{"host":"hfxahm4y1ssattqc","time":1609477014,"event":{"mods":["2.2 Compatiblity","Act Like it!","BaseMod","Beaked The Cultist","BetterRewards","Colored Map","Colored Powertips","Custom Start","Googly Eyes","Halation","Hallownest","Highlight Path","Hubris","Mimic Mod","Minty Spire (QoL Compilation)","Shop Mod","Spikes Relics","StSLib","The Bug Knight","The IronCluck","The Jungle","Unknown Chances","slay the spire mod where everything is the same but ironclad has a cowboy hat"],"gold_per_floor":[117,117,137,67,97,123,123,138,138,158,158,158,158,172,172,172,172],"floor_reached":16,"playtime":854,"items_purged":[],"score":110,"play_id":"8c785612-61aa-4f21-b2f1-5483eb2ee08e","local_time":"20201231205654","is_ascension_mode":false,"campfire_choices":[{"data":"HollowMod:MantisMark","floor":11,"key":"SMITH"},{"floor":12,"key":"REST"},{"data":"HollowMod:DashSlash","floor":13,"key":"SMITH"},{"floor":15,"key":"REST"}],"circlet_count":0,"master_deck":["HollowMod:NailStrikeStart","HollowMod:NailStrikeStart","HollowMod:NailStrikeStart","HollowMod:NailStrikeStart","HollowMod:QuickDashStart","HollowMod:QuickDashStart","HollowMod:QuickDashStart","HollowMod:QuickDashStart","HollowMod:FocusHealStart","HollowMod:PogoStrike","Panacea","HollowMod:LifebloodCocoon","HollowMod:DescendingDark","HollowMod:DashSlash+1","HollowMod:VengefulSpirit","HollowMod:MantisMark+1"],"relics":["HollowMod:VesselMask","Hallownest:StagBellRelic1","Incense Burner","halation:VictoryRuler","hubris:Icosahedron","WingedGreaves"],"acts_visited":["Hallownest:Greenpath"],"potions_floor_usage":[16],"damage_taken":[{"damage":1,"enemies":"Hallownest:monsterHuskWarrior","floor":1,"turns":3},{"damage":3,"enemies":"Hallownest:monsterHuskGuard","floor":3,"turns":3},{"damage":30,"enemies":"Hallownest:eliteCrystalGuardian","floor":5,"turns":6},{"damage":21,"enemies":"Hallownest:eliteMossKnight","floor":6,"turns":20},{"damage":7,"enemies":"Hallownest:2_Tiktiks_and_1_Crawlid","floor":8,"turns":3},{"damage":0,"enemies":"Hallownest:monsterMossCharger","floor":10,"turns":6},{"damage":3,"enemies":"Hallownest:monsterFoolEater","floor":14,"turns":3},{"damage":70,"enemies":"Hallownest:BossHornet","floor":16,"turns":17}],"seed_played":"2602871863254455622","potions_obtained":[{"floor":3,"key":"BlessingOfTheForge"},{"floor":10,"key":"Swift Potion"},{"floor":14,"key":"SkillPotion"}],"is_trial":false,"path_per_floor":["M","?","M","?","?","E","?","M","T","M","R","R","R","M","R","B"],"character_chosen":"THE_BUGKNIGHT","items_purchased":[],"campfire_rested":2,"item_purchase_floors":[],"current_hp_per_floor":[74,64,61,61,31,22,22,15,15,21,21,43,43,40,62,0,0],"gold":172,"neow_bonus":"RANDOM_COLORLESS","is_daily":false,"chose_seed":false,"campfire_upgraded":2,"win_rate":0.0,"timestamp":1609477014,"path_taken":["M","?","?","?","?","E","?","M","T","?","R","R","R","M","R","BOSS"],"items_purchased_type":[],"build_version":"2020-12-22","purchased_purges":0,"victory":false,"max_hp_per_floor":[75,75,75,75,75,75,75,75,75,75,75,75,75,75,75,75,75],"card_choices":[{"not_picked":["Impatience","Mind Blast"],"picked":"Panacea","floor":0},{"not_picked":["HollowMod:SiblingsSouls","HollowMod:ShadowDash"],"picked":"HollowMod:LifebloodCocoon","floor":1},{"not_picked":["HollowMod:Grubsong","HollowMod:MonomonsArchive"],"picked":"HollowMod:DescendingDark","floor":3},{"not_picked":["HollowMod:SharpenedNail","HollowMod:SoulStrike"],"picked":"HollowMod:DashSlash","floor":5},{"not_picked":["HollowMod:MonomonsArchive","HollowMod:AbyssShriek"],"picked":"HollowMod:VengefulSpirit","floor":6},{"not_picked":["HollowMod:PerfectDash","HollowMod:SoulVessel","HollowMod:ShadowDash"],"picked":"SKIP","floor":8},{"not_picked":["HollowMod:DescendingDark","HollowMod:DoubleDash"],"picked":"HollowMod:MantisMark","floor":10},{"not_picked":["HollowMod:SharpenedNail","HollowMod:PureNailStrike","HollowMod:VengefulSpirit"],"picked":"SKIP","floor":14}],"player_experience":853495,"relics_obtained":[{"floor":5,"key":"Incense Burner"},{"floor":6,"key":"halation:VictoryRuler"},{"floor":9,"key":"WingedGreaves"}],"event_choices":[],"is_beta":false,"boss_relics":[],"items_purged_floors":[],"is_endless":false,"potions_floor_spawned":[3,10,14],"killed_by":"Hallownest:BossHornet","ascension_level":0}}