{"host":"38maufg2dcy7va3m","time":1609483149,"event":{"mods":["Act Like it!","BaseMod","Downfall","Hubris","Infinite Spire","Minty Spire (QoL Compilation)","Replay The Spire","StSLib"],"gold_per_floor":[115,133,133,144,159,159,42,54,131,206,222,50,50,62,62,167,167,185,100,112,132,132,132,164,164,164,164,228,228,263,273,273,377,377,395,395,21,21,21],"floor_reached":38,"playtime":2537,"items_purged":[],"score":429,"play_id":"5d460030-0b5e-4e3e-85d1-f323dc082bf7","local_time":"20201231223909","is_ascension_mode":false,"campfire_choices":[{"data":"Cleave","floor":6,"key":"SMITH"},{"floor":13,"key":"REST"},{"data":"Metallicize","floor":15,"key":"SMITH"},{"floor":23,"key":"REST"},{"floor":25,"key":"REST"},{"data":"infinitespire:Collect","floor":27,"key":"SMITH"},{"data":"Flame Barrier","floor":29,"key":"SMITH"},{"floor":32,"key":"REST"}],"circlet_count":0,"master_deck":["Strike_R","Strike_R+1","Strike_R","Strike_R","Strike_R+1","Defend_R","Defend_R","Defend_R","Defend_R","Bash","Cleave+1","Armaments","Pommel Strike","ReplayTheSpireMod:Strike From Hell","Barricade+1","Clash","Pommel Strike","Flex","Metallicize+1","Twin Strike","Heavy Blade","Fiend Fire","Flex","Wild Strike+1","Flame Barrier+1","infinitespire:Collect+1","Armaments+1","Shrug It Off+1","Headbutt+1","Battle Trance","Seeing Red","Double Tap","Body Slam+1","Metallicize","Metallicize","Entrench","Flash of Steel+1"],"relics":["Black Blood","Replay:Baseball","infinitespire:Eraser","infinitespire:Burning Sword","Mango","hubris:EmptyBottle","hubris:CuriousFeather","hubris:IronBody","Blood Vial","Molten Egg 2","hubris:Icosahedron","Potion Belt"],"acts_visited":["Exordium","TheCity","TheBeyond"],"potions_floor_usage":[2,5,16,20,24,24,31,33,33,33,38,38],"damage_taken":[{"damage":0,"enemies":"Small Slimes","floor":1,"turns":3},{"damage":0,"enemies":"Jaw Worm","floor":2,"turns":1},{"damage":0,"enemies":"2 Louse","floor":4,"turns":2},{"damage":7,"enemies":"Large Slime","floor":5,"turns":5},{"damage":6,"enemies":"Exordium Wildlife","floor":8,"turns":4},{"damage":16,"enemies":"Lots of Slimes","floor":11,"turns":4},{"damage":0,"enemies":"Large Slime","floor":14,"turns":2},{"damage":1,"enemies":"Slime Boss","floor":16,"turns":9},{"damage":16,"enemies":"3 Byrds","floor":18,"turns":4},{"damage":0,"enemies":"Shell Parasite","floor":20,"turns":2},{"damage":42,"enemies":"Shelled Parasite and Fungi","floor":21,"turns":5},{"damage":32,"enemies":"Book of Stabbing","floor":24,"turns":3},{"damage":13,"enemies":"Slavers","floor":30,"turns":4},{"damage":16,"enemies":"Snake Plant","floor":31,"turns":2},{"damage":44,"enemies":"Champ","floor":33,"turns":14},{"damage":29,"enemies":"3 Darklings","floor":35,"turns":8},{"damage":44,"enemies":"infinitespire:Three Voidlings","floor":38,"turns":4},{"damage":74,"enemies":"Nightmare_Alpha","floor":38,"turns":12}],"seed_played":"-7101445966149932788","potions_obtained":[{"floor":1,"key":"AttackPotion"},{"floor":2,"key":"Fire Potion"},{"floor":11,"key":"AttackPotion"},{"floor":18,"key":"DistilledChaos"},{"floor":21,"key":"LiquidBronze"},{"floor":24,"key":"FearPotion"},{"floor":28,"key":"Regen Potion"},{"floor":35,"key":"Regen Potion"}],"is_trial":false,"path_per_floor":["M","M","?","M","M","R","$","M","T","?","M","$","R","M","R","B",null,"M","?","M","M","AVR","R","E","R","T","R","?","R","E","M","R","B",null,"M","?","$","?"],"character_chosen":"IRONCLAD","items_purchased":["Barricade+1","Flex","Metallicize","Twin Strike","Metallicize","Entrench","Potion Belt","Flash of Steel+1"],"campfire_rested":4,"item_purchase_floors":[7,12,12,12,37,37,37,37],"current_hp_per_floor":[80,80,64,70,69,69,69,69,69,58,48,48,72,78,78,80,80,70,84,90,54,54,82,56,84,84,84,84,84,79,76,94,68,94,77,77,77,0,0],"gold":21,"neow_bonus":"RANDOM_COMMON_RELIC","is_daily":false,"chose_seed":false,"campfire_upgraded":4,"win_rate":0.0,"timestamp":1609483149,"path_taken":["M","M","?","M","M","R","$","M","T","?","M","$","R","M","R","BOSS","M","?","M","M","AVR","R","E","R","T","R","?","R","E","M","R","BOSS","M","?","$","?"],"items_purchased_type":["Card","Card","Card","Card","Card","Card","Relic","Card"],"build_version":"2020-12-22","purchased_purges":0,"victory":false,"max_hp_per_floor":[80,80,80,80,80,80,80,80,80,80,80,80,80,80,80,80,80,80,94,94,94,94,94,94,94,94,94,94,94,94,94,94,94,94,94,94,94,94,94],"card_choices":[{"not_picked":["Battle Trance","Heavy Blade"],"picked":"Cleave","floor":1},{"not_picked":["Flex","Rupture"],"picked":"Armaments","floor":2},{"not_picked":["ReplayTheSpireMod:Stacked","Replay:Undeath\u0027s Touch"],"picked":"Pommel Strike","floor":4},{"not_picked":["Evolve","Pummel"],"picked":"ReplayTheSpireMod:Strike From Hell","floor":5},{"not_picked":["Dark Embrace","Demon Form"],"picked":"Clash","floor":8},{"not_picked":["Fire Breathing","Cleave"],"picked":"Pommel Strike","floor":11},{"not_picked":["Dropkick","True Grit"],"picked":"Heavy Blade","floor":14},{"not_picked":["Replay:Many Hands","Corruption"],"picked":"Fiend Fire","floor":16},{"not_picked":["Pommel Strike","ReplayTheSpireMod:LeadingStrike"],"picked":"Flex","floor":18},{"not_picked":["Clothesline","Pommel Strike"],"picked":"Wild Strike+1","floor":20},{"not_picked":["Replay:Undeath\u0027s Touch","Headbutt+1"],"picked":"Flame Barrier","floor":21},{"not_picked":["Corruption","Twin Strike"],"picked":"Armaments+1","floor":24},{"not_picked":["Perfected Strike","hubris:SharpeningStone"],"picked":"Shrug It Off+1","floor":28},{"not_picked":["Cleave","Reckless Charge"],"picked":"Headbutt+1","floor":28},{"not_picked":["Dark Embrace+1","Defy Death"],"picked":"Battle Trance","floor":30},{"not_picked":["Evolve","hubris:ReadiedAction"],"picked":"Seeing Red","floor":31},{"not_picked":["Eclipse","Offering"],"picked":"Double Tap","floor":33},{"not_picked":["Infernal Blade+1","Perfected Strike+1"],"picked":"Body Slam+1","floor":35}],"player_experience":214385,"relics_obtained":[{"floor":9,"key":"infinitespire:Eraser"},{"floor":24,"key":"hubris:CuriousFeather"},{"floor":26,"key":"hubris:IronBody"},{"floor":28,"key":"Blood Vial"},{"floor":30,"key":"Molten Egg 2"}],"event_choices":[{"damage_healed":0,"gold_gain":0,"player_choice":"Entered Light","damage_taken":16,"max_hp_gain":0,"max_hp_loss":0,"event_name":"Shining Light","floor":3,"gold_loss":0,"cards_upgraded":["Strike_R","Strike_R"]},{"damage_healed":0,"gold_gain":75,"player_choice":"Gather Gold","damage_taken":11,"max_hp_gain":0,"max_hp_loss":0,"event_name":"World of Goop","floor":10,"gold_loss":0},{"damage_healed":0,"gold_gain":0,"player_choice":"Obtained Relic","damage_taken":0,"relics_obtained":["Mango"],"max_hp_gain":0,"max_hp_loss":0,"event_name":"Addict","floor":19,"gold_loss":85}],"is_beta":false,"boss_relics":[{"not_picked":["Replay:Grab Bag","Philosopher\u0027s Stone"],"picked":"infinitespire:Burning Sword"},{"not_picked":["Ring of Chaos","Cursed Key"],"picked":"Black Blood"}],"items_purged_floors":[],"is_endless":false,"potions_floor_spawned":[1,2,11,18,21,24,35],"killed_by":"Nightmare_Alpha","ascension_level":0}}