{"host":"kev6uqotw4tlyx8l","time":1609500152,"event":{"mods":["Act Like it!","Aspiration","BaseMod","Colored Powertips","Dota2Spire","Downfall","Hallownest","Infinite Spire","Marisa????????","Minty Spire (QoL Compilation)","Quick Restart","Remilia??????","Replay The Spire","StSLib","The Cursed","The Marked","The Mystic","The Servant 0.9.4"],"gold_per_floor":[114,289,249,265,276,276,289,289,316,316,115,133,99,99,99,201,201,215,227,227,246,256,256,256,256,256,271,196,211,228,146,146,244,244,254,254,268,90,90,90,101,101,151,169,169,180,193,193,193,193],"floor_reached":51,"playtime":2038,"items_purged":[],"score":540,"play_id":"e50768b7-f376-4fa7-97c7-292c5599dfb2","local_time":"20210101182232","is_ascension_mode":false,"campfire_choices":[{"data":"Unload","floor":6,"key":"SMITH"},{"data":"All Out Attack","floor":8,"key":"SMITH"},{"data":"Dash","floor":10,"key":"SMITH"},{"data":"Backstab","floor":15,"key":"SMITH"},{"data":"Infinite Blades","floor":23,"key":"SMITH"},{"data":"infinitespire:Starlight","floor":25,"key":"SMITH"},{"floor":32,"key":"REST"},{"data":"Blade Dance","floor":40,"key":"SMITH"},{"data":"Predator","floor":42,"key":"SMITH"},{"floor":49,"key":"REST"}],"circlet_count":0,"master_deck":["Strike_G+1","Strike_G+1","Strike_G+1","Strike_G+1","Strike_G+1","Defend_G+1","Defend_G+1","Defend_G+1","Defend_G+1","Survivor","Neutralize","Unload+1","All Out Attack+1","Underhanded Strike","Dash+1","Underhanded Strike","Dagger Throw+1","Heel Hook","Backstab+1","aspiration:Lunge","Shame","After Image","Replay:SS_forest_6","infinitespire:Starlight+1","Infinite Blades+1","Sucker Punch","Deflect","Blade Dance","Quick Slash","Predator+1","Backstab","Glass Knife","Dash","Blade Dance+1","Dagger Spray","Quick Slash+1","Blade Dance","PiercingWail","Wraith","Terror"],"relics":["Ring of the Snake","Dota2Spire:PowerTreads","BargainBundle","aspiration:Lifesprig","ReplayTheSpireMod:SealedPack","Tough Bandages","Sundial","Dota2Spire:ShadowBlade","Dota2Spire:RefresherOrb","Lee\u0027s Waffle","Spirit Poop","Dream Catcher"],"acts_visited":["Exordium","TheCity","TheBeyond"],"potions_floor_usage":[4,16,21,30,30,33,33,41,50],"damage_taken":[{"damage":0,"enemies":"Small Slimes","floor":1,"turns":3},{"damage":0,"enemies":"Jaw Worm","floor":4,"turns":2},{"damage":0,"enemies":"Cultist","floor":5,"turns":3},{"damage":0,"enemies":"Gremlin Gang","floor":7,"turns":2},{"damage":0,"enemies":"Lots of Slimes","floor":12,"turns":1},{"damage":26,"enemies":"Fading Forest","floor":16,"turns":11},{"damage":9,"enemies":"Shell Parasite","floor":18,"turns":3},{"damage":17,"enemies":"Spheric Guardian","floor":19,"turns":5},{"damage":18,"enemies":"Snake Plant","floor":21,"turns":4},{"damage":10,"enemies":"Centurion and Healer","floor":22,"turns":5},{"damage":29,"enemies":"Shelled Parasite and Fungi","floor":27,"turns":3},{"damage":22,"enemies":"Chosen and Byrds","floor":29,"turns":5},{"damage":0,"enemies":"Snake Plant","floor":30,"turns":2},{"damage":36,"enemies":"Collector","floor":33,"turns":13},{"damage":8,"enemies":"3 Darklings","floor":35,"turns":7},{"damage":15,"enemies":"3 Shapes","floor":37,"turns":2},{"damage":21,"enemies":"Spire Growth","floor":41,"turns":4},{"damage":3,"enemies":"Jaw Worm Horde","floor":44,"turns":2},{"damage":46,"enemies":"Writhing Mass","floor":46,"turns":7},{"damage":0,"enemies":"Transient","floor":47,"turns":5},{"damage":62,"enemies":"Replay:Hell Engine","floor":50,"turns":14}],"seed_played":"3555956827231615048","potions_obtained":[{"floor":3,"key":"CunningPotion"},{"floor":3,"key":"DuplicationPotion"},{"floor":3,"key":"FearPotion"},{"floor":4,"key":"Swift Potion"},{"floor":16,"key":"Strength Potion"},{"floor":21,"key":"Dexterity Potion"},{"floor":30,"key":"GamblersBrew"},{"floor":37,"key":"Poison Potion"},{"floor":46,"key":"Weak Potion"}],"is_trial":false,"path_per_floor":["M","?","?","M","M","R","M","R","T","R","$","M","$","?","R","B",null,"M","M","?","M","M","R","?","R","T","M","?","M","M","?","R","B",null,"M","?","M","$","?","R","M","R","T","M","?","M","M","?","R","B",null],"character_chosen":"THE_SILENT","items_purchased":["BargainBundle","Dagger Throw+1","Backstab","Lee\u0027s Waffle","Blade Dance"],"campfire_rested":2,"item_purchase_floors":[11,11,13,38,38],"current_hp_per_floor":[70,70,70,70,70,70,70,70,70,70,70,70,70,70,70,60,70,61,44,44,44,34,34,34,34,34,20,20,21,21,21,42,29,70,70,66,51,73,73,73,52,52,52,49,49,26,41,41,62,11],"gold":193,"neow_bonus":"ONE_RANDOM_RARE_CARD","is_daily":false,"chose_seed":false,"campfire_upgraded":8,"win_rate":0.0,"timestamp":1609500152,"path_taken":["M","?","?","M","?","R","M","R","T","R","$","?","?","?","R","BOSS","M","M","?","M","M","R","?","R","T","?","?","M","M","?","R","BOSS","M","?","M","$","?","R","M","R","T","?","?","M","M","?","R","BOSS"],"items_purchased_type":["Relic","Card","Card","Relic","Card"],"build_version":"2020-12-22","purchased_purges":0,"victory":true,"max_hp_per_floor":[70,70,70,70,70,70,70,70,70,70,70,70,70,70,70,70,70,70,70,70,70,70,70,70,70,70,70,70,70,70,70,70,70,70,70,66,66,73,73,73,73,73,73,73,73,73,73,73,73,73],"card_choices":[{"not_picked":["Sucker Punch","Noxious Fumes"],"picked":"All Out Attack","floor":1},{"not_picked":["Blade Dance","Well Laid Plans"],"picked":"Underhanded Strike","floor":4},{"not_picked":["Toxin Wave","Bane"],"picked":"Dash","floor":5},{"not_picked":["ReplayTheSpireMod:Tripwire","Blade Dance"],"picked":"Underhanded Strike","floor":7},{"not_picked":["Deadly Poison","Backflip"],"picked":"Heel Hook","floor":12},{"not_picked":["Doppelganger","Die Die Die"],"picked":"aspiration:Lunge","floor":16},{"not_picked":["ReplayTheSpireMod:From All Sides","Phantasmal Killer"],"picked":"After Image","floor":17},{"not_picked":["expansioncontent:TimeRipple","Forethought"],"picked":"Replay:SS_forest_6","floor":17},{"not_picked":["ReplayTheSpireMod:??????????????????????","infinitespire:TheBestDefense"],"picked":"infinitespire:Starlight","floor":17},{"not_picked":["Bane","Well Laid Plans+1"],"picked":"Infinite Blades","floor":18},{"not_picked":["Expertise","Masterful Stab+1"],"picked":"Sucker Punch","floor":19},{"not_picked":["infinitespire:Neurotoxin","Draining Mist"],"picked":"Deflect","floor":21},{"not_picked":["Crippling Poison","Deadly Poison"],"picked":"Blade Dance","floor":22},{"not_picked":["Footwork","Hidden Blade"],"picked":"Quick Slash","floor":27},{"not_picked":["infinitespire:Neurotoxin","Bouncing Flask"],"picked":"Predator","floor":29},{"not_picked":["Caltrops","Deadly Poison"],"picked":"Backstab","floor":30},{"not_picked":["Venomology","ReplayTheSpireMod:From All Sides"],"picked":"Glass Knife","floor":33},{"not_picked":["Leg Sweep+1","Crippling Poison","ReplayTheSpireMod:Tripwire"],"picked":"SKIP","floor":35},{"not_picked":["Hidden Blade","Dodge and Roll"],"picked":"Dash","floor":37},{"not_picked":["Dodge and Roll+1","Sneak Up"],"picked":"Dagger Spray","floor":41},{"not_picked":["Infinite Blades","Deadly Poison+1"],"picked":"Quick Slash+1","floor":44},{"not_picked":["Calculated Gamble","Dodge and Roll"],"picked":"Blade Dance","floor":46},{"not_picked":["Flying Knee","Poisoned Stab+1"],"picked":"PiercingWail","floor":47},{"not_picked":["Dagger Throw+1","Acrobatics+1"],"picked":"Terror","floor":49}],"player_experience":56503,"relics_obtained":[{"floor":9,"key":"Dota2Spire:PowerTreads"},{"floor":14,"key":"aspiration:Lifesprig"},{"floor":26,"key":"Sundial"},{"floor":43,"key":"Dream Catcher"}],"event_choices":[{"damage_healed":0,"gold_gain":175,"player_choice":"AGREE","damage_taken":0,"max_hp_gain":0,"max_hp_loss":0,"event_name":"Liars Game","floor":2,"gold_loss":0,"cards_obtained":["Doubt"]},{"damage_healed":0,"gold_gain":0,"player_choice":"Bought 3 Potions","damage_taken":0,"max_hp_gain":0,"max_hp_loss":0,"event_name":"The Woman in Blue","floor":3,"gold_loss":0},{"damage_healed":0,"gold_gain":0,"player_choice":"Simplicity","damage_taken":0,"max_hp_gain":0,"max_hp_loss":0,"event_name":"Back to Basics","floor":20,"gold_loss":0,"cards_upgraded":["Strike_G","Strike_G","Strike_G","Strike_G","Strike_G","Defend_G","Defend_G","Defend_G","Defend_G","Defend_G"]},{"cards_removed":["Amnesia"],"damage_healed":0,"gold_gain":0,"player_choice":"Gave Gold","damage_taken":0,"max_hp_gain":0,"max_hp_loss":0,"event_name":"Beggar","floor":28,"gold_loss":75},{"damage_healed":0,"gold_gain":0,"player_choice":"Paid Gold","damage_taken":0,"relics_obtained":["Dota2Spire:ShadowBlade"],"max_hp_gain":0,"max_hp_loss":0,"event_name":"WeMeetAgain","floor":31,"gold_loss":82},{"damage_healed":0,"gold_gain":0,"player_choice":"Max HP","damage_taken":0,"max_hp_gain":0,"max_hp_loss":4,"event_name":"Winding Halls","floor":36,"gold_loss":0},{"cards_removed":["Doubt"],"damage_healed":0,"gold_gain":0,"player_choice":"Offered Curse","damage_taken":0,"relics_obtained":["Spirit Poop"],"max_hp_gain":0,"max_hp_loss":0,"event_name":"Bonfire Elementals","floor":39,"gold_loss":0},{"cards_removed":["Defend_G"],"damage_healed":0,"gold_gain":0,"player_choice":"Removed Skill","damage_taken":0,"max_hp_gain":0,"max_hp_loss":0,"event_name":"Falling","floor":45,"gold_loss":0},{"damage_healed":0,"gold_gain":0,"player_choice":"Ignored","damage_taken":0,"max_hp_gain":0,"max_hp_loss":0,"event_name":"OrinTheCat","floor":48,"gold_loss":0}],"is_beta":false,"boss_relics":[{"not_picked":["Replay:Drink Me","Kintsugi"],"picked":"ReplayTheSpireMod:SealedPack"},{"not_picked":["Painkiller Herb","Snecko Eye"],"picked":"Dota2Spire:RefresherOrb"}],"items_purged_floors":[],"is_endless":false,"potions_floor_spawned":[4,16,21,29,30,37,46],"ascension_level":0}}