{"host":"e1zuqie93klo2ncl","time":1609538814,"event":{"mods":["AchievementEnabler","BaseMod","Minty Spire (QoL Compilation)","Relic Stats","StSLib"],"gold_per_floor":[118,5,23,35,53,87,87,117,117,152,171,246,246,281,281,354,354,366,366,40,40,55,89,101,131,131,162,11,43,53,0,0,74,74,84,101,117,131,131,157,157,183,238,270,285,285,285,210,210,210,210,210,210,52,52,52],"floor_reached":55,"playtime":7934,"items_purged":["Strike_G"],"score":2251,"play_id":"c9150dcd-c1de-446b-852c-bbd822d3d7f6","local_time":"20210101220654","is_ascension_mode":true,"campfire_choices":[{"data":"Backstab","floor":13.0,"key":"SMITH"},{"data":"Well Laid Plans","floor":15.0,"key":"SMITH"},{"floor":32.0,"key":"REST"},{"floor":41.0,"key":"REST"},{"floor":47.0,"key":"REST"},{"floor":49.0,"key":"RECALL"},{"data":"Wraith Form v2","floor":53,"key":"SMITH"}],"circlet_count":0,"master_deck":["AscendersBane","Defend_G","Defend_G","Survivor","Neutralize+1","Bullet Time+1","Deadly Poison+1","Glass Knife+1","Well Laid Plans+1","Acrobatics","Noxious Fumes","Dagger Spray","Venomology","Bouncing Flask","Backstab+1","Adrenaline","Wraith Form v2+1","Slice","Cloak And Dagger","Crippling Poison","Skewer","Bane+1","Leg Sweep","Footwork","Dodge and Roll","Calculated Gamble","Backflip","Night Terror","PiercingWail","Cloak And Dagger+1","Dodge and Roll+1","Apotheosis","Crippling Poison+1","Tactician","Blur"],"relics":["Astrolabe","Bottled Tornado","Omamori","Pen Nib","Ninja Scroll","Bottled Flame","Empty Cage","Snake Skull","Nilry\u0027s Codex","Prayer Wheel","Question Card","Shuriken","Art of War","Mercury Hourglass","Busted Crown","Vajra","Lantern","Tingsha","Bronze Scales"],"acts_visited":["Exordium","TheCity","TheBeyond","TheEnding"],"potions_floor_usage":[50,50,55],"damage_taken":[{"damage":0.0,"enemies":"Cultist","floor":1.0,"turns":3.0},{"damage":3.0,"enemies":"Small Slimes","floor":3.0,"turns":3.0},{"damage":1.0,"enemies":"Jaw Worm","floor":4.0,"turns":2.0},{"damage":13.0,"enemies":"3 Louse","floor":5.0,"turns":3.0},{"damage":6.0,"enemies":"Gremlin Nob","floor":6.0,"turns":3.0},{"damage":0.0,"enemies":"Lagavulin","floor":8.0,"turns":6.0},{"damage":27.0,"enemies":"Gremlin Nob","floor":10.0,"turns":4.0},{"damage":0.0,"enemies":"Blue Slaver","floor":11.0,"turns":3.0},{"damage":0.0,"enemies":"3 Sentries","floor":14.0,"turns":4.0},{"damage":3.0,"enemies":"The Guardian","floor":16.0,"turns":8.0},{"damage":1.0,"enemies":"Chosen","floor":18.0,"turns":4.0},{"damage":0.0,"enemies":"Spheric Guardian","floor":22.0,"turns":1.0},{"damage":6.0,"enemies":"Book of Stabbing","floor":23.0,"turns":4.0},{"damage":0.0,"enemies":"Snake Plant","floor":24.0,"turns":1.0},{"damage":22.0,"enemies":"Slavers","floor":25.0,"turns":5.0},{"damage":0.0,"enemies":"Gremlin Leader","floor":27.0,"turns":5.0},{"damage":2.0,"enemies":"Slavers","floor":29.0,"turns":5.0},{"damage":0.0,"enemies":"Cultist and Chosen","floor":30.0,"turns":5.0},{"damage":20.0,"enemies":"Collector","floor":33.0,"turns":7.0},{"damage":9.0,"enemies":"3 Darklings","floor":35.0,"turns":6.0},{"damage":5.0,"enemies":"3 Shapes","floor":36.0,"turns":5.0},{"damage":3.0,"enemies":"Transient","floor":37.0,"turns":6.0},{"damage":0.0,"enemies":"Maw","floor":38.0,"turns":8.0},{"damage":32.0,"enemies":"Reptomancer","floor":40.0,"turns":7.0},{"damage":10.0,"enemies":"Nemesis","floor":42.0,"turns":7.0},{"damage":1.0,"enemies":"Giant Head","floor":44.0,"turns":7.0},{"damage":11.0,"enemies":"3 Darklings","floor":45.0,"turns":4.0},{"damage":24,"enemies":"Donu and Deca","floor":50,"turns":6},{"damage":27,"enemies":"Time Eater","floor":51,"turns":7},{"damage":89,"enemies":"Shield and Spear","floor":55,"turns":3}],"seed_played":"-9005866707371208494","potions_obtained":[{"floor":3.0,"key":"SteroidPotion"},{"floor":5.0,"key":"BlessingOfTheForge"},{"floor":6.0,"key":"BlessingOfTheForge"},{"floor":8.0,"key":"SteroidPotion"},{"floor":25.0,"key":"SneckoOil"},{"floor":27.0,"key":"FearPotion"},{"floor":35.0,"key":"EssenceOfSteel"}],"is_trial":false,"path_per_floor":["M","$","M","M","M","E","?","E","T","E","M","?","R","E","R","B",null,"M","?","$","?","M","E","M","E","T","E","$","E","M","$","R","B",null,"M","M","M","M","?","E","R","E","T","E","M","$","R","?","R","B","B",null,"R","$","E"],"character_chosen":"THE_SILENT","items_purchased":["Well Laid Plans","Acrobatics","Snake Skull","Crippling Poison","Skewer","Leg Sweep","Backflip","Bronze Scales"],"campfire_rested":3,"item_purchase_floors":[2,2,20,20,20,28,31,54],"current_hp_per_floor":[59,59,56,55,42,36,36,36,36,9,9,19,19,19,19,16,54,53,53,53,32,32,26,26,4,4,4,4,2,2,2,21,1,50,41,36,33,33,33,1,20,10,10,9,19,19,38,38,38,14,8,52,52,52,0,0],"gold":52,"neow_bonus":"BOSS_RELIC","is_daily":false,"chose_seed":false,"campfire_upgraded":3,"win_rate":0.0,"timestamp":1609538814,"path_taken":["M","?","M","M","M","E","?","E","T","E","?","?","R","E","R","BOSS","M","?","$","?","M","E","M","E","T","E","?","E","M","$","R","BOSS","M","?","M","M","?","E","R","E","T","E","M","$","R","?","R","BOSS","BOSS","R","$","E"],"items_purchased_type":["Card","Card","Relic","Card","Card","Card","Card","Relic"],"build_version":"2020-12-22","purchased_purges":1,"victory":false,"max_hp_per_floor":[66,66,66,66,66,66,66,66,66,66,66,66,66,66,66,66,66,66,66,66,66,66,66,66,66,66,66,66,66,66,66,66,66,66,66,66,66,66,66,66,66,66,66,66,66,66,66,66,66,66,66,66,66,66,66,66],"relic_stats":{"counters":[30,141],"Astrolabe":["Bullet Time","Deadly Poison","Glass Knife"],"Tingsha":[11],"Pen Nib":[23],"Snake Skull":[150],"Question Card":19,"Mercury Hourglass":[316],"Busted Crown":28,"Shuriken":[29],"Bronze Scales":[9],"Prayer Wheel":7,"Art of War":[19],"obtain_stats":[{"Lantern":42,"Nilry\u0027s Codex":21,"Astrolabe":0,"Vajra":40,"Tingsha":44,"Pen Nib":9,"Snake Skull":20,"Omamori":8,"Bottled Tornado":6,"Empty Cage":17,"Question Card":25,"Mercury Hourglass":29,"Bottled Flame":14,"Busted Crown":34,"Ninja Scroll":10,"Shuriken":26,"Bronze Scales":54,"Prayer Wheel":23,"Art of War":27,"Ring of the Snake":0},{"Lantern":25,"Nilry\u0027s Codex":11,"Astrolabe":0,"Vajra":24,"Tingsha":26,"Pen Nib":6,"Snake Skull":11,"Omamori":6,"Bottled Tornado":5,"Empty Cage":10,"Question Card":15,"Mercury Hourglass":17,"Bottled Flame":9,"Busted Crown":19,"Ninja Scroll":7,"Shuriken":15,"Bronze Scales":29,"Prayer Wheel":13,"Art of War":16,"Ring of the Snake":0},{"Lantern":114,"Nilry\u0027s Codex":43,"Astrolabe":0,"Vajra":107,"Tingsha":121,"Pen Nib":20,"Snake Skull":43,"Omamori":20,"Bottled Tornado":14,"Empty Cage":39,"Question Card":54,"Mercury Hourglass":64,"Bottled Flame":31,"Busted Crown":75,"Ninja Scroll":24,"Shuriken":54,"Bronze Scales":138,"Prayer Wheel":48,"Art of War":59,"Ring of the Snake":0}]},"card_choices":[{"not_picked":["Outmaneuver","Infinite Blades","Terror"],"picked":"SKIP","floor":1.0},{"not_picked":["Backflip","Deadly Poison"],"picked":"Noxious Fumes","floor":3.0},{"not_picked":["Terror","Outmaneuver","Underhanded Strike"],"picked":"SKIP","floor":4.0},{"not_picked":["Flying Knee","Underhanded Strike"],"picked":"Dagger Spray","floor":5.0},{"not_picked":["Outmaneuver","Deadly Poison"],"picked":"Venomology","floor":6.0},{"not_picked":["Cloak And Dagger","Flying Knee","Blade Dance"],"picked":"SKIP","floor":8.0},{"not_picked":["Deflect","Quick Slash"],"picked":"Bouncing Flask","floor":10.0},{"not_picked":["Masterful Stab","Dash"],"picked":"Backstab","floor":11.0},{"not_picked":["Poisoned Stab","Deflect"],"picked":"Adrenaline","floor":14.0},{"not_picked":["Night Terror","Phantasmal Killer"],"picked":"Wraith Form v2","floor":16.0},{"not_picked":["Blade Dance","Dagger Throw"],"picked":"Slice","floor":18.0},{"not_picked":["Acrobatics","Concentrate","Dodge and Roll"],"picked":"SKIP","floor":22.0},{"not_picked":["Acrobatics","Eviscerate","Flying Knee"],"picked":"SKIP","floor":23.0},{"not_picked":["Glass Knife","Noxious Fumes"],"picked":"Bane+1","floor":24.0},{"not_picked":["Dagger Throw","Deflect","Distraction+1"],"picked":"SKIP","floor":24.0},{"not_picked":["Poisoned Stab+1","Deadly Poison","Dodge and Roll"],"picked":"SKIP","floor":25.0},{"not_picked":["All Out Attack","Concentrate","Expertise","Quick Slash"],"picked":"SKIP","floor":27.0},{"not_picked":["Well Laid Plans","Slice","Terror"],"picked":"Footwork","floor":29.0},{"not_picked":["Skewer","Blade Dance","Poisoned Stab"],"picked":"Dodge and Roll","floor":30.0},{"not_picked":["Outmaneuver","Unload","Cloak And Dagger"],"picked":"Calculated Gamble","floor":30.0},{"not_picked":["A Thousand Cuts","Corpse Explosion","Wraith Form v2"],"picked":"Night Terror","floor":33.0},{"not_picked":["Deflect"],"picked":"PiercingWail","floor":35.0},{"not_picked":["Dagger Spray+1","Quick Slash"],"picked":"SKIP","floor":35.0},{"not_picked":["Dash+1"],"picked":"Cloak And Dagger+1","floor":36.0},{"not_picked":["Bane"],"picked":"Dodge and Roll+1","floor":36.0},{"not_picked":["Eviscerate","Setup"],"picked":"SKIP","floor":37.0},{"not_picked":["Deflect","Infinite Blades"],"picked":"SKIP","floor":37.0},{"not_picked":["Phantasmal Killer","Underhanded Strike"],"picked":"SKIP","floor":38.0},{"not_picked":["Cloak And Dagger","Flying Knee"],"picked":"SKIP","floor":38.0},{"not_picked":["Secret Weapon"],"picked":"Apotheosis","floor":39.0},{"not_picked":["Backstab","Poisoned Stab"],"picked":"SKIP","floor":40.0},{"not_picked":["Prepared","Flechettes"],"picked":"SKIP","floor":42.0},{"not_picked":["Masterful Stab","Cloak And Dagger+1"],"picked":"SKIP","floor":44.0},{"not_picked":["Masterful Stab","Cloak And Dagger+1"],"picked":"SKIP","floor":44.0},{"not_picked":["Dagger Throw"],"picked":"Crippling Poison+1","floor":45.0},{"not_picked":["Concentrate+1","Caltrops"],"picked":"SKIP","floor":45.0}],"player_experience":816049,"relics_obtained":[{"floor":6.0,"key":"Bottled Tornado"},{"floor":8.0,"key":"Omamori"},{"floor":9.0,"key":"Pen Nib"},{"floor":10.0,"key":"Ninja Scroll"},{"floor":14.0,"key":"Bottled Flame"},{"floor":21.0,"key":"Nilry\u0027s Codex"},{"floor":23.0,"key":"Prayer Wheel"},{"floor":25.0,"key":"Question Card"},{"floor":26.0,"key":"Shuriken"},{"floor":27.0,"key":"Art of War"},{"floor":29.0,"key":"Mercury Hourglass"},{"floor":40.0,"key":"Vajra"},{"floor":42.0,"key":"Lantern"},{"floor":44.0,"key":"Tingsha"}],"event_choices":[{"damage_healed":0.0,"max_hp_gain":0.0,"max_hp_loss":0.0,"gold_gain":0.0,"event_name":"Upgrade Shrine","player_choice":"Upgraded","floor":7.0,"gold_loss":0.0,"damage_taken":0.0,"cards_upgraded":["Neutralize"]},{"damage_healed":0.0,"max_hp_gain":0.0,"max_hp_loss":0.0,"gold_gain":75.0,"event_name":"World of Goop","player_choice":"Gather Gold","floor":12.0,"gold_loss":0.0,"damage_taken":11.0},{"damage_healed":0.0,"max_hp_gain":0.0,"max_hp_loss":0.0,"gold_gain":0.0,"event_name":"The Library","player_choice":"Read","floor":19.0,"gold_loss":0.0,"damage_taken":0.0,"cards_obtained":["Cloak And Dagger"]},{"damage_healed":0.0,"max_hp_gain":0.0,"max_hp_loss":0.0,"gold_gain":0.0,"event_name":"Cursed Tome","player_choice":"Obtained Book","floor":21.0,"gold_loss":0.0,"damage_taken":21.0},{"damage_healed":0.0,"max_hp_gain":0.0,"max_hp_loss":0.0,"gold_gain":0.0,"event_name":"SensoryStone","player_choice":"Memory 1","floor":39.0,"gold_loss":0.0,"damage_taken":0.0},{"damage_healed":0.0,"max_hp_gain":0.0,"max_hp_loss":0.0,"gold_gain":0.0,"cards_transformed":["Defend_G","Defend_G"],"event_name":"Designer","player_choice":"Transformed Cards","floor":48.0,"gold_loss":75.0,"damage_taken":0.0,"cards_obtained":["Tactician","Blur"]}],"is_beta":false,"boss_relics":[{"not_picked":["Tiny House","Velvet Choker"],"picked":"Empty Cage"},{"not_picked":["Snecko Eye","Sozu"],"picked":"Busted Crown"}],"items_purged_floors":[28],"is_endless":false,"potions_floor_spawned":[3,5,6,8,23,25,27,35,37,42],"killed_by":"Shield and Spear","ascension_level":20}}