{"host":"m77rrhbqzv44va4v","time":1609473251,"event":{"mods":["AchievementEnabler","BaseMod","Colored Map","DeckTracker","Keyboard Shortcuts","Minty Spire (QoL Compilation)","StSLib","SuperFastMode","everything is the same but u backflip on backflip"],"gold_per_floor":[110,24,24,24,40,66,216,227,252,278,20,36,54,70,70,147,147,165,165,184,195,0,0,26,26,78,78,92,92,104,104,104,104,104],"floor_reached":33,"playtime":711,"items_purged":["Doubt"],"score":574,"play_id":"1ece7fd3-d81c-47a2-b8c7-71a7ce4eaf63","local_time":"20210101125411","is_ascension_mode":true,"campfire_choices":[{"data":"Apotheosis","floor":15.0,"key":"SMITH"},{"floor":23.0,"key":"REST"},{"floor":25,"key":"REST"},{"data":"Evolve","floor":27,"key":"SMITH"},{"floor":32,"key":"REST"}],"circlet_count":0,"master_deck":["AscendersBane","Strike_R+1","Strike_R","Strike_R","Strike_R","Defend_R","Defend_R","Defend_R","Defend_R+1","Bash","Inflame","Immolate","Ghostly Armor","Impervious","Evolve+1","Apotheosis+1","Shrug It Off","Cleave","Fire Breathing","Offering","Pommel Strike"],"relics":["Burning Blood","NeowsBlessing","Ancient Tea Set","Orichalcum","Bottled Lightning","Sozu","Nilry\u0027s Codex","Boot","Tiny Chest"],"acts_visited":["Exordium","TheCity"],"potions_floor_usage":[24],"damage_taken":[{"damage":0.0,"enemies":"Small Slimes","floor":1.0,"turns":1.0},{"damage":0.0,"enemies":"2 Louse","floor":5.0,"turns":1.0},{"damage":0.0,"enemies":"Gremlin Nob","floor":6.0,"turns":1.0},{"damage":4.0,"enemies":"Jaw Worm","floor":8.0,"turns":5.0},{"damage":21.0,"enemies":"Lagavulin","floor":10.0,"turns":8.0},{"damage":1.0,"enemies":"Exordium Thugs","floor":12.0,"turns":4.0},{"damage":21.0,"enemies":"Exordium Wildlife","floor":13.0,"turns":6.0},{"damage":1.0,"enemies":"Looter","floor":14.0,"turns":4.0},{"damage":34.0,"enemies":"The Guardian","floor":16.0,"turns":13.0},{"damage":25.0,"enemies":"Spheric Guardian","floor":18.0,"turns":8.0},{"damage":6.0,"enemies":"Shell Parasite","floor":20.0,"turns":6.0},{"damage":6.0,"enemies":"Centurion and Healer","floor":21.0,"turns":6.0},{"damage":26,"enemies":"Slavers","floor":24,"turns":3},{"damage":16,"enemies":"3 Cultists","floor":28,"turns":3},{"damage":24,"enemies":"Snake Plant","floor":30,"turns":4},{"damage":73,"enemies":"Collector","floor":33,"turns":6}],"seed_played":"-8534809226286173543","potions_obtained":[{"floor":5.0,"key":"EssenceOfSteel"},{"floor":10.0,"key":"Dexterity Potion"},{"floor":16.0,"key":"PowerPotion"}],"is_trial":false,"path_per_floor":["M","$","?","?","M","E","?","M","T","E","$","M","M","M","R","B",null,"M","?","M","M","?","R","E","R","T","R","M","$","M","?","R","B"],"character_chosen":"IRONCLAD","items_purchased":["Immolate","Apotheosis"],"campfire_rested":3,"item_purchase_floors":[2,11],"current_hp_per_floor":[74,74,51,44,50,56,56,58,58,43,43,48,33,38,38,10,59,40,19,19,19,19,41,21,43,43,43,33,33,15,30,52,0,0],"gold":104,"neow_bonus":"THREE_ENEMY_KILL","is_daily":false,"chose_seed":false,"campfire_upgraded":2,"win_rate":0.0,"timestamp":1609473251,"path_taken":["M","$","?","?","M","E","?","?","T","E","?","M","M","M","R","BOSS","M","?","M","M","?","R","E","R","T","R","M","$","M","?","R","BOSS"],"items_purchased_type":["Card","Card"],"build_version":"2020-12-22","purchased_purges":1,"victory":false,"max_hp_per_floor":[75,75,75,75,75,75,75,75,75,75,75,75,75,75,75,75,75,75,75,75,75,75,75,75,75,75,75,75,75,75,75,75,75,75],"card_choices":[{"not_picked":["Clothesline","Havoc"],"picked":"Inflame","floor":1.0},{"not_picked":["Heavy Blade","True Grit"],"picked":"Ghostly Armor","floor":5.0},{"not_picked":["Heavy Blade","Sword Boomerang"],"picked":"Impervious","floor":6.0},{"not_picked":["Entrench","Anger","Iron Wave"],"picked":"SKIP","floor":8.0},{"not_picked":["Rage","Heavy Blade"],"picked":"Evolve","floor":10.0},{"not_picked":["Evolve","True Grit"],"picked":"Shrug It Off","floor":12.0},{"not_picked":["Dark Embrace","Thunderclap"],"picked":"Cleave","floor":13.0},{"not_picked":["Impervious","Cleave"],"picked":"Fire Breathing","floor":14.0},{"not_picked":["Impervious","Limit Break"],"picked":"Offering","floor":16.0},{"not_picked":["True Grit","Clash"],"picked":"Pommel Strike","floor":18.0},{"not_picked":["Inflame","Blood for Blood","Evolve"],"picked":"SKIP","floor":20.0},{"not_picked":["Twin Strike","True Grit","Warcry"],"picked":"SKIP","floor":21.0},{"not_picked":["Sword Boomerang","Thunderclap","Iron Wave"],"picked":"SKIP","floor":24},{"not_picked":["Hemokinesis","Body Slam","Whirlwind"],"picked":"SKIP","floor":28},{"not_picked":["Heavy Blade","Headbutt+1","Infernal Blade+1"],"picked":"SKIP","floor":30}],"player_experience":866596,"relics_obtained":[{"floor":6.0,"key":"Ancient Tea Set"},{"floor":9.0,"key":"Orichalcum"},{"floor":10.0,"key":"Bottled Lightning"},{"floor":19.0,"key":"Nilry\u0027s Codex"},{"floor":24,"key":"Boot"},{"floor":26,"key":"Tiny Chest"}],"event_choices":[{"damage_healed":0.0,"max_hp_gain":0.0,"max_hp_loss":0.0,"gold_gain":0.0,"event_name":"Shining Light","player_choice":"Entered Light","floor":3.0,"gold_loss":0.0,"damage_taken":23.0,"cards_upgraded":["Defend_R","Strike_R"]},{"cards_removed":["Strike_R"],"damage_healed":0.0,"max_hp_gain":0.0,"max_hp_loss":0.0,"gold_gain":0.0,"event_name":"Golden Wing","player_choice":"Card Removal","floor":4.0,"gold_loss":0.0,"damage_taken":7.0},{"damage_healed":0.0,"max_hp_gain":0.0,"max_hp_loss":0.0,"gold_gain":150.0,"event_name":"Liars Game","player_choice":"AGREE","floor":7.0,"gold_loss":0.0,"damage_taken":0.0,"cards_obtained":["Doubt"]},{"damage_healed":0.0,"max_hp_gain":0.0,"max_hp_loss":0.0,"gold_gain":0.0,"event_name":"Cursed Tome","player_choice":"Obtained Book","floor":19.0,"gold_loss":0.0,"damage_taken":21.0},{"damage_healed":0.0,"max_hp_gain":0.0,"max_hp_loss":0.0,"gold_gain":0.0,"event_name":"Masked Bandits","player_choice":"Paid Fearfully","floor":22.0,"gold_loss":195.0,"damage_taken":0.0},{"damage_healed":15,"gold_gain":0,"player_choice":"Heal","damage_taken":0,"max_hp_gain":0,"max_hp_loss":0,"event_name":"The Library","floor":31,"gold_loss":0}],"is_beta":false,"boss_relics":[{"not_picked":["Black Star","Runic Pyramid"],"picked":"Sozu"}],"items_purged_floors":[11],"is_endless":false,"potions_floor_spawned":[5,10,16,21],"killed_by":"Collector","ascension_level":18}}