{"host":"lvhfn8l5bvc4nolx","time":1609470642,"event":{"mods":["AchievementEnabler","BaseMod","Colored Map","Keyboard Shortcuts","Minty Spire (QoL Compilation)","Permanent Neow","Quick Restart","SuperFastMode"],"gold_per_floor":[119,132,12,12,12,40,58,58,82,82,13,24,53,70,70,169,169,186,211,172,183,183,183],"floor_reached":22,"playtime":685,"items_purged":["Strike_P"],"score":293,"play_id":"092eef73-fcb1-4c06-b646-b1476bf92967","local_time":"20210101121042","is_ascension_mode":true,"campfire_choices":[{"floor":8.0,"key":"REST"},{"floor":15.0,"key":"REST"}],"circlet_count":0,"master_deck":["Strike_P","Strike_P","Defend_P","Defend_P","Eruption","Vigilance","MasterReality","Halt","CrushJoints","Consecrate","BattleHymn","Discovery","FollowUp","InnerPeace","Ragnarok","FearNoEvil","Evaluate","ReachHeaven","MentalFortress","ConjureBlade","Perseverance","DeceiveReality"],"relics":["PureWater","FaceOfCleric","Ancient Tea Set","PreservedInsect","Gambling Chip","Empty Cage","Red Mask"],"acts_visited":["Exordium","TheCity"],"potions_floor_usage":[],"damage_taken":[{"damage":7.0,"enemies":"Cultist","floor":1.0,"turns":3.0},{"damage":10.0,"enemies":"Small Slimes","floor":2.0,"turns":4.0},{"damage":23.0,"enemies":"Lagavulin","floor":6.0,"turns":6.0},{"damage":10.0,"enemies":"Jaw Worm","floor":7.0,"turns":4.0},{"damage":0.0,"enemies":"Gremlin Gang","floor":12.0,"turns":1.0},{"damage":0.0,"enemies":"Gremlin Nob","floor":13.0,"turns":2.0},{"damage":14.0,"enemies":"Exordium Wildlife","floor":14.0,"turns":2.0},{"damage":30.0,"enemies":"The Guardian","floor":16.0,"turns":7.0},{"damage":28.0,"enemies":"2 Thieves","floor":18.0,"turns":4.0},{"damage":34.0,"enemies":"Masked Bandits","floor":19.0,"turns":3.0},{"damage":5.0,"enemies":"Chosen","floor":21.0,"turns":4.0},{"damage":6,"enemies":"Snake Plant","floor":22,"turns":3}],"seed_played":"6676740251820672876","potions_obtained":[{"floor":2.0,"key":"GamblersBrew"},{"floor":14.0,"key":"Ancient Potion"},{"floor":16.0,"key":"Swift Potion"},{"floor":18.0,"key":"DuplicationPotion"}],"is_trial":false,"path_per_floor":["M","M","$","?","$","E","M","R","T","?","$","M","E","M","R","B",null,"M","?","$","M","M"],"character_chosen":"WATCHER","items_purchased":["Consecrate","BattleHymn","Discovery","FearNoEvil","Perseverance"],"campfire_rested":2,"item_purchase_floors":[3,5,5,11,20],"current_hp_per_floor":[44,34,34,34,34,12,3,25,25,25,25,26,27,14,37,8,78,51,18,18,14,8,8],"gold":183,"neow_bonus":"THREE_RARE_CARDS","is_daily":false,"chose_seed":false,"campfire_upgraded":0,"win_rate":0.0,"timestamp":1609470642,"path_taken":["M","?","$","?","$","E","?","R","T","?","?","?","E","M","R","BOSS","M","?","$","M","M"],"items_purchased_type":["Card","Card","Card","Card","Card"],"build_version":"2020-12-22","purchased_purges":1,"victory":false,"max_hp_per_floor":[72,72,72,72,72,73,74,74,74,74,74,75,76,77,77,78,78,79,80,80,81,81,81],"card_choices":[{"not_picked":["Blasphemy","DevaForm"],"picked":"MasterReality","floor":0.0},{"not_picked":["EmptyFist","WindmillStrike"],"picked":"Halt","floor":1.0},{"not_picked":["Swivel","Vengeance"],"picked":"CrushJoints","floor":2.0},{"not_picked":["CutThroughFate","Halt"],"picked":"FollowUp","floor":6.0},{"not_picked":["MentalFortress","ThirdEye"],"picked":"InnerPeace","floor":7.0},{"not_picked":["Vengeance","MasterReality"],"picked":"Evaluate","floor":12.0},{"not_picked":["Halt","JustLucky"],"picked":"ReachHeaven","floor":13.0},{"not_picked":["JustLucky","ThirdEye"],"picked":"MentalFortress","floor":14.0},{"not_picked":["Scrawl","LessonLearned"],"picked":"ConjureBlade","floor":16.0},{"not_picked":["Halt","Consecrate","FearNoEvil"],"picked":"SKIP","floor":18.0},{"not_picked":["Perseverance","CutThroughFate"],"picked":"DeceiveReality","floor":21}],"player_experience":357958,"relics_obtained":[{"floor":6.0,"key":"Ancient Tea Set"},{"floor":9.0,"key":"PreservedInsect"},{"floor":13.0,"key":"Gambling Chip"},{"floor":19.0,"key":"Red Mask"}],"event_choices":[{"damage_healed":0.0,"max_hp_gain":0.0,"max_hp_loss":0.0,"gold_gain":0.0,"event_name":"FaceTrader","player_choice":"Trade","floor":4.0,"gold_loss":0.0,"damage_taken":0.0,"relics_obtained":["FaceOfCleric"]},{"damage_healed":0.0,"max_hp_gain":0.0,"max_hp_loss":0.0,"gold_gain":0.0,"cards_transformed":["Defend_P"],"event_name":"Living Wall","player_choice":"Change","floor":10.0,"gold_loss":0.0,"damage_taken":0.0,"cards_obtained":["Ragnarok"]},{"damage_healed":0.0,"max_hp_gain":0.0,"max_hp_loss":0.0,"gold_gain":0.0,"event_name":"Masked Bandits","player_choice":"Fought Bandits","floor":19.0,"gold_loss":0.0,"damage_taken":0.0}],"is_beta":false,"boss_relics":[{"not_picked":["HolyWater","Busted Crown"],"picked":"Empty Cage"}],"items_purged_floors":[3],"is_endless":false,"potions_floor_spawned":[2,14,16,18],"killed_by":"Snake Plant","ascension_level":4}}