{"host":"e8tokx78z9vc2suo","time":1609474640,"event":{"mods":["Act Like it!","Aspiration","BaseMod","Colored Powertips","Conspire","Gensokyo","Hallownest","HololiveMod","KinomotoSakuraMod(Ä¾Ö®±¾Ó£)","Koishi","Lobotomy","LobotomyExtend","Marisa£¨ìFÓê¡¡Ä§ÀíÉ³£©","Minty Spire (QoL Compilation)","MostiFishMod","Pale of the Ancients","Prisma Mod","Reimu£¨²©ÀöÁéÃÎ£©","Remilia£¨ÀÙÃ×ÀòÑÇ£©","Replay The Spire","RumiaBox-Â¶Ã×æ«µÄÉñÃØºÐ×Ó","SIMod","StSLib","TestMod","The Administrix","The Animator","The Bug Knight","Yakumo Yukari mod","Youmu£¨»êÆÇÑýÃÎ£©","vexMod","¡¾ÒÅÎï¿¨ÅÆ¡¿REMEMod"],"gold_per_floor":[210,250,250,291,291,291,327,365,390,390,151,151,151,190,190,294,319,354,354,379,414,814,874,794,398,423,458,458,493,1,45,45,148,173,211,276,365,220,267,267,278,7,57,92,117,117,162,198,198,198,198],"floor_reached":50,"playtime":1540,"items_purged":[],"score":583,"play_id":"aed0b374-fe3d-43b0-b3b7-00855bc1d70c","local_time":"20210101121720","daily_mods":["Shiny","Vintage"],"is_ascension_mode":false,"campfire_choices":[{"data":"animator:Gilgamesh+7","floor":6,"key":"SMITH"},{"floor":10,"key":"REST"},{"data":"animator:Shizu","floor":13,"key":"SMITH"},{"data":"animator:Eris","floor":15,"key":"SMITH"},{"data":"animator:FeridBathory","floor":28,"key":"SMITH"},{"data":"animator:Albedo","floor":32,"key":"SMITH"},{"data":"animator:Eve","floor":40,"key":"SMITH"},{"data":"animator:Gilgamesh+34","floor":46,"key":"SMITH"}],"circlet_count":0,"master_deck":["animator:Eris+1","animator:Guren","animator:Eve+1","animator:Boros","animator:Hans+1","animator:HomuraAkemi","animator:Shiro+1","animator:GoblinSlayer+1","animator:Ainz+1","animator:Gilgamesh+37","animator:FeridBathory+1","animator:Shizu+1","animator:HigakiRinne","animator:ItamiYouji+1","animator:Greed","animator:SwordMaiden","animator:PinaCoLada","animator:Saber","animator:MadokaKaname","animator:ChaikaTrabant","animator:Biyorigo","animator:AcuraShin","animator:Saitama","animator:Sora","animator:Albedo+1","animator:Rimuru","animator:Envy","animator:Wiz","animator:Kyubey","animator:Elesis","animator:YachiyoNanami","animator:Arpeggio","animator:ChaikaTrabant","Hallownest:pwrSporeShroom","Shame","Hallownest:skillCityofTearsMap","animator:HomuraAkemi","animator:MetalKnight","animator:Greed","animator:MadokaKaname","animator:MadokaKaname","Burn","Burn"],"relics":["animator:LivingPicture","animator:TheMissingPiece","DaveBox","REME_ComplimentaryCards","animator:PurgingStone","aspiration:HummingbirdHeart","LetterFromLob","SynthV:C4","ZombieArmy","ReplayTheSpireMod:Shallot","Iron Hammer","Bronze Scales","ImprovedEquipment","Pet Ghost","vexMod:ImprovementManual","aspiration:Lifesprig","WarpedTongs","InkBottle","White Beast Statue","Replay:Ringing Soul","SumBook","vexMod:InvisibilityCloak","testmod-Nyarlathotep","animator:BattleDrones","Technique","CaptainsWheel","testmod-Prudence","Replay:Wax Seal","Nunchaku","Philosopher\u0027s Stone","HornCleat","SynthV","ReplayTheSpireMod:Lightbulb","vexMod:MemoryStick","Strawberry","Centennial Puzzle","Hallownest:HeavyBlowRelic","Mercury Hourglass","GodSword4"],"acts_visited":["Gensokyo:Gensokyo","Hallownest:CityofTears","Hallownest:KingdomsEdge"],"potions_floor_usage":[16],"damage_taken":[{"damage":11,"enemies":"Gensokyo:Python","floor":1,"turns":3},{"damage":6,"enemies":"Gensokyo:Gryphon","floor":2,"turns":3},{"damage":3,"enemies":"Gensokyo:2_Kodama","floor":4,"turns":3},{"damage":3,"enemies":"Gensokyo:LivingMonolith","floor":7,"turns":2},{"damage":10,"enemies":"Gensokyo:2_Rabbits","floor":8,"turns":4},{"damage":3,"enemies":"Gensokyo:Kitsune","floor":14,"turns":3},{"damage":30,"enemies":"Gensokyo:Reimu","floor":16,"turns":8},{"damage":5,"enemies":"Hallownest:Guard_and_Sentry","floor":18,"turns":4},{"damage":9,"enemies":"Hallownest:Flukemon_and_Top","floor":21,"turns":4},{"damage":3,"enemies":"Hallownest:Nosk","floor":23,"turns":5},{"damage":14,"enemies":"Hallownest:3_Mistakes","floor":27,"turns":6},{"damage":3,"enemies":"Hallownest:Warrior_and_Youth","floor":29,"turns":2},{"damage":3,"enemies":"Hallownest:2_Husk_Sentries","floor":31,"turns":2},{"damage":5,"enemies":"Hallownest:BossSoulMaster","floor":33,"turns":6},{"damage":3,"enemies":"Hallownest:3_Siblings","floor":35,"turns":2},{"damage":3,"enemies":"Hallownest:2_Littles","floor":36,"turns":2},{"damage":5,"enemies":"Hallownest:Slobbering_and_Violent","floor":37,"turns":4},{"damage":3,"enemies":"Hallownest:Xero_Hu_Marmu","floor":39,"turns":1},{"damage":3,"enemies":"Hallownest:2_Great","floor":41,"turns":2},{"damage":3,"enemies":"Hallownest:Shield_Sturdy","floor":44,"turns":2},{"damage":3,"enemies":"Hallownest:2_Soldiers_and_1_Guardian","floor":47,"turns":2},{"damage":3,"enemies":"Hallownest:2_Wandering_and_1_Horned","floor":48,"turns":2},{"damage":60,"enemies":"Hallownest:BossHollowKnight","floor":50,"turns":5}],"seed_played":"-1526596624549889575","potions_obtained":[{"floor":8,"key":"Weak Potion"},{"floor":14,"key":"Fire Potion"},{"floor":16,"key":"Fire Potion"},{"floor":18,"key":"Adrenaline Potion"}],"is_trial":true,"path_per_floor":["M","M","?","M","?","R","M","M","T","R","$","?","R","M","R","B",null,"M","?","?","M","?","E","?","$","T","M","R","M","$","M","R","B",null,"M","M","M","$","M","R","M","$","T","M","?","R","M","M","R","B"],"character_chosen":"THE_ANIMATOR","items_purchased":["ImprovedEquipment","Replay:Ringing Soul","animator:HomuraAkemi","animator:BattleDrones","Technique","animator:MetalKnight","SynthV","vexMod:MemoryStick","animator:MadokaKaname"],"campfire_rested":1,"item_purchase_floors":[11,25,25,30,30,30,38,42,42],"current_hp_per_floor":[55,55,55,52,52,52,49,48,48,66,66,66,66,63,63,50,66,66,62,62,65,65,66,66,69,69,63,63,60,63,63,63,73,75,75,75,37,37,34,34,31,34,41,38,38,38,41,46,49,0,0],"gold":198,"neow_bonus":"","is_daily":false,"chose_seed":false,"campfire_upgraded":7,"win_rate":0.0,"timestamp":1609474640,"path_taken":["M","M","?","M","?","R","?","M","T","R","?","?","R","?","R","BOSS","M","?","?","M","?","E","?","$","T","M","R","M","$","M","R","BOSS","M","?","M","$","M","R","M","$","T","M","?","R","M","M","R","BOSS"],"items_purchased_type":["Relic","Relic","Card","Relic","Relic","Card","Relic","Relic","Card"],"build_version":"2020-12-22","purchased_purges":0,"victory":false,"max_hp_per_floor":[66,66,66,66,66,66,66,66,66,66,66,66,66,66,66,66,66,66,66,66,66,66,66,66,69,69,69,69,69,72,72,72,75,75,75,75,37,37,37,37,37,40,47,47,47,47,47,47,50,50,50],"card_choices":[{"not_picked":["animator:Shichika","animator:Alexander"],"picked":"animator:YachiyoNanami","floor":12},{"not_picked":["animator:HighElfArcher","animator:KyokoSakura"],"picked":"animator:Arpeggio","floor":12},{"not_picked":["animator:PinaCoLada","animator:Father"],"picked":"animator:ChaikaTrabant","floor":16},{"not_picked":["animator:PandorasActor","animator:Rider","animator:Shuna+1"],"picked":"SKIP","floor":23},{"not_picked":["animator:Shiro","animator:Kyubey"],"picked":"animator:Greed","floor":33}],"player_experience":275629,"relics_obtained":[{"floor":1,"key":"aspiration:HummingbirdHeart"},{"floor":1,"key":"LetterFromLob"},{"floor":2,"key":"SynthV:C4"},{"floor":4,"key":"ZombieArmy"},{"floor":7,"key":"ReplayTheSpireMod:Shallot"},{"floor":8,"key":"Iron Hammer"},{"floor":9,"key":"Bronze Scales"},{"floor":14,"key":"Pet Ghost"},{"floor":18,"key":"aspiration:Lifesprig"},{"floor":21,"key":"InkBottle"},{"floor":23,"key":"White Beast Statue"},{"floor":26,"key":"SumBook"},{"floor":27,"key":"vexMod:InvisibilityCloak"},{"floor":29,"key":"testmod-Nyarlathotep"},{"floor":31,"key":"CaptainsWheel"},{"floor":35,"key":"Replay:Wax Seal"},{"floor":36,"key":"Nunchaku"},{"floor":37,"key":"HornCleat"},{"floor":39,"key":"ReplayTheSpireMod:Lightbulb"},{"floor":43,"key":"Strawberry"},{"floor":44,"key":"Centennial Puzzle"},{"floor":47,"key":"Mercury Hourglass"},{"floor":48,"key":"GodSword4"}],"event_choices":[{"damage_healed":0,"gold_gain":400,"player_choice":"Sell","damage_taken":0,"max_hp_gain":0,"max_hp_loss":0,"event_name":"¶÷ÂåË¹µÄÅÌ×Ó","floor":22,"relics_lost":["testmod-TestBox"],"gold_loss":0}],"is_beta":false,"boss_relics":[{"not_picked":["BloodWine","aspiration:SilentSkillbook"],"picked":"vexMod:ImprovementManual"},{"not_picked":["TakeMeEscape","SynthV:MejaisSoulstealer"],"picked":"testmod-Prudence"}],"items_purged_floors":[],"is_endless":false,"potions_floor_spawned":[8,14,16,18,27,29,31,33,35,36,37,39,41,44,47,48],"killed_by":"Hallownest:BossHollowKnight","ascension_level":0}}