{"host":"ljavmhyz2e552xgo","time":1609536795,"event":{"mods":["BaseMod","Better Third Choice","Downfall","Friendly Minions","GungeonMod","Minty Spire (QoL Compilation)","Permanent Neow","Spicy Shops","StSLib"],"gold_per_floor":[99,116,116,128,128,139,139,159,173,173,188,219,231,331,343,441,441,441,441,23,42,42,42,42,59,44,63,63],"floor_reached":27,"playtime":2936,"items_purged":["sneckomod:Strike"],"score":217,"play_id":"a206046d-55a0-4ecb-9c46-931d10d55f50","local_time":"20210101153315","is_ascension_mode":false,"campfire_choices":[{"data":"sneckomod:SnekBite","floor":1,"key":"SMITH"},{"data":"sneckomod:SerpentIdol","floor":10,"key":"SMITH"},{"data":"sneckomod:WideSting","floor":18,"key":"SMITH"},{"data":"sneckomod:DefensiveFlair","floor":23,"key":"SMITH"}],"circlet_count":0,"master_deck":["sneckomod:Defend","sneckomod:Defend","sneckomod:Defend","sneckomod:TailWhip","sneckomod:SnekBite+1","sneckomod:Unknown","sneckomod:Unknown","sneckomod:DefensiveFlair+1","sneckomod:Unknown1Cost","sneckomod:WideSting+1","sneckomod:UnknownBlock","sneckomod:SerpentIdol+1","sneckomod:UnknownClassHUNTRESS","sneckomod:ImprovisedGuard","sneckomod:Unknown0Cost","sneckomod:UnknownStrength","sneckomod:UnlimitedRolls","RitualDagger","sneckomod:UnknownUncommonPower","sneckomod:UnknownUncommonPower","sneckomod:DiceBlock","sneckomod:SnakeSap","sneckomod:UnknownUncommonAttack","Slimebound:Icky","sneckomod:UnknownClassGUARDIAN+1","sneckomod:Transmogrify","sneckomod:SoulRoll+1"],"relics":["sneckomod:SneckoSoul","downfall:ShatteredFragment","CultistMask","Nunchaku","Cursed Key","TungstenRod","Pen Nib","DemoMod:Bottle","Pocketwatch"],"acts_visited":["Exordium","TheCity"],"potions_floor_usage":[21],"damage_taken":[{"damage":0,"enemies":"Jaw Worm","floor":2,"turns":2},{"damage":0,"enemies":"2 Louse","floor":4,"turns":2},{"damage":8,"enemies":"Cultist","floor":6,"turns":3},{"damage":0,"enemies":"2 Fungi Beasts","floor":8,"turns":3},{"damage":0,"enemies":"Exordium Thugs","floor":9,"turns":4},{"damage":4,"enemies":"2 Fungi Beasts","floor":11,"turns":3},{"damage":9,"enemies":"Lagavulin","floor":12,"turns":4},{"damage":0,"enemies":"Red Slaver","floor":13,"turns":2},{"damage":7,"enemies":"Exordium Wildlife","floor":15,"turns":3},{"damage":22,"enemies":"downfall:Ironclad","floor":16,"turns":6},{"damage":3,"enemies":"downfall:FleeingMerchant","floor":20,"turns":4},{"damage":0,"enemies":"Shell Parasite","floor":21,"turns":7},{"damage":3,"enemies":"Chosen","floor":25,"turns":4},{"damage":5,"enemies":"downfall:FleeingMerchant","floor":26,"turns":4},{"damage":4,"enemies":"Snake Plant","floor":27,"turns":5}],"seed_played":"-1344873803485758645","potions_obtained":[{"floor":2,"key":"BlessingOfTheForge"},{"floor":8,"key":"Ancient Potion"},{"floor":12,"key":"Fire Potion"},{"floor":16,"key":"BlessingOfTheForge"},{"floor":16,"key":"sneckomod:DiceRollPotion"},{"floor":27,"key":"AttackPotion"}],"is_trial":false,"path_per_floor":["R","M","?","M","?","M","T","M","M","R","M","E","M","?","M","B",null,"R","?","$","M","?","R","T","M","$","M"],"character_chosen":"THE_SNECKO","items_purchased":["TungstenRod","sneckomod:UnknownUncommonPower","Pen Nib","sneckomod:DiceBlock"],"campfire_rested":0,"item_purchase_floors":[20,20,20,20],"current_hp_per_floor":[63,63,42,43,43,43,43,44,44,44,45,36,37,37,31,9,95,95,89,88,88,89,89,89,87,82,78,78],"gold":63,"neow_bonus":"REMOVE_TWO","is_daily":false,"chose_seed":false,"campfire_upgraded":4,"win_rate":0.0,"timestamp":1609536795,"path_taken":["R","M","?","M","?","?","T","M","M","R","M","E","M","?","M","BOSS","R","?","$","M","?","R","T","M","$","M"],"items_purchased_type":["Relic","Card","Relic","Card"],"build_version":"2020-12-22","purchased_purges":1,"victory":false,"max_hp_per_floor":[90,90,90,91,91,91,91,92,92,92,93,93,94,94,95,95,95,95,95,95,95,96,96,96,97,97,97,97],"card_choices":[{"not_picked":["sneckomod:Unknown1Cost","sneckomod:UnknownCommonSkill"],"picked":"sneckomod:DefensiveFlair","floor":2},{"not_picked":["sneckomod:UnknownCommonSkill","sneckomod:UnknownWeak"],"picked":"sneckomod:Unknown1Cost","floor":4},{"not_picked":["sneckomod:DiceBlock","sneckomod:DangerNoodle"],"picked":"sneckomod:WideSting","floor":6},{"not_picked":["sneckomod:WideSting","sneckomod:QuickBite"],"picked":"sneckomod:UnknownBlock","floor":8},{"not_picked":["sneckomod:Unknown1Cost","sneckomod:GlitteringGambit"],"picked":"sneckomod:SerpentIdol","floor":9},{"not_picked":["sneckomod:UnknownClassRED","sneckomod:UnknownStrike"],"picked":"sneckomod:UnknownClassHUNTRESS","floor":11},{"not_picked":["sneckomod:QuickMove","sneckomod:UnknownStrike"],"picked":"sneckomod:ImprovisedGuard","floor":12},{"not_picked":["sneckomod:SnekBeam","sneckomod:WideSting"],"picked":"sneckomod:Unknown0Cost","floor":13},{"not_picked":["sneckomod:WideSting","sneckomod:DiceBlock"],"picked":"sneckomod:UnknownStrength","floor":15},{"not_picked":["sneckomod:UnknownRareSkill","sneckomod:SerpentMind"],"picked":"sneckomod:UnlimitedRolls","floor":16},{"not_picked":["sneckomod:UnknownBlock","sneckomod:UnknownClassPURPLE"],"picked":"sneckomod:UnknownUncommonPower","floor":20},{"not_picked":["sneckomod:UnknownX","sneckomod:PureSnecko"],"picked":"sneckomod:SnakeSap","floor":21},{"not_picked":["sneckomod:UnknownBlock","sneckomod:UnknownClassHUNTRESS"],"picked":"sneckomod:UnknownClassGUARDIAN+1","floor":25},{"not_picked":["sneckomod:UnknownVulnerable","sneckomod:UnknownStrength"],"picked":"sneckomod:Transmogrify","floor":26},{"not_picked":["sneckomod:DiceBlock","sneckomod:UnknownCommonSkill"],"picked":"sneckomod:SoulRoll+1","floor":27}],"player_experience":1452242,"relics_obtained":[{"floor":7,"key":"DemoMod:BigBoy"},{"floor":12,"key":"Nunchaku"},{"floor":24,"key":"DemoMod:Bottle"},{"floor":27,"key":"Pocketwatch"}],"event_choices":[{"damage_healed":0,"gold_gain":0,"player_choice":"Trade","damage_taken":0,"relics_obtained":["CultistMask"],"max_hp_gain":0,"max_hp_loss":0,"event_name":"FaceTrader","floor":5,"gold_loss":0},{"damage_healed":0,"gold_gain":0,"player_choice":"Read","damage_taken":0,"max_hp_gain":0,"max_hp_loss":0,"event_name":"The Library","floor":22,"gold_loss":0,"cards_obtained":["sneckomod:UnknownUncommonAttack"]}],"is_beta":false,"boss_relics":[{"not_picked":["sneckomod:SuperSneckoSoul","Coffee Dripper"],"picked":"Cursed Key"}],"items_purged_floors":[20],"is_endless":false,"potions_floor_spawned":[2,8,12,16,27],"killed_by":"Snake Plant","ascension_level":0}}