{"host":"ktoxvvst1mwxww91","time":1609489974,"event":{"mods":["BaseMod","Hermit","Minty Spire (QoL Compilation)","StSLib","The Hierophant"],"gold_per_floor":[118,38,56,56,36,36,56,56,56,56,68,79,79,96,96,197,197,216,216,230,4,4,29,49,78,124,154,154,154,184,199,199,301,301,311,65,83,83,95,125,125,151,151,165,165,38,52,5,5,5],"floor_reached":51,"playtime":2009,"items_purged":["Strike_G","Strike_G","Backstab"],"score":1283,"play_id":"742b047b-6583-4a8d-98b2-fd917abf5037","local_time":"20210101093254","is_ascension_mode":true,"campfire_choices":[{"data":"Noxious Fumes","floor":6.0,"key":"SMITH"},{"data":"Blade Dance","floor":8.0,"key":"SMITH"},{"data":"Blind","floor":10.0,"key":"SMITH"},{"data":"Cloak And Dagger","floor":13.0,"key":"SMITH"},{"data":"Cloak And Dagger","floor":15.0,"key":"SMITH"},{"data":"Finisher","floor":29.0,"key":"SMITH"},{"data":"Neutralize","floor":32.0,"key":"SMITH"},{"floor":41,"key":"REST"},{"data":"Survivor","floor":45,"key":"SMITH"},{"floor":49,"key":"REST"}],"circlet_count":0,"master_deck":["AscendersBane","Defend_G","Defend_G","Defend_G","Defend_G","Defend_G","Survivor+1","Neutralize+1","Blind+1","Noxious Fumes+1","Caltrops","Blade Dance+1","Cloak And Dagger+1","Cloak And Dagger+1","Adrenaline","Choke+1","Caltrops+1","Escape Plan+1","Calculated Gamble+1","Finisher+1","Escape Plan","Cloak And Dagger+1","Prepared+1","Corpse Explosion+1","Flash of Steel","Calculated Gamble+1","Deflect+1","Deflect+1","Accuracy","Parasite","Blade Dance+1","Cloak And Dagger+1"],"relics":["Ring of the Snake","Potion Belt","Bird Faced Urn","Astrolabe","Enchiridion","Boot","Oddly Smooth Stone","Akabeko","Happy Flower","Red Mask","Toxic Egg 2","SlaversCollar","HandDrill","Snake Skull","InkBottle","Smiling Mask"],"acts_visited":["Exordium","TheCity","TheBeyond"],"potions_floor_usage":[42],"damage_taken":[{"damage":5.0,"enemies":"Cultist","floor":1.0,"turns":5.0},{"damage":6.0,"enemies":"2 Louse","floor":3.0,"turns":3.0},{"damage":0.0,"enemies":"Small Slimes","floor":7.0,"turns":3.0},{"damage":5.0,"enemies":"3 Louse","floor":11.0,"turns":4.0},{"damage":0.0,"enemies":"Large Slime","floor":12.0,"turns":5.0},{"damage":3.0,"enemies":"Blue Slaver","floor":14.0,"turns":4.0},{"damage":42.0,"enemies":"The Guardian","floor":16.0,"turns":11.0},{"damage":0.0,"enemies":"Spheric Guardian","floor":18.0,"turns":3.0},{"damage":3.0,"enemies":"Shell Parasite","floor":20.0,"turns":6.0},{"damage":0.0,"enemies":"Gremlin Leader","floor":23.0,"turns":3.0},{"damage":2.0,"enemies":"Snake Plant","floor":24.0,"turns":4.0},{"damage":14.0,"enemies":"Book of Stabbing","floor":25.0,"turns":4.0},{"damage":13.0,"enemies":"Masked Bandits","floor":27.0,"turns":4.0},{"damage":11.0,"enemies":"Slavers","floor":30.0,"turns":4.0},{"damage":0.0,"enemies":"Chosen and Byrds","floor":31.0,"turns":3.0},{"damage":62.0,"enemies":"Collector","floor":33.0,"turns":9.0},{"damage":0.0,"enemies":"3 Darklings","floor":35.0,"turns":2.0},{"damage":10.0,"enemies":"Orb Walker","floor":37.0,"turns":2.0},{"damage":16.0,"enemies":"Maw","floor":39.0,"turns":6.0},{"damage":16,"enemies":"Giant Head","floor":40,"turns":6},{"damage":6,"enemies":"Nemesis","floor":42,"turns":4},{"damage":0,"enemies":"Sphere and 2 Shapes","floor":44,"turns":2},{"damage":11,"enemies":"Writhing Mass","floor":47,"turns":4},{"damage":17,"enemies":"Donu and Deca","floor":50,"turns":4}],"seed_played":"8619156940596200378","potions_obtained":[{"floor":5.0,"key":"ColorlessPotion"},{"floor":7.0,"key":"Weak Potion"},{"floor":11.0,"key":"EssenceOfSteel"},{"floor":16.0,"key":"ColorlessPotion"},{"floor":18.0,"key":"SkillPotion"},{"floor":20.0,"key":"DistilledChaos"},{"floor":27.0,"key":"FearPotion"},{"floor":33.0,"key":"Ancient Potion"},{"floor":37.0,"key":"Dexterity Potion"},{"floor":40,"key":"AttackPotion"},{"floor":47,"key":"GamblersBrew"}],"is_trial":false,"path_per_floor":["M","$","M","?","?","R","M","R","T","R","M","M","R","M","R","B",null,"M","?","M","$","?","E","M","E","T","?","?","R","E","M","R","B",null,"M","$","M","?","M","E","R","E","T","M","R","$","M","$","R","B",null],"character_chosen":"THE_SILENT","items_purchased":["Noxious Fumes","Boot","HandDrill","Accuracy","Cloak And Dagger+1"],"campfire_rested":2,"item_purchase_floors":[2,21,36,46,48],"current_hp_per_floor":[58,58,52,45,45,45,45,45,45,45,42,46,46,45,45,7,54,60,44,47,47,47,53,53,45,45,40,63,63,60,68,68,8,55,61,61,55,55,47,37,58,58,58,60,60,60,57,57,70,53],"gold":5,"neow_bonus":"RANDOM_COLORLESS","is_daily":false,"chose_seed":false,"campfire_upgraded":8,"win_rate":0.0,"timestamp":1609489974,"path_taken":["M","$","M","?","?","R","M","R","T","R","M","M","R","?","R","BOSS","M","?","M","$","?","E","M","E","T","?","?","R","E","M","R","BOSS","M","$","M","?","M","E","R","E","T","M","R","$","M","$","R","BOSS"],"items_purchased_type":["Card","Relic","Relic","Card","Card"],"build_version":"2020-12-22","purchased_purges":3,"victory":true,"max_hp_per_floor":[70,70,70,70,70,70,70,70,70,70,70,70,70,70,70,70,70,70,70,70,70,70,70,70,70,70,70,70,70,70,70,70,70,70,70,70,70,70,70,70,70,70,70,70,70,70,70,70,70,70],"card_choices":[{"not_picked":["Trip","Purity"],"picked":"Blind","floor":0.0},{"not_picked":["Bane","Choke"],"picked":"Backstab","floor":1.0},{"not_picked":["Slice","Deflect"],"picked":"Caltrops","floor":3.0},{"not_picked":["Dodge and Roll","Caltrops"],"picked":"Blade Dance","floor":7.0},{"not_picked":["Acrobatics","Poisoned Stab"],"picked":"Cloak And Dagger","floor":11.0},{"not_picked":["Prepared","Dodge and Roll","Catalyst"],"picked":"SKIP","floor":12.0},{"not_picked":["Prepared","Outmaneuver"],"picked":"Cloak And Dagger","floor":14.0},{"not_picked":["Tools of the Trade","Phantasmal Killer"],"picked":"Adrenaline","floor":16.0},{"not_picked":["Dagger Throw","Endless Agony+1"],"picked":"Calculated Gamble+1","floor":18.0},{"not_picked":["Terror","Dodge and Roll","Heel Hook"],"picked":"SKIP","floor":20.0},{"not_picked":["Quick Slash","Outmaneuver","Dagger Spray"],"picked":"SKIP","floor":23.0},{"not_picked":["Sucker Punch","Prepared"],"picked":"Finisher","floor":24.0},{"not_picked":["Deadly Poison","Dagger Throw","Distraction"],"picked":"SKIP","floor":25.0},{"not_picked":["Poisoned Stab","Tactician"],"picked":"Escape Plan","floor":27.0},{"not_picked":["PiercingWail+1","Bane"],"picked":"Cloak And Dagger+1","floor":30.0},{"not_picked":["PiercingWail+1","Sucker Punch"],"picked":"Prepared+1","floor":31.0},{"not_picked":["Grand Finale","A Thousand Cuts"],"picked":"Corpse Explosion+1","floor":33.0},{"not_picked":["Skewer","Bane+1","Backstab+1"],"picked":"SKIP","floor":35.0},{"not_picked":["Bane","Outmaneuver+1","Catalyst+1"],"picked":"SKIP","floor":37.0},{"not_picked":["Discovery+1","Master of Strategy+1"],"picked":"Flash of Steel","floor":38.0},{"not_picked":["Dodge and Roll+1","Distraction+1"],"picked":"Calculated Gamble+1","floor":39.0},{"not_picked":["Eviscerate","Deadly Poison+1"],"picked":"Deflect+1","floor":40},{"not_picked":["All Out Attack","Catalyst+1","Flying Knee+1"],"picked":"SKIP","floor":42},{"not_picked":["Dash+1","Flying Knee"],"picked":"Deflect+1","floor":44},{"not_picked":["Prepared+1","Acrobatics+1"],"picked":"Blade Dance+1","floor":47}],"player_experience":872893,"relics_obtained":[{"floor":9.0,"key":"Bird Faced Urn"},{"floor":19.0,"key":"Enchiridion"},{"floor":23.0,"key":"Oddly Smooth Stone"},{"floor":25.0,"key":"Akabeko"},{"floor":26.0,"key":"Happy Flower"},{"floor":27.0,"key":"Red Mask"},{"floor":30.0,"key":"Toxic Egg 2"},{"floor":40,"key":"Snake Skull"},{"floor":42,"key":"InkBottle"},{"floor":43,"key":"Smiling Mask"}],"event_choices":[{"damage_healed":0.0,"max_hp_gain":0.0,"max_hp_loss":0.0,"gold_gain":0.0,"event_name":"Scrap Ooze","player_choice":"Success","floor":4.0,"gold_loss":0.0,"damage_taken":7.0,"relics_obtained":["Potion Belt"]},{"damage_healed":0.0,"max_hp_gain":0.0,"max_hp_loss":0.0,"gold_gain":0.0,"event_name":"The Woman in Blue","player_choice":"Bought 1 Potion","floor":5.0,"gold_loss":0.0,"damage_taken":0.0},{"damage_healed":0.0,"max_hp_gain":0.0,"max_hp_loss":0.0,"gold_gain":0.0,"event_name":"Cursed Tome","player_choice":"Obtained Book","floor":19.0,"gold_loss":0.0,"damage_taken":16.0},{"damage_healed":0.0,"max_hp_gain":0.0,"max_hp_loss":0.0,"gold_gain":0.0,"event_name":"Vampires","player_choice":"Ignored","floor":22.0,"gold_loss":0.0,"damage_taken":0.0},{"damage_healed":0.0,"max_hp_gain":0.0,"max_hp_loss":0.0,"gold_gain":0.0,"event_name":"Masked Bandits","player_choice":"Fought Bandits","floor":27.0,"gold_loss":0.0,"damage_taken":0.0},{"damage_healed":23.0,"max_hp_gain":0.0,"max_hp_loss":0.0,"gold_gain":0.0,"event_name":"The Library","player_choice":"Heal","floor":28.0,"gold_loss":0.0,"damage_taken":0.0},{"damage_healed":0.0,"max_hp_gain":0.0,"max_hp_loss":0.0,"gold_gain":0.0,"event_name":"SensoryStone","player_choice":"Memory 1","floor":38.0,"gold_loss":0.0,"damage_taken":0.0}],"is_beta":false,"boss_relics":[{"not_picked":["Busted Crown","Runic Pyramid"],"picked":"Astrolabe"},{"not_picked":["Coffee Dripper","Sozu"],"picked":"SlaversCollar"}],"items_purged_floors":[21,36,46],"is_endless":false,"potions_floor_spawned":[7,11,16,18,20,27,33,37,40,47],"ascension_level":12}}