{"host":"g1wmg2w41xhsnw8g","time":1609475427,"event":{"mods":["2.2 Compatiblity","Act Like it!","Aspiration","BaseMod","Better Altar","Better Match","Better Note","Better Sensory Stone","Better Skull","Better Third Choice","BetterRewards","Booster Modes","CapriCore","CatGirl Mod","Colored Map","Colored Powertips","Curses Come First","Defuse TimeMaze Blight","Displayed Cursed Tome","Evolution","Friendly Minions","GifTheSpireLib","Googly Eyes","Infinite Spire","Minty Spire (QoL Compilation)","Red Circlet Mod","Relic Sorter","SCP261 Mod","Shop Mod","Spicy Shops","StSLib","The Sage","Transform Curses","Wandering Minibosses","????"],"gold_per_floor":[118,118,137,137,147,176,176,188,188,188,229,251,263,275,22,138,150,178,190,202,214,251,263,263],"floor_reached":23,"playtime":1394,"items_purged":["Defend_B","Regret","Injury"],"score":337,"play_id":"4b2eab48-6ce6-46dd-85e5-2452053f7fdc","local_time":"20201231233027","is_ascension_mode":true,"campfire_choices":[{"floor":7,"key":"DIG"},{"floor":10,"key":"DIG"}],"circlet_count":0,"master_deck":["Rebound","Rebound","Rebound","Rebound","Zap","Dualcast","Loop","Streamline","Conserve Battery","Stack","Chill","BootSequence","Meteor Strike","Lockon","Storm+1","Fission+1","Steam+1","Coolheaded+1","Self Repair+1","Juggernaut+1","Echo Form+1","Barrage+1"],"relics":["Cracked Core","EVO:Axolotl","MerchantsRug","Runic Capacitor","Happy Flower","sagemod:Creepy_Carousel","infinitespire:Satchel","Chemical X","infinitespire:EmpoweringShard","Letter Opener","Dream Catcher","Shovel","aspiration:HatOfInfinitePower","StoneCalendar","sagemod:Singing_Vial","MawBank","Juzu Bracelet","Frozen Egg 2","Membership Card","Astrolabe","Red Mask"],"acts_visited":["Exordium","TheCity"],"potions_floor_usage":[5,11,22],"damage_taken":[{"damage":7,"enemies":"Small Slimes","floor":1,"turns":2},{"damage":6,"enemies":"Jaw Worm","floor":3,"turns":2},{"damage":2,"enemies":"Cultist","floor":5,"turns":5},{"damage":14,"enemies":"Gremlin Nob","floor":6,"turns":3},{"damage":6,"enemies":"Red Slaver","floor":8,"turns":2},{"damage":13,"enemies":"Lagavulin","floor":11,"turns":6},{"damage":0,"enemies":"2 Fungi Beasts","floor":12,"turns":1},{"damage":25,"enemies":"The Guardian","floor":16,"turns":7},{"damage":14,"enemies":"2 Thieves","floor":18,"turns":4},{"damage":0,"enemies":"Masked Bandits","floor":22,"turns":1},{"damage":83,"enemies":"Nightmare","floor":23,"turns":5}],"seed_played":"-2070607016607682370","potions_obtained":[{"floor":1,"key":"Block Potion"},{"floor":8,"key":"Weak Potion"},{"floor":16,"key":"SCP261:DewritoBlazePotion"},{"floor":18,"key":"DistilledChaos"}],"is_trial":false,"path_per_floor":["M","?","M","?","M","E","R","M","T","R","E","M","?","$","R","B",null,"M","?","?","?","?","NM"],"character_chosen":"DEFECT","items_purchased":["MerchantsRug","Runic Capacitor","Happy Flower","infinitespire:Satchel","Chemical X","Loop","infinitespire:EmpoweringShard","Pear","Storm+1","Membership Card"],"campfire_rested":0,"item_purchase_floors":[0,0,0,0,0,0,0,0,15,15],"current_hp_per_floor":[78,75,69,69,67,53,53,47,47,47,34,34,34,34,34,9,85,81,81,81,64,74,0,0],"gold":263,"neow_bonus":"","is_daily":false,"chose_seed":false,"campfire_upgraded":0,"win_rate":0.0,"timestamp":1609475427,"path_taken":["M","?","M","?","M","E","R","M","T","R","E","M","?","$","R","BOSS","M","?","?","?","?","NM"],"items_purchased_type":["Relic","Relic","Relic","Relic","Relic","Card","Relic","Relic","Card","Relic"],"build_version":"2020-12-22","purchased_purges":3,"victory":false,"max_hp_per_floor":[85,85,85,85,85,85,85,85,85,85,85,85,85,85,85,85,85,85,85,85,85,85,85,85],"card_choices":[{"not_picked":["Compile Driver","Cold Snap"],"picked":"Streamline","floor":1},{"not_picked":["Biased Cognition","Steam"],"picked":"Conserve Battery","floor":3},{"not_picked":["Leap","Streamline"],"picked":"Stack","floor":5},{"not_picked":["Ball Lightning","Sweeping Beam"],"picked":"Chill","floor":6},{"not_picked":["aspiration:Polymerization","Rebound"],"picked":"BootSequence","floor":8},{"not_picked":["Rebound","Aggregate"],"picked":"Meteor Strike","floor":11},{"not_picked":["Recycle","Capacitor"],"picked":"Lockon","floor":12},{"not_picked":["Reboot","Machine Learning+1"],"picked":"Fission","floor":16},{"not_picked":["Stack+1","Leap","Ball Lightning"],"picked":"Singing Bowl","floor":18},{"not_picked":["Stack+1","Sweeping Beam"],"picked":"Barrage+1","floor":22}],"player_experience":971233,"relics_obtained":[{"floor":6,"key":"aspiration:HatOfInfinitePower"},{"floor":7,"key":"StoneCalendar"},{"floor":9,"key":"sagemod:Singing_Vial"},{"floor":10,"key":"MawBank"},{"floor":11,"key":"Juzu Bracelet"},{"floor":22,"key":"Red Mask"}],"event_choices":[{"damage_healed":0,"gold_gain":0,"player_choice":"Relic ","damage_taken":3,"max_hp_gain":0,"max_hp_loss":0,"event_name":"betterThird:BetterScrap","floor":2,"gold_loss":0,"cards_obtained":["Concentrate"]},{"damage_healed":0,"gold_gain":0,"player_choice":"Box","damage_taken":0,"relics_obtained":["Shovel"],"max_hp_gain":0,"max_hp_loss":0,"event_name":"Big Fish","floor":4,"gold_loss":0,"cards_obtained":["Regret"]},{"damage_healed":0,"gold_gain":0,"player_choice":"Upgraded","damage_taken":0,"max_hp_gain":0,"max_hp_loss":0,"event_name":"Upgrade Shrine","floor":19,"gold_loss":0,"cards_upgraded":["Fission"]},{"cards_removed":["Storm"],"damage_healed":0,"gold_gain":0,"player_choice":"Take \u0026 Give","damage_taken":0,"max_hp_gain":0,"max_hp_loss":0,"event_name":"betterNote:BetterNote","floor":20,"gold_loss":0,"cards_obtained":["Juggernaut"]},{"damage_healed":0,"gold_gain":2,"player_choice":"2","damage_taken":0,"max_hp_gain":0,"max_hp_loss":17,"event_name":"betterStone:BetterStone","floor":21,"gold_loss":0},{"damage_healed":0,"gold_gain":0,"player_choice":"Fought Bandits","damage_taken":0,"max_hp_gain":0,"max_hp_loss":0,"event_name":"Masked Bandits","floor":22,"gold_loss":0}],"is_beta":false,"boss_relics":[{"not_picked":["aspiration:SilentSkillbook","aspiration:BursterCore"],"picked":"Astrolabe"}],"items_purged_floors":[0,15,15],"is_endless":false,"potions_floor_spawned":[1,8,16,18],"killed_by":"Nightmare","ascension_level":1}}