{"host":"pf9sh7nh6rpu9sau","time":1609530762,"event":{"mods":["2.2 Compatiblity","BaseMod","BetterRewards","Clockwork Mod","Downfall","Hermit","Mad Scientist","Minty Spire (QoL Compilation)","Permanent Neow","Quick Restart","Replay The Spire","Somnambulant","StSLib","The Clintock","The Cursed","The Disciple","The Hierophant","The Necromancer","The Runesmith"],"gold_per_floor":[111,161,236,252,266,285,285,285],"floor_reached":7,"playtime":414,"items_purged":[],"score":43,"play_id":"c1e5e00a-e46b-4edf-860b-ec541373772d","local_time":"20210101145242","is_ascension_mode":false,"campfire_choices":[],"circlet_count":0,"master_deck":["hermit:Strike_Hermit","hermit:Strike_Hermit","hermit:Strike_Hermit","hermit:Strike_Hermit","hermit:Defend_Hermit","hermit:Defend_Hermit","hermit:Defend_Hermit","hermit:Defend_Hermit","hermit:Snapshot","hermit:Covet","hermit:Malice","hermit:Cheat","hermit:DeadMansHand"],"relics":["hermit:Momento"],"acts_visited":["Exordium"],"potions_floor_usage":[6],"damage_taken":[{"damage":6,"enemies":"Cultist","floor":1,"turns":4},{"damage":3,"enemies":"Jaw Worm","floor":4,"turns":3},{"damage":0,"enemies":"2 Louse","floor":5,"turns":3},{"damage":11,"enemies":"Red Slaver","floor":6,"turns":7},{"damage":0,"enemies":"Lagavulin","floor":7,"turns":2}],"seed_played":"-3190477627301692616","potions_obtained":[{"floor":5,"key":"ColorlessPotion"}],"is_trial":false,"path_per_floor":["M","T","?","M","M","M","E"],"character_chosen":"HERMIT","items_purchased":[],"campfire_rested":0,"item_purchase_floors":[],"current_hp_per_floor":[62,62,51,48,48,37,37,37],"gold":285,"neow_bonus":"TWENTY_PERCENT_HP_BONUS","is_daily":false,"chose_seed":false,"campfire_upgraded":0,"win_rate":0.0,"timestamp":1609530762,"path_taken":["M","?","?","M","M","M","E"],"items_purchased_type":[],"build_version":"2020-12-22","purchased_purges":0,"victory":false,"max_hp_per_floor":[89,89,89,89,89,89,89,89],"card_choices":[{"not_picked":["hermit:HighCaliber","hermit:Desperado"],"picked":"hermit:Malice","floor":1},{"not_picked":["hermit:Headshot","hermit:Midnight","hermit:Glare"],"picked":"SKIP","floor":4},{"not_picked":["hermit:Scavenge","hermit:GhostlyPresence"],"picked":"hermit:Cheat","floor":5},{"not_picked":["hermit:Coalescence","hermit:Feint"],"picked":"hermit:DeadMansHand","floor":6}],"player_experience":773862,"relics_obtained":[],"event_choices":[{"damage_healed":0,"gold_gain":75,"player_choice":"Gather Gold","damage_taken":11,"max_hp_gain":0,"max_hp_loss":0,"event_name":"World of Goop","floor":3,"gold_loss":0}],"is_beta":false,"boss_relics":[],"items_purged_floors":[],"is_endless":false,"potions_floor_spawned":[5],"killed_by":"Lagavulin","ascension_level":0}}