{"host":"2e5gbsni44p3458r","time":1609504638,"event":{"mods":["Bard","BaseMod","Colored Map","Downfall","Hermit","Hubris","Minty Spire (QoL Compilation)","Replay The Spire","StSLib","The Cursed"],"gold_per_floor":[99,99,99,111,129,161,184,216,216,141,4,21,48,67,82,184,184,109,128,140,140,153,38,38,38,69,85,85,115,40,60,71,166,166,166,183,199,228,238,257,557,557,588,255,281,58,86,97,116,116,116,143,143,143,143],"floor_reached":56,"playtime":5050,"items_purged":["Decay","champ:Strike","champ:Defend","champ:EndlessRage+1"],"score":1454,"play_id":"cfd6a4d5-f8f8-4416-b3bd-fa47feb54aa6","local_time":"20210101213718","is_ascension_mode":true,"campfire_choices":[{"floor":1.0,"key":"RECALL"},{"data":"champ:Taunt","floor":10.0,"key":"SMITH"},{"data":"Barricade","floor":18.0,"key":"SMITH"},{"data":"champ:EndlessRage","floor":28.0,"key":"SMITH"},{"data":"champ:GutPunch","floor":30.0,"key":"SMITH"},{"data":"champ:HeavySlash","floor":54,"key":"SMITH"}],"circlet_count":0,"master_deck":["champ:Defend","champ:Defend","champ:Defend","champ:Execute","champ:Taunt+1","champ:HeavySlash+1","Sword Boomerang","champ:FaceSlap","champ:AdrenalArmor+1","champ:Aggression+1","champ:ShieldSigil+1","champ:ShieldSigil+1","champ:Balance+1","champ:GutPunch+1","Barricade+1","champ:ArenaPreparation+1","champ:DeathBlow+1","champ:MurderStrike+1","champ:ShieldSigil+1","champ:AdrenalArmor+1","champ:Encircle","Offering+1","champ:ArenaPreparation+1","Body Slam+1","champ:IgnorePain+1","champ:EndlessRage+1","expansioncontent:StudyTheSpire+1","champ:Aggression+1","champ:EnchantSword+1","champ:BerserkerStyle","champ:ViciousMockery+1","champ:SwordSigil+1"],"relics":["champ:ChampionCrown","hubris:Towel","hubris:DisguiseKit","hubris:Potato","Toxic Egg 2","NlothsMask","downfall:HeartBlessingRed","champ:DefensiveTrainingManual","Astrolabe","downfall:HeartBlessingBlue","Bronze Scales","champ:FightingForDummies","hubris:BottledRain","Shuriken","downfall:HeartBlessingGreen","Sozu","Old Coin","Quantum Egg","hubris:BundleOfHerbs","Pondfish Scales","Mercury Hourglass"],"acts_visited":["Exordium","TheCity","TheBeyond","TheEnding"],"potions_floor_usage":[55,55],"damage_taken":[{"damage":9.0,"enemies":"Jaw Worm","floor":4.0,"turns":5.0},{"damage":8.0,"enemies":"Cultist","floor":5.0,"turns":4.0},{"damage":41.0,"enemies":"Replay:BlueRogue","floor":6.0,"turns":8.0},{"damage":35.0,"enemies":"Gremlin Nob","floor":8.0,"turns":5.0},{"damage":5.0,"enemies":"downfall:FleeingMerchant","floor":11.0,"turns":4.0},{"damage":0.0,"enemies":"Small Slimes","floor":12.0,"turns":2.0},{"damage":27.0,"enemies":"3 Sentries","floor":13.0,"turns":6.0},{"damage":14.0,"enemies":"Exordium Thugs","floor":14.0,"turns":6.0},{"damage":0.0,"enemies":"Red Slaver","floor":15.0,"turns":2.0},{"damage":30.0,"enemies":"downfall:Silent","floor":16.0,"turns":6.0},{"damage":12.0,"enemies":"Chosen","floor":19.0,"turns":4.0},{"damage":11.0,"enemies":"Spheric Guardian","floor":20.0,"turns":3.0},{"damage":17.0,"enemies":"Centurion and Healer","floor":22.0,"turns":6.0},{"damage":10.0,"enemies":"downfall:FleeingMerchant","floor":23.0,"turns":4.0},{"damage":0.0,"enemies":"Book of Stabbing","floor":26.0,"turns":6.0},{"damage":4.0,"enemies":"Sentry and Sphere","floor":27.0,"turns":5.0},{"damage":39.0,"enemies":"Gremlin Leader","floor":29.0,"turns":4.0},{"damage":27.0,"enemies":"Snake Plant","floor":31.0,"turns":4.0},{"damage":10.0,"enemies":"Snecko","floor":32.0,"turns":4.0},{"damage":39.0,"enemies":"downfall:Watcher","floor":33.0,"turns":6.0},{"damage":0.0,"enemies":"Orb Walker","floor":36.0,"turns":2.0},{"damage":0.0,"enemies":"3 Darklings","floor":37.0,"turns":4.0},{"damage":0.0,"enemies":"downfall:FleeingMerchant","floor":38.0,"turns":1.0},{"damage":59,"enemies":"Writhing Mass","floor":39,"turns":5},{"damage":10,"enemies":"Spire Growth","floor":40,"turns":4},{"damage":8,"enemies":"Giant Head","floor":43,"turns":5},{"damage":0,"enemies":"R_Hoarder","floor":45,"turns":6},{"damage":7,"enemies":"Giant Head","floor":47,"turns":4},{"damage":40,"enemies":"4 Shapes","floor":48,"turns":4},{"damage":22,"enemies":"Maw","floor":49,"turns":5},{"damage":5,"enemies":"downfall:Ironclad","floor":50,"turns":4},{"damage":36,"enemies":"downfall:CharBossMerchant","floor":52,"turns":5},{"damage":83,"enemies":"downfall:NeowBoss","floor":55,"turns":20}],"seed_played":"-3324764107600314105","potions_obtained":[{"floor":8.0,"key":"champ:CounterPotion"},{"floor":12.0,"key":"Toxic Potion"},{"floor":15.0,"key":"Explosive Potion"},{"floor":16.0,"key":"champ:CounterPotion"},{"floor":25.0,"key":"AttackPotion"},{"floor":31.0,"key":"SpeedPotion"}],"is_trial":false,"path_per_floor":["R_BF","?","?","M","M","E","T","E","?","R","$","M","E","M","M","B",null,"R","M","M","T","M","$","T","?","E","M","R","E","R","M","M","B",null,"R_BF","M","M","$","M","M","T","?","E","?","E","$","E","M","M","B",null,"E","$","R","B",null],"character_chosen":"THE_CHAMP","items_purchased":["champ:ShieldSigil+1","expansioncontent:StudyTheSpire","champ:BerserkerStyle"],"campfire_rested":0,"item_purchase_floors":[11,38,46],"current_hp_per_floor":[90,90,90,86,83,52,52,22,22,22,26,42,56,60,76,90,90,100,100,100,100,100,100,100,100,100,100,100,100,100,100,100,100,100,100,100,100,100,100,100,100,100,100,113,113,113,113,113,113,113,113,113,113,113,113],"gold":143,"neow_bonus":"ONE_RANDOM_RARE_CARD","is_daily":false,"chose_seed":false,"campfire_upgraded":5,"win_rate":0.0,"timestamp":1609504638,"path_taken":["R_BF","?","?","?","?","E","T","E","?","R","$","M","E","M","M","BOSS","R","M","M","?","M","$","T","?","E","M","R","E","R","M","M","BOSS","R_BF","M","M","$","M","M","T","?","E","?","E","$","E","M","M","BOSS","E","$","R","BOSS"],"items_purchased_type":["Card","Card","Card"],"build_version":"2020-12-22","purchased_purges":4,"victory":true,"max_hp_per_floor":[90,90,90,90,90,90,90,90,90,90,90,90,90,90,90,90,90,100,100,100,100,100,100,100,100,100,100,100,100,100,100,100,100,100,100,100,100,100,100,100,100,100,100,113,113,113,113,113,113,113,113,113,113,113,113],"card_choices":[{"not_picked":["champ:Backstep","champ:FanOfKnives","champ:FocusedGladiator","Flex"],"picked":"SKIP","floor":4.0},{"not_picked":["champ:FanOfKnives","champ:RageSigil","champ:GutPunch"],"picked":"Sword Boomerang","floor":5.0},{"not_picked":["champ:Control","champ:ShieldSigil","Pummel"],"picked":"champ:FaceSlap","floor":6.0},{"not_picked":["champ:BladeFlurry","champ:ShieldWall","Iron Wave"],"picked":"champ:AdrenalArmor+1","floor":8.0},{"not_picked":["champ:Backstep+1","champ:FlashCut","Iron Wave"],"picked":"champ:Aggression+1","floor":11.0},{"not_picked":["champ:CrookedStrike","champ:Riposte+1","Demonic Infusion"],"picked":"champ:ShieldSigil+1","floor":12.0},{"not_picked":["champ:BerserkerStyle","champ:FocusedBerserking+1","Perfected Strike"],"picked":"champ:Balance+1","floor":13.0},{"not_picked":["champ:DefensiveShout+1","champ:BladeFlurry","champ:GladiatorsShout+1","Brutality"],"picked":"SKIP","floor":14.0},{"not_picked":["champ:Duel","champ:BerserkersShout+1","Fire Breathing"],"picked":"champ:GutPunch","floor":15.0},{"not_picked":["champ:CheapShot","champ:StrikeOfGenius","champ:VampiricStrike"],"picked":"Barricade","floor":16.0},{"not_picked":["champ:CrookedStrike","champ:RageSigil+1","Rage"],"picked":"champ:ShieldSigil+1","floor":19.0},{"not_picked":["champ:Duel","champ:BerserkerStyle","Whirlwind"],"picked":"champ:AdrenalArmor+1","floor":20.0},{"not_picked":["champ:Haymaker","champ:ShieldSigil+1","Replay:Undeath\u0027s Touch"],"picked":"champ:Encircle","floor":22.0},{"not_picked":["champ:CrookedStrike+1","champ:DefensiveShout+1","Armaments"],"picked":"champ:EndlessRage","floor":23.0},{"not_picked":["champ:GladiatorsShout+1","champ:SkillfulDodge+1","champ:BladeFlurry"],"picked":"Offering","floor":26.0},{"not_picked":["champ:DefensiveShout+1","champ:PerfectedStrike","Dropkick"],"picked":"champ:ArenaPreparation+1","floor":27.0},{"not_picked":["champ:FanOfKnives","champ:TornadoPunch","champ:Circumvent+1","Perfected Strike"],"picked":"SKIP","floor":29.0},{"not_picked":["champ:Encircle","champ:AdrenalArmor+1","champ:Backstep+1"],"picked":"Body Slam","floor":31.0},{"not_picked":["champ:PerfectedStrike+1","champ:DefensiveShout+1","champ:EnragedBash","Armaments"],"picked":"SKIP","floor":32.0},{"not_picked":["champ:DancingMaster","champ:StrikeOfGenius","Demon Form"],"picked":"champ:IgnorePain+1","floor":33.0},{"not_picked":["champ:GladiatorsShout+1","champ:SkillfulDodge+1","champ:DefensiveStyle","True Grit"],"picked":"SKIP","floor":36.0},{"not_picked":["champ:Haymaker","champ:RisingSlash","Searing Blow"],"picked":"champ:EndlessRage+1","floor":37.0},{"not_picked":["champ:Aggression+1","champ:PreciseThrust","champ:GladiatorStyle","Uppercut"],"picked":"SKIP","floor":38.0},{"not_picked":["champ:PreciseThrust","champ:Balance+1","Hemogenesis"],"picked":"champ:Aggression+1","floor":39},{"not_picked":["champ:ShieldSigil+1","champ:FightOn","Havoc"],"picked":"champ:EnchantSword+1","floor":40},{"not_picked":["champ:Circumvent+1","champ:FalseCounter+1","champ:BerserkersShout+1","ReplayTheSpireMod:Strike From Hell"],"picked":"SKIP","floor":43},{"not_picked":["champ:TornadoPunch","champ:Encircle","champ:FaceSlap","Shockwave"],"picked":"SKIP","floor":45},{"not_picked":["champ:Circumvent+1","champ:BerserkersShout+1","ReplayTheSpireMod:LeadingStrike"],"picked":"champ:ViciousMockery+1","floor":47},{"not_picked":["champ:Riposte+1","champ:FalseCounter+1","champ:RapidStrikes","Twin Strike"],"picked":"SKIP","floor":48},{"not_picked":["champ:Lariat+1","champ:RisingSlash+1","Flame Barrier"],"picked":"champ:SwordSigil+1","floor":49},{"not_picked":["champ:BladeFlurry","champ:Backstep+1","champ:GladiatorsShout+1","ReplayTheSpireMod:Corrosion Curse"],"picked":"SKIP","floor":52}],"player_experience":756515,"relics_obtained":[{"floor":6.0,"key":"hubris:Potato"},{"floor":8.0,"key":"Toxic Egg 2"},{"floor":13.0,"key":"champ:DefensiveTrainingManual"},{"floor":21.0,"key":"Bronze Scales"},{"floor":24.0,"key":"champ:FightingForDummies"},{"floor":26.0,"key":"hubris:BottledRain"},{"floor":29.0,"key":"Shuriken"},{"floor":41,"key":"Old Coin"},{"floor":43,"key":"Quantum Egg"},{"floor":45,"key":"hubris:BundleOfHerbs"},{"floor":47,"key":"Pondfish Scales"},{"floor":52,"key":"Mercury Hourglass"}],"event_choices":[{"damage_healed":0.0,"max_hp_gain":0.0,"max_hp_loss":0.0,"gold_gain":0.0,"event_name":"FaceTrader","player_choice":"Trade","floor":9.0,"gold_loss":0.0,"damage_taken":0.0,"relics_obtained":["NlothsMask"]},{"damage_healed":0.0,"max_hp_gain":0.0,"max_hp_loss":0.0,"gold_gain":0.0,"event_name":"Lab","player_choice":"Got Potions","floor":25.0,"gold_loss":0.0,"damage_taken":0.0},{"damage_healed":0.0,"max_hp_gain":0.0,"max_hp_loss":0.0,"gold_gain":0.0,"event_name":"Accursed Blacksmith","player_choice":"Forge","floor":35.0,"gold_loss":0.0,"damage_taken":0.0,"cards_upgraded":["Body Slam"]}],"is_beta":false,"boss_relics":[{"not_picked":["Snecko Eye","Replay:Drink Me"],"picked":"Astrolabe"},{"not_picked":["SlaversCollar","Black Star"],"picked":"Sozu"}],"items_purged_floors":[11,23,38,46],"is_endless":false,"potions_floor_spawned":[8,12,14,15,16,20,22,26,31,33,36,37,39,43,47],"ascension_level":2}}