{"host":"yvb207ks1sg3cxef","time":1609502941,"event":{"mods":["2.2 Compatiblity","BaseMod","Bestiary","Colored Powertips","Minty Spire (QoL Compilation)","Permanent Neow","Quick Restart","Relic Stats","StSLib"],"gold_per_floor":[115,125,200,200,200,235,235,235,235],"floor_reached":8,"playtime":161,"items_purged":[],"score":103,"play_id":"958ab7d0-d1cf-4291-8019-e0c009a4d552","local_time":"20210101173901","is_ascension_mode":true,"campfire_choices":[{"floor":7.0,"key":"REST"}],"circlet_count":0,"master_deck":["AscendersBane","Strike_G","Strike_G","Strike_G","Strike_G","Strike_G","Defend_G","Defend_G","Defend_G","Defend_G","Defend_G","Survivor","Neutralize","Dagger Spray","Backstab","Footwork"],"relics":["Fusion Hammer","InkBottle","Mummified Hand"],"acts_visited":["Exordium"],"potions_floor_usage":[],"damage_taken":[{"damage":0.0,"enemies":"2 Louse","floor":1.0,"turns":3.0},{"damage":12.0,"enemies":"Jaw Worm","floor":2.0,"turns":4.0},{"damage":37.0,"enemies":"Gremlin Nob","floor":6.0,"turns":5.0},{"damage":0,"enemies":"Lagavulin","floor":8,"turns":1}],"seed_played":"441802410822947408","potions_obtained":[{"floor":2.0,"key":"Explosive Potion"}],"is_trial":false,"path_per_floor":["M","M","?","?","?","E","R","E"],"character_chosen":"THE_SILENT","items_purchased":[],"campfire_rested":1,"item_purchase_floors":[],"current_hp_per_floor":[59,47,36,31,53,16,35,35,35],"gold":235,"neow_bonus":"BOSS_RELIC","is_daily":false,"chose_seed":false,"campfire_upgraded":0,"win_rate":0.0,"timestamp":1609502941,"path_taken":["M","M","?","?","?","E","R","E"],"items_purchased_type":[],"build_version":"2020-12-22","purchased_purges":0,"victory":false,"max_hp_per_floor":[66,66,66,66,66,66,66,66,66],"relic_stats":{"counters":[4,12],"Mummified Hand":[0],"obtain_stats":[{"Mummified Hand":6,"Fusion Hammer":0,"InkBottle":4,"Ring of the Snake":0},{"Mummified Hand":3,"Fusion Hammer":0,"InkBottle":2,"Ring of the Snake":0},{"Mummified Hand":12,"Fusion Hammer":0,"InkBottle":7,"Ring of the Snake":0}],"InkBottle":[1]},"card_choices":[{"not_picked":["Poisoned Stab","Dodge and Roll"],"picked":"Dagger Spray","floor":1.0},{"not_picked":["Eviscerate","Slice"],"picked":"Backstab","floor":2.0},{"not_picked":["Reflex","Dagger Spray"],"picked":"Footwork","floor":6.0}],"player_experience":262956,"relics_obtained":[{"floor":6.0,"key":"Mummified Hand"}],"event_choices":[{"damage_healed":0.0,"max_hp_gain":0.0,"max_hp_loss":0.0,"gold_gain":75.0,"event_name":"World of Goop","player_choice":"Gather Gold","floor":3.0,"gold_loss":0.0,"damage_taken":11.0},{"damage_healed":0.0,"max_hp_gain":0.0,"max_hp_loss":0.0,"gold_gain":0.0,"event_name":"Scrap Ooze","player_choice":"Success","floor":4.0,"gold_loss":0.0,"damage_taken":5.0,"relics_obtained":["InkBottle"]},{"damage_healed":22.0,"max_hp_gain":0.0,"max_hp_loss":0.0,"gold_gain":0.0,"event_name":"Big Fish","player_choice":"Banana","floor":5.0,"gold_loss":0.0,"damage_taken":0.0}],"is_beta":false,"boss_relics":[],"items_purged_floors":[],"is_endless":false,"potions_floor_spawned":[2],"killed_by":"Lagavulin","ascension_level":18}}