{"host":"51fyd6gkml7xavq8","time":1609468582,"event":{"mods":["BaseMod","BetterRewards","Colored Map","Energized Spire","Infinite Spire","Minty Spire (QoL Compilation)","Replay The Spire","Shop Mod","Spicy Shops","StSLib","The Blue Laboratory","[IsaacMod]????"],"gold_per_floor":[119,119,169,169,15,61,74,74,74,74,87,98,98,23,23,73,73],"floor_reached":16,"playtime":552,"items_purged":["Strike_R"],"score":118,"play_id":"a980a7f1-071d-4637-a3c1-f3413ebdc557","local_time":"20201231233622","is_ascension_mode":true,"campfire_choices":[{"data":"BettingIsNotGood","floor":8,"key":"SMITH"},{"data":"Strike_R","floor":10,"key":"SMITH"},{"data":"infinitespire:OneForAll","floor":13,"key":"SMITH"},{"data":"Strike_R","floor":15,"key":"SMITH"}],"circlet_count":0,"master_deck":["Strike_R","Strike_R","Strike_R+1","Strike_R+1","Defend_R","Defend_R","Defend_R","Defend_R","BettingIsNotGood+1","infinitespire:OneForAll+1"],"relics":["Burning Blood","HushsDoor","YumHeart","GnawedLeaf","MerchantsRug","Tiny Chest","Pantograph"],"acts_visited":["Exordium"],"potions_floor_usage":[16],"damage_taken":[{"damage":3,"enemies":"Small Slimes","floor":1,"turns":3},{"damage":73,"enemies":"Gremlin Nob","floor":6,"turns":6},{"damage":1,"enemies":"Cultist","floor":7,"turns":4},{"damage":1,"enemies":"2 Louse","floor":11,"turns":2},{"damage":0,"enemies":"Lots of Slimes","floor":12,"turns":1},{"damage":99,"enemies":"The Guardian","floor":16,"turns":16}],"seed_played":"-2067143018156536043","potions_obtained":[{"floor":11,"key":"Fire Potion"}],"is_trial":false,"path_per_floor":["M","?","?","?","$","E","M","R","T","R","M","M","R","$","R","B"],"character_chosen":"IRONCLAD","items_purchased":["MerchantsRug"],"campfire_rested":0,"item_purchase_floors":[5],"current_hp_per_floor":[80,73,58,58,58,16,26,26,26,26,31,37,37,62,62,0,0],"gold":73,"neow_bonus":"","is_daily":false,"chose_seed":false,"campfire_upgraded":4,"win_rate":0.0,"timestamp":1609468582,"path_taken":["M","?","?","?","$","E","M","R","T","R","M","M","R","$","R","BOSS"],"items_purchased_type":["Relic"],"build_version":"2020-12-22","purchased_purges":1,"victory":false,"max_hp_per_floor":[80,80,80,80,80,80,80,80,80,80,80,80,80,80,80,80,80],"card_choices":[{"not_picked":[],"picked":"BettingIsNotGood","floor":0},{"not_picked":["Clash","Warcry","Havoc"],"picked":"SKIP","floor":1},{"not_picked":["Burning Pact","Replay:Many Hands","Warcry"],"picked":"SKIP","floor":6},{"not_picked":["Warcry","Sword Boomerang"],"picked":"Bomb","floor":7},{"not_picked":["Wild Strike","Sword Boomerang"],"picked":"infinitespire:OneForAll","floor":11},{"not_picked":["Iron Wave","Perfected Strike","ReplayTheSpireMod:Strike From Hell"],"picked":"SKIP","floor":12}],"player_experience":451616,"relics_obtained":[{"floor":6,"key":"Tiny Chest"},{"floor":9,"key":"Pantograph"}],"event_choices":[{"damage_healed":0,"gold_gain":0,"player_choice":"Success","damage_taken":7,"relics_obtained":["GnawedLeaf"],"max_hp_gain":0,"max_hp_loss":0,"event_name":"Scrap Ooze","floor":2,"gold_loss":0},{"cards_removed":["Bash"],"damage_healed":0,"gold_gain":0,"player_choice":"Offered Basic","damage_taken":0,"max_hp_gain":0,"max_hp_loss":0,"event_name":"Bonfire Elementals","floor":4,"gold_loss":0}],"is_beta":false,"boss_relics":[],"items_purged_floors":[14],"is_endless":false,"potions_floor_spawned":[11],"killed_by":"The Guardian","ascension_level":4}}