{"host":"9d9dhukr2jywmy0f","time":1609533446,"event":{"mods":["2.2 Compatiblity","Alarm Clock","BaseMod","Bestiary","Block Reminder","Colored Map","Colored Powertips","Curses Come First","DeckTracker","Displayed Cursed Tome","Highlight Path","Key Reminder","Keyboard Shortcuts","Koishi","Minty Spire (QoL Compilation)","MonsterHotkey","Potion Indicator Mod","Quick Restart","Rare Cards Sparkle","Relic Sorter","Relic Stats","Spire Birthday Party","StSLib","SuperFastMode","Synergy Search","Unceasing Turn Reminder","Unknown Chances"],"gold_per_floor":[110,123,133,58,75,75,110,110,110,137,148,118,18,38,38,116,116,130,5,104,104,118,146,146,179,179,29,209,209,237,257,257,331,331,342,359,371,391,216,249,249,263,263,274,302,302,317,349,349,349,349,349,45,78,78],"floor_reached":56,"playtime":3117,"items_purged":["Koishi:BasicStrike","Koishi:BasicStrike","Koishi:BasicDefend","Koishi:BasicDefend","Koishi:Provoke"],"score":2536,"play_id":"39defb5b-a91e-4ffd-8f79-0227401b85ab","local_time":"20210102043726","is_ascension_mode":true,"campfire_choices":[{"data":"Koishi:MassHysteria","floor":6.0,"key":"SMITH"},{"floor":8.0,"key":"RECALL"},{"floor":15.0,"key":"DIG"},{"floor":24.0,"key":"DIG"},{"floor":29.0,"key":"DIG"},{"floor":32.0,"key":"DIG"},{"floor":41.0,"key":"DIG"},{"floor":46.0,"key":"DIG"},{"data":"Koishi:HeartAttack","floor":49.0,"key":"SMITH"},{"data":"Koishi:FadingMemory","floor":52,"key":"SMITH"}],"circlet_count":0,"master_deck":["AscendersBane","Koishi:UnconsciousUprising","Koishi:MassHysteria+1","Koishi:FreudianInstinct","Koishi:MassHysteria+1","Koishi:UnconsciousUprising","Koishi:EmbersOfLove","Koishi:UnconsciousUprising+1","Koishi:ReflexRadar","Koishi:Possession+1","Koishi:ReleaseOfTheId+1","Koishi:PredatoryInstincts+1","Koishi:PhilosophyOfTheDespised+1","Koishi:SubterraneanRose+1","Koishi:FadingMemory+1","Koishi:IdleWhim","Koishi:SubterraneanRose","Koishi:HeartAttack+1"],"relics":["Koishi:ImaginaryFriend","Gremlin Horn","Shovel","Ice Cream","Odd Mushroom","Koishi:TeethAndClaws","Runic Dome","Bag of Marbles","Mummified Hand","Art of War","Incense Burner","War Paint","Strawberry","Astrolabe","Sundial","Frozen Egg 2","Meat on the Bone","Koishi:ImperfectMetamorphosis","Koishi:LettersToReimu","FossilizedHelix","Medical Kit","Nunchaku"],"acts_visited":["Exordium","TheCity","TheBeyond","TheEnding"],"potions_floor_usage":[53,55,55],"damage_taken":[{"damage":0.0,"enemies":"Small Slimes","floor":1.0,"turns":5.0},{"damage":2.0,"enemies":"Jaw Worm","floor":2.0,"turns":6.0},{"damage":0.0,"enemies":"2 Louse","floor":3.0,"turns":6.0},{"damage":0.0,"enemies":"Gremlin Gang","floor":5.0,"turns":1.0},{"damage":2.0,"enemies":"3 Sentries","floor":7.0,"turns":10.0},{"damage":16.0,"enemies":"Lagavulin","floor":10.0,"turns":10.0},{"damage":0.0,"enemies":"Large Slime","floor":11.0,"turns":6.0},{"damage":6.0,"enemies":"Looter","floor":12.0,"turns":4.0},{"damage":0.0,"enemies":"The Mushroom Lair","floor":14.0,"turns":2.0},{"damage":0.0,"enemies":"Slime Boss","floor":16.0,"turns":11.0},{"damage":0.0,"enemies":"Spheric Guardian","floor":18.0,"turns":3.0},{"damage":0.0,"enemies":"3 Byrds","floor":22.0,"turns":5.0},{"damage":0.0,"enemies":"Gremlin Leader","floor":23.0,"turns":11.0},{"damage":0.0,"enemies":"Slavers","floor":25.0,"turns":1.0},{"damage":0.0,"enemies":"Book of Stabbing","floor":30.0,"turns":5.0},{"damage":0.0,"enemies":"Snake Plant","floor":31.0,"turns":8.0},{"damage":7.0,"enemies":"Champ","floor":33.0,"turns":18.0},{"damage":0.0,"enemies":"3 Shapes","floor":35.0,"turns":5.0},{"damage":0.0,"enemies":"Orb Walker","floor":36.0,"turns":4.0},{"damage":0.0,"enemies":"Jaw Worm Horde","floor":37.0,"turns":4.0},{"damage":0.0,"enemies":"Sphere and 2 Shapes","floor":38.0,"turns":3.0},{"damage":29.0,"enemies":"Nemesis","floor":40.0,"turns":6.0},{"damage":0.0,"enemies":"4 Shapes","floor":42.0,"turns":2.0},{"damage":0.0,"enemies":"Writhing Mass","floor":44.0,"turns":5.0},{"damage":0.0,"enemies":"Reptomancer","floor":45.0,"turns":3.0},{"damage":0.0,"enemies":"Transient","floor":47.0,"turns":5.0},{"damage":0.0,"enemies":"Giant Head","floor":48.0,"turns":6.0},{"damage":0.0,"enemies":"Time Eater","floor":50.0,"turns":9.0},{"damage":0,"enemies":"Shield and Spear","floor":54,"turns":4},{"damage":0,"enemies":"The Heart","floor":55,"turns":9}],"seed_played":"-93775921814403698","potions_obtained":[{"floor":2.0,"key":"Fire Potion"},{"floor":11.0,"key":"CultistPotion"},{"floor":14.0,"key":"SpeedPotion"},{"floor":16.0,"key":"GamblersBrew"},{"floor":18.0,"key":"FairyPotion"},{"floor":22.0,"key":"LiquidMemories"},{"floor":30.0,"key":"SkillPotion"},{"floor":33.0,"key":"Fruit Juice"},{"floor":37.0,"key":"LiquidBronze"},{"floor":40.0,"key":"FearPotion"},{"floor":44.0,"key":"LiquidMemories"},{"floor":47.0,"key":"Regen Potion"}],"is_trial":false,"path_per_floor":["M","M","M","$","M","R","E","R","T","E","M","M","$","?","R","B",null,"M","$","?","?","M","E","R","E","T","$","?","R","E","M","R","B",null,"M","M","M","M","$","E","R","M","T","M","E","R","M","E","R","B",null,"R","$","E","B",null],"character_chosen":"KOISHI","items_purchased":["Medical Kit","Fruit Juice","Weak Potion"],"campfire_rested":0,"item_purchase_floors":[53,53,53],"current_hp_per_floor":[43,44,46,46,46,46,44,44,44,31,31,25,25,25,25,25,51,51,51,51,51,51,55,55,55,55,55,36,36,38,40,47,45,67,67,67,67,67,67,38,38,62,62,68,68,68,72,72,72,72,72,72,77,77,77],"gold":78,"neow_bonus":"REMOVE_TWO","is_daily":false,"chose_seed":false,"campfire_upgraded":3,"win_rate":0.0,"timestamp":1609533446,"path_taken":["M","M","M","$","M","R","E","R","T","E","M","M","$","?","R","BOSS","M","$","?","?","M","E","R","E","T","$","?","R","E","M","R","BOSS","M","M","M","M","$","E","R","M","T","M","E","R","?","E","R","BOSS","R","$","E","BOSS"],"items_purchased_type":["Relic","Potion","Potion"],"build_version":"2020-11-30","purchased_purges":5,"victory":true,"max_hp_per_floor":[60,60,60,60,60,60,60,60,60,60,60,60,60,60,60,60,60,60,60,60,60,60,60,60,60,60,60,60,60,60,60,67,67,72,72,72,72,72,72,72,72,72,72,72,72,72,72,72,72,72,72,72,77,77,77],"relic_stats":{"Nunchaku":[1],"Shovel":6,"Gremlin Horn":[10,23],"counters":[30,177],"Mummified Hand":[9],"Sundial":[22],"Astrolabe":["Koishi:Possession","Koishi:ReleaseOfTheId","Koishi:Jaunt"],"Art of War":[34],"War Paint":["Koishi:MassHysteria","Koishi:UnconsciousUprising"],"Medical Kit":[3],"obtain_stats":[{"Ice Cream":10,"Gremlin Horn":7,"Astrolabe":34,"Koishi:TeethAndClaws":15,"Incense Burner":29,"Odd Mushroom":14,"War Paint":30,"Frozen Egg 2":41,"Medical Kit":53,"keyreminder:keyreminder":8,"Runic Dome":17,"Nunchaku":54,"Shovel":9,"Mummified Hand":24,"Sundial":40,"Strawberry":32,"Koishi:ImperfectMetamorphosis":45,"Bag of Marbles":23,"Art of War":25,"FossilizedHelix":48,"Koishi:ImaginaryFriend":0,"Meat on the Bone":43,"Koishi:LettersToReimu":46},{"Ice Cream":6,"Gremlin Horn":5,"Astrolabe":17,"Koishi:TeethAndClaws":9,"Incense Burner":14,"Odd Mushroom":9,"War Paint":15,"Frozen Egg 2":22,"Medical Kit":28,"keyreminder:keyreminder":5,"Runic Dome":10,"Nunchaku":29,"Shovel":5,"Mummified Hand":13,"Sundial":22,"Strawberry":16,"Koishi:ImperfectMetamorphosis":25,"Bag of Marbles":13,"Art of War":14,"FossilizedHelix":27,"Koishi:ImaginaryFriend":0,"Meat on the Bone":23,"Koishi:LettersToReimu":25},{"Ice Cream":38,"Gremlin Horn":28,"Astrolabe":112,"Koishi:TeethAndClaws":50,"Incense Burner":81,"Odd Mushroom":50,"War Paint":86,"Frozen Egg 2":134,"Medical Kit":164,"keyreminder:keyreminder":28,"Runic Dome":61,"Nunchaku":168,"Shovel":28,"Mummified Hand":80,"Sundial":134,"Strawberry":94,"Koishi:ImperfectMetamorphosis":144,"Bag of Marbles":80,"Art of War":81,"FossilizedHelix":155,"Koishi:ImaginaryFriend":0,"Meat on the Bone":136,"Koishi:LettersToReimu":144}],"Meat on the Bone":0},"card_choices":[{"not_picked":["Koishi:RacingHeart","Koishi:SpiritedAway"],"picked":"Koishi:UnconsciousUprising","floor":1.0},{"not_picked":["Koishi:StingingMind","Koishi:SpiritedAway","Koishi:Vanish"],"picked":"SKIP","floor":2.0},{"not_picked":["Koishi:BloodcurdlingScream","Koishi:FleetingPhantom"],"picked":"Koishi:MassHysteria","floor":3.0},{"not_picked":["Koishi:DreadfulBlow","Koishi:ConditionedTeleport"],"picked":"Koishi:FreudianInstinct","floor":5.0},{"not_picked":["Koishi:FidgetySnatcher","Koishi:PhantomStrike","Koishi:BramblyRoseGarden"],"picked":"SKIP","floor":7.0},{"not_picked":["Koishi:DanmakuParanoia","Koishi:PredatoryInstincts"],"picked":"Koishi:MassHysteria","floor":10.0},{"not_picked":["Koishi:BloodcurdlingScream","Koishi:JumpScare"],"picked":"Koishi:UnconsciousUprising","floor":11.0},{"not_picked":["Koishi:EmbryosDream","Koishi:StingingMind","Koishi:SpiritedAway"],"picked":"SKIP","floor":12.0},{"not_picked":["Koishi:Jaunt","Koishi:PhantomBarrier"],"picked":"Koishi:EmbersOfLove","floor":14.0},{"not_picked":["Koishi:BloodcurdlingScream","Koishi:SpiritedAway"],"picked":"Koishi:UnconsciousUprising","floor":18.0},{"not_picked":["Koishi:Prune","Koishi:RorschachInDanmaku"],"picked":"Koishi:ReflexRadar","floor":22.0},{"not_picked":["Koishi:Bloodlust","Koishi:UnansweredLove"],"picked":"Koishi:PhilosophyOfTheDespised","floor":23.0},{"not_picked":["Koishi:Bloodlust","Koishi:Catatonia","Koishi:Vanish"],"picked":"SKIP","floor":25.0},{"not_picked":["Koishi:Bloodlust","Koishi:Catatonia","Koishi:Vanish"],"picked":"SKIP","floor":25.0},{"not_picked":["Koishi:UnansweredLove","Koishi:TremblingHands","Koishi:BloodcurdlingScream"],"picked":"SKIP","floor":30.0},{"not_picked":["Koishi:LastRemote","Koishi:TraumaticStroke","Koishi:UnansweredLove"],"picked":"SKIP","floor":31.0},{"not_picked":["Koishi:StingingMind","Koishi:RacingHeart+1","Koishi:SpiritedAway"],"picked":"SKIP","floor":35.0},{"not_picked":["Koishi:BramblyRoseGarden","Koishi:YoukaiPolygraph","Koishi:VengefulSpirit+1"],"picked":"SKIP","floor":36.0},{"not_picked":["Koishi:UnconsciousUprising","Koishi:PhantomStrike","Koishi:JumpScare"],"picked":"SKIP","floor":37.0},{"not_picked":["Koishi:SubterraneanRose","Koishi:ParalyzingFear","Koishi:FleetingPhantom+1"],"picked":"SKIP","floor":38.0},{"not_picked":["Koishi:SubconsciousSweep","Koishi:ConfinedInnocent"],"picked":"Koishi:PredatoryInstincts+1","floor":40.0},{"not_picked":["Koishi:ParalyzingFear","Koishi:StingingMind"],"picked":"Koishi:PhilosophyOfTheDespised+1","floor":42.0},{"not_picked":["Koishi:BloodcurdlingScream+1","Koishi:UnconsciousUprising"],"picked":"Koishi:SubterraneanRose+1","floor":44.0},{"not_picked":["Koishi:SubconsciousSweep","Koishi:EmbersOfLove+1"],"picked":"Koishi:FadingMemory","floor":45.0},{"not_picked":["Koishi:Jaunt","Koishi:HeartfeltFancy","Koishi:ParalyzingFear"],"picked":"SKIP","floor":47.0},{"not_picked":["Koishi:UnansweredLove","Koishi:Untouchable+1"],"picked":"Koishi:HeartAttack","floor":48.0},{"not_picked":["Koishi:Possession","Koishi:TremblingHands","Koishi:MindNumbingTerror+1"],"picked":"SKIP","floor":54}],"player_experience":854597,"relics_obtained":[{"floor":7.0,"key":"Gremlin Horn"},{"floor":9.0,"key":"Shovel"},{"floor":10.0,"key":"Ice Cream"},{"floor":14.0,"key":"Odd Mushroom"},{"floor":15.0,"key":"Koishi:TeethAndClaws"},{"floor":23.0,"key":"Bag of Marbles"},{"floor":24.0,"key":"Mummified Hand"},{"floor":25.0,"key":"Art of War"},{"floor":29.0,"key":"Incense Burner"},{"floor":30.0,"key":"War Paint"},{"floor":32.0,"key":"Strawberry"},{"floor":40.0,"key":"Sundial"},{"floor":41.0,"key":"Frozen Egg 2"},{"floor":43.0,"key":"Meat on the Bone"},{"floor":45.0,"key":"Koishi:ImperfectMetamorphosis"},{"floor":46.0,"key":"Koishi:LettersToReimu"},{"floor":48.0,"key":"FossilizedHelix"},{"floor":54,"key":"Nunchaku"}],"event_choices":[{"damage_healed":0.0,"max_hp_gain":0.0,"max_hp_loss":0.0,"gold_gain":0.0,"event_name":"Mushrooms","player_choice":"Fought Mushrooms","floor":14.0,"gold_loss":0.0,"damage_taken":0.0},{"damage_healed":0.0,"max_hp_gain":0.0,"max_hp_loss":0.0,"gold_gain":99.0,"event_name":"Nest","player_choice":"Stole From Cult","floor":20.0,"gold_loss":0.0,"damage_taken":0.0},{"damage_healed":0.0,"max_hp_gain":0.0,"max_hp_loss":0.0,"gold_gain":0.0,"event_name":"Vampires","player_choice":"Ignored","floor":21.0,"gold_loss":0.0,"damage_taken":0.0},{"damage_healed":0.0,"max_hp_gain":0.0,"max_hp_loss":0.0,"gold_gain":180.0,"event_name":"Knowing Skull","player_choice":"GOLD GOLD ","floor":28.0,"potions_obtained":[],"gold_loss":0.0,"damage_taken":19.0,"cards_obtained":[]}],"is_beta":false,"boss_relics":[{"not_picked":["Velvet Choker","Ectoplasm"],"picked":"Runic Dome"},{"not_picked":["Coffee Dripper","Pandora\u0027s Box"],"picked":"Astrolabe"}],"items_purged_floors":[4,13,19,27,39],"is_endless":false,"potions_floor_spawned":[2,11,14,16,18,22,30,33,37,40,42,44,47],"ascension_level":13}}