{"host":"d6ni0fvdmr494qs7","time":1609497423,"event":{"mods":["ATMod(阿瑾Mod)","BaseMod","Colored Powertips","GungeonMod","Hunter 猎人","KomeijiMod","Luminous","Marked Mod","Minty Spire (QoL Compilation)","Replay The Spire","Spicy Shops","StSLib","The Blue Laboratory","WarShipGirlsR/战舰少女R mod","【遗物卡牌】REMEMod"],"gold_per_floor":[119,134,146,146,159,173,201,221,221,256,74,74,92,102,102,200,200,217,316,332,332,332,359,375,375,375,248,248,248,261,286,286,383,383,399,0,0,0,50,79,79,154,154,166,201,201,263,263,263,263,263,263,108,141,141],"floor_reached":56,"playtime":3447,"items_purged":[],"score":1128,"play_id":"b3ef7552-a99e-4730-b936-2b05306ccb11","local_time":"20210101183703","is_ascension_mode":false,"campfire_choices":[{"data":"Luminous:Photic_Meditation_Luminous","floor":15.0,"key":"SMITH"},{"data":"Luminous:Date_of_Light_Luminous","floor":25.0,"key":"SMITH"},{"data":"Luminous:Light_Sylvan_Lance","floor":32.0,"key":"SMITH"},{"data":"Luminous:Ethereal_Form_Luminous","floor":41.0,"key":"SMITH"},{"floor":46.0,"key":"RECALL"},{"data":"Luminous:Ethereal_Form_Luminous","floor":49.0,"key":"SMITH"},{"data":"Luminous:Flash_Blink_Luminous","floor":52.0,"key":"SMITH"}],"circlet_count":0,"master_deck":["Luminous:Light_Flash_Shower+1","Luminous:Light_Flash_Shower+1","Luminous:Light_Flash_Shower+1","Luminous:Dark_Abyssal_Drop","Luminous:Dark_Abyssal_Drop","Luminous:Dark_Abyssal_Drop+1","Luminous:Defend_Luminous","Luminous:Defend_Luminous","Luminous:Defend_Luminous","Luminous:Switch_Luminous","DemoMod:ProbeStrike+1","Luminous:Light_Gather","Luminous:Photic_Meditation_Luminous+1","Luminous:Mana_Well_Luminous","Luminous:Light_Sylvan_Lance+1","Luminous:Photic_Meditation_Luminous+1","Luminous:Date_of_Light_Luminous+1","Luminous:Concentrate_Luminous+1","Luminous:Flash_Blink_Luminous+1","Luminous:Lunar_Tide_Luminous+1","Luminous:Flash_Blink_Luminous+1","Luminous:Ethereal_Form_Luminous+1","Luminous:Light_Track+1","Luminous:Darkness_Mastery_Luminous","Luminous:Darkness_Mastery_Luminous","Luminous:Ethereal_Form_Luminous+1","Luminous:Ethereal_Form_Luminous","Luminous:Dark_Crescendo_Luminous","Luminous:Mirror_Force_Luminous","Luminous:Light_Wash_Luminous+1","Luminous:Mana_Well_Luminous","REME_MagicPocketWatch","REME_MagicPocketWatch"],"relics":["Luminous:MirrorRelic","REME_ComplimentaryCards","AT_ATBox","FossilizedHelix","CaptainsWheel","Replay:Bottled Eggs","Membership Card","Philosopher\u0027s Stone","Ring of the Snake","Bottled Flame","AT_ImmortalShieldbow","HornCleat","InkBottle","AT_GuinsooRageblade","Black Star","Gremlin Food","Quantum Egg","Iron Hammer","Prayer Wheel","Blue Doll","AT_DeathDance","Simple Rune","DemoMod:GundromedaStrain","Chameleon Ring","Orrery","DemoMod:VorpalBullet","Oddly Smooth Stone"],"acts_visited":["TheCity","TheBeyond","TheEnding"],"potions_floor_usage":[55,55,55],"damage_taken":[{"damage":0.0,"enemies":"Cultist","floor":1.0,"turns":2.0},{"damage":0.0,"enemies":"2 Louse","floor":2.0,"turns":4.0},{"damage":0.0,"enemies":"Small Slimes","floor":3.0,"turns":2.0},{"damage":0.0,"enemies":"Gremlin Gang","floor":5.0,"turns":6.0},{"damage":0.0,"enemies":"Blue Slaver","floor":6.0,"turns":4.0},{"damage":13.0,"enemies":"Gremlin Nob","floor":7.0,"turns":5.0},{"damage":0.0,"enemies":"Large Slime","floor":8.0,"turns":4.0},{"damage":22.0,"enemies":"3 Sentries","floor":10.0,"turns":7.0},{"damage":0.0,"enemies":"2 Fungi Beasts","floor":13.0,"turns":5.0},{"damage":0.0,"enemies":"Exordium Wildlife","floor":14.0,"turns":3.0},{"damage":36.0,"enemies":"Fading Forest","floor":16.0,"turns":11.0},{"damage":0.0,"enemies":"Shell Parasite","floor":18.0,"turns":4.0},{"damage":2.0,"enemies":"2 Thieves","floor":20.0,"turns":4.0},{"damage":41.0,"enemies":"Book of Stabbing","floor":23.0,"turns":7.0},{"damage":0.0,"enemies":"Sentry and Sphere","floor":24.0,"turns":4.0},{"damage":0.0,"enemies":"3 Cultists","floor":30.0,"turns":6.0},{"damage":1.0,"enemies":"Replay:Snechameleon","floor":31.0,"turns":7.0},{"damage":13.0,"enemies":"Champ","floor":33.0,"turns":11.0},{"damage":0.0,"enemies":"Orb Walker","floor":35.0,"turns":5.0},{"damage":0.0,"enemies":"Mind Bloom Boss Battle","floor":39.0,"turns":9.0},{"damage":0.0,"enemies":"Nemesis","floor":40.0,"turns":7.0},{"damage":0.0,"enemies":"3 Darklings","floor":44.0,"turns":7.0},{"damage":0.0,"enemies":"Giant Head","floor":45.0,"turns":11.0},{"damage":52.0,"enemies":"Replay:Hell Engine","floor":50.0,"turns":15.0},{"damage":62,"enemies":"Shield and Spear","floor":54,"turns":8},{"damage":16,"enemies":"The Heart","floor":55,"turns":10}],"seed_played":"8347296430368469116","potions_obtained":[{"floor":1.0,"key":"blueLaboratory:BottledHope"},{"floor":6.0,"key":"Venom Potion"},{"floor":7.0,"key":"blueLaboratory:HeartbeatPotion"},{"floor":8.0,"key":"SteroidPotion"},{"floor":20.0,"key":"SteroidPotion"},{"floor":31.0,"key":"DuplicationPotion"},{"floor":44.0,"key":"Adrenaline Potion"},{"floor":48.0,"key":"EssenceOfSteel"}],"is_trial":false,"path_per_floor":["M","M","M","?","M","M","E","M","T","E","$","?","M","M","R","B",null,"M","?","M","?","?","E","M","R","T","$","?","?","M","E","R","B",null,"M","$","$","?","?","E","R","T","T","M","E","R","?","?","R","B",null,"R","$","E","B",null],"character_chosen":"LuminousClass","items_purchased":["Membership Card","Luminous:Photic_Meditation_Luminous","HornCleat","Gremlin Food","Quantum Egg","Iron Hammer","Luminous:Darkness_Mastery_Luminous","Orrery","Luminous:Mana_Well_Luminous","REME_MagicPocketWatch"],"campfire_rested":0,"item_purchase_floors":[11,11,27,36,36,36,36,53,53,53],"current_hp_per_floor":[75,75,75,75,75,75,62,65,65,49,49,49,61,72,72,40,75,75,75,74,74,74,40,49,49,49,49,35,35,50,64,64,67,80,80,80,80,80,80,80,80,80,80,80,80,80,60,60,60,26,80,80,80,32,42],"gold":141,"neow_bonus":"UPGRADE_CARD","is_daily":false,"chose_seed":false,"campfire_upgraded":6,"win_rate":0.0,"timestamp":1609497423,"path_taken":["M","?","M","?","?","M","E","M","T","E","$","?","?","M","R","BOSS","M","?","M","?","?","E","?","R","T","$","?","?","M","E","R","BOSS","M","$","?","?","?","E","R","?","T","?","E","R","?","?","R","BOSS","R","$","E","BOSS"],"items_purchased_type":["Relic","Card","Relic","Relic","Relic","Relic","Card","Relic","Card","Card"],"build_version":"2020-12-22","purchased_purges":0,"victory":true,"max_hp_per_floor":[75,75,75,75,75,75,75,75,75,75,75,75,75,75,75,75,75,75,75,75,75,75,75,75,75,75,75,80,80,80,80,80,80,80,80,80,80,80,80,80,80,80,80,80,80,80,80,80,80,80,80,80,80,80,80],"card_choices":[{"not_picked":["Luminous:Dark_Dim_Erosion","Luminous:Hero_Will_Luminous"],"picked":"Luminous:Light_Gather","floor":1.0},{"not_picked":["Luminous:Light_Glare","Luminous:Blinding_Pillar_Luminous","Luminous:Balance_Death_Scythe"],"picked":"SKIP","floor":2.0},{"not_picked":["Luminous:Dark_Pressure_Void","Luminous:Accumulation_Luminous","Luminous:Light_Disperse"],"picked":"SKIP","floor":3.0},{"not_picked":["Luminous:Light_Glare","Luminous:Fast_Spell_Luminous"],"picked":"Luminous:Photic_Meditation_Luminous","floor":5.0},{"not_picked":["Luminous:Light_Gather","Luminous:Reverse_Spell_Luminous"],"picked":"Luminous:Mana_Well_Luminous","floor":6.0},{"not_picked":["Luminous:Dark_Raid","Luminous:Accumulation_Luminous","Luminous:Dark_Pressure_Void"],"picked":"SKIP","floor":7.0},{"not_picked":["Luminous:Blinding_Pillar_Luminous","Luminous:Accumulation_Luminous"],"picked":"Luminous:Light_Sylvan_Lance","floor":8.0},{"not_picked":["Luminous:Light_Wash_Luminous","Luminous:Concentrate_Luminous","Luminous:Dark_Dim_Erosion"],"picked":"SKIP","floor":10.0},{"not_picked":["Luminous:Blinding_Pillar_Luminous","Luminous:Light_Track","Luminous:Dark_Pressure_Void"],"picked":"SKIP","floor":13.0},{"not_picked":["Luminous:Light_Sylvan_Lance","Luminous:Light_Wash_Luminous","Luminous:Light_Gather"],"picked":"SKIP","floor":14.0},{"not_picked":["Luminous:Mirror_Force_Luminous","Luminous:Erosion_Luminous"],"picked":"Luminous:Date_of_Light_Luminous","floor":16.0},{"not_picked":["Luminous:Magic_Guard_Luminous+1","Luminous:Light_Glare","Luminous:Blinding_Pillar_Luminous"],"picked":"SKIP","floor":18.0},{"not_picked":["Luminous:Light_Disperse","Luminous:Abyss_Heart_Luminous"],"picked":"Luminous:Concentrate_Luminous+1","floor":20.0},{"not_picked":["Luminous:Accumulation_Luminous","Luminous:Dark_Pressure_Void+1"],"picked":"Luminous:Lunar_Tide_Luminous+1","floor":23.0},{"not_picked":["Luminous:Hero_Will_Luminous+1","Luminous:Light_Track"],"picked":"Luminous:Flash_Blink_Luminous+1","floor":24.0},{"not_picked":["Luminous:Accumulation_Luminous","Luminous:Light_Glare","Luminous:Phantom_Treasure_Luminous"],"picked":"SKIP","floor":30.0},{"not_picked":["Luminous:Armageddon_Luminous","Luminous:Light_Sylvan_Lance+1","Luminous:Light_Gather+1"],"picked":"SKIP","floor":31.0},{"not_picked":["Luminous:Mirror_Force_Luminous","Luminous:Equalize_Luminous"],"picked":"Luminous:Ethereal_Form_Luminous","floor":33.0},{"not_picked":["Luminous:Blinding_Pillar_Luminous+1","Luminous:Lights_Protection_Luminous+1"],"picked":"Luminous:Light_Track+1","floor":35.0},{"not_picked":[],"picked":"Luminous:Ethereal_Form_Luminous","floor":38.0},{"not_picked":["Luminous:Light_Gather","Luminous:Light_Glare","Luminous:Concentrate_Luminous+1"],"picked":"SKIP","floor":40.0},{"not_picked":["Luminous:Light_Ray_of_Redemption","Luminous:Blinding_Pillar_Luminous+1","Luminous:Concentrate_Luminous+1"],"picked":"SKIP","floor":44.0},{"not_picked":["Luminous:Light_Disperse","Luminous:Light_Gather+1","Luminous:Dark_Dim_Erosion"],"picked":"SKIP","floor":44.0},{"not_picked":["Luminous:Light_Gather","Luminous:Reverse_Spell_Luminous+1"],"picked":"Luminous:Ethereal_Form_Luminous","floor":45.0},{"not_picked":["Luminous:Lights_Protection_Luminous+1","Luminous:Darkness_Mastery_Luminous+1"],"picked":"Luminous:Dark_Crescendo_Luminous","floor":53},{"not_picked":["Luminous:Dark_Pressure_Void","Luminous:Blinding_Pillar_Luminous"],"picked":"Luminous:Mirror_Force_Luminous","floor":53},{"not_picked":["Luminous:Accumulation_Luminous","Luminous:Light_Disperse"],"picked":"Luminous:Light_Wash_Luminous+1","floor":53},{"not_picked":["Luminous:Light_Sylvan_Lance+1","Luminous:Dark_Raid","Luminous:Accumulation_Luminous"],"picked":"SKIP","floor":54}],"player_experience":187436,"relics_obtained":[{"floor":7.0,"key":"FossilizedHelix"},{"floor":9.0,"key":"CaptainsWheel"},{"floor":10.0,"key":"Replay:Bottled Eggs"},{"floor":23.0,"key":"Bottled Flame"},{"floor":26.0,"key":"AT_ImmortalShieldbow"},{"floor":31.0,"key":"AT_GuinsooRageblade"},{"floor":39.0,"key":"Prayer Wheel"},{"floor":40.0,"key":"Blue Doll"},{"floor":42.0,"key":"AT_DeathDance"},{"floor":45.0,"key":"Simple Rune"},{"floor":45.0,"key":"DemoMod:GundromedaStrain"},{"floor":47.0,"key":"Chameleon Ring"},{"floor":54,"key":"DemoMod:VorpalBullet"},{"floor":54,"key":"Oddly Smooth Stone"}],"event_choices":[{"cards_removed":["Luminous:Defend_Luminous"],"damage_healed":0.0,"max_hp_gain":0.0,"max_hp_loss":0.0,"gold_gain":0.0,"event_name":"Purifier","player_choice":"Purged","floor":4.0,"gold_loss":0.0,"damage_taken":0.0},{"damage_healed":0.0,"max_hp_gain":0.0,"max_hp_loss":0.0,"gold_gain":0.0,"event_name":"Accursed Blacksmith","player_choice":"Forge","floor":12.0,"gold_loss":0.0,"damage_taken":0.0,"cards_upgraded":["Luminous:Photic_Meditation_Luminous"]},{"damage_healed":0.0,"max_hp_gain":0.0,"max_hp_loss":0.0,"gold_gain":99.0,"event_name":"Nest","player_choice":"Stole From Cult","floor":19.0,"gold_loss":0.0,"damage_taken":0.0},{"damage_healed":0.0,"max_hp_gain":0.0,"max_hp_loss":0.0,"gold_gain":0.0,"event_name":"The Library","player_choice":"Read","floor":22.0,"gold_loss":0.0,"damage_taken":0.0,"cards_obtained":["Luminous:Flash_Blink_Luminous"]},{"damage_healed":0.0,"max_hp_gain":5.0,"max_hp_loss":0.0,"gold_gain":0.0,"event_name":"Forgotten Altar","player_choice":"Shed Blood","floor":28.0,"gold_loss":0.0,"damage_taken":19.0},{"damage_healed":0.0,"max_hp_gain":0.0,"max_hp_loss":0.0,"gold_gain":0.0,"event_name":"WeMeetAgain","player_choice":"Gave Potion","floor":29.0,"gold_loss":0.0,"damage_taken":0.0,"relics_obtained":["InkBottle"]},{"damage_healed":0.0,"max_hp_gain":0.0,"max_hp_loss":0.0,"gold_gain":0.0,"event_name":"MindBloom","player_choice":"Fight","floor":39.0,"gold_loss":0.0,"damage_taken":0.0},{"damage_healed":0.0,"max_hp_gain":0.0,"max_hp_loss":0.0,"gold_gain":0.0,"event_name":"Lab","player_choice":"Got Potions","floor":48.0,"gold_loss":0.0,"damage_taken":0.0}],"is_beta":false,"boss_relics":[{"not_picked":["Runic Pyramid","Tiny House"],"picked":"Philosopher\u0027s Stone"},{"not_picked":["Astrolabe","Cursed Key"],"picked":"Black Star"}],"items_purged_floors":[],"is_endless":false,"potions_floor_spawned":[1,6,7,8,13,20,31,33,40,44,45],"ascension_level":0}}