{"host":"avjwtc49fhlk6kym","time":1609467627,"event":{"mods":["AchievementEnabler","BaseMod","Better Match","Better Note","Better Third Choice","Colored Map","Colored Powertips","Displayed Cursed Tome","Highlight Path","Minty Spire (QoL Compilation)","Permanent Neow","Quick Restart","StSLib"],"gold_per_floor":[110,110,121,134,152,186,186,151,177,190,210,164,193,212,212,312,312,325,19,34,34,7,7,26,26,26,26,26],"floor_reached":27,"playtime":1077,"items_purged":["Defend_P"],"score":250,"play_id":"06cf57b9-ceab-4bf0-a007-cfbbf28248f2","local_time":"20201231212027","is_ascension_mode":false,"campfire_choices":[{"data":"WheelKick","floor":7.0,"key":"SMITH"},{"floor":15.0,"key":"REST"},{"data":"BattleHymn","floor":23,"key":"SMITH"},{"floor":25,"key":"REST"}],"circlet_count":0,"master_deck":["Strike_P","Strike_P","Strike_P","Strike_P","Defend_P","Defend_P","Defend_P","Eruption","Vigilance","WheelKick+1","Conclude","SandsOfTime","Swivel","DeusExMachina+1","Study+1","PathToVictory","InnerPeace","Evaluate","LessonLearned","ThirdEye","BattleHymn+1","Decay","ClearTheMind","FollowUp","Shame"],"relics":["PureWater","Boot","Gremlin Horn","Juzu Bracelet","Damaru","betterThird:SlimedRelic","Bottled Tornado","Cursed Key","HandDrill"],"acts_visited":["Exordium","TheCity"],"potions_floor_usage":[24],"damage_taken":[{"damage":0.0,"enemies":"Cultist","floor":1.0,"turns":2.0},{"damage":12.0,"enemies":"Small Slimes","floor":3.0,"turns":4.0},{"damage":6.0,"enemies":"Jaw Worm","floor":4.0,"turns":2.0},{"damage":5.0,"enemies":"3 Louse","floor":5.0,"turns":2.0},{"damage":0.0,"enemies":"Gremlin Nob","floor":6.0,"turns":2.0},{"damage":0.0,"enemies":"2 Fungi Beasts","floor":10.0,"turns":2.0},{"damage":2.0,"enemies":"Red Slaver","floor":11.0,"turns":4.0},{"damage":27.0,"enemies":"3 Sentries","floor":13.0,"turns":5.0},{"damage":0.0,"enemies":"Looter","floor":14.0,"turns":2.0},{"damage":40.0,"enemies":"Slime Boss","floor":16.0,"turns":8.0},{"damage":8,"enemies":"3 Byrds","floor":18,"turns":5},{"damage":20,"enemies":"Spheric Guardian","floor":20,"turns":5},{"damage":20,"enemies":"Snake Plant","floor":24,"turns":4},{"damage":53,"enemies":"Cultist and Chosen","floor":27,"turns":6}],"seed_played":"-2945498902736882598","potions_obtained":[{"floor":3.0,"key":"Regen Potion"},{"floor":5.0,"key":"Dexterity Potion"},{"floor":10.0,"key":"Swift Potion"},{"floor":13.0,"key":"Energy Potion"},{"floor":14.0,"key":"DistilledChaos"},{"floor":18,"key":"Dexterity Potion"}],"is_trial":false,"path_per_floor":["M","T","M","M","M","E","R","?","T","M","M","?","E","M","R","B",null,"M","$","M","?","$","R","M","R","T","M"],"character_chosen":"WATCHER","items_purchased":["HandDrill","BattleHymn","ClearTheMind"],"campfire_rested":2,"item_purchase_floors":[19,19,22],"current_hp_per_floor":[72,72,60,59,54,54,54,72,72,72,70,59,32,32,53,13,72,64,64,44,44,44,44,24,45,45,0,0],"gold":26,"neow_bonus":"RANDOM_COMMON_RELIC","is_daily":false,"chose_seed":false,"campfire_upgraded":2,"win_rate":0.0,"timestamp":1609467627,"path_taken":["M","?","M","M","M","E","R","?","T","M","M","?","E","M","R","BOSS","M","$","M","?","$","R","M","R","T","M"],"items_purchased_type":["Relic","Card","Card"],"build_version":"2020-12-22","purchased_purges":1,"victory":false,"max_hp_per_floor":[72,72,72,72,72,72,72,72,72,72,72,72,72,72,72,72,72,72,72,72,72,72,72,72,72,72,72,72],"card_choices":[{"not_picked":["FollowUp","CutThroughFate"],"picked":"WheelKick","floor":1.0},{"not_picked":["JustLucky","EmptyFist"],"picked":"Conclude","floor":3.0},{"not_picked":["JustLucky","Crescendo"],"picked":"SandsOfTime","floor":4.0},{"not_picked":["Crescendo","Pray"],"picked":"Swivel","floor":5.0},{"not_picked":["Halt","SignatureMove"],"picked":"DeusExMachina","floor":6.0},{"not_picked":["CutThroughFate","Crescendo"],"picked":"Study","floor":10.0},{"not_picked":["Evaluate","Prostrate"],"picked":"PathToVictory","floor":11.0},{"not_picked":["Wish","Crescendo"],"picked":"InnerPeace","floor":13.0},{"not_picked":["DeceiveReality","SashWhip"],"picked":"Evaluate","floor":14.0},{"not_picked":["SpiritShield","Judgement"],"picked":"LessonLearned","floor":16.0},{"not_picked":["SignatureMove","EmptyFist"],"picked":"ThirdEye","floor":18},{"not_picked":["WaveOfTheHand","Crescendo","SashWhip"],"picked":"SKIP","floor":20},{"not_picked":["PathToVictory","EmptyFist"],"picked":"FollowUp","floor":24}],"player_experience":353029,"relics_obtained":[{"floor":2.0,"key":"Gremlin Horn"},{"floor":6.0,"key":"Juzu Bracelet"},{"floor":9.0,"key":"Damaru"},{"floor":13.0,"key":"Bottled Tornado"}],"event_choices":[{"damage_healed":18.0,"max_hp_gain":0.0,"max_hp_loss":0.0,"gold_gain":0.0,"event_name":"The Cleric","player_choice":"Healed","floor":8.0,"gold_loss":35.0,"damage_taken":0.0},{"damage_healed":0.0,"max_hp_gain":0.0,"max_hp_loss":0.0,"gold_gain":0.0,"event_name":"betterThird:BetterGoop","player_choice":"Slimed","floor":12.0,"gold_loss":46.0,"damage_taken":11.0},{"damage_healed":0,"gold_gain":0,"player_choice":"Cursed","damage_taken":0,"max_hp_gain":0,"max_hp_loss":0,"event_name":"Wheel of Change","floor":21,"gold_loss":0,"cards_obtained":["Decay"]}],"is_beta":false,"boss_relics":[{"not_picked":["Philosopher\u0027s Stone","Snecko Eye"],"picked":"Cursed Key"}],"items_purged_floors":[19],"is_endless":false,"potions_floor_spawned":[3,5,10,13,14,18],"killed_by":"Cultist and Chosen","ascension_level":0}}