{"host":"9kuc8qxv67wkis18","time":1609514469,"event":{"mods":["2.2 Compatiblity","AchievementEnabler","Aspiration","Astrologer","Bard","BaseMod","Beaked The Cultist","Bestiary","Better Note","Better Third Choice","Block Reminder","Challenge The Spire","ChefMod","Conspire","Curses Come First","GifTheSpireLib","Glutton Mod","Halation","Hermit","Highlight Path","Hubris","Infinite Spire","Jorbs\u0027s Wanderer Trilogy","Marked Mod","Melee Mod","Minty Spire (QoL Compilation)","Permanent Neow","Potionbrewer","Random Character Button","Rare Cards Sparkle","Replay The Spire","Shade Mod","Somnambulant","Spikes Relics","StSLib","Stuff the Spire","The Accelerator","The Blue Laboratory","The Caster","The Construct","The Cursed","The Disciple","The Florist","The Forsaken","The Hierophant","The Judge","The Juggle","The Jungle","The Marked","The Necromancer","The Showman","The Wild Card","TheArtist","Thieving Mod","everything is the same but u backflip on backflip","thorton","vexMod"],"gold_per_floor":[115,133,133,145,145,175,175,201,251,251,265,283,294,98,98,196,196,211,106,106,106,125,125,138,154,154,188,162,162,175,192,192,289,289,301,74,87,101,1,34,34,68,68,78,78,52,52,0,0,0],"floor_reached":51,"playtime":3969,"items_purged":["hermit:Snapshot","hermit:Strike_Hermit+1"],"score":774,"play_id":"843f85a9-2a38-46e9-8fdb-d95ff0ccd71b","local_time":"20210101102109","is_ascension_mode":true,"campfire_choices":[{"data":"hermit:Shortfuse","floor":7.0,"key":"SMITH"},{"floor":10.0,"key":"REST"},{"data":"hermit:GoldenBullet","floor":15.0,"key":"SMITH"},{"data":"hermit:FullyLoaded","floor":23,"key":"SMITH"},{"floor":29,"key":"REST"},{"floor":32,"key":"REST"},{"floor":45,"key":"REST"},{"floor":47,"key":"REST"},{"data":"hermit:Gambit","floor":49,"key":"SMITH"}],"circlet_count":0,"master_deck":["hermit:Strike_Hermit+1","hermit:Strike_Hermit+1","hermit:Strike_Hermit+1","hermit:Defend_Hermit+1","hermit:Defend_Hermit+1","hermit:Defend_Hermit+1","hermit:Defend_Hermit+1","hermit:Covet","hermit:Shortfuse+1","hermit:Gambit+1","hermit:CursedWeapon+1","hermit:FullyLoaded+1","hermit:FullyLoaded","hermit:FullyLoaded","hermit:GoldenBullet+1","hermit:GoldenBullet","hermit:Gambit","StuffTheSpire:BrainWave+1","hermit:Shortfuse+1","hermit:Glare","hermit:Glare","hermit:WideOpen+1","hermit:GoldenBullet","hermit:Feint+1"],"relics":["hermit:Momento","NeowsBlessing","infinitespire:Bottled Soul","SnailShell","hubris:ToyBattleship","Blue Doll","Orrery","thethorton:BottledFunds","ReplayTheSpireMod:TigerMarble","Bronze Scales","vexMod:DeviousBotling","Bag of Marbles","StuffTheSpire:OldFever","TungstenRod","hubris:MedicalManual","Red Mask"],"acts_visited":["Exordium","TheCity","TheBeyond"],"potions_floor_usage":[16,16,18,31,40,50,50],"damage_taken":[{"damage":0.0,"enemies":"Cultist","floor":1.0,"turns":1.0},{"damage":0.0,"enemies":"Small Slimes","floor":2.0,"turns":1.0},{"damage":0.0,"enemies":"Jaw Worm","floor":4.0,"turns":1.0},{"damage":14.0,"enemies":"3 Sentries","floor":6.0,"turns":5.0},{"damage":22.0,"enemies":"Gremlin Nob","floor":8.0,"turns":4.0},{"damage":2.0,"enemies":"3 Louse","floor":11.0,"turns":3.0},{"damage":7.0,"enemies":"Exordium Wildlife","floor":12.0,"turns":3.0},{"damage":7.0,"enemies":"Exordium Thugs","floor":13.0,"turns":4.0},{"damage":40,"enemies":"The Guardian","floor":16,"turns":14},{"damage":23,"enemies":"conspire:FuzzyDice","floor":18,"turns":5},{"damage":2,"enemies":"Spheric Guardian","floor":22,"turns":1},{"damage":2,"enemies":"Snake Plant","floor":24,"turns":2},{"damage":0,"enemies":"Sentry and Sphere","floor":25,"turns":3},{"damage":15,"enemies":"conspire:SneckoGhost","floor":27,"turns":5},{"damage":2,"enemies":"Centurion and Healer","floor":30,"turns":3},{"damage":5,"enemies":"Snake Plant","floor":31,"turns":3},{"damage":23,"enemies":"conspire:MysteriousRune","floor":33,"turns":6},{"damage":2,"enemies":"3 Darklings","floor":35,"turns":3},{"damage":0,"enemies":"Orb Walker","floor":37,"turns":3},{"damage":2,"enemies":"Writhing Mass","floor":38,"turns":3},{"damage":37,"enemies":"Giant Head","floor":40,"turns":6},{"damage":2,"enemies":"Reptomancer","floor":42,"turns":2},{"damage":1,"enemies":"Transient","floor":44,"turns":5},{"damage":16,"enemies":"Donu and Deca","floor":50,"turns":7}],"seed_played":"3094455873587292899","potions_obtained":[{"floor":4.0,"key":"LiquidMemories"},{"floor":6.0,"key":"SteroidPotion"},{"floor":8.0,"key":"Fire Potion"},{"floor":11.0,"key":"hermit:Tonic"},{"floor":25,"key":"blueLaboratory:AbyssPotion"},{"floor":30,"key":"blueLaboratory:FrostheartPotion"},{"floor":33,"key":"blueLaboratory:PolymorphPotion"},{"floor":37,"key":"potionbrewer:AcidPotion"},{"floor":42,"key":"SkillPotion"}],"is_trial":false,"path_per_floor":["M","M","T","M","?","E","R","E","T","R","M","M","M","$","R","B",null,"M","?","?","$","M","R","M","M","T","E","$","R","M","M","R","B",null,"M","$","M","M","$","E","?","E","T","M","R","$","R","?","R","B",null],"character_chosen":"HERMIT","items_purchased":["hermit:FullyLoaded","Orrery","hermit:Glare","Bag of Marbles","hermit:Feint+1"],"campfire_rested":5,"item_purchase_floors":[14,14,28,36,46],"current_hp_per_floor":[75,75,75,75,75,61,61,39,39,61,59,52,45,45,45,5,75,52,52,52,52,50,50,48,48,48,33,33,55,53,48,70,47,75,73,73,73,71,71,34,34,32,32,35,57,57,75,75,75,59],"gold":0,"neow_bonus":"THREE_ENEMY_KILL","is_daily":false,"chose_seed":false,"campfire_upgraded":4,"win_rate":0.0,"timestamp":1609514469,"path_taken":["M","M","?","M","?","E","R","E","T","R","?","M","M","$","R","BOSS","M","?","?","$","M","R","M","M","T","E","$","R","M","M","R","BOSS","M","$","M","M","$","E","?","E","T","M","R","?","R","?","R","BOSS"],"items_purchased_type":["Card","Relic","Card","Relic","Card"],"build_version":"2020-12-22","purchased_purges":2,"victory":true,"max_hp_per_floor":[75,75,75,75,75,75,75,75,75,75,75,75,75,75,75,75,75,75,75,75,75,75,75,75,75,75,75,75,75,75,75,75,75,75,75,75,75,75,75,75,75,75,75,75,75,75,75,75,75,75],"card_choices":[{"not_picked":["hermit:Coalescence","hermit:TrackingShot"],"picked":"hermit:Shortfuse","floor":1.0},{"not_picked":["hermit:Desperado","hermit:BodyArmor"],"picked":"hermit:Gambit","floor":2.0},{"not_picked":["hermit:Glare","hermit:Feint"],"picked":"hermit:CursedWeapon","floor":4.0},{"not_picked":["hermit:TakeCover","hermit:EyeOfTheStorm","hermit:Dive"],"picked":"SKIP","floor":6.0},{"not_picked":["hermit:TakeCover","hermit:EyeOfTheStorm","hermit:Dive"],"picked":"SKIP","floor":6.0},{"not_picked":["hermit:EternalForm","hermit:Determination","hermit:DeadOrAlive"],"picked":"SKIP","floor":8.0},{"not_picked":["hermit:TakeCover","hermit:WideOpen","hermit:TakeAim"],"picked":"SKIP","floor":11.0},{"not_picked":["hermit:Virtue","hermit:CalledShot","hermit:Dive"],"picked":"SKIP","floor":12.0},{"not_picked":["hermit:HoleUp","hermit:Deadeye","hermit:CalledShot"],"picked":"SKIP","floor":13.0},{"not_picked":["hermit:Desperado","hermit:Grudge"],"picked":"hermit:FullyLoaded","floor":14.0},{"not_picked":["hermit:TrackingShot","hermit:Gestalt"],"picked":"hermit:GoldenBullet","floor":14.0},{"not_picked":["hermit:Quickdraw","hermit:Misfire"],"picked":"hermit:GoldenBullet","floor":14.0},{"not_picked":["hermit:Magnum","hermit:RoundhouseKick"],"picked":"hermit:Gambit","floor":16},{"not_picked":["hermit:Misfire","hermit:LowProfile","hermit:BodyArmor"],"picked":"SKIP","floor":18},{"not_picked":["hermit:Coalescence+1","hermit:Gestalt"],"picked":"hermit:Shortfuse+1","floor":22},{"not_picked":["hermit:CalledShot","hermit:Misfire","hermit:Maintenance"],"picked":"SKIP","floor":24},{"not_picked":["hermit:CalledShot","hermit:Coalescence","hermit:Roughhouse"],"picked":"SKIP","floor":25},{"not_picked":["hermit:Spite+1","hermit:Headshot","hermit:Glare"],"picked":"SKIP","floor":27},{"not_picked":["hermit:HoleUp","hermit:TakeCover+1","hermit:WideOpen"],"picked":"SKIP","floor":30},{"not_picked":["hermit:DeadMansHand","hermit:ShadowCloak+1","hermit:Roughhouse"],"picked":"SKIP","floor":31},{"not_picked":["hermit:DeadMansHand","hermit:ShadowCloak+1","hermit:Roughhouse"],"picked":"SKIP","floor":31},{"not_picked":["hermit:LowProfile","hermit:CalledShot","hermit:Virtue"],"picked":"SKIP","floor":35},{"not_picked":["hermit:TrackingShot","hermit:PistolWhip"],"picked":"hermit:WideOpen+1","floor":37},{"not_picked":["hermit:LowProfile+1","hermit:HighCaliber"],"picked":"hermit:GoldenBullet","floor":38},{"not_picked":["hermit:FatalDesire","hermit:LowProfile+1","hermit:Misfire"],"picked":"SKIP","floor":40},{"not_picked":["hermit:LoneWolf","hermit:Ricochet+1","hermit:Reprieve"],"picked":"SKIP","floor":42},{"not_picked":["hermit:Dive","hermit:Manifest","hermit:Vantage+1"],"picked":"SKIP","floor":44}],"player_experience":147342,"relics_obtained":[{"floor":3.0,"key":"infinitespire:Bottled Soul"},{"floor":6.0,"key":"SnailShell"},{"floor":8.0,"key":"hubris:ToyBattleship"},{"floor":9.0,"key":"Blue Doll"},{"floor":26,"key":"ReplayTheSpireMod:TigerMarble"},{"floor":27,"key":"Bronze Scales"},{"floor":40,"key":"StuffTheSpire:OldFever"},{"floor":42,"key":"TungstenRod"},{"floor":43,"key":"hubris:MedicalManual"}],"event_choices":[{"damage_healed":0.0,"max_hp_gain":0.0,"max_hp_loss":0.0,"gold_gain":0.0,"event_name":"Upgrade Shrine","player_choice":"Upgraded","floor":5.0,"gold_loss":0.0,"damage_taken":0.0,"cards_upgraded":["hermit:CursedWeapon"]},{"damage_healed":0,"gold_gain":0,"player_choice":"Simplicity","damage_taken":0,"max_hp_gain":0,"max_hp_loss":8,"event_name":"betterThird:BetterWriting","floor":20,"gold_loss":0},{"damage_healed":0,"gold_gain":0,"player_choice":"Forge","damage_taken":0,"max_hp_gain":0,"max_hp_loss":0,"event_name":"Accursed Blacksmith","floor":41,"gold_loss":0,"cards_upgraded":["StuffTheSpire:BrainWave"]},{"damage_healed":0,"gold_gain":0,"player_choice":"Paid","damage_taken":0,"relics_obtained":["Red Mask"],"max_hp_gain":0,"max_hp_loss":0,"event_name":"Tomb of Lord Red Mask","floor":48,"gold_loss":52}],"is_beta":false,"boss_relics":[{"not_picked":["halation:Yufonium","vexMod:BigBerry"],"picked":"thethorton:BottledFunds"},{"not_picked":["Replay:Fungal Core","conspire:SeveredTorchhead"],"picked":"vexMod:DeviousBotling"}],"items_purged_floors":[36,39],"is_endless":false,"potions_floor_spawned":[4,6,8,11,25,30,33,37,42,44],"ascension_level":1}}