{"host":"w2kjv12xyhtt0cv2","time":1609513881,"event":{"mods":["Act Like it!","BaseMod","Colored Map","Friendly Minions","Gensokyo","Highlight Path","Hubris","Kiyohime（清姬）","Marisa（F雨　魔理沙）","Minty Spire (QoL Compilation)","Quick Restart","Reimu（博丽灵梦）","Relic Stats","Replay The Spire","RumiaBox-露米娅的神秘盒子","Shop Mod","Spicy Shops","StSLib","The Cursed","The Servant 0.9.4","UnlockEverythingMod","Waifu the Spire","[功能]功能增强和修复MOD","vexMod","【功能Mod】Neow奖励","【遗物卡牌】REMEMod","没有小屋子和绿帽子啦"],"gold_per_floor":[117,192,52,52,71,103,103,130,130,130,130,158,21,74,74,181,847,858,858,858,59,99,99,124,138,138,138,138,178,178,307,307,412,412,422,422,362,23,23,23,37,169,169,195,195,223,223,252,252,252,252,252,365,394,394],"floor_reached":56,"playtime":3518,"items_purged":["Delirium","KiyohimeMod:Defend","KiyohimeMod:Defend"],"score":1802,"play_id":"cdc5f20c-c2a4-49b0-8e1c-b68111744134","local_time":"20210101231121","is_ascension_mode":true,"campfire_choices":[{"data":"KiyohimeMod:Projection","floor":7.0,"key":"SMITH"},{"data":"KiyohimeMod:FlameKiss","floor":10.0,"key":"SMITH"},{"data":"KiyohimeMod:FirstPremonition","floor":15.0,"key":"SMITH"},{"floor":23.0,"key":"DIG"},{"floor":27.0,"key":"DIG"},{"floor":32.0,"key":"DIG"},{"floor":40.0,"key":"DIG"},{"floor":45.0,"key":"DIG"},{"floor":49.0,"key":"RECALL"},{"floor":52,"key":"DIG"}],"circlet_count":0,"master_deck":["KiyohimeMod:Strike","KiyohimeMod:Strike","KiyohimeMod:Strike","KiyohimeMod:Strike","KiyohimeMod:Defend+1","KiyohimeMod:Track","KiyohimeMod:FlameKiss+1","KiyohimeMod:Shapeshift+1","FloweringNight","KiyohimeMod:Projection+1","KiyohimeMod:EatSoul","KiyohimeMod:CelestialInvertedMoon","KiyohimeMod:FirstPremonition+1","KiyohimeMod:BeElegant","KiyohimeMod:MagicCrystal","KiyohimeMod:CelestialInvertedMoon+1","KiyohimeMod:GreenBlackKey","KiyohimeMod:GreenBlackKey+1","KiyohimeMod:Servant_TamamoNoMae+1","KiyohimeMod:CommandCard_Quick+1","Gensokyo:CustomPotion","Gensokyo:LifeforceConverter","KiyohimeMod:BeastOfBillows+1","Pot Of Greed","Pot Of Greed","Pot Of Greed","KiyohimeMod:FacelessMoon"],"relics":["REME_ComplimentaryCards","Philosopher\u0027s Stone","ReplayTheSpireMod:TigerMarble","GodSword5","War Paint","GodSword1","Ccalipers","Gremlin Food","KiyohimeMod:HolyShroudOfMagdalene","vexMod:RockOfEvil","ReplayTheSpireMod:Ring of Collecting","Ring of Hypnosis","Singing Bowl","Shovel","vexMod:FocusSash","hubris:DisguiseKit","Pen Nib","ReplayTheSpireMod:Ring of Addiction","MagicDraw1","Toy Ornithopter","Potion Belt","Blue Doll","Juzu Bracelet","Boot","hubris:Icosahedron","MagicDraw3","Replay:Rubber Ducky","Replay:Grab Bag","Fusion Hammer","vexMod:TanglingVine","KiyohimeMod:Necromancy","SacredBark","Gensokyo:EmptyGrave","Membership Card","Chemical X","Bag of Marbles","Nunchaku","vexMod:BarristanHead","Pocketwatch","Ring of Fury","Grinning Jar","Torii","Bottled Lightning","Calipers","GodSword7","Sling","hubris:NiceRug","hubris:64BitClover","Gambling Chip","Lee\u0027s Waffle","hubris:MysteriousPyramids","Akabeko","Lantern"],"acts_visited":["Exordium","TheCity","Gensokyo:Gensokyoest","TheEnding"],"potions_floor_usage":[50,50,55,55,55,55],"damage_taken":[{"damage":0.0,"enemies":"Cultist","floor":1.0,"turns":2.0},{"damage":4.0,"enemies":"Jaw Worm","floor":5.0,"turns":2.0},{"damage":1.0,"enemies":"3 Sentries","floor":6.0,"turns":3.0},{"damage":0.0,"enemies":"Lagavulin","floor":8.0,"turns":4.0},{"damage":4.0,"enemies":"3 Sentries","floor":12.0,"turns":2.0},{"damage":0.0,"enemies":"Lagavulin","floor":14.0,"turns":3.0},{"damage":0.0,"enemies":"Fading Forest","floor":16.0,"turns":7.0},{"damage":0.0,"enemies":"Spheric Guardian","floor":18.0,"turns":2.0},{"damage":0.0,"enemies":"Shell Parasite","floor":22.0,"turns":1.0},{"damage":11.0,"enemies":"REME_1_Revenger","floor":24.0,"turns":3.0},{"damage":1.0,"enemies":"Cultist and Chosen","floor":25.0,"turns":2.0},{"damage":0.0,"enemies":"Slavers","floor":29.0,"turns":2.0},{"damage":0.0,"enemies":"Replay:Snechameleon","floor":31.0,"turns":3.0},{"damage":0.0,"enemies":"Collector","floor":33.0,"turns":4.0},{"damage":0.0,"enemies":"Gensokyo:3_Bats","floor":35.0,"turns":2.0},{"damage":0.0,"enemies":"Gensokyo:3_Boulders","floor":41.0,"turns":1.0},{"damage":11.0,"enemies":"Gensokyo:Marisa","floor":42.0,"turns":2.0},{"damage":1.0,"enemies":"Gensokyo:Kasen","floor":44.0,"turns":2.0},{"damage":0.0,"enemies":"Gensokyo:Marisa","floor":46.0,"turns":2.0},{"damage":0.0,"enemies":"Gensokyo:Doremy","floor":48.0,"turns":3.0},{"damage":0,"enemies":"Gensokyo:Shinki","floor":50,"turns":4},{"damage":0,"enemies":"hubris:Merchant","floor":53,"turns":2},{"damage":0,"enemies":"Shield and Spear","floor":54,"turns":1},{"damage":0,"enemies":"The Heart","floor":55,"turns":4}],"seed_played":"-5127691109414408480","potions_obtained":[{"floor":5.0,"key":"Milkshake"},{"floor":8.0,"key":"Dexterity Potion"},{"floor":14.0,"key":"Regen Potion"},{"floor":16.0,"key":"PowerPotion"},{"floor":18.0,"key":"ColorlessPotion"},{"floor":24.0,"key":"Swift Potion"},{"floor":25.0,"key":"Swift Potion"},{"floor":26.0,"key":"Dexterity Potion"},{"floor":26.0,"key":"Regen Potion"},{"floor":33.0,"key":"SteroidPotion"},{"floor":35.0,"key":"AttackPotion"},{"floor":44.0,"key":"PowerPotion"},{"floor":46.0,"key":"PowerPotion"},{"floor":53,"key":"Weak Potion"},{"floor":53,"key":"Elixir"},{"floor":53,"key":"Regen Potion"}],"is_trial":false,"path_per_floor":["M","?","$","?","M","E","R","E","T","R","?","E","$","E","R","B",null,"M","?","?","$","M","R","E","M","T","R","?","E","?","E","R","B",null,"M","?","?","$","?","R","M","E","T","E","R","E","?","E","R","B",null,"R","$","E","B",null],"character_chosen":"Kiyohime","items_purchased":["ReplayTheSpireMod:TigerMarble","KiyohimeMod:FirstPremonition","Singing Bowl","KiyohimeMod:GreenBlackKey","Shovel","vexMod:FocusSash","Membership Card","Chemical X","Bag of Marbles","Nunchaku","Sling"],"campfire_rested":0,"item_purchase_floors":[3,13,21,21,21,21,38,38,38,38,53],"current_hp_per_floor":[60,49,49,42,38,40,40,40,40,40,37,38,38,38,38,50,30,30,30,27,27,29,29,18,19,19,19,19,21,21,23,23,39,39,39,36,36,34,34,34,34,23,23,36,36,36,36,36,36,36,36,36,57,57,57],"gold":394,"neow_bonus":"BOSS_RELIC","is_daily":false,"chose_seed":false,"campfire_upgraded":3,"win_rate":0.0,"timestamp":1609513881,"path_taken":["M","?","$","?","M","E","R","E","T","R","?","E","?","E","R","BOSS","M","?","?","$","M","R","E","M","T","R","?","E","?","E","R","BOSS","M","?","?","$","?","R","M","E","T","E","R","E","?","E","R","BOSS","R","$","E","BOSS"],"items_purchased_type":["Relic","Card","Relic","Card","Relic","Relic","Relic","Relic","Relic","Relic","Relic"],"build_version":"2020-12-22","purchased_purges":3,"victory":true,"max_hp_per_floor":[60,60,60,60,60,60,60,60,60,60,60,60,60,60,60,60,30,30,30,35,35,37,37,37,39,39,39,39,41,39,41,41,39,39,39,36,36,34,34,34,34,34,34,36,36,36,36,36,36,36,36,36,57,57,57],"relic_stats":{"Lee\u0027s Waffle":7,"Singing Bowl":30,"Torii":0,"counters":[24,63],"Pen Nib":[12],"Juzu Bracelet":1,"War Paint":["KiyohimeMod:Shapeshift","KiyohimeMod:Defend"],"Boot":[3],"Nunchaku":[8],"Shovel":6,"Gambling Chip":[0],"Chemical X":[6],"obtain_stats":[{"Calipers":48,"KiyohimeMod:HolyShroudOfMagdalene":14,"vexMod:TanglingVine":34,"hubris:MysteriousPyramids":53,"vexMod:RockOfEvil":17,"Boot":29,"MagicDraw3":31,"Sling":53,"MagicDraw1":26,"KiyohimeMod:FireDragon":0,"Ccalipers":11,"Philosopher\u0027s Stone":0,"Fusion Hammer":34,"Ring of Hypnosis":19,"ReplayTheSpireMod:Ring of Addiction":26,"Replay:Grab Bag":34,"Pen Nib":24,"War Paint":8,"Akabeko":53,"ReplayTheSpireMod:Ring of Collecting":19,"GodSword7":52,"ReplayTheSpireMod:TigerMarble":3,"GodSword5":6,"Grinning Jar":44,"KiyohimeMod:Necromancy":34,"GodSword1":9,"Pocketwatch":42,"Lantern":54,"Singing Bowl":21,"Torii":45,"SacredBark":34,"Blue Doll":27,"Juzu Bracelet":28,"Replay:Rubber Ducky":32,"Nunchaku":38,"Shovel":21,"hubris:Icosahedron":30,"Gambling Chip":53,"Chemical X":38,"Gremlin Food":12,"Potion Belt":26,"hubris:DisguiseKit":23,"Lee\u0027s Waffle":53,"hubris:64BitClover":53,"vexMod:FocusSash":21,"Gensokyo:EmptyGrave":36,"vexMod:BarristanHead":40,"Ring of Fury":43,"Bag of Marbles":38,"Membership Card":38,"Bottled Lightning":46,"Toy Ornithopter":26,"REME_ComplimentaryCards":0,"hubris:NiceRug":53},{"Calipers":20,"KiyohimeMod:HolyShroudOfMagdalene":6,"vexMod:TanglingVine":14,"hubris:MysteriousPyramids":22,"vexMod:RockOfEvil":7,"Boot":12,"MagicDraw3":13,"Sling":21,"MagicDraw1":11,"KiyohimeMod:FireDragon":0,"Ccalipers":4,"Philosopher\u0027s Stone":0,"Fusion Hammer":14,"Ring of Hypnosis":8,"ReplayTheSpireMod:Ring of Addiction":11,"Replay:Grab Bag":14,"Pen Nib":10,"War Paint":4,"Akabeko":22,"ReplayTheSpireMod:Ring of Collecting":8,"GodSword7":21,"ReplayTheSpireMod:TigerMarble":1,"GodSword5":3,"Grinning Jar":18,"KiyohimeMod:Necromancy":14,"GodSword1":4,"Pocketwatch":17,"Lantern":23,"Singing Bowl":8,"Torii":18,"SacredBark":14,"Blue Doll":11,"Juzu Bracelet":11,"Replay:Rubber Ducky":13,"Nunchaku":15,"Shovel":8,"hubris:Icosahedron":12,"Gambling Chip":22,"Chemical X":15,"Gremlin Food":5,"Potion Belt":11,"hubris:DisguiseKit":9,"Lee\u0027s Waffle":22,"hubris:64BitClover":22,"vexMod:FocusSash":8,"Gensokyo:EmptyGrave":15,"vexMod:BarristanHead":15,"Ring of Fury":17,"Bag of Marbles":15,"Membership Card":15,"Bottled Lightning":19,"Toy Ornithopter":11,"REME_ComplimentaryCards":0,"hubris:NiceRug":22},{"Calipers":52,"KiyohimeMod:HolyShroudOfMagdalene":16,"vexMod:TanglingVine":40,"hubris:MysteriousPyramids":58,"vexMod:RockOfEvil":23,"Boot":33,"MagicDraw3":36,"Sling":56,"MagicDraw1":31,"KiyohimeMod:FireDragon":0,"Ccalipers":11,"Philosopher\u0027s Stone":0,"Fusion Hammer":40,"Ring of Hypnosis":25,"ReplayTheSpireMod:Ring of Addiction":31,"Replay:Grab Bag":40,"Pen Nib":29,"War Paint":11,"Akabeko":58,"ReplayTheSpireMod:Ring of Collecting":25,"GodSword7":56,"ReplayTheSpireMod:TigerMarble":2,"GodSword5":7,"Grinning Jar":47,"KiyohimeMod:Necromancy":40,"GodSword1":11,"Pocketwatch":45,"Lantern":59,"Singing Bowl":25,"Torii":47,"SacredBark":40,"Blue Doll":31,"Juzu Bracelet":31,"Replay:Rubber Ducky":36,"Nunchaku":42,"Shovel":25,"hubris:Icosahedron":33,"Gambling Chip":58,"Chemical X":42,"Gremlin Food":13,"Potion Belt":31,"hubris:DisguiseKit":26,"Lee\u0027s Waffle":58,"hubris:64BitClover":58,"vexMod:FocusSash":25,"Gensokyo:EmptyGrave":42,"vexMod:BarristanHead":42,"Ring of Fury":45,"Bag of Marbles":42,"Membership Card":42,"Bottled Lightning":49,"Toy Ornithopter":31,"REME_ComplimentaryCards":0,"hubris:NiceRug":58}],"Toy Ornithopter":12,"Pocketwatch":[0]},"card_choices":[{"not_picked":["KiyohimeMod:SteelTraining","KiyohimeMod:Berserker"],"picked":"KiyohimeMod:Projection","floor":1.0},{"not_picked":["KiyohimeMod:RedBlackKey","KiyohimeMod:AndSoTheShipConquers"],"picked":"KiyohimeMod:EatSoul","floor":5.0},{"not_picked":["KiyohimeMod:GreenBlackKey","KiyohimeMod:DivineConstruct","KiyohimeMod:BeastOfBillows"],"picked":"SKIP","floor":6.0},{"not_picked":["KiyohimeMod:GreenBlackKey","KiyohimeMod:DivineConstruct","KiyohimeMod:BeastOfBillows"],"picked":"SKIP","floor":6.0},{"not_picked":["KiyohimeMod:Berserker","KiyohimeMod:RedBlackKey","KiyohimeMod:Tenacious"],"picked":"SKIP","floor":8.0},{"not_picked":["KiyohimeMod:BlueBlackKey","KiyohimeMod:FirstPremonition"],"picked":"KiyohimeMod:CelestialInvertedMoon","floor":12.0},{"not_picked":["KiyohimeMod:FirstPremonition","KiyohimeMod:CommandCard_Buster"],"picked":"KiyohimeMod:BeElegant","floor":14.0},{"not_picked":["KiyohimeMod:FiringTheFirstArrow","KiyohimeMod:PrismaCosmos"],"picked":"KiyohimeMod:MagicCrystal","floor":16.0},{"not_picked":["KiyohimeMod:EatSoul","KiyohimeMod:CommandCard_Quick"],"picked":"KiyohimeMod:CelestialInvertedMoon+1","floor":18.0},{"not_picked":["KiyohimeMod:ImaginaryAround","KiyohimeMod:Tenacious","KiyohimeMod:Berserker"],"picked":"Singing Bowl","floor":22.0},{"not_picked":["KiyohimeMod:FirstPremonition","KiyohimeMod:Preemptive","Replay:Hum"],"picked":"KiyohimeMod:GreenBlackKey+1","floor":24.0},{"not_picked":["KiyohimeMod:Projection","KiyohimeMod:Berserker","KiyohimeMod:EatSoul","Fasting2"],"picked":"Singing Bowl","floor":25.0},{"not_picked":["KiyohimeMod:Preemptive","KiyohimeMod:SteelTraining+1","KiyohimeMod:HydraDagger","LikeWater"],"picked":"Singing Bowl","floor":29.0},{"not_picked":["KiyohimeMod:AndSoTheShipConquers","KiyohimeMod:BeElegant+1","KiyohimeMod:EatSoul","Halt"],"picked":"Singing Bowl","floor":31.0},{"not_picked":["KiyohimeMod:FacelessMoon","KiyohimeMod:AVerseOfBurningLoveStory","Wish"],"picked":"KiyohimeMod:Servant_TamamoNoMae","floor":33.0},{"not_picked":["KiyohimeMod:GreenBlackKey+1","KiyohimeMod:HotSpringOfTheMoon","Nirvana"],"picked":"KiyohimeMod:CommandCard_Quick+1","floor":35.0},{"not_picked":["KiyohimeMod:WaterTurn+1","KiyohimeMod:BlueBlackKey","KiyohimeMod:RedBlackKey","EmptyBody"],"picked":"Singing Bowl","floor":41.0},{"not_picked":["KiyohimeMod:Berserker+1","KiyohimeMod:ExSpicyMapoTofu","ClearTheMind"],"picked":"KiyohimeMod:BeastOfBillows+1","floor":42.0},{"not_picked":["KiyohimeMod:BeastOfBillows","KiyohimeMod:Preemptive+1","KiyohimeMod:Fragarach+1","FollowUp"],"picked":"Singing Bowl","floor":44.0},{"not_picked":["KiyohimeMod:DivineConstruct","KiyohimeMod:WaterTurn","WindmillStrike"],"picked":"KiyohimeMod:FacelessMoon","floor":46.0},{"not_picked":["KiyohimeMod:CelestialInvertedMoon","KiyohimeMod:RedBlackKey","KiyohimeMod:RealityMarble","InnerPeace"],"picked":"Singing Bowl","floor":48.0},{"not_picked":["KiyohimeMod:BeastOfBillows"],"picked":"Singing Bowl","floor":53},{"not_picked":["KiyohimeMod:BlueBlackKey"],"picked":"Singing Bowl","floor":53},{"not_picked":["KiyohimeMod:BeElegant"],"picked":"Singing Bowl","floor":53},{"not_picked":["KiyohimeMod:EatSoul"],"picked":"Singing Bowl","floor":53},{"not_picked":["KiyohimeMod:Berserker+1"],"picked":"Singing Bowl","floor":53},{"not_picked":["Dark Shackles"],"picked":"Singing Bowl","floor":53},{"not_picked":["Poisoned Strike"],"picked":"Singing Bowl","floor":53},{"not_picked":["KiyohimeMod:Preemptive","KiyohimeMod:BlueBlackKey","KiyohimeMod:SteelTraining","REME_MusicOfDeath"],"picked":"Singing Bowl","floor":54}],"player_experience":85374,"relics_obtained":[{"floor":6.0,"key":"GodSword5"},{"floor":8.0,"key":"War Paint"},{"floor":9.0,"key":"GodSword1"},{"floor":12.0,"key":"Gremlin Food"},{"floor":14.0,"key":"KiyohimeMod:HolyShroudOfMagdalene"},{"floor":19.0,"key":"ReplayTheSpireMod:Ring of Collecting"},{"floor":19.0,"key":"Ring of Hypnosis"},{"floor":23.0,"key":"hubris:DisguiseKit"},{"floor":24.0,"key":"Pen Nib"},{"floor":26.0,"key":"ReplayTheSpireMod:Ring of Addiction"},{"floor":26.0,"key":"MagicDraw1"},{"floor":26.0,"key":"Toy Ornithopter"},{"floor":26.0,"key":"Potion Belt"},{"floor":27.0,"key":"Blue Doll"},{"floor":29.0,"key":"Boot"},{"floor":31.0,"key":"MagicDraw3"},{"floor":32.0,"key":"Replay:Rubber Ducky"},{"floor":40.0,"key":"vexMod:BarristanHead"},{"floor":42.0,"key":"Pocketwatch"},{"floor":43.0,"key":"Ring of Fury"},{"floor":44.0,"key":"Grinning Jar"},{"floor":45.0,"key":"Torii"},{"floor":46.0,"key":"Bottled Lightning"},{"floor":48.0,"key":"Calipers"},{"floor":52,"key":"GodSword7"},{"floor":53,"key":"hubris:64BitClover"},{"floor":53,"key":"Gambling Chip"},{"floor":53,"key":"Lee\u0027s Waffle"},{"floor":53,"key":"hubris:MysteriousPyramids"},{"floor":53,"key":"Akabeko"},{"floor":54,"key":"Lantern"}],"event_choices":[{"damage_healed":0.0,"max_hp_gain":0.0,"max_hp_loss":0.0,"gold_gain":75.0,"event_name":"World of Goop","player_choice":"Gather Gold","floor":2.0,"gold_loss":0.0,"damage_taken":11.0},{"cards_removed":["KiyohimeMod:Defend"],"damage_healed":0.0,"max_hp_gain":0.0,"max_hp_loss":0.0,"gold_gain":0.0,"event_name":"Golden Wing","player_choice":"Card Removal","floor":4.0,"gold_loss":0.0,"damage_taken":7.0},{"damage_healed":0.0,"max_hp_gain":0.0,"max_hp_loss":0.0,"gold_gain":0.0,"event_name":"Scrap Ooze","player_choice":"Success","floor":11.0,"gold_loss":0.0,"damage_taken":3.0,"relics_obtained":["Ccalipers"]},{"damage_healed":0.0,"max_hp_gain":5.0,"max_hp_loss":0.0,"gold_gain":0.0,"event_name":"Forgotten Altar","player_choice":"Shed Blood","floor":20.0,"gold_loss":0.0,"damage_taken":8.0}],"is_beta":false,"boss_relics":[{"not_picked":["hubris:RunicObelisk","Kintsugi"],"picked":"vexMod:RockOfEvil"},{"not_picked":["hubris:BlackHole","vexMod:DeviousBotling"],"picked":"Replay:Grab Bag"},{"not_picked":["Runic Dome","Cursed Key"],"picked":"Fusion Hammer"},{"not_picked":["hubris:CrackedHourglass","Busted Crown"],"picked":"vexMod:TanglingVine"},{"not_picked":["Ring of Chaos","Runic Pyramid"],"picked":"KiyohimeMod:Necromancy"},{"not_picked":["SoulBox","Honey Jar"],"picked":"SacredBark"}],"items_purged_floors":[21,53,53],"is_endless":false,"potions_floor_spawned":[5,8,14,16,18,24,25,33,35,44,46,54],"ascension_level":1}}