{"host":"s9mizfpm0ux1oq2e","time":1609502561,"event":{"mods":["Aspiration","BaseMod","Downfall","Minty Spire (QoL Compilation)","Permanent Neow","Replay The Spire","StSLib","SuperFastMode"],"gold_per_floor":[99,112,132,132,37,47,47,47,47,32,65,65,50,50,66,66,66,66],"floor_reached":16,"playtime":934,"items_purged":[],"score":98,"play_id":"482e5f83-7681-49cd-b6ec-f602cf84ad5e","local_time":"25640101190241","is_ascension_mode":false,"campfire_choices":[{"floor":1,"key":"DIG"},{"data":"champ:StanceDance","floor":8,"key":"SMITH"},{"data":"champ:StrikeOfGenius","floor":12,"key":"SMITH"}],"circlet_count":0,"master_deck":["champ:Strike","champ:Strike","champ:Strike","champ:Strike","champ:Defend","champ:Defend","champ:Defend","champ:Defend","champ:Execute","champ:Taunt","champ:FocusedDefense","champ:StanceDance+1","champ:DefensiveStyle","champ:BringItOn","champ:RapidStrikes+1","champ:StrikeOfGenius+1"],"relics":["champ:ChampionCrown","Onion Ring","ReplayFunnel","Potion Belt"],"acts_visited":["Exordium"],"potions_floor_usage":[16,16,16],"damage_taken":[{"damage":8,"enemies":"Jaw Worm","floor":2,"turns":4},{"damage":13,"enemies":"2 Louse","floor":3,"turns":3},{"damage":5,"enemies":"downfall:FleeingMerchant","floor":5,"turns":4},{"damage":18,"enemies":"Small Slimes","floor":6,"turns":4},{"damage":5,"enemies":"downfall:FleeingMerchant","floor":10,"turns":4},{"damage":29,"enemies":"Gremlin Nob","floor":11,"turns":5},{"damage":20,"enemies":"downfall:FleeingMerchant","floor":13,"turns":4},{"damage":18,"enemies":"Blue Slaver","floor":15,"turns":5},{"damage":37,"enemies":"downfall:Defect","floor":16,"turns":7}],"seed_played":"1169492315132008252","potions_obtained":[{"floor":2,"key":"Flashbang"},{"floor":6,"key":"Fire Potion"},{"floor":15,"key":"Guardian:BlockOnCardUsePotion"}],"is_trial":false,"path_per_floor":["R","M","M","?","$","M","T","R","?","$","E","R","$","?","M","B"],"character_chosen":"THE_CHAMP","items_purchased":["champ:DefensiveStyle"],"campfire_rested":0,"item_purchase_floors":[5],"current_hp_per_floor":[90,87,79,88,88,78,78,78,78,73,49,49,39,39,26,0,0,0],"gold":66,"neow_bonus":"THREE_CARDS","is_daily":false,"chose_seed":false,"campfire_upgraded":2,"win_rate":0.0,"timestamp":1609502561,"path_taken":["R","M","M","?","$","M","T","R","?","$","E","R","$","?","M","BOSS"],"items_purchased_type":["Card"],"build_version":"2020-12-22","purchased_purges":0,"victory":false,"max_hp_per_floor":[90,90,90,90,90,90,90,90,90,90,90,90,90,90,90,90,90,90],"card_choices":[{"not_picked":["champ:Riposte","champ:TornadoPunch"],"picked":"champ:FocusedDefense","floor":0},{"not_picked":["champ:GutPunch","champ:FanOfKnives","champ:Backstep"],"picked":"SKIP","floor":2},{"not_picked":["champ:Haymaker","champ:TornadoPunch"],"picked":"champ:StanceDance","floor":3},{"not_picked":["champ:FightOn","champ:RisingSlash"],"picked":"champ:ArenaPreparation","floor":5},{"not_picked":["champ:Duel","champ:Haymaker"],"picked":"champ:BringItOn","floor":6},{"not_picked":["champ:DeathBlow","champ:FocusedDefense"],"picked":"champ:StrikeOfGenius","floor":10},{"not_picked":["champ:AdrenalArmor","champ:FalseCounter","champ:DefensiveShout"],"picked":"SKIP","floor":11},{"not_picked":["champ:BladeFlurry","champ:DefensiveShout","champ:FalseCounter"],"picked":"SKIP","floor":13},{"not_picked":["champ:CrookedStrike","champ:EnragedBash","champ:FanOfKnives"],"picked":"SKIP","floor":15}],"player_experience":158941,"relics_obtained":[{"floor":1,"key":"Onion Ring"},{"floor":7,"key":"ReplayFunnel"},{"floor":11,"key":"Potion Belt"}],"event_choices":[],"is_beta":false,"boss_relics":[],"items_purged_floors":[],"is_endless":false,"potions_floor_spawned":[2,6,15],"killed_by":"downfall:Defect","ascension_level":0}}