{"host":"dcj2yvrgcvh5dl2s","time":1609468811,"event":{"mods":["BaseMod","Better Note","Block Reminder","Colored Powertips","DeckTracker","Minty Spire (QoL Compilation)","Quick Restart","Rare Cards Sparkle","Relic Stats","StSLib"],"gold_per_floor":[110,160,2,2,2,13,13,13,13,46,46,46,77,106,106,182,182,182,182,83,83,8,8,8,8,8,8,8,8,8,8,8,8,8,8,8,8,8,8,8,8,8,8,8,8,8,8,8,8,8,8],"floor_reached":50,"playtime":1572,"items_purged":["Strike_R"],"score":1105,"play_id":"171cfabe-5df7-4a95-808c-ecffa1630d35","local_time":"20210101124011","is_ascension_mode":true,"campfire_choices":[{"data":"Heavy Blade","floor":7,"key":"SMITH"},{"data":"Inflame","floor":11,"key":"SMITH"},{"floor":15,"key":"REST"},{"floor":24,"key":"REST"},{"data":"Intimidate","floor":29,"key":"SMITH"},{"floor":32,"key":"REST"},{"data":"Flex","floor":40,"key":"SMITH"},{"data":"Whirlwind","floor":45,"key":"SMITH"},{"data":"Immolate","floor":47,"key":"SMITH"},{"data":"Metallicize","floor":49,"key":"SMITH"}],"circlet_count":0,"master_deck":["AscendersBane","Defend_R+1","Defend_R+1","Defend_R+1","Defend_R+1","Bash+1","Heavy Blade+1","Sword Boomerang","Inflame+1","Sword Boomerang","Immolate+1","Shrug It Off","Intimidate+1","Metallicize+1","Whirlwind+1","Feed","Flex+1","Carnage","Shrug It Off","Finesse"],"relics":["Burning Blood","NeowsBlessing","Juzu Bracelet","Meat on the Bone","Mango","Vajra","Odd Mushroom","Ectoplasm","Red Mask","Blood Vial","Magic Flower","Singing Bowl","Gambling Chip","Coffee Dripper","Pocketwatch","Dream Catcher"],"acts_visited":["Exordium","TheCity","TheBeyond"],"potions_floor_usage":[1,14,23,23,33,33,37,41,50,50],"damage_taken":[{"damage":0,"enemies":"Jaw Worm","floor":1,"turns":1},{"damage":0,"enemies":"Cultist","floor":6,"turns":1},{"damage":0,"enemies":"Lagavulin","floor":10,"turns":1},{"damage":65,"enemies":"3 Sentries","floor":13,"turns":9},{"damage":14,"enemies":"The Mushroom Lair","floor":14,"turns":3},{"damage":38,"enemies":"Slime Boss","floor":16,"turns":5},{"damage":18,"enemies":"3 Byrds","floor":18,"turns":4},{"damage":22,"enemies":"Masked Bandits","floor":19,"turns":3},{"damage":16,"enemies":"Slavers","floor":23,"turns":3},{"damage":9,"enemies":"Gremlin Leader","floor":25,"turns":5},{"damage":1,"enemies":"Chosen","floor":28,"turns":3},{"damage":0,"enemies":"3 Cultists","floor":30,"turns":3},{"damage":46,"enemies":"Book of Stabbing","floor":31,"turns":5},{"damage":87,"enemies":"Automaton","floor":33,"turns":11},{"damage":3,"enemies":"Orb Walker","floor":35,"turns":3},{"damage":21,"enemies":"3 Shapes","floor":36,"turns":6},{"damage":30,"enemies":"Maw","floor":37,"turns":7},{"damage":25,"enemies":"Spire Growth","floor":39,"turns":3},{"damage":22,"enemies":"Nemesis","floor":41,"turns":6},{"damage":0,"enemies":"Mind Bloom Boss Battle","floor":42,"turns":4},{"damage":0,"enemies":"Sphere and 2 Shapes","floor":48,"turns":2},{"damage":104,"enemies":"Time Eater","floor":50,"turns":9}],"seed_played":"-3525511497339681370","potions_obtained":[{"floor":1,"key":"Fruit Juice"},{"floor":10,"key":"BlessingOfTheForge"},{"floor":13,"key":"FearPotion"},{"floor":19,"key":"SkillPotion"},{"floor":28,"key":"HeartOfIron"},{"floor":31,"key":"Dexterity Potion"},{"floor":33,"key":"SmokeBomb"},{"floor":35,"key":"Regen Potion"},{"floor":37,"key":"Weak Potion"},{"floor":42,"key":"Swift Potion"}],"is_trial":false,"path_per_floor":["M","?","$","?","?","M","R","$","T","E","R","?","E","?","R","B",null,"M","?","$","?","?","E","R","E","T","?","M","R","M","E","R","B",null,"M","M","M","?","M","R","E","?","T","?","R","$","R","M","R","B"],"character_chosen":"IRONCLAD","items_purchased":["Juzu Bracelet","Shrug It Off"],"campfire_rested":3,"item_purchase_floors":[3,20],"current_hp_per_floor":[79,71,71,71,71,77,77,77,77,94,94,94,47,51,79,59,85,73,57,57,57,57,59,87,86,86,86,96,96,96,59,87,30,80,89,87,93,93,80,80,70,84,84,78,78,78,78,92,92,0,0],"gold":8,"neow_bonus":"THREE_ENEMY_KILL","is_daily":false,"chose_seed":false,"campfire_upgraded":7,"win_rate":0.0,"timestamp":1609468811,"path_taken":["M","?","$","?","?","M","R","?","T","E","R","?","E","?","R","BOSS","M","?","$","?","?","E","R","E","T","?","M","R","M","E","R","BOSS","M","M","M","?","M","R","E","?","T","?","R","?","R","M","R","BOSS"],"items_purchased_type":["Relic","Card"],"build_version":"2020-12-22","purchased_purges":1,"victory":false,"max_hp_per_floor":[80,80,80,80,80,80,80,80,80,94,94,94,94,94,94,94,94,94,94,94,94,94,94,94,94,94,94,96,96,96,96,96,96,96,96,101,103,103,103,103,103,105,105,109,109,109,109,111,111,111,111],"relic_stats":{"Blood Vial":32,"Dream Catcher":0,"Singing Bowl":14,"counters":[22,97],"Gambling Chip":[22],"Magic Flower":[53],"Ectoplasm":449,"Juzu Bracelet":5,"obtain_stats":[{"NeowsBlessing":0,"Singing Bowl":26,"Vajra":13,"Magic Flower":25,"Mango":10,"Juzu Bracelet":3,"Odd Mushroom":14,"Burning Blood":0,"Blood Vial":23,"Dream Catcher":43,"Gambling Chip":31,"Ectoplasm":17,"Red Mask":19,"Coffee Dripper":34,"Meat on the Bone":9,"Pocketwatch":42},{"NeowsBlessing":0,"Singing Bowl":10,"Vajra":4,"Magic Flower":10,"Mango":3,"Juzu Bracelet":1,"Odd Mushroom":5,"Burning Blood":0,"Blood Vial":9,"Dream Catcher":20,"Gambling Chip":13,"Ectoplasm":6,"Red Mask":8,"Coffee Dripper":14,"Meat on the Bone":2,"Pocketwatch":20},{"NeowsBlessing":0,"Singing Bowl":35,"Vajra":12,"Magic Flower":35,"Mango":3,"Juzu Bracelet":1,"Odd Mushroom":15,"Burning Blood":0,"Blood Vial":30,"Dream Catcher":86,"Gambling Chip":46,"Ectoplasm":20,"Red Mask":27,"Coffee Dripper":57,"Meat on the Bone":2,"Pocketwatch":86}],"Burning Blood":144,"Meat on the Bone":66,"Pocketwatch":[9]},"card_choices":[{"not_picked":["Sever Soul","Perfected Strike"],"picked":"Heavy Blade","floor":1},{"not_picked":["Twin Strike","Warcry"],"picked":"Sword Boomerang","floor":6},{"not_picked":["Reckless Charge","Body Slam"],"picked":"Inflame","floor":10},{"not_picked":["Wild Strike","Iron Wave","Heavy Blade"],"picked":"SKIP","floor":13},{"not_picked":["Berserk","Exhume"],"picked":"Immolate","floor":16},{"not_picked":["Headbutt","Cleave","Clash"],"picked":"SKIP","floor":18},{"not_picked":["Burning Pact","Havoc+1","Brutality"],"picked":"SKIP","floor":23},{"not_picked":["Burning Pact","Anger"],"picked":"Intimidate","floor":25},{"not_picked":["Intimidate","Blood for Blood","Heavy Blade"],"picked":"Singing Bowl","floor":28},{"not_picked":["Headbutt","Anger"],"picked":"Metallicize","floor":30},{"not_picked":["Feel No Pain","Reckless Charge"],"picked":"Whirlwind","floor":31},{"not_picked":["Impervious","Corruption"],"picked":"Feed","floor":33},{"not_picked":["Anger","Entrench+1"],"picked":"Flex","floor":35},{"not_picked":["Infernal Blade","Clothesline","Warcry"],"picked":"Singing Bowl","floor":36},{"not_picked":["Clash+1","Carnage","Dual Wield"],"picked":"Singing Bowl","floor":37},{"not_picked":["Anger","Headbutt"],"picked":"Shrug It Off","floor":39},{"not_picked":["Wild Strike","Armaments","Twin Strike"],"picked":"Singing Bowl","floor":42},{"not_picked":["Forethought","Enlightenment","Dramatic Entrance"],"picked":"Singing Bowl","floor":44},{"not_picked":["Dramatic Entrance","Discovery"],"picked":"Finesse","floor":44},{"not_picked":["Forethought","PanicButton","Trip"],"picked":"Singing Bowl","floor":44},{"not_picked":["Heavy Blade","Reckless Charge","Cleave"],"picked":"Singing Bowl","floor":48}],"player_experience":2138997,"relics_obtained":[{"floor":9,"key":"Meat on the Bone"},{"floor":10,"key":"Mango"},{"floor":13,"key":"Vajra"},{"floor":14,"key":"Odd Mushroom"},{"floor":19,"key":"Red Mask"},{"floor":23,"key":"Blood Vial"},{"floor":25,"key":"Magic Flower"},{"floor":26,"key":"Singing Bowl"},{"floor":31,"key":"Gambling Chip"},{"floor":42,"key":"Pocketwatch"},{"floor":43,"key":"Dream Catcher"}],"event_choices":[{"damage_healed":0,"gold_gain":50,"player_choice":"Touch","damage_taken":8,"max_hp_gain":0,"max_hp_loss":0,"event_name":"FaceTrader","floor":2,"gold_loss":0},{"cards_removed":["Strike_R"],"damage_healed":0,"gold_gain":0,"player_choice":"Offered Basic","damage_taken":0,"max_hp_gain":0,"max_hp_loss":0,"event_name":"Bonfire Elementals","floor":4,"gold_loss":0},{"damage_healed":0,"gold_gain":0,"player_choice":"Upgraded","damage_taken":0,"max_hp_gain":0,"max_hp_loss":0,"event_name":"Upgrade Shrine","floor":5,"gold_loss":0,"cards_upgraded":["Bash"]},{"damage_healed":0,"gold_gain":0,"cards_transformed":["Strike_R"],"player_choice":"Transformed","damage_taken":0,"max_hp_gain":0,"max_hp_loss":0,"event_name":"Transmorgrifier","floor":12,"gold_loss":0,"cards_obtained":["Sword Boomerang"]},{"damage_healed":0,"gold_gain":0,"player_choice":"Fought Mushrooms","damage_taken":0,"max_hp_gain":0,"max_hp_loss":0,"event_name":"Mushrooms","floor":14,"gold_loss":0},{"damage_healed":0,"gold_gain":0,"player_choice":"Fought Bandits","damage_taken":0,"max_hp_gain":0,"max_hp_loss":0,"event_name":"Masked Bandits","floor":19,"gold_loss":0},{"damage_healed":0,"gold_gain":0,"player_choice":"Simplicity","damage_taken":0,"max_hp_gain":0,"max_hp_loss":0,"event_name":"Back to Basics","floor":21,"gold_loss":0,"cards_upgraded":["Strike_R","Strike_R","Defend_R","Defend_R","Defend_R","Defend_R"]},{"cards_removed":["Strike_R"],"damage_healed":0,"gold_gain":0,"player_choice":"Gave Gold","damage_taken":0,"max_hp_gain":0,"max_hp_loss":0,"event_name":"Beggar","floor":22,"gold_loss":75},{"damage_healed":0,"gold_gain":0,"player_choice":"Ignored","damage_taken":0,"max_hp_gain":0,"max_hp_loss":0,"event_name":"The Mausoleum","floor":27,"gold_loss":0},{"damage_healed":0,"gold_gain":0,"cards_transformed":["Strike_R"],"player_choice":"Transformed","damage_taken":0,"max_hp_gain":0,"max_hp_loss":0,"event_name":"Transmorgrifier","floor":38,"gold_loss":0,"cards_obtained":["Carnage"]},{"damage_healed":0,"gold_gain":0,"player_choice":"Fight","damage_taken":0,"max_hp_gain":0,"max_hp_loss":0,"event_name":"MindBloom","floor":42,"gold_loss":0},{"damage_healed":0,"gold_gain":0,"player_choice":"Memory 3","damage_taken":10,"max_hp_gain":0,"max_hp_loss":0,"event_name":"SensoryStone","floor":44,"gold_loss":0}],"is_beta":false,"boss_relics":[{"not_picked":["Mark of Pain","Pandora\u0027s Box"],"picked":"Ectoplasm"},{"not_picked":["Runic Cube","Black Blood"],"picked":"Coffee Dripper"}],"items_purged_floors":[20],"is_endless":false,"potions_floor_spawned":[1,10,13,19,28,31,33,35,37,42],"killed_by":"Time Eater","ascension_level":18}}