{"host":"sc0o2qwpf9j16a4i","time":1609512420,"event":{"mods":["AchievementEnabler","BaseMod","BetterRewards","Block Reminder","Colored Map","Colored Powertips","Custom Start","Highlight Path","Minty Spire (QoL Compilation)","Relic Stats"],"gold_per_floor":[109,109,109,124,136,170,170,186,255,255,255,286,286,304,304,380,380,393,82,92,92,106,106,124,28,97,97,113,131,164,164,164,242,242,257,257,275,275,288,288,288,288],"floor_reached":41,"playtime":1430,"items_purged":["Strike_P"],"score":846,"play_id":"bbb38986-df4f-4301-9244-509f4678ac0b","local_time":"20210101164700","is_ascension_mode":true,"campfire_choices":[{"floor":11.0,"key":"REST"},{"floor":13.0,"key":"REST"},{"data":"Strike_P","floor":15.0,"key":"PURGE"},{"floor":23.0,"key":"REST"},{"floor":27.0,"key":"REST"},{"data":"Strike_P","floor":32,"key":"PURGE"},{"floor":40,"key":"REST"}],"circlet_count":0,"master_deck":["AscendersBane","Defend_P","Defend_P","Defend_P","Defend_P","Eruption+1","Vigilance","CutThroughFate","FearNoEvil","Protect","Alpha+1","Wallop","FlyingSleeves","EmptyBody","LessonLearned","Tantrum+1","Adaptation","Protect+1","Ghostly","Ghostly","Ghostly","EmptyBody+1","Meditate+1","FollowUp","FearNoEvil+1","Blasphemy","Crescendo+1","LikeWater+1","DeusExMachina","Halt"],"relics":["Fusion Hammer","Peace Pipe","Pantograph","Bag of Marbles","VioletLotus","Strawberry","Mummified Hand","Happy Flower","Cursed Key"],"acts_visited":["Exordium","TheCity","TheBeyond"],"potions_floor_usage":[33,37,39],"damage_taken":[{"damage":0.0,"enemies":"2 Louse","floor":1.0,"turns":2.0},{"damage":6.0,"enemies":"Small Slimes","floor":4.0,"turns":4.0},{"damage":0.0,"enemies":"Jaw Worm","floor":5.0,"turns":3.0},{"damage":41.0,"enemies":"Gremlin Nob","floor":6.0,"turns":5.0},{"damage":0.0,"enemies":"2 Fungi Beasts","floor":8.0,"turns":4.0},{"damage":5.0,"enemies":"3 Sentries","floor":12.0,"turns":6.0},{"damage":0.0,"enemies":"3 Louse","floor":14.0,"turns":2.0},{"damage":8.0,"enemies":"Hexaghost","floor":16.0,"turns":9.0},{"damage":31.0,"enemies":"Shell Parasite","floor":18.0,"turns":10.0},{"damage":23.0,"enemies":"3 Byrds","floor":20.0,"turns":4.0},{"damage":8.0,"enemies":"Snake Plant","floor":22.0,"turns":5.0},{"damage":4.0,"enemies":"Shelled Parasite and Fungi","floor":24.0,"turns":4.0},{"damage":0.0,"enemies":"Centurion and Healer","floor":28.0,"turns":6.0},{"damage":5.0,"enemies":"Snecko","floor":29.0,"turns":6.0},{"damage":5.0,"enemies":"Book of Stabbing","floor":30.0,"turns":7.0},{"damage":6,"enemies":"Collector","floor":33,"turns":7},{"damage":7,"enemies":"3 Shapes","floor":35,"turns":4},{"damage":9,"enemies":"3 Darklings","floor":37,"turns":5},{"damage":9,"enemies":"Jaw Worm Horde","floor":39,"turns":6},{"damage":95,"enemies":"Nemesis","floor":41,"turns":7}],"seed_played":"-829445614300987937","potions_obtained":[{"floor":1.0,"key":"DuplicationPotion"},{"floor":8.0,"key":"Explosive Potion"},{"floor":12.0,"key":"ColorlessPotion"},{"floor":18.0,"key":"SpeedPotion"},{"floor":24.0,"key":"SkillPotion"},{"floor":33,"key":"Swift Potion"},{"floor":37,"key":"AttackPotion"},{"floor":39,"key":"Explosive Potion"}],"is_trial":false,"path_per_floor":["M","?","?","M","M","E","?","M","T","?","R","E","R","M","R","B",null,"M","$","M","?","M","R","M","$","T","R","M","M","E","?","R","B",null,"M","?","M","?","M","R","E"],"character_chosen":"WATCHER","items_purchased":["Adaptation","Strawberry","Meditate","ColorlessPotion"],"campfire_rested":5,"item_purchase_floors":[19,19,25,25],"current_hp_per_floor":[61,54,54,48,48,7,7,7,7,7,27,22,42,42,42,59,66,35,42,19,19,11,22,18,18,18,29,29,24,19,19,19,31,36,29,29,20,20,11,22,0,0],"gold":288,"neow_bonus":"BOSS_RELIC","is_daily":false,"chose_seed":false,"campfire_upgraded":0,"win_rate":0.0,"timestamp":1609512420,"path_taken":["M","?","?","M","M","E","?","M","T","?","R","E","R","M","R","BOSS","M","$","M","?","M","R","M","$","T","R","M","M","E","?","R","BOSS","M","?","?","?","M","R","E"],"items_purchased_type":["Card","Relic","Card","Potion"],"build_version":"2020-12-22","purchased_purges":1,"victory":false,"max_hp_per_floor":[68,68,68,68,68,68,68,68,68,68,68,68,68,68,68,68,68,68,75,75,37,37,37,37,37,37,37,37,37,37,37,37,37,37,37,37,37,37,37,37,37,37],"relic_stats":{"Peace Pipe":2,"Happy Flower":[9],"counters":[20,106],"Mummified Hand":[23],"Pantograph":43,"VioletLotus":[25],"Cursed Key":0,"obtain_stats":[{"Peace Pipe":6,"Happy Flower":30,"Mummified Hand":26,"Pantograph":9,"Strawberry":19,"Fusion Hammer":0,"VioletLotus":17,"Bag of Marbles":12,"PureWater":0,"Cursed Key":34},{"Peace Pipe":4,"Happy Flower":15,"Mummified Hand":12,"Pantograph":5,"Strawberry":9,"Fusion Hammer":0,"VioletLotus":8,"Bag of Marbles":6,"PureWater":0,"Cursed Key":16},{"Peace Pipe":14,"Happy Flower":77,"Mummified Hand":58,"Pantograph":18,"Strawberry":45,"Fusion Hammer":0,"VioletLotus":35,"Bag of Marbles":24,"PureWater":0,"Cursed Key":84}]},"card_choices":[{"not_picked":["Nirvana","Perseverance"],"picked":"CutThroughFate","floor":1.0},{"not_picked":["WreathOfFlame","Crescendo"],"picked":"FearNoEvil","floor":4.0},{"not_picked":["FollowUp","WaveOfTheHand"],"picked":"Protect","floor":5.0},{"not_picked":["Prostrate","Crescendo"],"picked":"Alpha","floor":6.0},{"not_picked":["EmptyFist","Conclude"],"picked":"Wallop","floor":8.0},{"not_picked":["JustLucky","FearNoEvil"],"picked":"FlyingSleeves","floor":12.0},{"not_picked":["Pray","FlurryOfBlows"],"picked":"EmptyBody","floor":14.0},{"not_picked":["DeusExMachina","Ragnarok"],"picked":"LessonLearned","floor":16.0},{"not_picked":["Consecrate","EmptyFist"],"picked":"Tantrum","floor":18.0},{"not_picked":["Indignation","EmptyFist"],"picked":"Protect","floor":20.0},{"not_picked":["PathToVictory","Protect","Adaptation"],"picked":"SKIP","floor":22.0},{"not_picked":["EmptyFist","ConjureBlade"],"picked":"EmptyBody+1","floor":24.0},{"not_picked":["SashWhip","BowlingBash"],"picked":"FollowUp","floor":28.0},{"not_picked":["Fasting2","FlurryOfBlows"],"picked":"FearNoEvil+1","floor":29.0},{"not_picked":["EmptyFist+1","FlyingSleeves+1","JustLucky"],"picked":"SKIP","floor":30.0},{"not_picked":["DeusExMachina","LessonLearned"],"picked":"Blasphemy","floor":33},{"not_picked":["Sanctity+1","CrushJoints"],"picked":"Crescendo+1","floor":35},{"not_picked":["Evaluate","Protect"],"picked":"LikeWater+1","floor":37},{"not_picked":["BowlingBash","EmptyBody+1"],"picked":"Halt","floor":39}],"player_experience":474328,"relics_obtained":[{"floor":6.0,"key":"Peace Pipe"},{"floor":9.0,"key":"Pantograph"},{"floor":12.0,"key":"Bag of Marbles"},{"floor":26.0,"key":"Mummified Hand"},{"floor":30.0,"key":"Happy Flower"}],"event_choices":[{"cards_removed":["Strike_P"],"damage_healed":0.0,"max_hp_gain":0.0,"max_hp_loss":0.0,"gold_gain":0.0,"event_name":"Golden Wing","player_choice":"Card Removal","floor":2.0,"gold_loss":0.0,"damage_taken":7.0},{"damage_healed":0.0,"max_hp_gain":0.0,"max_hp_loss":0.0,"gold_gain":0.0,"event_name":"Liars Game","player_choice":"Ignored","floor":3.0,"gold_loss":0.0,"damage_taken":0.0},{"damage_healed":0.0,"max_hp_gain":0.0,"max_hp_loss":0.0,"gold_gain":0.0,"event_name":"Scrap Ooze","player_choice":"Fled","floor":7.0,"gold_loss":0.0,"damage_taken":0.0},{"damage_healed":0.0,"max_hp_gain":0.0,"max_hp_loss":0.0,"gold_gain":0.0,"event_name":"Dead Adventurer","player_choice":"Searched \u00270\u0027 times","floor":10.0,"gold_loss":0.0,"damage_taken":0.0},{"damage_healed":0.0,"max_hp_gain":0.0,"max_hp_loss":38.0,"gold_gain":0.0,"event_name":"Ghosts","player_choice":"Became a Ghost","floor":21.0,"gold_loss":0.0,"damage_taken":0.0,"cards_obtained":["Ghostly","Ghostly","Ghostly"]},{"damage_healed":0.0,"max_hp_gain":0.0,"max_hp_loss":0.0,"gold_gain":0.0,"event_name":"Cursed Tome","player_choice":"Ignored","floor":31.0,"gold_loss":0.0,"damage_taken":0.0},{"damage_healed":0,"gold_gain":0,"player_choice":"Ignored","damage_taken":0,"max_hp_gain":0,"max_hp_loss":0,"event_name":"SecretPortal","floor":36,"gold_loss":0},{"damage_healed":0,"gold_gain":0,"player_choice":"1 cards matched","damage_taken":0,"max_hp_gain":0,"max_hp_loss":0,"event_name":"Match and Keep!","floor":38,"gold_loss":0,"cards_obtained":["DeusExMachina"]}],"is_beta":false,"boss_relics":[{"not_picked":["Calling Bell","Coffee Dripper"],"picked":"VioletLotus"},{"not_picked":["Tiny House","Philosopher\u0027s Stone"],"picked":"Cursed Key"}],"items_purged_floors":[19],"is_endless":false,"potions_floor_spawned":[1,8,12,18,24,29,33,37,39],"killed_by":"Nemesis","ascension_level":20}}