{"host":"3jpcvpprzj9sjffh","time":1609467988,"event":{"mods":["AchievementEnabler","BaseMod","Colored Map","Minty Spire (QoL Compilation)","Rare Cards Sparkle","SuperFastMode","everything is the same but u backflip on backflip"],"gold_per_floor":[212,212,222,240,12,12,30,44,44,55,68,68,88,98,98,193,193,205,105,105,29,29,29,47,47,47,47,57,75,92,112,112,112,112],"floor_reached":33,"playtime":1554,"items_purged":["Defend_P","Strike_P"],"score":245,"play_id":"f2467174-7d6a-4c88-abd4-06590a20414b","local_time":"20210101112628","is_ascension_mode":false,"campfire_choices":[{"data":"Eruption","floor":6,"key":"SMITH"},{"floor":12,"key":"REST"},{"floor":15,"key":"REST"},{"floor":23,"key":"RECALL"},{"floor":25,"key":"REST"},{"data":"TalkToTheHand","floor":27,"key":"SMITH"},{"floor":32,"key":"REST"}],"circlet_count":0,"master_deck":["Strike_P","Strike_P","Strike_P","Eruption+1","Vigilance","Evaluate","Sanctity","FlurryOfBlows","ClearTheMind","InnerPeace","FollowUp","BowlingBash","Tantrum","TalkToTheHand+1","Crescendo+1","Consecrate"],"relics":["PureWater","Dream Catcher","Meat on the Bone","Empty Cage","Gremlin Horn"],"acts_visited":["Exordium","TheCity"],"potions_floor_usage":[3,7,11,16,16,28,33,33],"damage_taken":[{"damage":0,"enemies":"2 Louse","floor":1,"turns":2},{"damage":0,"enemies":"Cultist","floor":3,"turns":2},{"damage":0,"enemies":"Small Slimes","floor":4,"turns":3},{"damage":23,"enemies":"Exordium Thugs","floor":7,"turns":3},{"damage":0,"enemies":"Large Slime","floor":8,"turns":3},{"damage":7,"enemies":"Exordium Wildlife","floor":10,"turns":5},{"damage":0,"enemies":"Gremlin Gang","floor":11,"turns":4},{"damage":6,"enemies":"3 Louse","floor":13,"turns":2},{"damage":11,"enemies":"2 Fungi Beasts","floor":14,"turns":4},{"damage":34,"enemies":"Hexaghost","floor":16,"turns":6},{"damage":18,"enemies":"3 Byrds","floor":18,"turns":5},{"damage":0,"enemies":"Spheric Guardian","floor":24,"turns":2},{"damage":0,"enemies":"3 Cultists","floor":28,"turns":3},{"damage":12,"enemies":"Snake Plant","floor":29,"turns":5},{"damage":0,"enemies":"Centurion and Healer","floor":30,"turns":5},{"damage":15,"enemies":"Snecko","floor":31,"turns":5},{"damage":72,"enemies":"Collector","floor":33,"turns":11}],"seed_played":"7473422579899723433","potions_obtained":[{"floor":2,"key":"BottledMiracle"},{"floor":2,"key":"Regen Potion"},{"floor":2,"key":"Strength Potion"},{"floor":3,"key":"LiquidBronze"},{"floor":4,"key":"SteroidPotion"},{"floor":7,"key":"BlessingOfTheForge"},{"floor":18,"key":"Energy Potion"},{"floor":28,"key":"StancePotion"},{"floor":30,"key":"CultistPotion"}],"is_trial":false,"path_per_floor":["M","?","M","M","$","R","M","M","T","M","M","R","M","M","R","B",null,"M","$","?","$","?","R","M","R","T","R","M","M","M","M","R","B"],"character_chosen":"WATCHER","items_purchased":["Dream Catcher","Tantrum"],"campfire_rested":4,"item_purchase_floors":[5,21],"current_hp_per_floor":[72,72,72,72,72,72,54,54,54,47,47,68,62,51,72,38,72,54,54,54,54,54,54,54,72,72,72,72,60,60,45,66,0,0],"gold":112,"neow_bonus":"HUNDRED_GOLD","is_daily":false,"chose_seed":false,"campfire_upgraded":2,"win_rate":0.0,"timestamp":1609467988,"path_taken":["M","?","M","M","$","R","?","M","T","M","M","R","M","M","R","BOSS","M","$","?","$","?","R","M","R","T","R","M","M","M","M","R","BOSS"],"items_purchased_type":["Relic","Card"],"build_version":"2020-12-22","purchased_purges":2,"victory":false,"max_hp_per_floor":[72,72,72,72,72,72,72,72,72,72,72,72,72,72,72,72,72,72,72,72,72,72,72,72,72,72,72,72,72,72,72,72,72,72],"card_choices":[{"not_picked":["SashWhip","Weave"],"picked":"Evaluate","floor":1},{"not_picked":["EmptyFist","BattleHymn"],"picked":"Sanctity","floor":3},{"not_picked":["Wireheading","Halt"],"picked":"FlurryOfBlows","floor":4},{"not_picked":["Crescendo","FlyingSleeves","ThirdEye"],"picked":"SKIP","floor":7},{"not_picked":["CrushJoints","PathToVictory","FlyingSleeves"],"picked":"SKIP","floor":8},{"not_picked":["JustLucky","Meditate","Wish"],"picked":"SKIP","floor":10},{"not_picked":["JustLucky","LikeWater"],"picked":"ClearTheMind","floor":11},{"not_picked":["Prostrate","CutThroughFate"],"picked":"InnerPeace","floor":13},{"not_picked":["JustLucky","Alpha"],"picked":"FollowUp","floor":14},{"not_picked":["SandsOfTime","FlurryOfBlows"],"picked":"BowlingBash","floor":15},{"not_picked":["InnerPeace","Study","CutThroughFate"],"picked":"SKIP","floor":18},{"not_picked":["TalkToTheHand","Sanctity"],"picked":"Crescendo+1","floor":24},{"not_picked":["Nirvana","Evaluate+1","PathToVictory"],"picked":"SKIP","floor":28},{"not_picked":["CutThroughFate","Swivel+1","BowlingBash+1"],"picked":"SKIP","floor":29},{"not_picked":["SashWhip+1","Prostrate+1","Wireheading"],"picked":"SKIP","floor":30},{"not_picked":["SashWhip","Wallop","Vault"],"picked":"SKIP","floor":31},{"not_picked":["Halt","PathToVictory+1"],"picked":"Consecrate","floor":32}],"player_experience":284853,"relics_obtained":[{"floor":9,"key":"Meat on the Bone"},{"floor":26,"key":"Gremlin Horn"}],"event_choices":[{"damage_healed":0,"gold_gain":0,"player_choice":"Got Potions","damage_taken":0,"max_hp_gain":0,"max_hp_loss":0,"event_name":"Lab","floor":2,"gold_loss":0},{"cards_removed":["Defend_P"],"damage_healed":0,"gold_gain":0,"player_choice":"Elegance","damage_taken":0,"max_hp_gain":0,"max_hp_loss":0,"event_name":"Back to Basics","floor":20,"gold_loss":0},{"damage_healed":0,"gold_gain":0,"player_choice":"Read","damage_taken":0,"max_hp_gain":0,"max_hp_loss":0,"event_name":"The Library","floor":22,"gold_loss":0,"cards_obtained":["TalkToTheHand"]}],"is_beta":false,"boss_relics":[{"not_picked":["Runic Dome","Cursed Key"],"picked":"Empty Cage"}],"items_purged_floors":[5,19],"is_endless":false,"potions_floor_spawned":[3,4,7,18,28,30],"killed_by":"Collector","ascension_level":0}}