{"host":"g7trc0x2teqyd8ye","time":1609494112,"event":{"mods":["BaseMod","Key Reminder","Minty Spire (QoL Compilation)","Relic Stats"],"gold_per_floor":[118,118,118,268,282,282,325,25,51,51,89,89,112,31,31,125,125,145,195,213,236,236,236],"floor_reached":22,"playtime":1239,"items_purged":[],"score":374,"play_id":"c8ffcfaa-8c73-4b8a-a0af-d2454aa5cd10","local_time":"20210101104152","is_ascension_mode":true,"campfire_choices":[{"data":"Juggernaut","floor":6,"key":"SMITH"},{"floor":15,"key":"REST"}],"circlet_count":0,"master_deck":["AscendersBane","Strike_R","Strike_R","Strike_R","Defend_R","Defend_R","Defend_R","Defend_R","Bash","Juggernaut+1","Dark Embrace","Injury","Doubt","Second Wind","Shrug It Off","Metallicize+1","Limit Break","Body Slam","Seeing Red","Fire Breathing+1","True Grit","Fiend Fire","Headbutt","Offering"],"relics":["Burning Blood","Golden Idol","Frozen Egg 2","Bag of Preparation","Dream Catcher","Ginger","keyreminder:keyreminder","NlothsMask","Cursed Key"],"acts_visited":["Exordium","TheCity"],"potions_floor_usage":[7,11,16,21],"damage_taken":[{"damage":14,"enemies":"Jaw Worm","floor":1,"turns":5},{"damage":14,"enemies":"2 Louse","floor":5,"turns":4},{"damage":30,"enemies":"3 Sentries","floor":7,"turns":7},{"damage":19,"enemies":"Gremlin Nob","floor":11,"turns":4},{"damage":0,"enemies":"Cultist","floor":13,"turns":3},{"damage":39,"enemies":"The Guardian","floor":16,"turns":9},{"damage":25,"enemies":"Spheric Guardian","floor":18,"turns":6},{"damage":14,"enemies":"Chosen","floor":20,"turns":4},{"damage":15,"enemies":"Sentry and Sphere","floor":21,"turns":5},{"damage":31,"enemies":"Centurion and Healer","floor":22,"turns":4}],"seed_played":"-6561653323114427630","potions_obtained":[{"floor":5,"key":"SkillPotion"},{"floor":13,"key":"Fruit Juice"},{"floor":20,"key":"SkillPotion"}],"is_trial":false,"path_per_floor":["M","?","?","?","M","R","E","$","T","?","E","?","M","$","R","B",null,"M","?","M","M","M"],"character_chosen":"IRONCLAD","items_purchased":["Metallicize+1","Bag of Preparation","AttackPotion","Fire Breathing+1"],"campfire_rested":1,"item_purchase_floors":[8,8,8,14],"current_hp_per_floor":[60,53,53,53,45,45,21,21,21,21,8,8,14,14,36,8,62,43,43,35,26,0,0],"gold":236,"neow_bonus":"ONE_RANDOM_RARE_CARD","is_daily":false,"chose_seed":false,"campfire_upgraded":1,"win_rate":0.0,"timestamp":1609494112,"path_taken":["M","?","?","?","?","R","E","$","T","?","E","?","?","$","R","BOSS","M","?","?","M","M"],"items_purchased_type":["Card","Relic","Potion","Card"],"build_version":"2020-12-22","purchased_purges":0,"victory":false,"max_hp_per_floor":[75,75,75,75,75,75,75,75,75,75,75,75,75,75,75,80,80,80,80,80,80,80,80],"relic_stats":{"Dream Catcher":1,"counters":[10,51],"Golden Idol":57,"Bag of Preparation":[14],"Ginger":[8],"Cursed Key":0,"obtain_stats":[{"keyreminder:keyreminder":11,"Dream Catcher":9,"Golden Idol":3,"Bag of Preparation":8,"Ginger":11,"Frozen Egg 2":7,"Cursed Key":17,"Burning Blood":0,"NlothsMask":12},{"keyreminder:keyreminder":4,"Dream Catcher":3,"Golden Idol":1,"Bag of Preparation":3,"Ginger":4,"Frozen Egg 2":3,"Cursed Key":6,"Burning Blood":0,"NlothsMask":4},{"keyreminder:keyreminder":20,"Dream Catcher":16,"Golden Idol":5,"Bag of Preparation":16,"Ginger":20,"Frozen Egg 2":16,"Cursed Key":32,"Burning Blood":0,"NlothsMask":20}],"Burning Blood":54},"card_choices":[{"not_picked":["Perfected Strike","Heavy Blade"],"picked":"Dark Embrace","floor":1},{"not_picked":["Evolve","Clash"],"picked":"Second Wind","floor":5},{"not_picked":["Double Tap","Headbutt"],"picked":"Shrug It Off","floor":7},{"not_picked":["Armaments","Limit Break"],"picked":"Body Slam","floor":11},{"not_picked":["Combust+1","Dark Embrace+1"],"picked":"Seeing Red","floor":13},{"not_picked":["Twin Strike","Headbutt"],"picked":"True Grit","floor":15},{"not_picked":["Limit Break","Berserk+1"],"picked":"Fiend Fire","floor":16},{"not_picked":["Whirlwind","Anger","Heavy Blade"],"picked":"SKIP","floor":18},{"not_picked":["Wild Strike","Cleave"],"picked":"Headbutt","floor":20},{"not_picked":["Thunderclap","True Grit"],"picked":"Offering","floor":21}],"player_experience":853715,"relics_obtained":[{"floor":7,"key":"Frozen Egg 2"},{"floor":9,"key":"Dream Catcher"},{"floor":11,"key":"Ginger"}],"event_choices":[{"cards_removed":["Strike_R"],"damage_healed":0,"gold_gain":0,"player_choice":"Card Removal","damage_taken":7,"max_hp_gain":0,"max_hp_loss":0,"event_name":"Golden Wing","floor":2,"gold_loss":0},{"damage_healed":0,"gold_gain":0,"player_choice":"Take Wound","damage_taken":0,"relics_obtained":["Golden Idol"],"max_hp_gain":0,"max_hp_loss":0,"event_name":"Golden Idol","floor":3,"gold_loss":0,"cards_obtained":["Injury"]},{"damage_healed":0,"gold_gain":150,"player_choice":"AGREE","damage_taken":0,"max_hp_gain":0,"max_hp_loss":0,"event_name":"Liars Game","floor":4,"gold_loss":0,"cards_obtained":["Doubt"]},{"damage_healed":0,"gold_gain":0,"cards_transformed":["Strike_R"],"player_choice":"Change","damage_taken":0,"max_hp_gain":0,"max_hp_loss":0,"event_name":"Living Wall","floor":10,"gold_loss":0,"cards_obtained":["Limit Break"]},{"damage_healed":0,"gold_gain":0,"player_choice":"Trade","damage_taken":0,"relics_obtained":["NlothsMask"],"max_hp_gain":0,"max_hp_loss":0,"event_name":"FaceTrader","floor":12,"gold_loss":0},{"damage_healed":0,"gold_gain":100,"player_choice":"Bet on Murderer","damage_taken":0,"max_hp_gain":0,"max_hp_loss":0,"event_name":"The Joust","floor":19,"gold_loss":50}],"is_beta":false,"boss_relics":[{"not_picked":["SacredBark","Runic Cube"],"picked":"Cursed Key"}],"items_purged_floors":[],"is_endless":false,"potions_floor_spawned":[5,13,20],"killed_by":"Centurion and Healer","ascension_level":19}}