{"host":"uhhucka17mqeuzwb","time":1609537535,"event":{"mods":["2.2 Compatiblity","AchievementEnabler","Act Like it!","Astrologer","BaseMod","Better Altar","Better Skull","Colored Powertips","Defuse TimeMaze Blight","Downfall","Energized Spire","Faster Ascension Climbing","Friendly Minions","Gensokyo","GifTheSpireLib","Gremlin Mod","Gremlin Skip","Hallownest","Hermit","HololiveMod","KinomotoSakuraMod(????)","Lobotomy","Marisa????????","Minty Spire (QoL Compilation)","Quick Restart","Red Circlet Mod","Replay The Spire","Reworked Bosses","Shade Mod","Shop Mod","StSLib","The Administrix","The Animator","The Blue Laboratory","The Bug Knight","The Cursed","The Factory","The Forsaken","The Necromancer","Waifu the Spire"],"gold_per_floor":[118,118,128,53,53,53,53],"floor_reached":6,"playtime":1178,"items_purged":["Strike_W"],"score":34,"play_id":"14e8f17e-beec-491c-9994-76536e4c2996","local_time":"20210101164535","is_ascension_mode":false,"campfire_choices":[],"circlet_count":0,"master_deck":["Strike_W","Strike_W","Strike_W","Defend_W","Defend_W","Defend_W","Defend_W","Negative_Energy_Arrows","Bone_Wall","Bones_to_Steel"],"relics":["Vampire_Amulet","CogitoBucket","Strawberry"],"acts_visited":["Gensokyo:Gensokyo"],"potions_floor_usage":[],"damage_taken":[{"damage":2,"enemies":"Gensokyo:Python","floor":1,"turns":4},{"damage":1,"enemies":"Gensokyo:3_Fairies","floor":3,"turns":4},{"damage":47,"enemies":"Gensokyo:Mamizou","floor":6,"turns":15}],"seed_played":"95121901371138863","potions_obtained":[{"floor":1,"key":"blueLaboratory:HorrorPotion"}],"is_trial":false,"path_per_floor":["M","?","M","$","?","E"],"character_chosen":"NECROMANCER","items_purchased":[],"campfire_rested":0,"item_purchase_floors":[],"current_hp_per_floor":[75,72,71,71,71,24,24],"gold":53,"neow_bonus":"","is_daily":false,"chose_seed":false,"campfire_upgraded":0,"win_rate":0.0,"timestamp":1609537535,"path_taken":["M","?","M","?","?","E"],"items_purchased_type":[],"build_version":"2020-12-22","purchased_purges":1,"victory":false,"max_hp_per_floor":[75,82,82,82,82,82,82],"card_choices":[{"not_picked":["Rudolta","CherryBlossoms","VoidDream"],"picked":"Singing Bowl","floor":1},{"not_picked":["Consume_Illness","Negative_Energy_Javelin"],"picked":"Bones_to_Steel","floor":1},{"not_picked":["Laetitia","CherryBlossoms","BeautyBeast"],"picked":"Singing Bowl","floor":3},{"not_picked":["Negative_Energy_Sphere","Slay_Living","Acid_Javelin"],"picked":"SKIP","floor":3}],"player_experience":1094226,"relics_obtained":[],"event_choices":[],"is_beta":false,"boss_relics":[],"items_purged_floors":[4],"is_endless":false,"potions_floor_spawned":[1],"killed_by":"Gensokyo:Mamizou","ascension_level":0}}