{"host":"qswkx8hggytna0kc","time":1609476111,"event":{"mods":["Aspiration","BaseMod","BetterRewards","Colored Map","Colored Powertips","Highlight Path","Hubris","Mimic Mod","Minty Spire (QoL Compilation)","Quick Restart","Replay The Spire","StSLib","SuperFastMode"],"gold_per_floor":[113,113,113,38,54,88,88,113,113,113,132,144,179,234,234,329,329,346,271,271,284,301,301,301],"floor_reached":23,"playtime":568,"items_purged":["Regret"],"score":293,"play_id":"138040f1-a9fa-41ac-b746-a8e5150f9dc6","local_time":"20210101124151","is_ascension_mode":true,"campfire_choices":[{"data":"Glass Knife","floor":7.0,"key":"SMITH"},{"data":"Zap","floor":10.0,"key":"SMITH"},{"data":"Atom Bomb","floor":15,"key":"SMITH"}],"circlet_count":0,"master_deck":["Defend_B+1","Defend_B+1","Defend_B","Defend_B","Zap+1","Dualcast","FIFO Queue","Choke","Glass Knife+1","Atom Bomb+1","FTL","Conserve Battery","Defragment","Go for the Eyes","Leap","Self Repair","Core Surge","CurseOfTheBell","ReplayTheSpireMod:GoodbyeWorld+1","Pain","Hologram+1","Go for the Eyes"],"relics":["Cracked Core","NeowsBlessing","Chameleon Ring","MealTicket","hubris:CrystalStatue","Bottled Lightning","War Paint","aspiration:VileToxins","Calling Bell","ReplayTheSpireMod:Lightbulb","Matryoshka","hubris:GlazedTorus","WarpedTongs"],"acts_visited":["Exordium","TheCity"],"potions_floor_usage":[12],"damage_taken":[{"damage":0.0,"enemies":"Jaw Worm","floor":1.0,"turns":1.0},{"damage":0.0,"enemies":"2 Louse","floor":5.0,"turns":1.0},{"damage":0.0,"enemies":"Lagavulin","floor":6.0,"turns":1.0},{"damage":3.0,"enemies":"Gremlin Nob","floor":8.0,"turns":3.0},{"damage":0.0,"enemies":"Cultist","floor":11.0,"turns":2.0},{"damage":0,"enemies":"Blue Slaver","floor":12,"turns":3},{"damage":6,"enemies":"Lagavulin","floor":13,"turns":4},{"damage":19,"enemies":"Lagavulin Event","floor":14,"turns":3},{"damage":54,"enemies":"Fading Forest","floor":16,"turns":11},{"damage":3,"enemies":"Spheric Guardian","floor":18,"turns":3},{"damage":20,"enemies":"2 Thieves","floor":21,"turns":4},{"damage":19,"enemies":"Snake Plant","floor":22,"turns":4},{"damage":49,"enemies":"Book of Stabbing","floor":23,"turns":5}],"seed_played":"5042497199366155513","potions_obtained":[{"floor":1.0,"key":"Toxic Potion"},{"floor":8.0,"key":"FocusPotion"},{"floor":11.0,"key":"SpeedPotion"},{"floor":13,"key":"SteroidPotion"},{"floor":16,"key":"GamblersBrew"},{"floor":21,"key":"Ancient Potion"}],"is_trial":false,"path_per_floor":["M","?","?","$","M","E","R","E","T","R","M","M","E","?","R","B",null,"M","?","?","M","M","E"],"character_chosen":"DEFECT","items_purchased":[],"campfire_rested":0,"item_purchase_floors":[],"current_hp_per_floor":[75,75,75,75,75,75,75,72,72,72,72,72,66,54,54,19,61,65,65,65,52,40,0,0],"gold":301,"neow_bonus":"THREE_ENEMY_KILL","is_daily":false,"chose_seed":false,"campfire_upgraded":3,"win_rate":0.0,"timestamp":1609476111,"path_taken":["M","?","?","$","?","E","R","E","T","R","M","M","E","?","R","BOSS","M","?","?","M","M","E"],"items_purchased_type":[],"build_version":"2020-12-22","purchased_purges":1,"victory":false,"max_hp_per_floor":[75,75,75,75,75,75,75,75,75,75,75,75,75,75,75,75,75,75,75,75,75,75,75,75],"card_choices":[{"not_picked":["Barrage","Sweeping Beam"],"picked":"FIFO Queue","floor":1.0},{"not_picked":["FIFO Queue","Recycle"],"picked":"FTL","floor":5.0},{"not_picked":["Turbo","Tempest"],"picked":"Conserve Battery","floor":6.0},{"not_picked":["Capacitor","Barrage"],"picked":"Defragment","floor":8.0},{"not_picked":["Cold Snap","Consume"],"picked":"Go for the Eyes","floor":11.0},{"not_picked":["Rebound","Redo"],"picked":"Leap","floor":12},{"not_picked":["hubris:Prefetch","Rebound"],"picked":"Self Repair","floor":13},{"not_picked":["Seek","Thunder Strike"],"picked":"Core Surge","floor":16},{"not_picked":["Coolheaded","ReplaySort+1"],"picked":"ReplayTheSpireMod:GoodbyeWorld+1","floor":18},{"not_picked":["ReplayTheSpireMod:Repulse+1","Leap"],"picked":"Hologram+1","floor":21},{"not_picked":["Streamline","Leap"],"picked":"Go for the Eyes","floor":22}],"player_experience":197840,"relics_obtained":[{"floor":6.0,"key":"MealTicket"},{"floor":8.0,"key":"hubris:CrystalStatue"},{"floor":9.0,"key":"Bottled Lightning"},{"floor":13,"key":"War Paint"},{"floor":17,"key":"ReplayTheSpireMod:Lightbulb"},{"floor":17,"key":"Matryoshka"},{"floor":17,"key":"hubris:GlazedTorus"}],"event_choices":[{"damage_healed":0.0,"max_hp_gain":0.0,"max_hp_loss":0.0,"gold_gain":0.0,"event_name":"Big Fish","player_choice":"Box","floor":3.0,"gold_loss":0.0,"damage_taken":0.0,"relics_obtained":["Chameleon Ring"],"cards_obtained":["Regret"]},{"damage_healed":0,"gold_gain":0,"player_choice":"Searched \u00273\u0027 times","damage_taken":0,"relics_obtained":["aspiration:VileToxins"],"max_hp_gain":0,"max_hp_loss":0,"event_name":"Dead Adventurer","floor":14,"gold_loss":0},{"cards_removed":["Strike_B"],"damage_healed":0,"gold_gain":0,"player_choice":"Gave Gold","damage_taken":0,"max_hp_gain":0,"max_hp_loss":0,"event_name":"Beggar","floor":19,"gold_loss":75},{"damage_healed":0,"gold_gain":0,"player_choice":"Rummage","damage_taken":0,"relics_obtained":["WarpedTongs"],"max_hp_gain":0,"max_hp_loss":0,"event_name":"Accursed Blacksmith","floor":20,"gold_loss":0,"cards_obtained":["Pain"]}],"is_beta":false,"boss_relics":[{"not_picked":["Philosopher\u0027s Stone","hubris:CrackedHourglass"],"picked":"Calling Bell"}],"items_purged_floors":[4],"is_endless":false,"potions_floor_spawned":[1,8,11,13,16,21],"killed_by":"Book of Stabbing","ascension_level":5}}