{"host":"s9mizfpm0ux1oq2e","time":1609478877,"event":{"mods":["Aspiration","BaseMod","Downfall","Minty Spire (QoL Compilation)","Permanent Neow","Replay The Spire","StSLib","SuperFastMode"],"gold_per_floor":[15,15,15,31,31,31,44,44,68,68,89,39,60,103,103,232,232,247,187,212,225,225,225,243,243,243,259,272,297,98,116,116,240,240,256,256,56,56,56,75,95,139,160,261,338,338,338,356,230,253,253,253,253,253,203,244,244],"floor_reached":58,"playtime":3193,"items_purged":["Strike_G","Finisher","Defend_G","Defend_G","Defend_G"],"score":1443,"play_id":"3d999e32-d0fd-4a38-844d-83c092ebd983","local_time":"25640101122757","is_ascension_mode":false,"campfire_choices":[{"data":"Noxious Fumes","floor":6.0,"key":"SMITH"},{"data":"Neutralize","floor":10.0,"key":"SMITH"},{"floor":15.0,"key":"REST"},{"data":"Blur","floor":23.0,"key":"SMITH"},{"data":"Noxious Fumes","floor":25.0,"key":"SMITH"},{"floor":47,"key":"RECALL"},{"data":"Defend_G","floor":51,"key":"PURGE"},{"data":"expansioncontent:DecasProtection","floor":54,"key":"SMITH"}],"circlet_count":0,"master_deck":["Survivor","Neutralize+1","Noxious Fumes+1","Deadly Poison+1","Noxious Fumes+1","Blur+1","After Image","expansioncontent:DecasProtection+1","Escape Plan+1","Backflip","Escape Plan","Catalyst+1"],"relics":["Ring of the Snake","Golden Idol","Smiling Mask","Ginger","Sozu","PreservedInsect","Medical Kit","HoveringKite","Lantern","Omamori","Toy Ornithopter","Bird Faced Urn"],"acts_visited":["TheCity","TheBeyond","TheEnding"],"potions_floor_usage":[],"damage_taken":[{"damage":9.0,"enemies":"Cultist","floor":1.0,"turns":4.0},{"damage":5.0,"enemies":"Small Slimes","floor":4.0,"turns":4.0},{"damage":0.0,"enemies":"Jaw Worm","floor":7.0,"turns":4.0},{"damage":11.0,"enemies":"Exordium Thugs","floor":11.0,"turns":5.0},{"damage":6.0,"enemies":"Exordium Wildlife","floor":13.0,"turns":4.0},{"damage":8.0,"enemies":"Gremlin Nob","floor":14.0,"turns":5.0},{"damage":24.0,"enemies":"Slime Boss","floor":16.0,"turns":8.0},{"damage":9.0,"enemies":"3 Byrds","floor":18.0,"turns":4.0},{"damage":0.0,"enemies":"Shell Parasite","floor":20.0,"turns":5.0},{"damage":7.0,"enemies":"Centurion and Healer","floor":21.0,"turns":7.0},{"damage":3.0,"enemies":"Snecko","floor":24.0,"turns":6.0},{"damage":14.0,"enemies":"Sentry and Sphere","floor":27.0,"turns":6.0},{"damage":0.0,"enemies":"Snake Plant","floor":28.0,"turns":5.0},{"damage":0,"enemies":"Centurion and Healer","floor":29,"turns":6},{"damage":0,"enemies":"Snecko","floor":31,"turns":7},{"damage":50,"enemies":"Pondfish","floor":33,"turns":11},{"damage":3,"enemies":"3 Shapes","floor":35,"turns":5},{"damage":5,"enemies":"3 Darklings","floor":40,"turns":5},{"damage":2,"enemies":"Sphere and 2 Shapes","floor":41,"turns":6},{"damage":30,"enemies":"Nemesis","floor":42,"turns":9},{"damage":7,"enemies":"4 Shapes","floor":43,"turns":5},{"damage":0,"enemies":"Maw","floor":48,"turns":8},{"damage":5,"enemies":"Jaw Worm Horde","floor":50,"turns":5},{"damage":6,"enemies":"Awakened One","floor":52,"turns":16},{"damage":0,"enemies":"Shield and Spear","floor":56,"turns":7},{"damage":42,"enemies":"The Heart","floor":57,"turns":9}],"seed_played":"-5617754467454411147","potions_obtained":[{"floor":1.0,"key":"DuplicationPotion"},{"floor":7.0,"key":"SneckoOil"},{"floor":11.0,"key":"LiquidBronze"},{"floor":14.0,"key":"champ:CounterPotion"}],"is_trial":false,"path_per_floor":["M","?","?","M","?","R","M","$","T","R","M","$","M","E","R","B",null,"M","?","M","M","?","R","M","R","T","M","M","M","$","M","R","B",null,"M","?","$","PTL","PTL","M","M","E","M","?","T","?","R","M","$","M","R","B",null,"R","$","E","B",null],"character_chosen":"THE_SILENT","items_purchased":["Medical Kit","Lantern","Escape Plan"],"campfire_rested":1,"item_purchase_floors":[30,37,49],"current_hp_per_floor":[61,61,44,39,32,32,32,32,32,32,21,21,15,7,28,4,70,61,61,61,54,54,54,51,51,51,37,37,37,37,37,58,8,70,67,67,67,67,67,62,60,30,23,6,6,70,70,70,70,65,65,59,70,70,70,70,31],"gold":244,"neow_bonus":"REMOVE_TWO","is_daily":false,"chose_seed":false,"campfire_upgraded":5,"win_rate":0.0,"timestamp":1609478877,"path_taken":["M","?","?","M","?","R","M","?","T","R","?","$","M","E","R","BOSS","M","?","M","M","?","R","M","R","T","M","M","?","$","M","R","BOSS","M","?","?","PTL","PTL","M","M","E","M","?","T","?","R","M","?","M","R","BOSS","R","$","E","BOSS"],"items_purchased_type":["Relic","Relic","Card"],"build_version":"2020-12-22","purchased_purges":5,"victory":true,"max_hp_per_floor":[70,70,70,70,70,70,70,70,70,70,70,70,70,70,70,70,70,70,70,70,70,70,70,70,70,70,70,70,70,70,70,70,70,70,70,70,70,70,70,70,70,70,70,70,70,70,70,70,70,70,70,70,70,70,70,70,70],"card_choices":[{"not_picked":["Tactician","Deadly Poison"],"picked":"Noxious Fumes","floor":1.0},{"not_picked":["Outmaneuver","Expertise","Quick Slash"],"picked":"SKIP","floor":4.0},{"not_picked":["Reflex","Dagger Spray"],"picked":"Deadly Poison","floor":7.0},{"not_picked":["Outmaneuver","Deflect","Hidden Blade"],"picked":"SKIP","floor":11.0},{"not_picked":["Quick Slash","Prepared"],"picked":"Noxious Fumes","floor":13.0},{"not_picked":["Poisoned Stab","aspiration:Lunge","Slice"],"picked":"SKIP","floor":14.0},{"not_picked":["Deflect","Cloak And Dagger","Deadly Poison"],"picked":"SKIP","floor":18.0},{"not_picked":["Poisoned Stab+1","Choke"],"picked":"Blur","floor":20.0},{"not_picked":["Predator","ReplayTheSpireMod:Tripwire+1","Cloak And Dagger"],"picked":"SKIP","floor":21.0},{"not_picked":["Poisoned Stab","Masterful Stab","PiercingWail"],"picked":"SKIP","floor":24.0},{"not_picked":["Outmaneuver+1","Underhanded Strike","Cloak And Dagger"],"picked":"SKIP","floor":27.0},{"not_picked":["ReplayTheSpireMod:Scrap Shanks+1","ReplayTheSpireMod:From All Sides","Backflip+1"],"picked":"SKIP","floor":28.0},{"not_picked":["Sucker Punch+1","Cloak And Dagger","Quick Slash"],"picked":"SKIP","floor":29},{"not_picked":["ReplayTheSpireMod:The Works","Slice","Hidden Blade"],"picked":"SKIP","floor":31},{"not_picked":["Doppelganger","Poison Darts"],"picked":"After Image","floor":33},{"not_picked":["Skewer+1","Poisoned Stab+1","Flying Knee+1"],"picked":"SKIP","floor":35},{"not_picked":["expansioncontent:HyperBeam","Trip"],"picked":"expansioncontent:DecasProtection","floor":36},{"not_picked":["Sucker Punch","Dagger Spray+1","ReplayTheSpireMod:Shiv Toss+1"],"picked":"SKIP","floor":40},{"not_picked":["Bane+1","Outmaneuver+1"],"picked":"Escape Plan+1","floor":41},{"not_picked":["Crippling Poison","Phantasmal Killer","Poisoned Stab"],"picked":"SKIP","floor":42},{"not_picked":["Cloak And Dagger","Dagger Throw"],"picked":"Backflip","floor":43},{"not_picked":["Tactician","Acrobatics+1","ReplayTheSpireMod:The Works+1"],"picked":"SKIP","floor":48},{"not_picked":["Dagger Throw","Dodge and Roll+1","Acrobatics"],"picked":"SKIP","floor":50},{"not_picked":["Envenom","Quick Slash+1"],"picked":"Catalyst+1","floor":56}],"player_experience":146585,"relics_obtained":[{"floor":9.0,"key":"Smiling Mask"},{"floor":14.0,"key":"Ginger"},{"floor":26.0,"key":"PreservedInsect"},{"floor":42,"key":"Omamori"},{"floor":44,"key":"Toy Ornithopter"},{"floor":56,"key":"Bird Faced Urn"}],"event_choices":[{"cards_removed":["Strike_G"],"damage_healed":0.0,"max_hp_gain":0.0,"max_hp_loss":0.0,"gold_gain":0.0,"event_name":"Living Wall","player_choice":"Forget","floor":2.0,"gold_loss":0.0,"damage_taken":0.0},{"damage_healed":0.0,"max_hp_gain":0.0,"max_hp_loss":0.0,"gold_gain":0.0,"event_name":"Golden Idol","player_choice":"Take Damage","floor":3.0,"gold_loss":0.0,"damage_taken":17.0,"relics_obtained":["Golden Idol"]},{"cards_removed":["Strike_G"],"damage_healed":0.0,"max_hp_gain":0.0,"max_hp_loss":0.0,"gold_gain":0.0,"event_name":"Golden Wing","player_choice":"Card Removal","floor":5.0,"gold_loss":0.0,"damage_taken":7.0},{"damage_healed":0.0,"max_hp_gain":0.0,"max_hp_loss":0.0,"gold_gain":0.0,"cards_transformed":["Strike_G"],"event_name":"Transmorgrifier","player_choice":"Transformed","floor":22.0,"gold_loss":0.0,"damage_taken":0.0,"cards_obtained":["Finisher"]},{"damage_healed":0,"gold_gain":0,"player_choice":"Memory 1","damage_taken":0,"max_hp_gain":0,"max_hp_loss":0,"event_name":"SensoryStone","floor":36,"gold_loss":0},{"damage_healed":64,"gold_gain":0,"player_choice":"Heal","damage_taken":0,"max_hp_gain":0,"max_hp_loss":0,"event_name":"MindBloom","floor":46,"gold_loss":0,"cards_obtained":["Doubt"]}],"is_beta":false,"boss_relics":[{"not_picked":["Tiny House","Runic Dome"],"picked":"Sozu"},{"not_picked":["Coffee Dripper","Empty Cage"],"picked":"HoveringKite"}],"items_purged_floors":[12,30,37,49,55],"is_endless":false,"potions_floor_spawned":[1,7,11,14,20,27,28,31,33,42,50],"ascension_level":0}}