{"host":"jm9833yuloeli2yd","time":1609462490,"event":{"mods":["AchievementEnabler","BaseMod","Better Altar","Better Match","Better Note","Better Sensory Stone","Better Skull","Better Third Choice","Better Vampires","BetterRewards","Colored Map","Colored Powertips","DeckTracker","Marked Mod","Minty Spire (QoL Compilation)","Permanent Neow","Quick Restart","StSLib","SuperFastMode"],"gold_per_floor":[118,128,138,288,298,298,324,324,324,342,370,390,350,102,102,180,180,192,172,184,199,19,50,50,50,50,50,50],"floor_reached":27,"playtime":1050,"items_purged":["Pain","Doubt"],"score":540,"play_id":"c3d0e853-02a6-4edc-8a6a-7c6aea7133a5","local_time":"20201231195450","is_ascension_mode":true,"campfire_choices":[{"floor":6.0,"key":"REST"},{"floor":15.0,"key":"REST"},{"floor":25.0,"key":"REST"}],"circlet_count":0,"master_deck":["AscendersBane","Strike_B","Strike_B","Defend_B","Defend_B","Defend_B","Defend_B","Zap","Dualcast","Consume","Gash","Steam","Glacier","Glacier","Doom and Gloom","Scrape","Defragment","Multi-Cast","Gash","Cold Snap+1","Chaos","Capacitor","Glacier","Steam","Storm"],"relics":["Cracked Core","Incense Burner","Regal Pillow","WarpedTongs","Lantern","Darkstone Periapt","Vajra","Black Star","Bronze Scales","Akabeko","Bottled Flame"],"acts_visited":["Exordium","TheCity"],"potions_floor_usage":[27,27],"damage_taken":[{"damage":3.0,"enemies":"2 Louse","floor":1.0,"turns":3.0},{"damage":7.0,"enemies":"Jaw Worm","floor":2.0,"turns":3.0},{"damage":1.0,"enemies":"Cultist","floor":3.0,"turns":3.0},{"damage":22.0,"enemies":"Exordium Thugs","floor":5.0,"turns":5.0},{"damage":16.0,"enemies":"Lagavulin","floor":7.0,"turns":10.0},{"damage":3.0,"enemies":"Lots of Slimes","floor":10.0,"turns":9.0},{"damage":1.0,"enemies":"3 Sentries","floor":11.0,"turns":4.0},{"damage":2.0,"enemies":"Red Slaver","floor":12.0,"turns":6.0},{"damage":5.0,"enemies":"Looter","floor":13.0,"turns":4.0},{"damage":23.0,"enemies":"The Guardian","floor":16.0,"turns":14.0},{"damage":2.0,"enemies":"Spheric Guardian","floor":18.0,"turns":7.0},{"damage":10.0,"enemies":"Shell Parasite","floor":20.0,"turns":9.0},{"damage":2.0,"enemies":"Centurion and Healer","floor":21.0,"turns":11.0},{"damage":26.0,"enemies":"Slavers","floor":23.0,"turns":7.0},{"damage":61,"enemies":"Gremlin Leader","floor":27,"turns":8}],"seed_played":"-8731788602889248947","potions_obtained":[{"floor":2.0,"key":"ColorlessPotion"},{"floor":3.0,"key":"SpeedPotion"},{"floor":10.0,"key":"ColorlessPotion"},{"floor":11.0,"key":"SmokeBomb"},{"floor":16.0,"key":"EntropicBrew"},{"floor":18.0,"key":"Strength Potion"},{"floor":19.0,"key":"Fruit Juice"},{"floor":21.0,"key":"FocusPotion"},{"floor":23.0,"key":"Block Potion"}],"is_trial":false,"path_per_floor":["M","M","M","?","M","R","E","?","T","M","E","M","M","$","R","B",null,"M","?","M","M","$","E","?","R","T","E"],"character_chosen":"DEFECT","items_purchased":["Vajra","Capacitor"],"campfire_rested":3,"item_purchase_floors":[14,22],"current_hp_per_floor":[43,36,35,35,13,34,18,18,18,15,14,12,7,7,43,20,58,56,56,51,49,49,23,23,60,60,0,0],"gold":50,"neow_bonus":"ONE_RARE_RELIC","is_daily":false,"chose_seed":false,"campfire_upgraded":0,"win_rate":0.0,"timestamp":1609462490,"path_taken":["M","M","M","?","M","R","E","?","T","M","E","M","?","$","R","BOSS","M","?","M","?","?","E","?","R","T","E"],"items_purchased_type":["Relic","Card"],"build_version":"2020-12-22","purchased_purges":2,"victory":false,"max_hp_per_floor":[71,71,71,71,71,71,71,71,71,71,71,71,71,71,71,71,71,71,71,76,76,76,76,76,76,76,76,76],"card_choices":[{"not_picked":["Barrage","Hologram"],"picked":"Consume","floor":1.0},{"not_picked":["Force Field","Consume"],"picked":"Gash","floor":2.0},{"not_picked":["Heatsinks","Hologram"],"picked":"Steam","floor":3.0},{"not_picked":["Sunder","Capacitor"],"picked":"Glacier","floor":5.0},{"not_picked":["Redo","Coolheaded"],"picked":"Glacier","floor":7.0},{"not_picked":["Echo Form","Turbo"],"picked":"Doom and Gloom","floor":10.0},{"not_picked":["Cold Snap","Ball Lightning"],"picked":"Scrape","floor":11.0},{"not_picked":["Streamline","Sweeping Beam"],"picked":"Defragment","floor":12.0},{"not_picked":["Echo Form","Buffer"],"picked":"Multi-Cast","floor":16.0},{"not_picked":["Leap","Skim"],"picked":"Gash","floor":18.0},{"not_picked":["Steam","Sweeping Beam"],"picked":"Cold Snap+1","floor":20.0},{"not_picked":["Compile Driver","Steam"],"picked":"Chaos","floor":21.0},{"not_picked":["Conserve Battery","Sweeping Beam"],"picked":"Glacier","floor":23.0}],"player_experience":1217755,"relics_obtained":[{"floor":7.0,"key":"Regal Pillow"},{"floor":9.0,"key":"Lantern"},{"floor":11.0,"key":"Darkstone Periapt"},{"floor":23.0,"key":"Bronze Scales"},{"floor":23.0,"key":"Akabeko"},{"floor":26.0,"key":"Bottled Flame"}],"event_choices":[{"damage_healed":0.0,"max_hp_gain":0.0,"max_hp_loss":0.0,"gold_gain":150.0,"event_name":"betterThird:BetterSerpent","player_choice":"AGREE","floor":4.0,"gold_loss":0.0,"damage_taken":138.0},{"damage_healed":0.0,"max_hp_gain":0.0,"max_hp_loss":0.0,"gold_gain":0.0,"event_name":"Accursed Blacksmith","player_choice":"Rummage","floor":8.0,"gold_loss":0.0,"damage_taken":0.0,"relics_obtained":["WarpedTongs"],"cards_obtained":["Pain"]},{"damage_healed":0.0,"max_hp_gain":0.0,"max_hp_loss":0.0,"gold_gain":0.0,"event_name":"The Woman in Blue","player_choice":"Bought 1 Potion","floor":19.0,"gold_loss":0.0,"damage_taken":0.0},{"damage_healed":0.0,"max_hp_gain":0.0,"max_hp_loss":0.0,"gold_gain":0.0,"cards_transformed":["Strike_B","Strike_B"],"event_name":"Drug Dealer","player_choice":"Became Test Subject","floor":24.0,"gold_loss":0.0,"damage_taken":0.0,"cards_obtained":["Steam","Storm"]}],"is_beta":false,"boss_relics":[{"not_picked":["Philosopher\u0027s Stone","Sozu"],"picked":"Black Star"}],"items_purged_floors":[14,22],"is_endless":false,"potions_floor_spawned":[2,3,10,11,16,18,21,23],"killed_by":"Gremlin Leader","ascension_level":20}}