{"host":"la7tuvtiv6v38fe3","time":1609468763,"event":{"mods":["AchievementEnabler","BaseMod","Bestiary","Colored Map","Colored Powertips","Highlight Path","Minty Spire (QoL Compilation)","Relic Stats","StSLib","ojb\u0027s Info Mod"],"gold_per_floor":[116,116,116,126,126,152,152,187,211,223,223,3,38,50,50,149,149,149,149],"floor_reached":18,"playtime":2071,"items_purged":[],"score":264,"play_id":"ec111f4b-6001-4ef1-b7d9-5f704d8b93b7","local_time":"20201231183923","is_ascension_mode":true,"campfire_choices":[{"floor":11,"key":"REST"},{"floor":15,"key":"REST"}],"circlet_count":0,"master_deck":["Strike_P","Strike_P","Strike_P","Strike_P","Defend_P","Defend_P","Defend_P","Eruption+1","Vigilance","Adaptation+1","ThirdEye","Evaluate","EmptyBody","Adaptation","Crescendo","CutThroughFate","Scrawl","Wallop","EmptyMind","LessonLearned"],"relics":["PureWater","NeowsBlessing","Ancient Tea Set","Regal Pillow","Omamori","The Courier","Coffee Dripper"],"acts_visited":["Exordium","TheCity"],"potions_floor_usage":[13,13],"damage_taken":[{"damage":0,"enemies":"Jaw Worm","floor":1,"turns":1},{"damage":0,"enemies":"2 Louse","floor":4,"turns":1},{"damage":0,"enemies":"3 Sentries","floor":6,"turns":2},{"damage":33,"enemies":"Gremlin Nob","floor":8,"turns":5},{"damage":0,"enemies":"Cultist","floor":10,"turns":3},{"damage":18,"enemies":"Lagavulin","floor":13,"turns":8},{"damage":5,"enemies":"Blue Slaver","floor":14,"turns":3},{"damage":63,"enemies":"The Guardian","floor":16,"turns":14},{"damage":66,"enemies":"3 Byrds","floor":18,"turns":8}],"seed_played":"858888549241775605","potions_obtained":[{"floor":4,"key":"AttackPotion"},{"floor":6,"key":"Weak Potion"},{"floor":16,"key":"EssenceOfSteel"}],"is_trial":false,"path_per_floor":["M","?","?","M","?","E","?","E","T","M","R","$","E","M","R","B",null,"M"],"character_chosen":"WATCHER","items_purchased":["Crescendo","CutThroughFate","Scrawl"],"campfire_rested":2,"item_purchase_floors":[12,12,12],"current_hp_per_floor":[65,65,65,65,65,65,65,32,32,32,68,68,50,45,72,9,56,0,0],"gold":149,"neow_bonus":"THREE_ENEMY_KILL","is_daily":false,"chose_seed":false,"campfire_upgraded":0,"win_rate":0.0,"timestamp":1609468763,"path_taken":["M","?","?","?","?","E","?","E","T","?","R","?","E","M","R","BOSS","M"],"items_purchased_type":["Card","Card","Card"],"build_version":"2020-12-22","purchased_purges":0,"victory":false,"max_hp_per_floor":[72,72,72,72,72,72,72,72,72,72,72,72,72,72,72,72,72,72,72],"relic_stats":{"Regal Pillow":21,"counters":[9,45],"obtain_stats":[{"Regal Pillow":8,"NeowsBlessing":0,"The Courier":13,"Omamori":9,"Coffee Dripper":17,"PureWater":0,"Ancient Tea Set":6},{"Regal Pillow":4,"NeowsBlessing":0,"The Courier":6,"Omamori":4,"Coffee Dripper":8,"PureWater":0,"Ancient Tea Set":3},{"Regal Pillow":9,"NeowsBlessing":0,"The Courier":20,"Omamori":9,"Coffee Dripper":37,"PureWater":0,"Ancient Tea Set":4}]},"card_choices":[{"not_picked":["ClearTheMind","CarveReality"],"picked":"Adaptation","floor":1},{"not_picked":["Halt","ClearTheMind"],"picked":"ThirdEye","floor":4},{"not_picked":["ThirdEye","Halt"],"picked":"Evaluate","floor":6},{"not_picked":["Prostrate","Indignation"],"picked":"EmptyBody","floor":8},{"not_picked":["Consecrate","ClearTheMind"],"picked":"Adaptation","floor":10},{"not_picked":["CrushJoints","PathToVictory"],"picked":"Wallop","floor":13},{"not_picked":["PathToVictory","Prostrate"],"picked":"EmptyMind","floor":14},{"not_picked":["Alpha","Brilliance"],"picked":"LessonLearned","floor":16}],"player_experience":336804,"relics_obtained":[{"floor":6,"key":"Ancient Tea Set"},{"floor":8,"key":"Regal Pillow"},{"floor":9,"key":"Omamori"},{"floor":13,"key":"The Courier"}],"event_choices":[{"damage_healed":0,"gold_gain":0,"player_choice":"Grow","damage_taken":0,"max_hp_gain":0,"max_hp_loss":0,"event_name":"Living Wall","floor":2,"gold_loss":0,"cards_upgraded":["Adaptation"]},{"damage_healed":0,"gold_gain":0,"player_choice":"Forge","damage_taken":0,"max_hp_gain":0,"max_hp_loss":0,"event_name":"Accursed Blacksmith","floor":3,"gold_loss":0,"cards_upgraded":["Eruption"]},{"damage_healed":0,"gold_gain":0,"player_choice":"Ignored","damage_taken":0,"max_hp_gain":0,"max_hp_loss":0,"event_name":"Shining Light","floor":5,"gold_loss":0},{"cards_removed":["Defend_P"],"damage_healed":0,"gold_gain":0,"player_choice":"Offered Basic","damage_taken":0,"max_hp_gain":0,"max_hp_loss":0,"event_name":"Bonfire Elementals","floor":7,"gold_loss":0}],"is_beta":false,"boss_relics":[{"not_picked":["Tiny House","Runic Pyramid"],"picked":"Coffee Dripper"}],"items_purged_floors":[],"is_endless":false,"potions_floor_spawned":[4,6,16],"killed_by":"3 Byrds","ascension_level":6}}