{"host":"pfy6u49v5s5r680p","time":1609476581,"event":{"mods":["BaseMod","Colored Map","DeckTracker","Highlight Path","Keyboard Shortcuts","Minty Spire (QoL Compilation)","Permanent Neow","Quick Restart","StSLib","SuperFastMode","everything is the same but u backflip on backflip"],"gold_per_floor":[113,123,123,137,151,184,208,208,234,234,234,309,309,343,343,343,343],"floor_reached":16,"playtime":416,"items_purged":[],"score":146,"play_id":"ff1fbabe-4ae4-4f0e-ac24-17cc7e9b79fc","local_time":"20210101134941","is_ascension_mode":true,"campfire_choices":[{"floor":8.0,"key":"REST"},{"data":"Perfected Strike","floor":10.0,"key":"SMITH"},{"floor":15.0,"key":"REST"}],"circlet_count":0,"master_deck":["Strike_R","Strike_R","Strike_R","Strike_R","Strike_R","Defend_R","Defend_R+1","Defend_R","Bash","Impatience","Shrug It Off+1","Perfected Strike+1","Cleave","Headbutt","Clothesline"],"relics":["Burning Blood","Centennial Puzzle","Odd Mushroom","War Paint","Regal Pillow","Golden Idol","Incense Burner"],"acts_visited":["Exordium"],"potions_floor_usage":[],"damage_taken":[{"damage":10.0,"enemies":"Cultist","floor":1.0,"turns":5.0},{"damage":18.0,"enemies":"Jaw Worm","floor":2.0,"turns":5.0},{"damage":0.0,"enemies":"Small Slimes","floor":4.0,"turns":3.0},{"damage":6.0,"enemies":"Looter","floor":5.0,"turns":3.0},{"damage":40.0,"enemies":"Gremlin Nob","floor":6.0,"turns":5.0},{"damage":16.0,"enemies":"The Mushroom Lair","floor":7.0,"turns":5.0},{"damage":20.0,"enemies":"Lagavulin","floor":14.0,"turns":5.0},{"damage":48,"enemies":"Slime Boss","floor":16,"turns":8}],"seed_played":"-7499502060662871917","potions_obtained":[{"floor":1.0,"key":"Dexterity Potion"},{"floor":5.0,"key":"Strength Potion"}],"is_trial":false,"path_per_floor":["M","M","?","M","M","E","?","R","T","R","?","?","?","E","R","B"],"character_chosen":"IRONCLAD","items_purchased":[],"campfire_rested":2,"item_purchase_floors":[],"current_hp_per_floor":[68,56,49,55,55,21,11,35,35,35,35,24,24,10,47,0,0],"gold":343,"neow_bonus":"RANDOM_COLORLESS","is_daily":false,"chose_seed":false,"campfire_upgraded":1,"win_rate":0.0,"timestamp":1609476581,"path_taken":["M","?","?","M","M","E","?","R","T","R","?","?","?","E","R","BOSS"],"items_purchased_type":[],"build_version":"2020-12-22","purchased_purges":0,"victory":false,"max_hp_per_floor":[80,80,80,80,80,80,80,80,80,80,80,80,74,74,74,74,74],"card_choices":[{"not_picked":["Purity","Madness"],"picked":"Impatience","floor":0.0},{"not_picked":["Intimidate","Heavy Blade"],"picked":"Shrug It Off","floor":1.0},{"not_picked":["Armaments","True Grit"],"picked":"Perfected Strike","floor":2.0},{"not_picked":["Entrench","Clothesline","Warcry"],"picked":"SKIP","floor":4.0},{"not_picked":["Sword Boomerang","Shrug It Off","Iron Wave"],"picked":"SKIP","floor":5.0},{"not_picked":["Seeing Red","Headbutt"],"picked":"Cleave","floor":6.0},{"not_picked":["Corruption","Shrug It Off"],"picked":"Headbutt","floor":7.0},{"not_picked":["Brutality","Impervious"],"picked":"Clothesline","floor":14.0}],"player_experience":80381,"relics_obtained":[{"floor":6.0,"key":"Centennial Puzzle"},{"floor":7.0,"key":"Odd Mushroom"},{"floor":9.0,"key":"War Paint"},{"floor":14.0,"key":"Incense Burner"}],"event_choices":[{"cards_removed":["Defend_R"],"damage_healed":0.0,"max_hp_gain":0.0,"max_hp_loss":0.0,"gold_gain":0.0,"event_name":"Golden Wing","player_choice":"Card Removal","floor":3.0,"gold_loss":0.0,"damage_taken":7.0},{"damage_healed":0.0,"max_hp_gain":0.0,"max_hp_loss":0.0,"gold_gain":0.0,"event_name":"Mushrooms","player_choice":"Fought Mushrooms","floor":7.0,"gold_loss":0.0,"damage_taken":0.0},{"damage_healed":0.0,"max_hp_gain":0.0,"max_hp_loss":0.0,"gold_gain":0.0,"event_name":"Dead Adventurer","player_choice":"Searched \u00271\u0027 times","floor":11.0,"gold_loss":0.0,"damage_taken":0.0,"relics_obtained":["Regal Pillow"]},{"damage_healed":0.0,"max_hp_gain":0.0,"max_hp_loss":0.0,"gold_gain":75.0,"event_name":"World of Goop","player_choice":"Gather Gold","floor":12.0,"gold_loss":0.0,"damage_taken":11.0},{"damage_healed":0.0,"max_hp_gain":0.0,"max_hp_loss":6.0,"gold_gain":0.0,"event_name":"Golden Idol","player_choice":"Lose Max HP","floor":13.0,"gold_loss":0.0,"damage_taken":0.0,"relics_obtained":["Golden Idol"]}],"is_beta":false,"boss_relics":[],"items_purged_floors":[],"is_endless":false,"potions_floor_spawned":[1,5],"killed_by":"Slime Boss","ascension_level":7}}