{"host":"wg29woj1pduqw9vg","time":1609526593,"event":{"mods":["BaseMod","Colored Map","Downfall","Minty Spire (QoL Compilation)","StSLib","The Cursed"],"gold_per_floor":[116,116,116,130,130,130,144,144,144,162,196,215,215,250,250,349,349,368,383,416,416,430,430,441,441,494,494,494,518,547,178,178,281,281,292,307,325,547,275,275,118,133,133,133,145,145,195,206,206,206,206],"floor_reached":50,"playtime":2596,"items_purged":["TheCursedMod:Strike_TheCursed"],"score":454,"play_id":"166bc2da-08eb-4a55-892b-5d2f3e7343cd","local_time":"20210101104313","is_ascension_mode":false,"campfire_choices":[{"data":"TheCursedMod:SoulCrush","floor":6,"key":"SMITH"},{"data":"TheCursedMod:CleanUpWorkshop","floor":8,"key":"SMITH"},{"data":"TheCursedMod:CircleOfCorruption","floor":13,"key":"SMITH"},{"data":"TheCursedMod:WearCloak","floor":15,"key":"SMITH"},{"data":"TheCursedMod:StunningStrike","floor":23,"key":"SMITH"},{"data":"TheCursedMod:Stretching","floor":25,"key":"SMITH"},{"data":"TheCursedMod:CursedShiv","floor":27,"key":"SMITH"},{"floor":32,"key":"REST"},{"data":"TheCursedMod:DemonSword","floor":40,"key":"SMITH"},{"data":"TheCursedMod:Strike_TheCursed","floor":44,"key":"SMITH"},{"floor":49,"key":"REST"}],"circlet_count":0,"master_deck":["TheCursedMod:Strike_TheCursed+1","TheCursedMod:Strike_TheCursed","TheCursedMod:Defend_TheCursed","TheCursedMod:Defend_TheCursed","TheCursedMod:Defend_TheCursed","TheCursedMod:Defend_TheCursed","TheCursedMod:CursedWand+1","TheCursedMod:CleanUpWorkshop+1","TheCursedMod:Dregs","TheCursedMod:SoulCrush+1","TheCursedMod:WearCloak+1","TheCursedMod:CursedShiv+1","TheCursedMod:CircleOfCorruption+1","TheCursedMod:Hemoplague+1","TheCursedMod:StunningStrike+1","TheCursedMod:Stretching+1","TheCursedMod:DemonSword+1","TheCursedMod:HellsGateOpen+1","TheCursedMod:ManaBullet+1","Panache+1","TheCursedMod:RapidMovement"],"relics":["TheCursedMod:BlackMagic101","Incense Burner","Bronze Scales","Frozen Egg 2","Velvet Choker","Red Mask","Strawberry","MawBank","Bag of Marbles","HandDrill","TheCursedMod:OminousMark","Mummified Hand","Lee\u0027s Waffle","Letter Opener","Girya"],"acts_visited":["Exordium","TheCity","TheBeyond"],"potions_floor_usage":[11,16,20,33,33,33,37,50,50,50,50,50],"damage_taken":[{"damage":0,"enemies":"2 Louse","floor":1,"turns":2},{"damage":0,"enemies":"Small Slimes","floor":4,"turns":4},{"damage":0,"enemies":"Cultist","floor":7,"turns":3},{"damage":5,"enemies":"Exordium Wildlife","floor":10,"turns":4},{"damage":3,"enemies":"Gremlin Nob","floor":11,"turns":4},{"damage":0,"enemies":"Large Slime","floor":12,"turns":5},{"damage":4,"enemies":"3 Sentries","floor":14,"turns":6},{"damage":25,"enemies":"Slime Boss","floor":16,"turns":10},{"damage":12,"enemies":"Shell Parasite","floor":18,"turns":5},{"damage":0,"enemies":"Spheric Guardian","floor":19,"turns":3},{"damage":4,"enemies":"Masked Bandits","floor":20,"turns":3},{"damage":0,"enemies":"Snecko","floor":22,"turns":4},{"damage":3,"enemies":"Snake Plant","floor":24,"turns":3},{"damage":0,"enemies":"Centurion and Healer","floor":29,"turns":4},{"damage":5,"enemies":"Chosen and Byrds","floor":30,"turns":5},{"damage":64,"enemies":"Collector","floor":33,"turns":17},{"damage":1,"enemies":"Orb Walker","floor":35,"turns":3},{"damage":15,"enemies":"3 Darklings","floor":36,"turns":5},{"damage":4,"enemies":"Spire Growth","floor":37,"turns":5},{"damage":5,"enemies":"Writhing Mass","floor":42,"turns":3},{"damage":8,"enemies":"Maw","floor":45,"turns":7},{"damage":12,"enemies":"Mind Bloom Boss Battle","floor":47,"turns":4},{"damage":0,"enemies":"Jaw Worm Horde","floor":48,"turns":3},{"damage":89,"enemies":"Awakened One","floor":50,"turns":8}],"seed_played":"-5667361656345786175","potions_obtained":[{"floor":1,"key":"AttackPotion"},{"floor":10,"key":"Swift Potion"},{"floor":12,"key":"EntropicBrew"},{"floor":14,"key":"Strength Potion"},{"floor":19,"key":"SkillPotion"},{"floor":21,"key":"Ancient Potion"},{"floor":33,"key":"LiquidMemories"},{"floor":37,"key":"EntropicBrew"}],"is_trial":false,"path_per_floor":["M","?","$","M","?","R","M","R","T","M","E","M","R","E","R","B",null,"M","M","?","?","M","R","M","R","T","R","T","M","M","$","R","B",null,"M","M","M","?","$","R","$","M","T","R","M","?","?","M","R","B"],"character_chosen":"THE_CURSED","items_purchased":["Bag of Marbles","HandDrill","Mummified Hand","TheCursedMod:HellsGateOpen+1","Lee\u0027s Waffle"],"campfire_rested":2,"item_purchase_floors":[31,31,39,39,41],"current_hp_per_floor":[75,68,68,68,68,68,68,68,68,63,60,60,60,56,56,31,75,63,63,59,59,59,59,56,56,63,63,63,63,58,58,82,18,82,81,66,62,62,62,62,89,84,84,84,76,76,64,64,89,0,0],"gold":206,"neow_bonus":"UPGRADE_CARD","is_daily":false,"chose_seed":false,"campfire_upgraded":9,"win_rate":0.0,"timestamp":1609526593,"path_taken":["M","?","$","M","?","R","M","R","T","?","E","M","R","E","R","BOSS","M","M","?","?","?","R","M","R","T","R","?","M","M","$","R","BOSS","M","M","M","?","$","R","$","M","T","R","M","?","?","M","R","BOSS"],"items_purchased_type":["Relic","Relic","Relic","Card","Relic"],"build_version":"2020-12-22","purchased_purges":1,"victory":false,"max_hp_per_floor":[75,75,75,75,75,75,75,75,75,75,75,75,75,75,75,75,75,75,75,75,75,75,75,75,75,82,82,82,82,82,82,82,82,82,82,82,82,82,82,82,89,89,89,89,89,89,89,89,89,89,89],"card_choices":[{"not_picked":["TheCursedMod:CursedBoomerang","TheCursedMod:FleshFromBone","TheCursedMod:Stigma"],"picked":"SKIP","floor":1},{"not_picked":["TheCursedMod:TroublousMinions","TheCursedMod:Wield"],"picked":"TheCursedMod:SoulCrush","floor":4},{"not_picked":["TheCursedMod:Grudge","TheCursedMod:RavingStaff","TheCursedMod:Obscuration"],"picked":"SKIP","floor":7},{"not_picked":["TheCursedMod:CursedAmulet","TheCursedMod:Stigma"],"picked":"TheCursedMod:WearCloak","floor":10},{"not_picked":["TheCursedMod:ForbiddenAlchemy","TheCursedMod:ReleasedStrength"],"picked":"TheCursedMod:CursedShiv","floor":11},{"not_picked":["TheCursedMod:Wield","TheCursedMod:Obscuration"],"picked":"TheCursedMod:CircleOfCorruption","floor":12},{"not_picked":["TheCursedMod:StingEye","TheCursedMod:BlessingInDisguise"],"picked":"TheCursedMod:Hemoplague+1","floor":14},{"not_picked":["TheCursedMod:ShockAndAwe","TheCursedMod:ManaCirculation+1"],"picked":"TheCursedMod:StunningStrike","floor":16},{"not_picked":["TheCursedMod:Stigma","TheCursedMod:CircleOfFocus","TheCursedMod:Grudge"],"picked":"SKIP","floor":18},{"not_picked":["TheCursedMod:CircleOfAmplification","TheCursedMod:SoulReap","TheCursedMod:CursedSpellbook"],"picked":"SKIP","floor":19},{"not_picked":["TheCursedMod:CircleOfFlame","TheCursedMod:Obscuration","TheCursedMod:SmokeScreen+1"],"picked":"SKIP","floor":22},{"not_picked":["TheCursedMod:Grudge","TheCursedMod:CursedMace"],"picked":"TheCursedMod:Stretching","floor":24},{"not_picked":["TheCursedMod:VitalStrike","TheCursedMod:FuryStrike","TheCursedMod:Torture"],"picked":"SKIP","floor":29},{"not_picked":["TheCursedMod:RavingStaff","TheCursedMod:DarkBarrier","TheCursedMod:SpitefulPlan+1"],"picked":"SKIP","floor":30},{"not_picked":["TheCursedMod:CircleOfAbyss","TheCursedMod:ShockAndAwe"],"picked":"TheCursedMod:DemonSword","floor":33},{"not_picked":["TheCursedMod:CursedArmor","TheCursedMod:CursedSpellbook","TheCursedMod:WearCloak"],"picked":"SKIP","floor":35},{"not_picked":["TheCursedMod:CircleOfWindfury+1","TheCursedMod:VitalStrike","TheCursedMod:TacticalStrike"],"picked":"SKIP","floor":36},{"not_picked":["TheCursedMod:CursedSpellbook","TheCursedMod:Stretching","TheCursedMod:CursedArmor+1"],"picked":"SKIP","floor":37},{"not_picked":["TheCursedMod:Hemoplague+1","TheCursedMod:PrepareRite+1","TheCursedMod:FuryStrike"],"picked":"SKIP","floor":42},{"not_picked":["TheCursedMod:Stigma","TheCursedMod:CursedAmulet+1"],"picked":"TheCursedMod:ManaBullet+1","floor":45},{"not_picked":["Thinking Ahead","expansioncontent:Hexaburn"],"picked":"Panache+1","floor":46},{"not_picked":["TheCursedMod:CursedStaff+1","TheCursedMod:CircleOfWindfury+1"],"picked":"TheCursedMod:RapidMovement","floor":47},{"not_picked":["TheCursedMod:SmokeScreen","TheCursedMod:Stretching+1","TheCursedMod:CursedBlade+1"],"picked":"SKIP","floor":48}],"player_experience":22417,"relics_obtained":[{"floor":9,"key":"Incense Burner"},{"floor":11,"key":"Bronze Scales"},{"floor":14,"key":"Frozen Egg 2"},{"floor":20,"key":"Red Mask"},{"floor":26,"key":"Strawberry"},{"floor":28,"key":"MawBank"},{"floor":43,"key":"Letter Opener"},{"floor":47,"key":"Girya"}],"event_choices":[{"cards_removed":["TheCursedMod:Strike_TheCursed"],"damage_healed":0,"gold_gain":0,"player_choice":"Card Removal","damage_taken":7,"max_hp_gain":0,"max_hp_loss":0,"event_name":"Golden Wing","floor":2,"gold_loss":0},{"damage_healed":0,"gold_gain":0,"player_choice":"0 cards matched","damage_taken":0,"max_hp_gain":0,"max_hp_loss":0,"event_name":"Match and Keep!","floor":5,"gold_loss":0,"cards_obtained":[]},{"damage_healed":0,"gold_gain":0,"player_choice":"Fought Bandits","damage_taken":0,"max_hp_gain":0,"max_hp_loss":0,"event_name":"Masked Bandits","floor":20,"gold_loss":0},{"damage_healed":0,"gold_gain":0,"player_choice":"Got Potions","damage_taken":0,"max_hp_gain":0,"max_hp_loss":0,"event_name":"Lab","floor":21,"gold_loss":0},{"damage_healed":0,"gold_gain":222,"player_choice":"Wore Mask","damage_taken":0,"max_hp_gain":0,"max_hp_loss":0,"event_name":"Tomb of Lord Red Mask","floor":38,"gold_loss":0},{"damage_healed":0,"gold_gain":0,"player_choice":"Memory 1","damage_taken":0,"max_hp_gain":0,"max_hp_loss":0,"event_name":"SensoryStone","floor":46,"gold_loss":0},{"damage_healed":0,"gold_gain":0,"player_choice":"Fight","damage_taken":0,"max_hp_gain":0,"max_hp_loss":0,"event_name":"MindBloom","floor":47,"gold_loss":0}],"is_beta":false,"boss_relics":[{"not_picked":["Tiny House","Black Star"],"picked":"Velvet Choker"},{"not_picked":["Coffee Dripper","Runic Dome"],"picked":"TheCursedMod:OminousMark"}],"items_purged_floors":[31],"is_endless":false,"potions_floor_spawned":[1,10,12,14,19,29,33,36,37,48],"killed_by":"Awakened One","ascension_level":0}}