{"host":"873t0y8ybyo38pfq","time":1609533231,"event":{"mods":["BaseMod","Bestiary","Colored Map","Colored Powertips","Highlight Path","Minty Spire (QoL Compilation)","Quick Restart","RNG Fix","Rare Cards Sparkle","Relic Stats","StSLib"],"gold_per_floor":[113,131,151,167,178,178,212,287,287,306,12,12,28,48,48,127,127,146,165,8,58,333,333,333,333],"floor_reached":24,"playtime":763,"items_purged":["Strike_B"],"score":396,"play_id":"be9e6b72-2df7-4e15-87c7-73bbaafaef53","local_time":"20210101153351","is_ascension_mode":true,"campfire_choices":[{"floor":6.0,"key":"REST"},{"data":"Go for the Eyes","floor":15.0,"key":"SMITH"},{"data":"Zap","floor":23,"key":"SMITH"}],"circlet_count":0,"master_deck":["AscendersBane","Strike_B","Strike_B","Strike_B","Defend_B","Defend_B","Defend_B","Defend_B","Zap+1","Dualcast","Streamline","Gash","All For One","Beam Cell","Redo","Hologram","Steam","Streamline","Go for the Eyes+1","Fission","Leap","Regret"],"relics":["Cracked Core","NeowsBlessing","StrikeDummy","Lantern","Lee\u0027s Waffle","Odd Mushroom","Nuclear Battery","Membership Card"],"acts_visited":["Exordium","TheCity"],"potions_floor_usage":[24],"damage_taken":[{"damage":0.0,"enemies":"Cultist","floor":1.0,"turns":1.0},{"damage":0.0,"enemies":"Jaw Worm","floor":2.0,"turns":1.0},{"damage":0.0,"enemies":"Small Slimes","floor":3.0,"turns":1.0},{"damage":10.0,"enemies":"Red Slaver","floor":4.0,"turns":4.0},{"damage":11.0,"enemies":"Blue Slaver","floor":5.0,"turns":3.0},{"damage":30.0,"enemies":"Lagavulin","floor":7.0,"turns":7.0},{"damage":2.0,"enemies":"2 Fungi Beasts","floor":10.0,"turns":2.0},{"damage":13.0,"enemies":"Red Slaver","floor":13.0,"turns":3.0},{"damage":4.0,"enemies":"The Mushroom Lair","floor":14.0,"turns":2.0},{"damage":56.0,"enemies":"The Guardian","floor":16.0,"turns":11.0},{"damage":21.0,"enemies":"Spheric Guardian","floor":18.0,"turns":4.0},{"damage":5.0,"enemies":"Shell Parasite","floor":19.0,"turns":3.0},{"damage":34,"enemies":"Snecko","floor":24,"turns":5}],"seed_played":"-6254632440902760200","potions_obtained":[{"floor":1.0,"key":"Swift Potion"},{"floor":2.0,"key":"Weak Potion"},{"floor":7.0,"key":"DistilledChaos"},{"floor":14.0,"key":"DistilledChaos"},{"floor":18.0,"key":"GamblersBrew"}],"is_trial":false,"path_per_floor":["M","M","M","M","M","R","E","?","T","M","$","?","M","?","R","B",null,"M","M","$","?","?","R","M"],"character_chosen":"DEFECT","items_purchased":["Steam","Lee\u0027s Waffle","Membership Card"],"campfire_rested":1,"item_purchase_floors":[11,11,20],"current_hp_per_floor":[64,64,64,54,43,64,34,23,23,21,78,78,65,61,61,5,60,39,34,34,27,27,27,0,0],"gold":333,"neow_bonus":"THREE_ENEMY_KILL","is_daily":false,"chose_seed":false,"campfire_upgraded":2,"win_rate":0.0,"timestamp":1609533231,"path_taken":["M","M","M","M","M","R","E","?","T","?","$","?","?","?","R","BOSS","M","M","?","?","?","R","?"],"items_purchased_type":["Card","Relic","Relic"],"build_version":"2020-12-22","purchased_purges":1,"victory":false,"max_hp_per_floor":[71,71,71,71,71,71,71,71,71,71,78,78,78,78,78,78,78,78,78,78,78,78,78,78,78],"relic_stats":{"Lee\u0027s Waffle":57,"counters":[13,47],"obtain_stats":[{"Lantern":9,"Lee\u0027s Waffle":11,"NeowsBlessing":0,"Membership Card":20,"Odd Mushroom":14,"Cracked Core":0,"StrikeDummy":7,"Nuclear Battery":17},{"Lantern":6,"Lee\u0027s Waffle":7,"NeowsBlessing":0,"Membership Card":12,"Odd Mushroom":9,"Cracked Core":0,"StrikeDummy":6,"Nuclear Battery":10},{"Lantern":17,"Lee\u0027s Waffle":19,"NeowsBlessing":0,"Membership Card":42,"Odd Mushroom":24,"Cracked Core":0,"StrikeDummy":17,"Nuclear Battery":35}]},"card_choices":[{"not_picked":["Melter","Sweeping Beam"],"picked":"Streamline","floor":1.0},{"not_picked":["Heatsinks","Coolheaded"],"picked":"Gash","floor":2.0},{"not_picked":["Gash","Rip and Tear"],"picked":"All For One","floor":3.0},{"not_picked":["Double Energy","Turbo"],"picked":"Beam Cell","floor":4.0},{"not_picked":["Turbo","Stack","Self Repair"],"picked":"SKIP","floor":5.0},{"not_picked":["Darkness","Compile Driver"],"picked":"Redo","floor":7.0},{"not_picked":["Coolheaded","Compile Driver"],"picked":"Hologram","floor":10.0},{"not_picked":["Turbo","Hello World"],"picked":"Streamline","floor":13.0},{"not_picked":["Compile Driver","Coolheaded"],"picked":"Go for the Eyes","floor":14.0},{"not_picked":["Buffer","Thunder Strike"],"picked":"Fission","floor":16.0},{"not_picked":["Barrage","Skim"],"picked":"Leap","floor":18.0},{"not_picked":["Streamline","Rip and Tear","Force Field"],"picked":"SKIP","floor":19.0}],"player_experience":1468496,"relics_obtained":[{"floor":7.0,"key":"StrikeDummy"},{"floor":9.0,"key":"Lantern"},{"floor":14.0,"key":"Odd Mushroom"}],"event_choices":[{"damage_healed":0.0,"max_hp_gain":0.0,"max_hp_loss":0.0,"gold_gain":75.0,"event_name":"World of Goop","player_choice":"Gather Gold","floor":8.0,"gold_loss":0.0,"damage_taken":11.0},{"damage_healed":0.0,"max_hp_gain":0.0,"max_hp_loss":0.0,"gold_gain":0.0,"event_name":"Liars Game","player_choice":"Ignored","floor":12.0,"gold_loss":0.0,"damage_taken":0.0},{"damage_healed":0.0,"max_hp_gain":0.0,"max_hp_loss":0.0,"gold_gain":0.0,"event_name":"Mushrooms","player_choice":"Fought Mushrooms","floor":14.0,"gold_loss":0.0,"damage_taken":0.0},{"damage_healed":0.0,"max_hp_gain":0.0,"max_hp_loss":0.0,"gold_gain":50.0,"event_name":"FaceTrader","player_choice":"Touch","floor":21.0,"gold_loss":0.0,"damage_taken":7.0},{"damage_healed":0,"gold_gain":275,"player_choice":"Desecrate","damage_taken":0,"max_hp_gain":0,"max_hp_loss":0,"event_name":"Golden Shrine","floor":22,"gold_loss":0,"cards_obtained":["Regret"]}],"is_beta":false,"boss_relics":[{"not_picked":["Calling Bell","Runic Dome"],"picked":"Nuclear Battery"}],"items_purged_floors":[11],"is_endless":false,"potions_floor_spawned":[1,2,7,14,18],"killed_by":"Snecko","ascension_level":20}}