{"host":"Finnegan","time":1609523562,"event":{"mods":["AchievementEnabler","BaseMod","Colored Map","Colored Powertips","Highlight Path","Minty Spire (QoL Compilation)","Permanent Neow","Quick Restart","Rare Cards Sparkle","Relic Stats","Slay-I","StSLib","everything is the same but u backflip on backflip","slay the spire mod where everything is the same but ironclad has a cowboy hat"],"gold_per_floor":[210,225,244,14,79,79,95,15,15,44,44,67,94,111,111,187,187,199,199,199,199,55,55,66,93,93,93,93,93],"floor_reached":28,"playtime":903,"items_purged":["Strike_G"],"score":427,"play_id":"2943a0d7-b147-461e-8b1b-c019c6e34c81","local_time":"20210101185242","is_ascension_mode":true,"campfire_choices":[{"data":"Neutralize","floor":6.0,"key":"SMITH"},{"data":"Survivor","floor":11.0,"key":"SMITH"},{"floor":15.0,"key":"REST"},{"floor":23.0,"key":"REST"},{"floor":27.0,"key":"REST"}],"circlet_count":0,"master_deck":["AscendersBane","Defend_G","Defend_G","Defend_G","Defend_G","Survivor+1","Neutralize+1","Poisoned Stab","Masterful Stab","Die Die Die","Catalyst","Leg Sweep","Infinite Blades","Catalyst","Terror","Die Die Die","Skewer+1","Quick Slash+1","Burst+1","Crippling Poison","Wraith Form v2","Backstab","Bane+1"],"relics":["Ring of the Snake","Blue Candle","White Beast Statue","Odd Mushroom","InkBottle","Astrolabe","Oddly Smooth Stone","Art of War","Singing Bowl"],"acts_visited":["Exordium","TheCity"],"potions_floor_usage":[28],"damage_taken":[{"damage":2.0,"enemies":"2 Louse","floor":1.0,"turns":3.0},{"damage":1.0,"enemies":"Small Slimes","floor":2.0,"turns":4.0},{"damage":1.0,"enemies":"Jaw Worm","floor":3.0,"turns":3.0},{"damage":1.0,"enemies":"Looter","floor":7.0,"turns":3.0},{"damage":4.0,"enemies":"3 Sentries","floor":10.0,"turns":7.0},{"damage":14.0,"enemies":"The Mushroom Lair","floor":12.0,"turns":4.0},{"damage":6.0,"enemies":"Gremlin Nob","floor":13.0,"turns":5.0},{"damage":0.0,"enemies":"Exordium Wildlife","floor":14.0,"turns":2.0},{"damage":9.0,"enemies":"The Guardian","floor":16.0,"turns":9.0},{"damage":30.0,"enemies":"Spheric Guardian","floor":18.0,"turns":4.0},{"damage":8.0,"enemies":"3 Byrds","floor":24.0,"turns":6.0},{"damage":14.0,"enemies":"Gremlin Leader","floor":25.0,"turns":6.0},{"damage":12,"enemies":"Book of Stabbing","floor":28,"turns":6}],"seed_played":"-2151700783984004116","potions_obtained":[{"floor":1.0,"key":"SkillPotion"},{"floor":12.0,"key":"SpeedPotion"},{"floor":13.0,"key":"Poison Potion"},{"floor":16.0,"key":"Dexterity Potion"}],"is_trial":false,"path_per_floor":["M","M","M","$","?","R","M","$","T","E","R","?","E","M","R","B",null,"M","?","?","?","$","R","M","E","T","R","E"],"character_chosen":"THE_SILENT","items_purchased":["Die Die Die","Catalyst","Infinite Blades","Oddly Smooth Stone"],"campfire_rested":3,"item_purchase_floors":[4,4,8,22],"current_hp_per_floor":[57,56,55,55,55,55,54,54,54,50,50,36,30,30,49,40,60,30,30,30,30,30,49,41,27,27,46,34,34],"gold":93,"neow_bonus":"HUNDRED_GOLD","is_daily":false,"chose_seed":false,"campfire_upgraded":2,"win_rate":0.0,"timestamp":1609523562,"path_taken":["M","M","M","$","?","R","M","$","T","E","R","?","E","M","R","BOSS","M","?","?","?","$","R","?","E","T","R","E"],"items_purchased_type":["Card","Card","Card","Relic"],"build_version":"2020-12-18","purchased_purges":1,"victory":false,"max_hp_per_floor":[66,66,66,66,66,66,66,66,66,66,66,66,66,66,66,66,66,66,66,66,66,66,66,66,66,66,66,66,66],"relic_stats":{"Singing Bowl":0,"counters":[13,62],"Blue Candle":[0],"Astrolabe":["Skewer","Quick Slash","Burst"],"Art of War":[1],"obtain_stats":[{"Singing Bowl":26,"Blue Candle":9,"Astrolabe":17,"Oddly Smooth Stone":22,"Art of War":25,"Odd Mushroom":12,"White Beast Statue":10,"InkBottle":13,"Ring of the Snake":0},{"Singing Bowl":12,"Blue Candle":4,"Astrolabe":9,"Oddly Smooth Stone":10,"Art of War":12,"Odd Mushroom":6,"White Beast Statue":5,"InkBottle":7,"Ring of the Snake":0},{"Singing Bowl":56,"Blue Candle":13,"Astrolabe":40,"Oddly Smooth Stone":44,"Art of War":56,"Odd Mushroom":24,"White Beast Statue":20,"InkBottle":29,"Ring of the Snake":0}],"InkBottle":[8],"Ring of the Snake":[26]},"card_choices":[{"not_picked":["Choke","Slice","Eviscerate"],"picked":"SKIP","floor":1.0},{"not_picked":["Dagger Spray","Flying Knee"],"picked":"Poisoned Stab","floor":2.0},{"not_picked":["Flying Knee","Underhanded Strike"],"picked":"Masterful Stab","floor":3.0},{"not_picked":["Deadly Poison","Acrobatics"],"picked":"Leg Sweep","floor":7.0},{"not_picked":["Dagger Throw","Flying Knee"],"picked":"Catalyst","floor":10.0},{"not_picked":["Blur","Slice"],"picked":"Terror","floor":12.0},{"not_picked":["Quick Slash","Riddle With Holes","Flying Knee"],"picked":"SKIP","floor":13.0},{"not_picked":["Outmaneuver","Well Laid Plans","Finisher"],"picked":"SKIP","floor":14.0},{"not_picked":["Bullet Time","Tools of the Trade"],"picked":"Die Die Die","floor":16.0},{"not_picked":["Dagger Throw","Blade Dance","Terror"],"picked":"SKIP","floor":18.0},{"not_picked":["Dagger Spray","Deflect","Skewer"],"picked":"SKIP","floor":24.0},{"not_picked":["Leg Sweep","Riddle With Holes"],"picked":"Bane+1","floor":25.0}],"player_experience":912655,"relics_obtained":[{"floor":9.0,"key":"Blue Candle"},{"floor":10.0,"key":"White Beast Statue"},{"floor":12.0,"key":"Odd Mushroom"},{"floor":13.0,"key":"InkBottle"},{"floor":25.0,"key":"Art of War"},{"floor":26.0,"key":"Singing Bowl"}],"event_choices":[{"damage_healed":0.0,"max_hp_gain":0.0,"max_hp_loss":0.0,"gold_gain":65.0,"event_name":"Golden Wing","player_choice":"Gained Gold","floor":5.0,"gold_loss":0.0,"damage_taken":0.0},{"damage_healed":0.0,"max_hp_gain":0.0,"max_hp_loss":0.0,"gold_gain":0.0,"event_name":"Mushrooms","player_choice":"Fought Mushrooms","floor":12.0,"gold_loss":0.0,"damage_taken":0.0},{"damage_healed":0.0,"max_hp_gain":0.0,"max_hp_loss":0.0,"gold_gain":0.0,"cards_transformed":["Strike_G","Strike_G"],"event_name":"Drug Dealer","player_choice":"Became Test Subject","floor":19.0,"gold_loss":0.0,"damage_taken":0.0,"cards_obtained":["Crippling Poison","Wraith Form v2"]},{"damage_healed":0.0,"max_hp_gain":0.0,"max_hp_loss":0.0,"gold_gain":0.0,"event_name":"Vampires","player_choice":"Ignored","floor":20.0,"gold_loss":0.0,"damage_taken":0.0},{"damage_healed":0.0,"max_hp_gain":0.0,"max_hp_loss":0.0,"gold_gain":0.0,"event_name":"The Library","player_choice":"Read","floor":21.0,"gold_loss":0.0,"damage_taken":0.0,"cards_obtained":["Backstab"]}],"is_beta":true,"boss_relics":[{"not_picked":["Ring of the Serpent","HoveringKite"],"picked":"Astrolabe"}],"items_purged_floors":[4],"is_endless":false,"potions_floor_spawned":[1,12,13,14,16,18,24,25],"killed_by":"Book of Stabbing","ascension_level":15}}