{"host":"h8k9dndf1ns7wsjc","time":1609460496,"event":{"mods":["2.2 Compatiblity","AchievementEnabler","Act Like it!","BaseMod","Better Altar","Better Skull","Better Vampires","BetterRewards","Communication Mod","Downfall","Minty Spire (QoL Compilation)","Permanent Neow","Remove Card Discount Mod","Spicy Shops","StSLib"],"gold_per_floor":[99,118,293,57,57,82,82,82,92,122,139,139,149,46,62,62,62,62],"floor_reached":16,"playtime":1494,"items_purged":["champ:Strike","champ:Strike","Doubt","champ:Defend","Regret","champ:Strike","champ:Defend"],"score":110,"play_id":"ad4d89cb-257d-4d3c-86c3-b75037f07df9","local_time":"20210101012136","is_ascension_mode":false,"campfire_choices":[{"data":"champ:Taunt","floor":1,"key":"SMITH"},{"data":"champ:DefensiveStyle","floor":12,"key":"SMITH"}],"circlet_count":0,"master_deck":["champ:Strike+1","champ:Defend+1","champ:Defend","champ:Execute+1","champ:Taunt+1","champ:FaceSlap","champ:StanceDance","champ:IronFortress","champ:BringItOn","champ:PreciseThrust","champ:DeathBlow","champ:DefensiveStyle+1","champ:Circumvent","champ:GladiatorStyle","champ:IgnorePain","champ:FocusedBerserking","champ:BerserkerStyle"],"relics":["champ:ChampionCrown","HandDrill","Bronze Scales","champ:FightingForDummies","Bird Faced Urn"],"acts_visited":["Exordium"],"potions_floor_usage":[14,16,16],"damage_taken":[{"damage":1,"enemies":"2 Louse","floor":2,"turns":4},{"damage":10,"enemies":"downfall:FleeingMerchant","floor":4,"turns":4},{"damage":38,"enemies":"3 Sentries","floor":6,"turns":10},{"damage":4,"enemies":"Jaw Worm","floor":9,"turns":4},{"damage":27,"enemies":"Lagavulin","floor":10,"turns":6},{"damage":7,"enemies":"Small Slimes","floor":11,"turns":4},{"damage":37,"enemies":"Gremlin Gang","floor":13,"turns":3},{"damage":26,"enemies":"downfall:FleeingMerchant","floor":14,"turns":4},{"damage":21,"enemies":"Large Slime","floor":15,"turns":5},{"damage":44,"enemies":"downfall:Defect","floor":16,"turns":4}],"seed_played":"-3163350062818531912","potions_obtained":[{"floor":6,"key":"SteroidPotion"},{"floor":8,"key":"champ:OpenerPotion"},{"floor":8,"key":"sneckomod:MuddlingPotion"},{"floor":15,"key":"Regen Potion"}],"is_trial":false,"path_per_floor":["R","M","?","$","?","E","T","?","M","E","M","R","M","$","M","B"],"character_chosen":"THE_CHAMP","items_purchased":["champ:IronFortress","HandDrill","champ:BringItOn","champ:FocusedBerserking"],"campfire_rested":0,"item_purchase_floors":[4,4,4,14],"current_hp_per_floor":[99,98,98,98,98,70,70,70,66,54,56,56,31,26,21,0,0,0],"gold":62,"neow_bonus":"TEN_PERCENT_HP_BONUS","is_daily":false,"chose_seed":false,"campfire_upgraded":2,"win_rate":0.0,"timestamp":1609460496,"path_taken":["R","M","?","$","?","E","T","?","M","E","?","R","M","$","M","BOSS"],"items_purchased_type":["Card","Relic","Card","Card"],"build_version":"2020-12-22","purchased_purges":7,"victory":false,"max_hp_per_floor":[99,99,99,99,99,99,99,99,99,99,99,99,99,99,99,99,99,99],"card_choices":[{"not_picked":["champ:Circumvent","champ:HeartStrike"],"picked":"champ:FaceSlap","floor":2},{"not_picked":["champ:CrookedStrike","champ:EnGarde"],"picked":"champ:StanceDance","floor":4},{"not_picked":["champ:Circumvent","champ:BringItOn"],"picked":"champ:PreciseThrust","floor":6},{"not_picked":["champ:Riposte","champ:StanceDance"],"picked":"champ:DeathBlow","floor":9},{"not_picked":["champ:RecklessLeap","champ:Riposte"],"picked":"champ:DefensiveStyle","floor":10},{"not_picked":["champ:AdrenalArmor","champ:StanceDance"],"picked":"champ:Circumvent","floor":11},{"not_picked":["champ:RisingSlash","champ:CrookedStrike"],"picked":"champ:GladiatorStyle","floor":13},{"not_picked":["champ:EnGarde","champ:CheapShot"],"picked":"champ:IgnorePain","floor":14},{"not_picked":["champ:BladeFlurry","champ:TornadoPunch"],"picked":"champ:BerserkerStyle","floor":15}],"player_experience":437540,"relics_obtained":[{"floor":6,"key":"Bronze Scales"},{"floor":7,"key":"champ:FightingForDummies"},{"floor":10,"key":"Bird Faced Urn"}],"event_choices":[{"damage_healed":0,"gold_gain":0,"player_choice":"Got Potions","damage_taken":0,"max_hp_gain":0,"max_hp_loss":0,"event_name":"Lab","floor":8,"gold_loss":0}],"is_beta":false,"boss_relics":[],"items_purged_floors":[4,4,4,4,14,14,14],"is_endless":false,"potions_floor_spawned":[6,11,13,15],"killed_by":"downfall:Defect","ascension_level":0}}