{"host":"lkyw40t68mxhwfjf","time":1609506908,"event":{"mods":["2.2 Compatiblity","Act Like it!","Arknights The Spire","BaseMod","Hallownest","HololiveMod","Hubris","Koishi","Lobotomy","Marisa¡]Ãú«B¡@Å]²z¨F¡^","Minty Spire (QoL Compilation)","Prisma Mod","Reimu¡]³Õ???¡^","Remilia¡]Á¢¦Ì²ú?¡^","Replay The Spire","RumiaBox-ÅS¦Ì?ªº¯«¯µ²°¤l","StSLib","The Animator","The Servant 0.9.4","TheSwordswoman","WarShipGirlsR/??¤Ö¤kR mod","Youmu¡]»î¾z§¯?¡^","Yuyuko"],"gold_per_floor":[110,110,125,137,194,194,194,194],"floor_reached":7,"playtime":347,"items_purged":[],"score":41,"play_id":"5772bfaf-7eae-46d9-be87-a70df3ea75d8","local_time":"20210101211508","is_ascension_mode":false,"campfire_choices":[{"data":"ats:Ignite","floor":6,"key":"SMITH"}],"circlet_count":0,"master_deck":["ats:Strike C","ats:Strike G","ats:Strike S","ats:Strike V","ats:Armor Crushing Shot","ats:Defend","ats:Defend","ats:Defend","ats:Defend","ats:Emotion Absorption","ats:Healing Strengthening","ats:Assault Order","Languid","ats:Ignite+1","ats:Apocalypse","ReplayTheSpireMod:Splinters","Pot Of Greed","Pot Of Greed","ats:Childhood Dance","ats:Support Order"],"relics":["ats:Sanity","Ring of Peace","ReplayTheSpireMod:Ring of Collecting","Grinning Jar"],"acts_visited":["Exordium"],"potions_floor_usage":[7,7],"damage_taken":[{"damage":0,"enemies":"Cultist","floor":1,"turns":4},{"damage":2,"enemies":"2 Louse","floor":3,"turns":6},{"damage":3,"enemies":"Small Slimes","floor":4,"turns":5},{"damage":77,"enemies":"3 Sentries","floor":7,"turns":10}],"seed_played":"7374038245950195152","potions_obtained":[{"floor":1,"key":"Fire Potion"},{"floor":5,"key":"BlessingOfTheForge"}],"is_trial":false,"path_per_floor":["M","?","M","M","?","R","E"],"character_chosen":"DOCTOR_CLASS","items_purchased":[],"campfire_rested":0,"item_purchase_floors":[],"current_hp_per_floor":[72,72,70,67,67,67,0,0],"gold":194,"neow_bonus":"THREE_CARDS","is_daily":false,"chose_seed":false,"campfire_upgraded":1,"win_rate":0.0,"timestamp":1609506908,"path_taken":["M","?","M","M","?","R","E"],"items_purchased_type":[],"build_version":"2020-12-22","purchased_purges":0,"victory":false,"max_hp_per_floor":[72,72,72,72,72,72,72,72],"card_choices":[{"not_picked":["ats:Cat Scratch","ats:Demon Strength"],"picked":"ats:Healing Strengthening","floor":0},{"not_picked":["ats:Encircling Forest","ats:Childhood Dance"],"picked":"ats:Assault Order","floor":1},{"not_picked":["ats:Childhood Dance","ats:Assault Order"],"picked":"ats:Ignite","floor":3},{"not_picked":["ats:Directed Diagnosis","ats:Leaping Hammer"],"picked":"ats:Apocalypse","floor":4},{"not_picked":["ats:Powerful Strike","ats:Poison Spread"],"picked":"ats:Childhood Dance","floor":5},{"not_picked":["ats:Cat Scratch","ats:Demon Strength"],"picked":"ats:Support Order","floor":5}],"player_experience":390906,"relics_obtained":[{"floor":2,"key":"Ring of Peace"},{"floor":2,"key":"ReplayTheSpireMod:Ring of Collecting"},{"floor":5,"key":"Grinning Jar"}],"event_choices":[],"is_beta":false,"boss_relics":[],"items_purged_floors":[],"is_endless":false,"potions_floor_spawned":[1],"killed_by":"3 Sentries","ascension_level":0}}