{"host":"novohdx135h0xyrr","time":1609528880,"event":{"mods":["BaseMod","Colored Map","Colored Powertips","Highlight Path","Minty Spire (QoL Compilation)"],"gold_per_floor":[118,135,146,26,40,73,73,90,90,90,90,120,32,32,32,134,134,148,247,247,147,192,192,217,235,235,235,251,262,289,289,289,387,387,402,402,402,451,18,18,52,64,64,79,92,92,112,112,112,112,112,112,45,75,75,75],"floor_reached":55,"playtime":5484,"items_purged":["Strike_P","Defend_P","Strike_P"],"score":758,"play_id":"b93bc0da-f621-4b48-899a-81bae4013e18","local_time":"20210101112120","is_ascension_mode":false,"campfire_choices":[{"data":"Eruption","floor":7,"key":"SMITH"},{"data":"Vigilance","floor":10,"key":"SMITH"},{"data":"EmptyBody","floor":15,"key":"SMITH"},{"data":"Tantrum","floor":23,"key":"SMITH"},{"floor":27,"key":"REST"},{"data":"Halt","floor":32,"key":"SMITH"},{"data":"CutThroughFate","floor":40,"key":"SMITH"},{"floor":46,"key":"RECALL"},{"floor":49,"key":"REST"},{"data":"Vault","floor":52,"key":"SMITH"}],"circlet_count":0,"master_deck":["Strike_P","Defend_P","Defend_P+1","Defend_P","Eruption+1","Vigilance+1","Tantrum+1","FlurryOfBlows","FlurryOfBlows","EmptyMind","SandsOfTime","EmptyBody+1","InnerPeace","FlurryOfBlows","CutThroughFate+1","Halt+1","Tantrum","EmptyBody+1","InnerPeace","Vault+1","Halt+1","Adaptation+1"],"relics":["PureWater","NeowsBlessing","Tiny Chest","Blood Vial","Kunai","VioletLotus","Mercury Hourglass","Bag of Preparation","Orichalcum","Frozen Egg 2","Black Star","War Paint","Turnip","Singing Bowl","Bottled Lightning","Darkstone Periapt","TungstenRod","Bronze Scales","Boot"],"acts_visited":["Exordium","TheCity","TheBeyond","TheEnding"],"potions_floor_usage":[18,24,33,33,33,37,41,50,50,50],"damage_taken":[{"damage":0,"enemies":"Cultist","floor":1,"turns":1},{"damage":0,"enemies":"Small Slimes","floor":2,"turns":1},{"damage":0,"enemies":"2 Louse","floor":3,"turns":1},{"damage":7,"enemies":"Exordium Wildlife","floor":5,"turns":2},{"damage":21,"enemies":"3 Sentries","floor":6,"turns":6},{"damage":6,"enemies":"Lots of Slimes","floor":8,"turns":4},{"damage":0,"enemies":"Slime Boss","floor":16,"turns":6},{"damage":8,"enemies":"2 Thieves","floor":18,"turns":3},{"damage":37,"enemies":"Book of Stabbing","floor":24,"turns":4},{"damage":0,"enemies":"Shell Parasite","floor":25,"turns":2},{"damage":15,"enemies":"Shelled Parasite and Fungi","floor":28,"turns":3},{"damage":0,"enemies":"Cultist and Chosen","floor":29,"turns":3},{"damage":10,"enemies":"Slavers","floor":30,"turns":3},{"damage":24,"enemies":"Collector","floor":33,"turns":7},{"damage":0,"enemies":"3 Darklings","floor":35,"turns":3},{"damage":21,"enemies":"Nemesis","floor":41,"turns":6},{"damage":0,"enemies":"Orb Walker","floor":42,"turns":3},{"damage":11,"enemies":"Writhing Mass","floor":44,"turns":7},{"damage":10,"enemies":"Maw","floor":45,"turns":6},{"damage":8,"enemies":"4 Shapes","floor":47,"turns":4},{"damage":50,"enemies":"Time Eater","floor":50,"turns":12},{"damage":35,"enemies":"Shield and Spear","floor":54,"turns":16},{"damage":53,"enemies":"The Heart","floor":55,"turns":3}],"seed_played":"4124555276077362109","potions_obtained":[{"floor":2,"key":"Ambrosia"},{"floor":5,"key":"Block Potion"},{"floor":16,"key":"Block Potion"},{"floor":24,"key":"SpeedPotion"},{"floor":29,"key":"SpeedPotion"},{"floor":37,"key":"Fire Potion"},{"floor":37,"key":"Fruit Juice"},{"floor":37,"key":"Block Potion"},{"floor":44,"key":"SpeedPotion"},{"floor":45,"key":"GamblersBrew"},{"floor":47,"key":"EssenceOfSteel"}],"is_trial":false,"path_per_floor":["M","M","M","$","M","E","R","M","T","R","?","?","$","T","R","B",null,"M","?","T","$","T","R","E","M","T","R","M","M","E","?","R","B",null,"M","?","?","T","$","R","E","M","T","M","M","R","M","T","R","B",null,"R","$","E","B"],"character_chosen":"WATCHER","items_purchased":["FlurryOfBlows","InnerPeace","FlurryOfBlows","Turnip","Adaptation+1"],"campfire_rested":2,"item_purchase_floors":[4,13,13,39,53],"current_hp_per_floor":[72,72,72,72,65,44,44,38,38,38,31,31,31,31,31,33,72,64,64,64,64,64,64,29,31,31,52,39,41,33,33,33,11,72,72,72,77,77,77,77,56,58,58,51,45,45,41,41,65,17,83,83,83,50,0,0],"gold":75,"neow_bonus":"THREE_ENEMY_KILL","is_daily":false,"chose_seed":false,"campfire_upgraded":7,"win_rate":0.0,"timestamp":1609528880,"path_taken":["M","M","?","$","M","E","R","M","T","R","?","?","?","?","R","BOSS","M","?","?","?","?","R","E","M","T","R","M","M","E","?","R","BOSS","M","?","?","?","$","R","E","?","T","M","?","R","?","?","R","BOSS","R","$","E","BOSS"],"items_purchased_type":["Card","Card","Card","Relic","Card"],"build_version":"2020-12-22","purchased_purges":3,"victory":false,"max_hp_per_floor":[72,72,72,72,72,72,72,72,72,72,72,72,72,72,72,72,72,72,72,72,72,72,72,72,72,72,72,72,72,72,72,72,72,72,72,72,77,77,77,77,77,77,77,79,81,81,83,83,83,83,83,83,83,85,85,85],"card_choices":[{"not_picked":["Protect","EmptyFist","ThirdEye"],"picked":"SKIP","floor":1},{"not_picked":["Consecrate","Prostrate"],"picked":"Tantrum","floor":2},{"not_picked":["CrushJoints","Wireheading"],"picked":"FlurryOfBlows","floor":3},{"not_picked":["EmptyFist","Consecrate"],"picked":"EmptyMind","floor":5},{"not_picked":["Indignation","Swivel"],"picked":"SandsOfTime","floor":6},{"not_picked":["JustLucky","FollowUp"],"picked":"EmptyBody","floor":8},{"not_picked":["Prostrate","ThirdEye","Indignation"],"picked":"SKIP","floor":18},{"not_picked":["LikeWater","CrushJoints"],"picked":"CutThroughFate","floor":24},{"not_picked":["CutThroughFate","FlyingSleeves","Study"],"picked":"SKIP","floor":25},{"not_picked":["ThirdEye","Evaluate+1"],"picked":"Halt","floor":28},{"not_picked":["Weave","Prostrate+1","Evaluate+1"],"picked":"SKIP","floor":29},{"not_picked":["Study+1","Halt"],"picked":"Tantrum","floor":30},{"not_picked":["EmptyFist","ClearTheMind+1"],"picked":"InnerPeace","floor":35},{"not_picked":["FlyingSleeves","Vault","SignatureMove+1"],"picked":"SKIP","floor":41},{"not_picked":["FlyingSleeves","SignatureMove+1"],"picked":"Vault","floor":41},{"not_picked":["PathToVictory","EmptyBody"],"picked":"Halt+1","floor":42},{"not_picked":["Collect","Worship","JustLucky"],"picked":"Singing Bowl","floor":44},{"not_picked":["PathToVictory","Conclude+1","Pray+1"],"picked":"Singing Bowl","floor":45},{"not_picked":["BattleHymn+1","FearNoEvil","Wallop+1"],"picked":"Singing Bowl","floor":47},{"not_picked":["EmptyFist","MentalFortress+1","FlurryOfBlows+1"],"picked":"Singing Bowl","floor":54}],"player_experience":165306,"relics_obtained":[{"floor":6,"key":"Tiny Chest"},{"floor":9,"key":"Blood Vial"},{"floor":14,"key":"Kunai"},{"floor":20,"key":"Mercury Hourglass"},{"floor":22,"key":"Bag of Preparation"},{"floor":24,"key":"Orichalcum"},{"floor":30,"key":"Frozen Egg 2"},{"floor":38,"key":"War Paint"},{"floor":41,"key":"Singing Bowl"},{"floor":41,"key":"Bottled Lightning"},{"floor":43,"key":"Darkstone Periapt"},{"floor":48,"key":"TungstenRod"},{"floor":54,"key":"Bronze Scales"},{"floor":54,"key":"Boot"}],"event_choices":[{"cards_removed":["Strike_P"],"damage_healed":0,"gold_gain":0,"player_choice":"Card Removal","damage_taken":7,"max_hp_gain":0,"max_hp_loss":0,"event_name":"Golden Wing","floor":11,"gold_loss":0},{"damage_healed":0,"gold_gain":30,"player_choice":"Searched \u00271\u0027 times","damage_taken":0,"max_hp_gain":0,"max_hp_loss":0,"event_name":"Dead Adventurer","floor":12,"gold_loss":0},{"damage_healed":0,"gold_gain":99,"player_choice":"Stole From Cult","damage_taken":0,"max_hp_gain":0,"max_hp_loss":0,"event_name":"Nest","floor":19,"gold_loss":0},{"damage_healed":0,"gold_gain":0,"player_choice":"Read","damage_taken":0,"max_hp_gain":0,"max_hp_loss":0,"event_name":"The Library","floor":31,"gold_loss":0,"cards_obtained":["EmptyBody"]},{"damage_healed":0,"gold_gain":0,"player_choice":"Memory 1","damage_taken":0,"max_hp_gain":0,"max_hp_loss":0,"event_name":"SensoryStone","floor":36,"gold_loss":0},{"damage_healed":0,"gold_gain":0,"player_choice":"Got Potions","damage_taken":0,"max_hp_gain":0,"max_hp_loss":0,"event_name":"Lab","floor":37,"gold_loss":0}],"is_beta":false,"boss_relics":[{"not_picked":["SlaversCollar","Tiny House"],"picked":"VioletLotus"},{"not_picked":["Coffee Dripper","Fusion Hammer"],"picked":"Black Star"}],"items_purged_floors":[4,21,39],"is_endless":false,"potions_floor_spawned":[2,5,16,24,29,44,45,47],"killed_by":"The Heart","ascension_level":0}}