{"host":"56ghxnzsglgdq727","time":1609462208,"event":{"mods":["AchievementEnabler","BaseMod","Minty Spire (QoL Compilation)"],"gold_per_floor":[113,0,0,0,0,0,0,0,0,20,40,53,53,69,69,166,166,185,196,196,196,216,216,216,216],"floor_reached":24,"playtime":633,"items_purged":["Dualcast"],"score":193,"play_id":"33daf40a-63a8-4dd6-9eb7-dad0b4519ddb","local_time":"20201231195008","is_ascension_mode":true,"campfire_choices":[{"data":"Electrodynamics","floor":6,"key":"SMITH"},{"floor":8,"key":"REST"},{"data":"White Noise","floor":15,"key":"SMITH"},{"floor":23,"key":"REST"}],"circlet_count":0,"master_deck":["Strike_B","Strike_B","Strike_B","Defend_B+1","Defend_B","Defend_B","Defend_B+1","Zap","Electrodynamics+1","White Noise+1","Loop","Creative AI"],"relics":["Cracked Core","White Beast Statue","Art of War","Odd Mushroom","Nuclear Battery","Bag of Preparation"],"acts_visited":["Exordium","TheCity"],"potions_floor_usage":[16,16,16,16,16,16,19,22,22,24],"damage_taken":[{"damage":0,"enemies":"Small Slimes","floor":1,"turns":2},{"damage":0,"enemies":"Jaw Worm","floor":10,"turns":2},{"damage":0,"enemies":"The Mushroom Lair","floor":11,"turns":2},{"damage":5,"enemies":"2 Louse","floor":12,"turns":3},{"damage":0,"enemies":"Looter","floor":14,"turns":3},{"damage":17,"enemies":"The Guardian","floor":16,"turns":9},{"damage":0,"enemies":"Chosen","floor":18,"turns":4},{"damage":27,"enemies":"Shell Parasite","floor":19,"turns":6},{"damage":29,"enemies":"Sentry and Sphere","floor":22,"turns":4},{"damage":42,"enemies":"Book of Stabbing","floor":24,"turns":4}],"seed_played":"6970471472962229481","potions_obtained":[{"floor":1,"key":"SpeedPotion"},{"floor":10,"key":"ColorlessPotion"},{"floor":11,"key":"EntropicBrew"},{"floor":14,"key":"AttackPotion"},{"floor":16,"key":"AttackPotion"},{"floor":18,"key":"Explosive Potion"},{"floor":19,"key":"Dexterity Potion"},{"floor":22,"key":"Explosive Potion"}],"is_trial":false,"path_per_floor":["M","$","?","T","$","R","?","R","T","M","?","M","$","M","R","B",null,"M","M","?","?","M","R","E"],"character_chosen":"DEFECT","items_purchased":["Loop"],"campfire_rested":2,"item_purchase_floors":[2],"current_hp_per_floor":[54,54,39,39,39,39,39,61,61,61,61,56,56,56,56,39,75,75,48,48,48,19,41,0,0],"gold":216,"neow_bonus":"THREE_RARE_CARDS","is_daily":false,"chose_seed":false,"campfire_upgraded":2,"win_rate":0.0,"timestamp":1609462208,"path_taken":["M","$","?","?","$","R","?","R","T","M","?","M","?","?","R","BOSS","M","M","?","?","M","R","E"],"items_purchased_type":["Card"],"build_version":"2020-12-22","purchased_purges":1,"victory":false,"max_hp_per_floor":[75,75,75,75,75,75,75,75,75,75,75,75,75,75,75,75,75,75,75,75,75,75,75,75,75],"card_choices":[{"not_picked":["Seek","Core Surge"],"picked":"Electrodynamics","floor":0},{"not_picked":["Steam","Streamline"],"picked":"White Noise","floor":1},{"not_picked":["Hologram","Turbo","Steam Power"],"picked":"SKIP","floor":10},{"not_picked":["Redo","Steam Power","Streamline"],"picked":"SKIP","floor":12},{"not_picked":["Gash","Redo","Conserve Battery"],"picked":"SKIP","floor":14},{"not_picked":["Buffer","Rainbow"],"picked":"Creative AI","floor":16},{"not_picked":["Coolheaded","Streamline","Darkness+1"],"picked":"SKIP","floor":18},{"not_picked":["Hologram","Turbo","Scrape"],"picked":"SKIP","floor":19},{"not_picked":["Rebound","Compile Driver+1","Conserve Battery+1"],"picked":"SKIP","floor":22}],"player_experience":73235,"relics_obtained":[{"floor":4,"key":"White Beast Statue"},{"floor":9,"key":"Art of War"},{"floor":11,"key":"Odd Mushroom"}],"event_choices":[{"damage_healed":0,"gold_gain":0,"player_choice":"Entered Light","damage_taken":15,"max_hp_gain":0,"max_hp_loss":0,"event_name":"Shining Light","floor":3,"gold_loss":0,"cards_upgraded":["Defend_B","Defend_B"]},{"damage_healed":0,"gold_gain":0,"cards_transformed":["Strike_B"],"player_choice":"Change","damage_taken":0,"max_hp_gain":0,"max_hp_loss":0,"event_name":"Living Wall","floor":7,"gold_loss":0,"cards_obtained":["Turbo"]},{"damage_healed":0,"gold_gain":0,"player_choice":"Fought Mushrooms","damage_taken":0,"max_hp_gain":0,"max_hp_loss":0,"event_name":"Mushrooms","floor":11,"gold_loss":0},{"damage_healed":0,"gold_gain":0,"player_choice":"Opened","damage_taken":0,"relics_obtained":["Bag of Preparation"],"max_hp_gain":0,"max_hp_loss":0,"event_name":"The Mausoleum","floor":20,"gold_loss":0},{"cards_removed":["Turbo"],"damage_healed":0,"gold_gain":0,"player_choice":"Elegance","damage_taken":0,"max_hp_gain":0,"max_hp_loss":0,"event_name":"Back to Basics","floor":21,"gold_loss":0}],"is_beta":false,"boss_relics":[{"not_picked":["FrozenCore","Velvet Choker"],"picked":"Nuclear Battery"}],"items_purged_floors":[2],"is_endless":false,"potions_floor_spawned":[1,10,11,12,14,16,18,19,22],"killed_by":"Book of Stabbing","ascension_level":1}}