{"host":"1bnrkmg0bmhwam8n","time":1609463244,"event":{"mods":["2.2 Compatiblity","BaseMod","Colored Map","Hermit","Infinite Spire","Minty Spire (QoL Compilation)","Quick Restart","StSLib"],"gold_per_floor":[119,294,306,381,95,95,114,114,139,103,118,118,136,136,136,255,255,230,250,250,268,193,193,209,209,209],"floor_reached":25,"playtime":840,"items_purged":[],"score":193,"play_id":"739dcc0c-6ffe-4d68-8f19-016f18d51b58","local_time":"20201231190724","is_ascension_mode":false,"campfire_choices":[{"floor":8,"key":"REST"},{"data":"hermit:BigShot","floor":12,"key":"SMITH"},{"data":"hermit:Vantage","floor":15,"key":"SMITH"},{"floor":23,"key":"REST"}],"circlet_count":0,"master_deck":["hermit:Strike_Hermit","hermit:Strike_Hermit","hermit:Strike_Hermit","hermit:Defend_Hermit","hermit:Defend_Hermit","hermit:Defend_Hermit","hermit:Defend_Hermit","hermit:Snapshot","hermit:Covet","Doubt","hermit:BigShot+1","hermit:ShadowCloak","hermit:Vantage+1","hermit:Dissolve","hermit:Deadeye+1","hermit:Dive"],"relics":["hermit:Momento","Potion Belt","StoneCalendar","Golden Idol","Akabeko","MealTicket","hermit:BartenderGlass"],"acts_visited":["Exordium","TheCity"],"potions_floor_usage":[16,21,21,21,21,24,25,25,25],"damage_taken":[{"damage":1,"enemies":"Jaw Worm","floor":1,"turns":4},{"damage":2,"enemies":"Small Slimes","floor":3,"turns":5},{"damage":5,"enemies":"2 Louse","floor":7,"turns":4},{"damage":7,"enemies":"Blue Slaver","floor":11,"turns":4},{"damage":0,"enemies":"3 Louse","floor":13,"turns":4},{"damage":32,"enemies":"Hexaghost","floor":16,"turns":11},{"damage":29,"enemies":"2 Thieves","floor":18,"turns":5},{"damage":30,"enemies":"Chosen","floor":19,"turns":7},{"damage":0,"enemies":"Snecko","floor":21,"turns":7},{"damage":6,"enemies":"Shelled Parasite and Fungi","floor":24,"turns":7},{"damage":37,"enemies":"Chosen and Byrds","floor":25,"turns":8}],"seed_played":"-5314534067517306209","potions_obtained":[{"floor":1,"key":"hermit:BlackBile"},{"floor":3,"key":"hermit:BlackBile"},{"floor":18,"key":"EntropicBrew"},{"floor":19,"key":"LiquidMemories"},{"floor":21,"key":"Weak Potion"}],"is_trial":false,"path_per_floor":["M","?","M","?","$","?","M","R","T","$","M","R","M","?","R","B",null,"M","M","?","M","?","R","M","M"],"character_chosen":"HERMIT","items_purchased":["StoneCalendar","hermit:ShadowCloak"],"campfire_rested":2,"item_purchase_floors":[5,10],"current_hp_per_floor":[74,74,72,61,61,43,38,60,60,60,53,53,53,50,50,18,75,46,16,16,16,16,38,32,0,0],"gold":209,"neow_bonus":"RANDOM_COMMON_RELIC","is_daily":false,"chose_seed":false,"campfire_upgraded":2,"win_rate":0.0,"timestamp":1609463244,"path_taken":["M","?","M","?","?","?","M","R","T","?","M","R","?","?","R","BOSS","M","M","?","?","?","R","M","M"],"items_purchased_type":["Relic","Card"],"build_version":"2020-12-22","purchased_purges":0,"victory":false,"max_hp_per_floor":[75,75,75,75,75,75,75,75,75,75,75,75,75,75,75,75,75,75,75,75,75,75,75,75,75,75],"card_choices":[{"not_picked":["hermit:Virtue","hermit:Desperado","hermit:Quickdraw"],"picked":"SKIP","floor":1},{"not_picked":["hermit:GoldenBullet","hermit:Dive"],"picked":"hermit:BigShot","floor":3},{"not_picked":["hermit:Misfire","hermit:Cheat","hermit:Horror"],"picked":"SKIP","floor":7},{"not_picked":["hermit:HoleUp","hermit:LowProfile","hermit:Feint"],"picked":"SKIP","floor":11},{"not_picked":["hermit:Coalescence","hermit:DeadMansHand"],"picked":"hermit:Vantage","floor":13},{"not_picked":["hermit:DeadOrAlive","hermit:FatalDesire"],"picked":"hermit:Dissolve","floor":16},{"not_picked":["hermit:Quickdraw","hermit:ItchyTrigger","hermit:GoldenBullet"],"picked":"SKIP","floor":18},{"not_picked":["hermit:Quickdraw","hermit:LuckOfTheDraw","hermit:HoleUp"],"picked":"SKIP","floor":19},{"not_picked":["hermit:Horror+1","hermit:Manifest+1"],"picked":"hermit:Deadeye+1","floor":21},{"not_picked":["hermit:ItchyTrigger","hermit:HighCaliber"],"picked":"hermit:Dive","floor":24}],"player_experience":400122,"relics_obtained":[{"floor":9,"key":"Akabeko"}],"event_choices":[{"damage_healed":0,"gold_gain":175,"player_choice":"AGREE","damage_taken":0,"max_hp_gain":0,"max_hp_loss":0,"event_name":"Liars Game","floor":2,"gold_loss":0,"cards_obtained":["Doubt"]},{"damage_healed":0,"gold_gain":75,"player_choice":"Gather Gold","damage_taken":11,"max_hp_gain":0,"max_hp_loss":0,"event_name":"World of Goop","floor":4,"gold_loss":0},{"damage_healed":0,"gold_gain":0,"player_choice":"Take Damage","damage_taken":18,"relics_obtained":["Golden Idol"],"max_hp_gain":0,"max_hp_loss":0,"event_name":"Golden Idol","floor":6,"gold_loss":0},{"damage_healed":0,"gold_gain":0,"player_choice":"Success","damage_taken":3,"relics_obtained":["MealTicket"],"max_hp_gain":0,"max_hp_loss":0,"event_name":"Scrap Ooze","floor":14,"gold_loss":0},{"damage_healed":0,"gold_gain":0,"player_choice":"Ignored","damage_taken":0,"max_hp_gain":0,"max_hp_loss":0,"event_name":"Duplicator","floor":20,"gold_loss":0},{"cards_removed":["hermit:Strike_Hermit"],"damage_healed":0,"gold_gain":0,"player_choice":"Gave Gold","damage_taken":0,"max_hp_gain":0,"max_hp_loss":0,"event_name":"Beggar","floor":22,"gold_loss":75}],"is_beta":false,"boss_relics":[{"not_picked":["Fusion Hammer","Empty Cage"],"picked":"hermit:BartenderGlass"}],"items_purged_floors":[],"is_endless":false,"potions_floor_spawned":[1,3,18,19,21],"killed_by":"Chosen and Byrds","ascension_level":0}}