{"host":"naykp6d9ulahlwib","time":1609542490,"event":{"mods":["BaseMod","Highlight Path","Minty Spire (QoL Compilation)","Shop Mod","StSLib"],"gold_per_floor":[117,136,136,156,173,173,188,113,113,13,13,39,50,50,50,148,148,166,166,91,91,114,150,150,150,150],"floor_reached":25,"playtime":4997,"items_purged":["Strike_P","Strike_P"],"score":442,"play_id":"57d29f58-3c2a-44ef-8bb3-7930b935df1f","local_time":"20210101170810","is_ascension_mode":true,"campfire_choices":[{"data":"LessonLearned","floor":6.0,"key":"SMITH"},{"floor":11.0,"key":"REST"},{"floor":15.0,"key":"REST"},{"data":"SpiritShield","floor":24.0,"key":"SMITH"}],"circlet_count":0,"master_deck":["AscendersBane","Strike_P+1","Strike_P+1","Defend_P+1","Defend_P+1","Defend_P+1","Eruption+1","Vigilance+1","PathToVictory","Conclude","LessonLearned+1","EmptyBody","Study","SpiritShield+1"],"relics":["SlaversCollar","Sundial","Frozen Egg 2","Golden Idol","Cursed Key","Toxic Egg 2"],"acts_visited":["Exordium","TheCity"],"potions_floor_usage":[25],"damage_taken":[{"damage":2.0,"enemies":"Small Slimes","floor":1.0,"turns":5.0},{"damage":1.0,"enemies":"Cultist","floor":2.0,"turns":3.0},{"damage":0.0,"enemies":"Jaw Worm","floor":4.0,"turns":1.0},{"damage":3.0,"enemies":"Large Slime","floor":5.0,"turns":5.0},{"damage":0.0,"enemies":"Exordium Wildlife","floor":7.0,"turns":1.0},{"damage":35.0,"enemies":"3 Sentries","floor":12.0,"turns":14.0},{"damage":7.0,"enemies":"Lots of Slimes","floor":13.0,"turns":2.0},{"damage":15.0,"enemies":"The Guardian","floor":16.0,"turns":9.0},{"damage":18.0,"enemies":"3 Byrds","floor":18.0,"turns":7.0},{"damage":9.0,"enemies":"2 Thieves","floor":22.0,"turns":5.0},{"damage":1.0,"enemies":"Gremlin Leader","floor":23.0,"turns":4.0},{"damage":42,"enemies":"Book of Stabbing","floor":25,"turns":7}],"seed_played":"-662556337756230134","potions_obtained":[{"floor":1.0,"key":"Fire Potion"},{"floor":12.0,"key":"SteroidPotion"},{"floor":13.0,"key":"Regen Potion"},{"floor":16.0,"key":"FearPotion"},{"floor":23.0,"key":"SteroidPotion"}],"is_trial":false,"path_per_floor":["M","M","?","M","M","R","M","$","T","$","R","E","M","?","R","B",null,"M","?","?","$","M","E","R","E"],"character_chosen":"WATCHER","items_purchased":[],"campfire_rested":2,"item_purchase_floors":[],"current_hp_per_floor":[59,58,58,58,55,55,55,55,55,55,68,33,26,26,44,29,54,51,51,51,51,42,41,41,0,0],"gold":150,"neow_bonus":"BOSS_RELIC","is_daily":false,"chose_seed":false,"campfire_upgraded":2,"win_rate":0.0,"timestamp":1609542490,"path_taken":["M","M","?","M","M","R","M","?","T","$","R","E","?","?","R","BOSS","M","?","?","?","M","E","R","E"],"items_purchased_type":[],"build_version":"2020-12-22","purchased_purges":2,"victory":false,"max_hp_per_floor":[68,68,68,68,68,68,68,68,68,68,68,68,68,62,62,62,62,62,62,62,62,62,62,62,62,62],"card_choices":[{"not_picked":["ForeignInfluence","CrushJoints"],"picked":"PathToVictory","floor":1.0},{"not_picked":["WreathOfFlame","Protect"],"picked":"Conclude","floor":2.0},{"not_picked":["Indignation","ForeignInfluence","Wallop"],"picked":"SKIP","floor":4.0},{"not_picked":["InnerPeace","EmptyFist"],"picked":"EmptyBody","floor":5.0},{"not_picked":["JustLucky","Indignation"],"picked":"Study","floor":7.0},{"not_picked":["EmptyBody","LikeWater+1","SashWhip"],"picked":"SKIP","floor":12.0},{"not_picked":["CrushJoints","FlurryOfBlows","Protect"],"picked":"SKIP","floor":13.0},{"not_picked":["Omniscience","Blasphemy"],"picked":"SpiritShield","floor":16.0},{"not_picked":["Consecrate","FlyingSleeves+1","Evaluate"],"picked":"SKIP","floor":18.0},{"not_picked":["Consecrate","BattleHymn+1","EmptyFist"],"picked":"SKIP","floor":22.0},{"not_picked":["CutThroughFate","ForeignInfluence+1","Ragnarok"],"picked":"SKIP","floor":23.0}],"player_experience":956353,"relics_obtained":[{"floor":9.0,"key":"Sundial"},{"floor":12.0,"key":"Frozen Egg 2"},{"floor":23.0,"key":"Toxic Egg 2"}],"event_choices":[{"damage_healed":0.0,"max_hp_gain":0.0,"max_hp_loss":0.0,"gold_gain":0.0,"event_name":"Match and Keep!","player_choice":"1 cards matched","floor":3.0,"gold_loss":0.0,"damage_taken":0.0,"cards_obtained":["LessonLearned"]},{"damage_healed":0.0,"max_hp_gain":0.0,"max_hp_loss":6.0,"gold_gain":0.0,"event_name":"Golden Idol","player_choice":"Lose Max HP","floor":14.0,"gold_loss":0.0,"damage_taken":0.0,"relics_obtained":["Golden Idol"]},{"damage_healed":0.0,"max_hp_gain":0.0,"max_hp_loss":0.0,"gold_gain":0.0,"event_name":"Back to Basics","player_choice":"Simplicity","floor":19.0,"gold_loss":0.0,"damage_taken":0.0,"cards_upgraded":["Defend_P","Defend_P","Defend_P"]},{"cards_removed":["Defend_P"],"damage_healed":0.0,"max_hp_gain":0.0,"max_hp_loss":0.0,"gold_gain":0.0,"event_name":"Beggar","player_choice":"Gave Gold","floor":20.0,"gold_loss":75.0,"damage_taken":0.0}],"is_beta":false,"boss_relics":[{"not_picked":["Coffee Dripper","Astrolabe"],"picked":"Cursed Key"}],"items_purged_floors":[8,10],"is_endless":false,"potions_floor_spawned":[1,12,13,16,23],"killed_by":"Book of Stabbing","ascension_level":20}}