{"host":"rmsq46plbpwfbxcc","time":1609495991,"event":{"mods":["AchievementEnabler","BaseMod","Colored Map","Colored Powertips","DeckTracker","KOR Keyword Fix","Minty Spire (QoL Compilation)","Permanent Neow","Quick Restart","SuperFastMode"],"gold_per_floor":[119,129,140,153,171,171,183,183,183,197,215,215,228,253,253,331,331,347,272,286,302,119,150,150,150,150],"floor_reached":25,"playtime":820,"items_purged":["Defend_G","Strike_G"],"score":608,"play_id":"5cca6081-f02b-4c25-bc9b-4bd65a8068d1","local_time":"20210101191311","is_ascension_mode":true,"campfire_choices":[{"data":"Cloak And Dagger","floor":6.0,"key":"SMITH"},{"data":"Skewer","floor":8.0,"key":"SMITH"},{"data":"Finisher","floor":12.0,"key":"SMITH"},{"data":"Footwork","floor":15.0,"key":"SMITH"},{"data":"Blade Dance","floor":24,"key":"SMITH"}],"circlet_count":0,"master_deck":["AscendersBane","Strike_G","Strike_G","Strike_G","Defend_G","Defend_G","Defend_G","Survivor","Neutralize","Finisher+1","Cloak And Dagger+1","Skewer+1","Acrobatics","Footwork+1","Dash","Phantasmal Killer","Escape Plan","Blade Dance+1","Accuracy"],"relics":["Coffee Dripper","Gremlin Horn","Thread and Needle","Empty Cage","The Courier"],"acts_visited":["Exordium","TheCity"],"potions_floor_usage":[21,23],"damage_taken":[{"damage":0.0,"enemies":"Cultist","floor":1.0,"turns":4.0},{"damage":0.0,"enemies":"2 Louse","floor":2.0,"turns":3.0},{"damage":3.0,"enemies":"Small Slimes","floor":3.0,"turns":5.0},{"damage":3.0,"enemies":"Looter","floor":4.0,"turns":3.0},{"damage":0.0,"enemies":"3 Louse","floor":5.0,"turns":5.0},{"damage":0.0,"enemies":"2 Fungi Beasts","floor":7.0,"turns":3.0},{"damage":5.0,"enemies":"Large Slime","floor":10.0,"turns":4.0},{"damage":11.0,"enemies":"3 Louse","floor":11.0,"turns":3.0},{"damage":14.0,"enemies":"Red Slaver","floor":13.0,"turns":4.0},{"damage":0.0,"enemies":"Gremlin Nob","floor":14.0,"turns":2.0},{"damage":0.0,"enemies":"The Guardian","floor":16.0,"turns":14.0},{"damage":7,"enemies":"Shell Parasite","floor":18,"turns":7},{"damage":0,"enemies":"2 Thieves","floor":20,"turns":3},{"damage":12,"enemies":"Snake Plant","floor":21,"turns":6},{"damage":22,"enemies":"Slavers","floor":23,"turns":7},{"damage":18,"enemies":"Book of Stabbing","floor":25,"turns":4}],"seed_played":"-763905181495126170","potions_obtained":[{"floor":1.0,"key":"EntropicBrew"},{"floor":7.0,"key":"Ancient Potion"},{"floor":13.0,"key":"Swift Potion"},{"floor":14.0,"key":"Swift Potion"},{"floor":18,"key":"SpeedPotion"}],"is_trial":false,"path_per_floor":["M","M","M","M","M","R","M","R","T","M","M","R","M","E","R","B",null,"M","$","M","M","$","E","R","E"],"character_chosen":"THE_SILENT","items_purchased":["Accuracy"],"campfire_rested":0,"item_purchase_floors":[22],"current_hp_per_floor":[59,59,56,53,66,66,66,66,66,61,50,50,36,36,36,36,59,52,52,52,40,40,18,18,0,0],"gold":150,"neow_bonus":"BOSS_RELIC","is_daily":false,"chose_seed":false,"campfire_upgraded":5,"win_rate":0.0,"timestamp":1609495991,"path_taken":["M","?","M","M","M","R","M","R","T","M","?","R","M","E","R","BOSS","M","?","M","M","$","E","R","E"],"items_purchased_type":["Card"],"build_version":"2020-12-22","purchased_purges":2,"victory":false,"max_hp_per_floor":[66,66,66,66,66,66,66,66,66,66,66,66,66,66,66,66,66,66,66,66,66,66,66,66,66,66],"card_choices":[{"not_picked":["Crippling Poison","Prepared","Deflect"],"picked":"SKIP","floor":1.0},{"not_picked":["Sucker Punch","Poisoned Stab"],"picked":"Finisher","floor":2.0},{"not_picked":["Expertise","Prepared","Bouncing Flask"],"picked":"SKIP","floor":3.0},{"not_picked":["Outmaneuver","Prepared"],"picked":"Cloak And Dagger","floor":4.0},{"not_picked":["Bane","Setup","Reflex"],"picked":"SKIP","floor":5.0},{"not_picked":["Sucker Punch","Bane"],"picked":"Skewer","floor":7.0},{"not_picked":["Masterful Stab","Concentrate","Catalyst"],"picked":"SKIP","floor":10.0},{"not_picked":["Deadly Poison","Slice"],"picked":"Acrobatics","floor":11.0},{"not_picked":["Cloak And Dagger","Slice"],"picked":"Footwork","floor":13.0},{"not_picked":["Acrobatics","Calculated Gamble"],"picked":"Dash","floor":14.0},{"not_picked":["Grand Finale","Die Die Die"],"picked":"Phantasmal Killer","floor":16.0},{"not_picked":["Backflip","Sucker Punch"],"picked":"Escape Plan","floor":18},{"not_picked":["Predator","Backflip"],"picked":"Blade Dance","floor":20},{"not_picked":["Cloak And Dagger","Slice","Dagger Spray"],"picked":"SKIP","floor":21},{"not_picked":["Heel Hook","Endless Agony","Flechettes"],"picked":"SKIP","floor":23}],"player_experience":1430228,"relics_obtained":[{"floor":9.0,"key":"Gremlin Horn"},{"floor":14.0,"key":"Thread and Needle"},{"floor":23,"key":"The Courier"}],"event_choices":[],"is_beta":false,"boss_relics":[{"not_picked":["Pandora\u0027s Box","Sozu"],"picked":"Empty Cage"}],"items_purged_floors":[19,22],"is_endless":false,"potions_floor_spawned":[1,3,7,11,13,14,18],"killed_by":"Book of Stabbing","ascension_level":20}}