{"host":"g0wzhe4c0sx9de9x","time":1609540448,"event":{"mods":["Act Like it!","BaseMod","DeckTracker","Downfall","Friendly Minions","Gensokyo","Hermit","Highlight Path","Jorbs\u0027s Wanderer Trilogy","Kiyohime????","Koishi","Lobotomy","Marisa????????","Minty Spire (QoL Compilation)","Prisma Mod","Quick Restart","Rare Cards Sparkle","Reimu??????","StSLib","The Cursed","The Hierophant","The Servant 0.9.4","The Wild Card","TheBandit"],"gold_per_floor":[109,109,119,134,70,87,87,112,112,112,12,31,31,212,212,212,212],"floor_reached":16,"playtime":788,"items_purged":[],"score":110,"play_id":"398d56af-0218-4dbf-9eee-272f083195f4","local_time":"20210101233408","is_ascension_mode":false,"campfire_choices":[{"data":"hermit:GoldenBullet","floor":7,"key":"SMITH"},{"floor":10,"key":"REST"},{"floor":15,"key":"REST"}],"circlet_count":0,"master_deck":["hermit:Strike_Hermit","hermit:Strike_Hermit","hermit:Strike_Hermit","hermit:Strike_Hermit","hermit:Defend_Hermit","hermit:Defend_Hermit","hermit:Defend_Hermit","hermit:Defend_Hermit","hermit:Snapshot","hermit:Covet","hermit:Gambit","hermit:Manifest","hermit:Shortfuse","hermit:TakeAim","hermit:GoldenBullet+1","hermit:Headshot","hermit:ItchyTrigger","hermit:Magnum","hermit:Ricochet"],"relics":["hermit:Momento","CrazyTorch:ReiMu","Mummified Hand","Sundial","Mango","The Courier"],"acts_visited":["Gensokyo:Gensokyo"],"potions_floor_usage":[8,14,16],"damage_taken":[{"damage":2,"enemies":"Gensokyo:Gryphon","floor":1,"turns":3},{"damage":1,"enemies":"Gensokyo:Python","floor":3,"turns":4},{"damage":0,"enemies":"Gensokyo:3_Fairies","floor":4,"turns":4},{"damage":14,"enemies":"Gensokyo:Gryphon_and_Rabbit","floor":6,"turns":4},{"damage":27,"enemies":"Gensokyo:Cirno","floor":8,"turns":6},{"damage":0,"enemies":"Gensokyo:LivingMonolith","floor":12,"turns":2},{"damage":27,"enemies":"Gensokyo:Mamizou","floor":14,"turns":8},{"damage":56,"enemies":"Gensokyo:Yukari","floor":16,"turns":4}],"seed_played":"-3674391518412622116","potions_obtained":[{"floor":6,"key":"Block Potion"},{"floor":12,"key":"hexamod:EctoCoolerPotion"},{"floor":14,"key":"ColorlessPotion"}],"is_trial":false,"path_per_floor":["M","?","M","M","COS","M","R","E","T","R","?","M","?","E","R","B"],"character_chosen":"HERMIT","items_purchased":[],"campfire_rested":2,"item_purchase_floors":[],"current_hp_per_floor":[73,73,72,72,72,58,58,31,31,53,53,53,46,19,45,0,0],"gold":212,"neow_bonus":"ONE_RANDOM_RARE_CARD","is_daily":false,"chose_seed":false,"campfire_upgraded":1,"win_rate":0.0,"timestamp":1609540448,"path_taken":["M","?","M","M","COS","M","R","E","T","R","?","M","?","E","R","BOSS"],"items_purchased_type":[],"build_version":"2020-12-22","purchased_purges":0,"victory":false,"max_hp_per_floor":[75,75,75,75,75,75,75,75,75,75,75,75,89,89,89,89,89],"card_choices":[{"not_picked":["hermit:Glare","hermit:ShadowCloak"],"picked":"hermit:Manifest","floor":1},{"not_picked":["hermit:DeadMansHand","hermit:Misfire"],"picked":"hermit:Shortfuse","floor":2},{"not_picked":["hermit:LowProfile","hermit:GhostlyPresence"],"picked":"hermit:TakeAim","floor":2},{"not_picked":["hermit:Glare","hermit:TrackingShot"],"picked":"hermit:GoldenBullet","floor":3},{"not_picked":["hermit:WideOpen","hermit:Glare"],"picked":"hermit:Headshot","floor":4},{"not_picked":["hermit:Malice","hermit:PistolWhip"],"picked":"hermit:ItchyTrigger","floor":6},{"not_picked":["hermit:Desperado","hermit:TakeCover"],"picked":"hermit:Magnum","floor":8},{"not_picked":["hermit:DeadMansHand","hermit:WideOpen","hermit:Cheat"],"picked":"SKIP","floor":12},{"not_picked":["hermit:WideOpen","hermit:Midnight"],"picked":"hermit:Ricochet","floor":14}],"player_experience":431579,"relics_obtained":[{"floor":8,"key":"CrazyTorch:ReiMu"},{"floor":9,"key":"Mummified Hand"},{"floor":14,"key":"The Courier"}],"event_choices":[],"is_beta":false,"boss_relics":[],"items_purged_floors":[],"is_endless":false,"potions_floor_spawned":[6,12,14],"killed_by":"Gensokyo:Yukari","ascension_level":0}}