{"host":"rag04wbrzwiojxfu","time":1609531357,"event":{"mods":["AchievementEnabler","Alarm Clock","BaseMod","Bestiary","Block Reminder","Colored Map","Colored Powertips","Highlight Path","Minty Spire (QoL Compilation)","Quick Restart","Relic Sorter","Relic Stats","Shop Mod","StSLib"],"gold_per_floor":[112,127,138,158,169,169,186,199,268,268,284,295,295,34,34,139,139,150,179,179,229,102,102,102,122,122,122,122,122,122,140,140,242,242,277,322,222,78,98,98,148,148,174,174,396,396,396,407,407,407],"floor_reached":51,"playtime":2108,"items_purged":["Havoc","HandOfGreed+1"],"score":739,"play_id":"12209a12-d921-419f-b7e3-17cfb2a4da50","local_time":"20210101140237","daily_mods":["SealedDeck","Vintage","Colorless Cards","Heirloom","Flight","Binary"],"is_ascension_mode":false,"campfire_choices":[{"data":"Perfected Strike","floor":6,"key":"SMITH"},{"data":"Perfected Strike","floor":10,"key":"SMITH"},{"data":"Pommel Strike","floor":13,"key":"SMITH"},{"data":"Wild Strike","floor":15,"key":"SMITH"},{"data":"Twin Strike","floor":23,"key":"SMITH"},{"data":"Wild Strike","floor":24,"key":"SMITH"},{"data":"HandOfGreed","floor":28,"key":"SMITH"},{"floor":29,"key":"REST"},{"floor":32,"key":"REST"},{"data":"Pommel Strike","floor":42,"key":"SMITH"}],"circlet_count":0,"master_deck":["Wild Strike+1","Perfected Strike+1","Pommel Strike+1","Wild Strike+1","Perfected Strike+1","Twin Strike+1","Pommel Strike+1"],"relics":["Burning Blood","Busted Crown","Incense Burner","Letter Opener","Toy Ornithopter","Gambling Chip","Dream Catcher","Meat on the Bone","HornCleat","Mummified Hand","Frozen Egg 2","Gremlin Horn","Kunai","StrikeDummy","Empty Cage","Paper Frog","Red Mask","Bag of Marbles","Question Card","War Paint","Darkstone Periapt","Eternal Feather","Coffee Dripper","Mercury Hourglass","Potion Belt","Orichalcum","FossilizedHelix","Pocketwatch","Anchor","Self Forming Clay"],"acts_visited":["Exordium","TheCity","TheBeyond"],"potions_floor_usage":[2,16,19,33,48,50],"damage_taken":[{"damage":0,"enemies":"Jaw Worm","floor":1,"turns":2},{"damage":0,"enemies":"Cultist","floor":2,"turns":2},{"damage":0,"enemies":"2 Louse","floor":3,"turns":1},{"damage":0,"enemies":"Blue Slaver","floor":4,"turns":2},{"damage":5,"enemies":"Looter","floor":5,"turns":2},{"damage":4,"enemies":"2 Fungi Beasts","floor":7,"turns":2},{"damage":1,"enemies":"Red Slaver","floor":8,"turns":2},{"damage":8,"enemies":"Lots of Slimes","floor":11,"turns":2},{"damage":0,"enemies":"2 Fungi Beasts","floor":12,"turns":2},{"damage":2,"enemies":"Slime Boss","floor":16,"turns":6},{"damage":8,"enemies":"3 Byrds","floor":18,"turns":4},{"damage":10,"enemies":"Masked Bandits","floor":19,"turns":2},{"damage":1,"enemies":"2 Thieves","floor":21,"turns":2},{"damage":0,"enemies":"Snake Plant","floor":25,"turns":1},{"damage":0,"enemies":"Cultist and Chosen","floor":31,"turns":1},{"damage":48,"enemies":"Champ","floor":33,"turns":7},{"damage":3,"enemies":"3 Shapes","floor":35,"turns":1},{"damage":0,"enemies":"Orb Walker","floor":36,"turns":1},{"damage":0,"enemies":"3 Darklings","floor":39,"turns":1},{"damage":0,"enemies":"Mind Bloom Boss Battle","floor":41,"turns":1},{"damage":0,"enemies":"Transient","floor":48,"turns":5},{"damage":102,"enemies":"Awakened One","floor":50,"turns":8}],"seed_played":"-1368474608686397259","potions_obtained":[{"floor":1,"key":"AttackPotion"},{"floor":3,"key":"ElixirPotion"},{"floor":7,"key":"Regen Potion"},{"floor":12,"key":"AttackPotion"},{"floor":18,"key":"Ancient Potion"},{"floor":31,"key":"EssenceOfSteel"},{"floor":35,"key":"FearPotion"},{"floor":41,"key":"FairyPotion"},{"floor":48,"key":"FearPotion"}],"is_trial":true,"path_per_floor":["M","M","M","M","M","R","M","M","T","R","M","M","R","$","R","B",null,"M","?","?","M","$","R","R","M","T","T","R","R","?","M","R","B",null,"M","M","$","$","M","R","?","R","T","$","?","?","R","M","R","B",null],"character_chosen":"IRONCLAD","items_purchased":["StrikeDummy","Twin Strike","Orichalcum"],"campfire_rested":2,"item_purchase_floors":[14,22,38],"current_hp_per_floor":[80,80,80,80,80,80,80,80,80,80,78,80,80,80,80,80,80,78,76,76,80,80,80,80,80,80,80,80,80,65,71,85,55,85,85,85,85,85,85,85,85,85,85,85,85,85,85,85,85,33],"gold":407,"neow_bonus":"","is_daily":false,"chose_seed":false,"campfire_upgraded":8,"win_rate":0.0,"timestamp":1609531357,"path_taken":["M","M","M","M","M","R","M","M","T","R","M","M","R","$","R","BOSS","M","?","?","?","$","R","R","?","T","?","R","R","?","M","R","BOSS","M","M","$","$","M","R","?","R","T","$","?","?","R","?","R","BOSS"],"items_purchased_type":["Relic","Card","Relic"],"build_version":"2020-12-22","purchased_purges":2,"victory":true,"max_hp_per_floor":[80,80,80,80,80,80,80,80,80,80,80,80,80,80,80,80,80,80,80,80,80,80,80,80,80,80,80,80,80,85,85,85,85,85,85,85,85,85,85,85,85,85,85,85,85,85,85,85,85,85],"relic_stats":{"Darkstone Periapt":0,"Gremlin Horn":[17,17],"counters":[22,57],"Self Forming Clay":[24],"Eternal Feather":3,"Letter Opener":[15],"War Paint":["Flex"],"Orichalcum":[30],"Question Card":4,"Burning Blood":58,"Mercury Hourglass":[60],"Dream Catcher":2,"Busted Crown":12,"Mummified Hand":[0],"Gambling Chip":[38],"Kunai":[31],"obtain_stats":[{"Darkstone Periapt":27,"Gremlin Horn":11,"Incense Burner":0,"Empty Cage":17,"Burning Blood":0,"Dream Catcher":4,"HornCleat":7,"Mummified Hand":8,"Gambling Chip":3,"Red Mask":19,"Kunai":12,"Paper Frog":18,"Potion Belt":36,"Self Forming Clay":48,"Eternal Feather":31,"Letter Opener":1,"Frozen Egg 2":9,"War Paint":26,"Orichalcum":38,"Question Card":25,"Mercury Hourglass":35,"Anchor":43,"Busted Crown":0,"Bag of Marbles":21,"Coffee Dripper":34,"StrikeDummy":14,"Toy Ornithopter":2,"FossilizedHelix":39,"Meat on the Bone":5,"Pocketwatch":41},{"Darkstone Periapt":14,"Gremlin Horn":8,"Incense Burner":0,"Empty Cage":10,"Burning Blood":0,"Dream Catcher":4,"HornCleat":6,"Mummified Hand":7,"Gambling Chip":3,"Red Mask":12,"Kunai":9,"Paper Frog":11,"Potion Belt":18,"Self Forming Clay":21,"Eternal Feather":15,"Letter Opener":1,"Frozen Egg 2":7,"War Paint":14,"Orichalcum":18,"Question Card":14,"Mercury Hourglass":17,"Anchor":20,"Busted Crown":0,"Bag of Marbles":13,"Coffee Dripper":16,"StrikeDummy":9,"Toy Ornithopter":2,"FossilizedHelix":19,"Meat on the Bone":5,"Pocketwatch":20},{"Darkstone Periapt":32,"Gremlin Horn":15,"Incense Burner":0,"Empty Cage":23,"Burning Blood":0,"Dream Catcher":7,"HornCleat":11,"Mummified Hand":13,"Gambling Chip":5,"Red Mask":29,"Kunai":17,"Paper Frog":27,"Potion Belt":42,"Self Forming Clay":49,"Eternal Feather":33,"Letter Opener":2,"Frozen Egg 2":13,"War Paint":32,"Orichalcum":42,"Question Card":32,"Mercury Hourglass":41,"Anchor":44,"Busted Crown":0,"Bag of Marbles":31,"Coffee Dripper":40,"StrikeDummy":17,"Toy Ornithopter":4,"FossilizedHelix":43,"Meat on the Bone":9,"Pocketwatch":44}],"Toy Ornithopter":7,"Meat on the Bone":24,"Pocketwatch":[6]},"card_choices":[{"not_picked":[],"picked":"Pommel Strike","floor":41}],"player_experience":197172,"relics_obtained":[{"floor":1,"key":"Letter Opener"},{"floor":2,"key":"Toy Ornithopter"},{"floor":3,"key":"Gambling Chip"},{"floor":4,"key":"Dream Catcher"},{"floor":5,"key":"Meat on the Bone"},{"floor":7,"key":"HornCleat"},{"floor":8,"key":"Mummified Hand"},{"floor":9,"key":"Frozen Egg 2"},{"floor":11,"key":"Gremlin Horn"},{"floor":12,"key":"Kunai"},{"floor":18,"key":"Paper Frog"},{"floor":19,"key":"Red Mask"},{"floor":21,"key":"Bag of Marbles"},{"floor":25,"key":"Question Card"},{"floor":26,"key":"War Paint"},{"floor":27,"key":"Darkstone Periapt"},{"floor":31,"key":"Eternal Feather"},{"floor":35,"key":"Mercury Hourglass"},{"floor":36,"key":"Potion Belt"},{"floor":39,"key":"FossilizedHelix"},{"floor":41,"key":"Pocketwatch"},{"floor":43,"key":"Anchor"},{"floor":48,"key":"Self Forming Clay"}],"event_choices":[{"damage_healed":0,"gold_gain":0,"player_choice":"Fought Bandits","damage_taken":0,"max_hp_gain":0,"max_hp_loss":0,"event_name":"Masked Bandits","floor":19,"gold_loss":0},{"damage_healed":0,"gold_gain":0,"cards_transformed":["Iron Wave"],"player_choice":"Transformed","damage_taken":0,"max_hp_gain":0,"max_hp_loss":0,"event_name":"Transmorgrifier","floor":20,"gold_loss":0,"cards_obtained":["HandOfGreed"]},{"damage_healed":0,"gold_gain":0,"player_choice":"Shed Blood","damage_taken":20,"max_hp_gain":5,"max_hp_loss":0,"event_name":"Forgotten Altar","floor":30,"gold_loss":0},{"damage_healed":0,"gold_gain":0,"player_choice":"Fight","damage_taken":0,"max_hp_gain":0,"max_hp_loss":0,"event_name":"MindBloom","floor":41,"gold_loss":0},{"damage_healed":0,"gold_gain":222,"player_choice":"Wore Mask","damage_taken":0,"max_hp_gain":0,"max_hp_loss":0,"event_name":"Tomb of Lord Red Mask","floor":45,"gold_loss":0},{"cards_removed":["Flex"],"damage_healed":5,"gold_gain":0,"player_choice":"Offered Common","damage_taken":0,"max_hp_gain":0,"max_hp_loss":0,"event_name":"Bonfire Elementals","floor":46,"gold_loss":0},{"cards_removed":["Flex"],"damage_healed":5,"gold_gain":0,"player_choice":"Offered Special","damage_taken":0,"max_hp_gain":0,"max_hp_loss":0,"event_name":"Bonfire Elementals","floor":46,"gold_loss":0}],"is_beta":false,"boss_relics":[{"not_picked":["Velvet Choker","Snecko Eye"],"picked":"Empty Cage"},{"not_picked":["SacredBark","Runic Cube"],"picked":"Coffee Dripper"}],"items_purged_floors":[22,37],"is_endless":false,"potions_floor_spawned":[1,3,7,12,18,31,35,41,48],"ascension_level":0}}