{"host":"zit9o0ax6c2l3y2b","time":1609479839,"event":{"mods":["Aspiration","BaseMod","Colored Map","Conspire","Downfall","Glutton Mod","Hermit","Hubris","Infinite Spire","Minty Spire (QoL Compilation)","Random Character Button","Relic Filter","Replay The Spire","Shade Mod","Shop Mod","StSLib","The Construct","The Cursed","The Disciple","The Runesmith","TheArtist"],"gold_per_floor":[99,119,119,119,119,119,119,136,136,156,176,210,230,242,255,356,356,356,371,27,27,12,27,77,95,95,107,107,117,137,151,253,253,253,264,264,264,528,528,547,566,583,583,608,608,627,627],"floor_reached":51,"playtime":3867,"items_purged":["hubris:Envy"],"score":808,"play_id":"647662a2-72fd-42e9-bc2c-3273817dc27a","local_time":"20210101004359","is_ascension_mode":false,"campfire_choices":[{"data":"champ:Execute","floor":1,"key":"SMITH"},{"data":"champ:Taunt","floor":6,"key":"SMITH"},{"data":"ReplayTheSpireMod:Chaos Vortex","floor":9,"key":"SMITH"},{"data":"champ:FlashCut","floor":18,"key":"SMITH"},{"data":"champ:StrikeOfGenius","floor":26,"key":"SMITH"},{"data":"champ:VampiricStrike","floor":35,"key":"SMITH"},{"data":"champ:IronFortress","floor":42,"key":"SMITH"},{"data":"champ:CrookedStrike","floor":46,"key":"SMITH"}],"circlet_count":0,"master_deck":["champ:Strike","champ:Strike","champ:Strike","champ:Strike+1","champ:Defend+1","champ:Defend","champ:Defend","champ:Defend","champ:Execute+1","champ:Taunt+1","champ:RecklessLeap","CommonCold","ReplayTheSpireMod:Chaos Vortex+1","champ:FlashCut+1","champ:BringItOn","champ:Devastate+1","champ:TornadoPunch","champ:StanceDance","champ:DancingMaster","champ:CrownThrow","champ:IronFortress+1","Thinking Ahead","champ:StrikeOfGenius+1","champ:CrookedStrike+1","champ:Lariat+1","champ:VampiricStrike+1","expansioncontent:DecasProtection","Clumsy","hubris:Lust","conspire:NecroticWound","Parasite"],"relics":["champ:ChampionCrown","ReplayTheSpireMod:Ring of Collecting","ReplayTheSpireMod:Ring of Addiction","White Beast Statue","Toy Ornithopter","Pen Nib","Letter Opener","aspiration:RandomNobGenerator","PreservedInsect","Ring of Greed","Membership Card","Smiling Mask","hubris:Teleporter","aspiration:RunicSpoon","MerchantsRug","Dream Catcher"],"acts_visited":["Exordium","TheCity","TheBeyond"],"potions_floor_usage":[8,11,12,13,13,13,16,16,19,22,22,25,25,30,31,31,31,33,33,37,40,44,44,44,44,44,45,47,49],"damage_taken":[{"damage":11,"enemies":"Jaw Worm","floor":2,"turns":3},{"damage":15,"enemies":"2 Louse","floor":8,"turns":2},{"damage":15,"enemies":"Cultist","floor":10,"turns":3},{"damage":20,"enemies":"Large Slime","floor":11,"turns":4},{"damage":20,"enemies":"Lagavulin","floor":12,"turns":4},{"damage":6,"enemies":"3 Louse","floor":13,"turns":1},{"damage":0,"enemies":"Blue Slaver","floor":14,"turns":3},{"damage":5,"enemies":"Large Slime","floor":15,"turns":3},{"damage":25,"enemies":"downfall:Ironclad","floor":16,"turns":7},{"damage":0,"enemies":"3 Byrds","floor":19,"turns":4},{"damage":20,"enemies":"downfall:FleeingMerchant","floor":20,"turns":4},{"damage":15,"enemies":"downfall:FleeingMerchant","floor":22,"turns":4},{"damage":20,"enemies":"Cultist and Chosen","floor":23,"turns":3},{"damage":43,"enemies":"3 Cultists","floor":25,"turns":4},{"damage":10,"enemies":"Snake Plant","floor":27,"turns":4},{"damage":29,"enemies":"Sentry and Sphere","floor":30,"turns":7},{"damage":46,"enemies":"Cultist and Chosen","floor":31,"turns":6},{"damage":20,"enemies":"Centurion and Healer","floor":32,"turns":4},{"damage":57,"enemies":"downfall:Silent","floor":33,"turns":7},{"damage":36,"enemies":"3 Darklings","floor":37,"turns":4},{"damage":16,"enemies":"downfall:FleeingMerchant","floor":40,"turns":3},{"damage":35,"enemies":"3 Shapes","floor":43,"turns":4},{"damage":51,"enemies":"Jaw Worm Horde","floor":44,"turns":4},{"damage":40,"enemies":"3 Darklings","floor":45,"turns":5},{"damage":33,"enemies":"Nemesis","floor":47,"turns":11},{"damage":32,"enemies":"Writhing Mass","floor":49,"turns":6},{"damage":44,"enemies":"downfall:Watcher","floor":50,"turns":10}],"seed_played":"-5638937382354801852","potions_obtained":[{"floor":7,"key":"conspire:TimeTravelPotion"},{"floor":7,"key":"sneckomod:MuddlingPotion"},{"floor":7,"key":"DistilledChaos"},{"floor":8,"key":"SkillPotion"},{"floor":10,"key":"Venom Potion"},{"floor":11,"key":"ColorlessPotion"},{"floor":12,"key":"BlessingOfTheForge"},{"floor":13,"key":"ColorlessPotion"},{"floor":14,"key":"champ:CounterPotion"},{"floor":15,"key":"AttackPotion"},{"floor":16,"key":"LifebloodPotion"},{"floor":19,"key":"Guardian:BlockOnCardUsePotion"},{"floor":20,"key":"AttackPotion"},{"floor":22,"key":"sneckomod:MuddlingPotion"},{"floor":23,"key":"champ:UltimateStancePotion"},{"floor":25,"key":"SteroidPotion"},{"floor":27,"key":"Guardian:BlockOnCardUsePotion"},{"floor":30,"key":"BlessingOfTheForge"},{"floor":31,"key":"Weak Potion"},{"floor":32,"key":"Elixir"},{"floor":33,"key":"Block Potion"},{"floor":37,"key":"Death Potion"},{"floor":40,"key":"conspire:TimeTravelPotion"},{"floor":43,"key":"EntropicBrew"},{"floor":44,"key":"Cursed Concoction"},{"floor":45,"key":"ColorlessPotion"},{"floor":47,"key":"LifebloodPotion"},{"floor":49,"key":"champ:CounterPotion"}],"is_trial":false,"path_per_floor":["R","M","?","?","?","R","T","M","R","M","M","E","M","M","M","B",null,"R","M","$","?","$","M","T","M","R","M","?","M","M","M","B",null,"R","M","?","?","$","R","M","M","M","R","E","?","M","B",null],"character_chosen":"THE_CHAMP","items_purchased":["Thinking Ahead","PreservedInsect","MerchantsRug"],"campfire_rested":0,"item_purchase_floors":[20,20,40],"current_hp_per_floor":[99,93,93,68,68,68,68,73,73,73,78,83,92,92,92,89,99,99,99,99,99,99,99,99,81,81,71,71,62,51,51,24,97,97,76,76,76,75,75,77,58,54,54,61,53,65,67],"gold":627,"neow_bonus":"TEN_PERCENT_HP_BONUS","is_daily":false,"chose_seed":false,"campfire_upgraded":8,"win_rate":0.0,"timestamp":1609479839,"path_taken":["R","M","?","?","?","R","T","M","R","M","M","E","M","?","M","BOSS","R","M","$","?","$","M","T","M","R","M","?","M","M","M","BOSS","R","M","?","?","$","R","M","M","M","R","E","?","M","BOSS"],"items_purchased_type":["Card","Relic","Relic"],"build_version":"2020-12-22","purchased_purges":1,"victory":true,"max_hp_per_floor":[99,99,99,99,99,99,99,99,99,99,99,99,99,99,99,99,99,99,99,99,99,99,99,99,99,99,99,99,97,97,97,97,97,97,97,97,97,97,97,97,97,97,97,97,97,97,97],"card_choices":[{"not_picked":["champ:Encircle","champ:Haymaker"],"picked":"champ:RecklessLeap","floor":2},{"not_picked":["ReplayTheSpireMod:Book of Names","infinitespire:Oblivion"],"picked":"ReplayTheSpireMod:Chaos Vortex","floor":4},{"not_picked":["champ:EnGarde","champ:PerfectedStrike"],"picked":"champ:FlashCut","floor":8},{"not_picked":["champ:EnGarde","champ:DefensiveShout","champ:GladiatorsShout"],"picked":"SKIP","floor":10},{"not_picked":["champ:FanOfKnives","champ:EnGarde"],"picked":"champ:BringItOn","floor":11},{"not_picked":["champ:FightOn","champ:FlashCut"],"picked":"champ:Devastate","floor":12},{"not_picked":["champ:DeathBlow","champ:Circumvent"],"picked":"champ:TornadoPunch","floor":13},{"not_picked":["champ:FocusedDefense","champ:SkillfulDodge"],"picked":"champ:StanceDance","floor":14},{"not_picked":["champ:AdrenalArmor","champ:BerserkerStyle"],"picked":"champ:DancingMaster","floor":15},{"not_picked":["champ:CheapShot","champ:LastStand"],"picked":"champ:CrownThrow","floor":16},{"not_picked":["champ:FlashCut+1","champ:GladiatorsShout","champ:Riposte+1"],"picked":"SKIP","floor":19},{"not_picked":["champ:FightOn","champ:Backstep"],"picked":"champ:IronFortress","floor":20},{"not_picked":["champ:FocusedBerserking","champ:FanOfKnives","champ:ArenaPreparation"],"picked":"SKIP","floor":22},{"not_picked":["champ:HeartStrike+1","champ:CalledShot","champ:BladeFlurry"],"picked":"SKIP","floor":23},{"not_picked":["champ:Backstep","champ:HeartStrike+1"],"picked":"champ:StrikeOfGenius","floor":25},{"not_picked":["champ:FocusedBerserking","champ:Haymaker"],"picked":"champ:CrookedStrike","floor":27},{"not_picked":["champ:TornadoPunch","champ:AdrenalArmor+1","champ:Riposte"],"picked":"SKIP","floor":30},{"not_picked":["champ:FocusedDefense","champ:GladiatorsShout+1","champ:DefensiveShout"],"picked":"SKIP","floor":31},{"not_picked":["champ:RapidStrikes","champ:BladeFlurry"],"picked":"champ:Lariat+1","floor":32},{"not_picked":["champ:SwordThrow","champ:CrownThrow"],"picked":"champ:VampiricStrike","floor":33},{"not_picked":["champ:DefensiveShout","champ:BerserkersShout","champ:StanceDance"],"picked":"SKIP","floor":37},{"not_picked":["expansioncontent:HyperBeam","Replay:SS_forest_2"],"picked":"expansioncontent:DecasProtection","floor":39},{"not_picked":["champ:DefensiveStyle","champ:Haymaker","champ:CheapShot"],"picked":"SKIP","floor":40},{"not_picked":["champ:DefensiveShout","champ:BladeFlurry","champ:Circumvent+1"],"picked":"SKIP","floor":43},{"not_picked":["champ:GutPunch","champ:FanOfKnives","champ:BerserkersShout+1"],"picked":"SKIP","floor":44},{"not_picked":["champ:ShieldThrow","champ:BerserkersShout","champ:GladiatorsShout"],"picked":"SKIP","floor":45},{"not_picked":["champ:RisingSlash+1","champ:GutPunch","champ:GladiatorsShout+1"],"picked":"SKIP","floor":47},{"not_picked":["champ:AdrenalArmor","champ:BerserkersShout","champ:Riposte"],"picked":"SKIP","floor":49}],"player_experience":433670,"relics_obtained":[{"floor":3,"key":"ReplayTheSpireMod:Ring of Collecting"},{"floor":7,"key":"ReplayTheSpireMod:Ring of Addiction"},{"floor":7,"key":"White Beast Statue"},{"floor":7,"key":"Toy Ornithopter"},{"floor":7,"key":"Pen Nib"},{"floor":12,"key":"Letter Opener"},{"floor":24,"key":"Ring of Greed"},{"floor":24,"key":"Membership Card"},{"floor":24,"key":"Smiling Mask"},{"floor":24,"key":"hubris:Teleporter"},{"floor":47,"key":"Dream Catcher"}],"event_choices":[{"damage_healed":0,"gold_gain":0,"player_choice":"Leave","damage_taken":0,"max_hp_gain":0,"max_hp_loss":0,"event_name":"conspire:Investor","floor":5,"gold_loss":0}],"is_beta":false,"boss_relics":[{"not_picked":["conspire:SpecialSausage","Runic Pyramid"],"picked":"aspiration:RandomNobGenerator"},{"not_picked":["ReplayTheSpireMod:SealedPack","hubris:GrandSneckoEye"],"picked":"aspiration:RunicSpoon"}],"items_purged_floors":[40],"is_endless":false,"potions_floor_spawned":[8,10,11,12,13,14,15,16,19,20,22,23,25,27,30,31,32,33,37,40,43,44,45,47,49],"ascension_level":0}}