{"host":"982s3gyyw86tgeig","time":1609480033,"event":{"mods":["AchievementEnabler","Act Like it!","Aspiration","BaseMod","Colored Powertips","Evolution","GifTheSpireLib","Hermit","Hubris","Minty Spire (QoL Compilation)","Pale of the Ancients","Rare Cards Sparkle","Relic Stats","Replay The Spire","StSLib","Stuff the Spire","The IronCluck","vexMod"],"gold_per_floor":[111,129,129,129,140,172,183,183,183,183,215,11,11,30,30,138,138,177,177,177,54,65,65,93,126,197,212,212],"floor_reached":27,"playtime":2827,"items_purged":[],"score":241,"play_id":"4133850f-25c0-4770-a8e6-a15c95caf257","local_time":"20201231214713","is_ascension_mode":false,"campfire_choices":[{"floor":8,"key":"REST"},{"floor":13,"key":"REST"},{"data":"hermit:CursedWeapon","floor":23,"key":"SMITH"}],"circlet_count":0,"master_deck":["hermit:Strike_Hermit","hermit:Strike_Hermit","hermit:Strike_Hermit","hermit:Strike_Hermit","hermit:Defend_Hermit","hermit:Defend_Hermit","hermit:Defend_Hermit","hermit:Defend_Hermit","hermit:Snapshot","hermit:Covet","hermit:Determination+1","hermit:Glare","hermit:CursedWeapon+1","hermit:Coalescence","hermit:Scavenge","hermit:Magnum+1","hermit:Dive+1","hermit:TakeAim","hubris:NaturalOne","hermit:DeadOrAlive+1","hermit:Cheat","hermit:GoldenBullet+1","hermit:Deadeye+1","hermit:Ricochet+1","hermit:GoldenBullet+1","hermit:NoHoldsBarred+1"],"relics":["hermit:Momento","EVO:Axolotl","NeowsBlessing","StuffTheSpire:HeavyRock","HornCleat","Golden Egg","hubris:Icosahedron","StuffTheSpire:EmeraldSignet","ReplayTheSpireMod:TigerMarble","hubris:Towel","Busted Crown","ReplayTheSpireMod:Ring of Challenge","Ring of Panic","Molten Egg 2","Nunchaku","Pear"],"acts_visited":["Exordium","TheCity"],"potions_floor_usage":[],"damage_taken":[{"damage":0,"enemies":"Cultist","floor":1,"turns":1},{"damage":0,"enemies":"Jaw Worm","floor":2,"turns":1},{"damage":0,"enemies":"2 Louse","floor":5,"turns":1},{"damage":34,"enemies":"3 Sentries","floor":6,"turns":11},{"damage":2,"enemies":"2 Fungi Beasts","floor":7,"turns":3},{"damage":22,"enemies":"Lagavulin","floor":11,"turns":7},{"damage":8,"enemies":"Large Slime","floor":14,"turns":5},{"damage":11,"enemies":"The Guardian","floor":16,"turns":11},{"damage":10,"enemies":"3 Byrds","floor":18,"turns":7},{"damage":8,"enemies":"2 Thieves","floor":22,"turns":4},{"damage":62,"enemies":"Gremlin Leader","floor":24,"turns":8},{"damage":0,"enemies":"Snecko","floor":25,"turns":4},{"damage":15,"enemies":"Slavers","floor":27,"turns":1}],"seed_played":"3410457952630740968","potions_obtained":[{"floor":5,"key":"SteroidPotion"},{"floor":6,"key":"Block Potion"},{"floor":14,"key":"Languid Potion"},{"floor":16,"key":"Ancient Potion"},{"floor":18,"key":"Fire Potion"},{"floor":25,"key":"Regen Potion"}],"is_trial":false,"path_per_floor":["M","M","?","?","M","E","M","R","T","?","E","$","R","M","R","B",null,"M","?","T","$","M","R","E","M","T","E"],"character_chosen":"HERMIT","items_purchased":["ReplayTheSpireMod:TigerMarble","hermit:Dive","hermit:GoldenBullet+1","hermit:Deadeye+1"],"campfire_rested":2,"item_purchase_floors":[12,12,21,21],"current_hp_per_floor":[75,75,75,63,63,29,27,49,49,49,27,27,49,41,41,30,75,65,65,65,65,57,57,1,1,11,0,0],"gold":212,"neow_bonus":"THREE_ENEMY_KILL","is_daily":false,"chose_seed":false,"campfire_upgraded":1,"win_rate":0.0,"timestamp":1609480033,"path_taken":["M","?","?","?","M","E","M","R","T","?","E","$","R","M","R","BOSS","M","?","?","$","M","R","E","M","T","E"],"items_purchased_type":["Relic","Card","Card","Card"],"build_version":"2020-12-22","purchased_purges":0,"victory":false,"max_hp_per_floor":[75,75,75,75,75,75,75,75,75,75,75,75,75,75,75,75,75,75,75,75,75,75,75,75,75,85,85,85],"relic_stats":{"Nunchaku":[0],"Busted Crown":28,"counters":[13,64],"obtain_stats":[{"Golden Egg":9,"Pear":26,"NeowsBlessing":0,"StuffTheSpire:EmeraldSignet":11,"EVO:Axolotl":0,"hubris:Towel":15,"Nunchaku":24,"HornCleat":6,"hubris:Icosahedron":10,"Busted Crown":17,"StuffTheSpire:HeavyRock":4,"Molten Egg 2":20,"ReplayTheSpireMod:TigerMarble":12,"ReplayTheSpireMod:Ring of Challenge":19,"Ring of Panic":19,"hermit:Momento":0},{"Golden Egg":5,"Pear":12,"NeowsBlessing":0,"StuffTheSpire:EmeraldSignet":6,"EVO:Axolotl":0,"hubris:Towel":7,"Nunchaku":11,"HornCleat":4,"hubris:Icosahedron":5,"Busted Crown":8,"StuffTheSpire:HeavyRock":2,"Molten Egg 2":9,"ReplayTheSpireMod:TigerMarble":6,"ReplayTheSpireMod:Ring of Challenge":9,"Ring of Panic":9,"hermit:Momento":0},{"Golden Egg":17,"Pear":63,"NeowsBlessing":0,"StuffTheSpire:EmeraldSignet":24,"EVO:Axolotl":0,"hubris:Towel":29,"Nunchaku":59,"HornCleat":14,"hubris:Icosahedron":17,"Busted Crown":40,"StuffTheSpire:HeavyRock":2,"Molten Egg 2":47,"ReplayTheSpireMod:TigerMarble":24,"ReplayTheSpireMod:Ring of Challenge":47,"Ring of Panic":47,"hermit:Momento":0}]},"card_choices":[{"not_picked":["hermit:CalledShot","hermit:HighCaliber"],"picked":"hermit:Determination","floor":1},{"not_picked":["hermit:Roulette","hermit:LowProfile"],"picked":"hermit:Glare","floor":2},{"not_picked":["hermit:TrackingShot","hermit:HoleUp"],"picked":"hermit:CursedWeapon","floor":5},{"not_picked":["hermit:Roulette","hermit:LowProfile"],"picked":"hermit:Coalescence","floor":6},{"not_picked":["hermit:Grudge","hermit:Determination"],"picked":"hermit:Scavenge","floor":7},{"not_picked":["hermit:Manifest","hermit:Spite"],"picked":"hermit:Magnum","floor":11},{"not_picked":["hermit:DeadMansHand","hermit:Spite"],"picked":"hermit:TakeAim","floor":14},{"not_picked":["hermit:HeroicBravado","hermit:Purgatory"],"picked":"hermit:DeadOrAlive","floor":16},{"not_picked":[],"picked":"hermit:Cheat","floor":18},{"not_picked":[],"picked":"hermit:Ricochet+1","floor":22},{"not_picked":[],"picked":"hermit:GoldenBullet+1","floor":24},{"not_picked":[],"picked":"hermit:NoHoldsBarred+1","floor":25}],"player_experience":42134,"relics_obtained":[{"floor":6,"key":"HornCleat"},{"floor":9,"key":"Golden Egg"},{"floor":11,"key":"StuffTheSpire:EmeraldSignet"},{"floor":19,"key":"ReplayTheSpireMod:Ring of Challenge"},{"floor":19,"key":"Ring of Panic"},{"floor":20,"key":"Molten Egg 2"},{"floor":24,"key":"Nunchaku"},{"floor":26,"key":"Pear"}],"event_choices":[{"damage_healed":0,"gold_gain":0,"player_choice":"Grow","damage_taken":0,"max_hp_gain":0,"max_hp_loss":0,"event_name":"Living Wall","floor":3,"gold_loss":0,"cards_upgraded":["hermit:Determination"]},{"damage_healed":0,"gold_gain":0,"player_choice":"Success","damage_taken":12,"relics_obtained":["StuffTheSpire:HeavyRock"],"max_hp_gain":0,"max_hp_loss":0,"event_name":"Scrap Ooze","floor":4,"gold_loss":0}],"is_beta":false,"boss_relics":[{"not_picked":["hubris:CrackedHourglass","vexMod:BigBerry"],"picked":"Busted Crown"}],"items_purged_floors":[],"is_endless":false,"potions_floor_spawned":[5,6,14,16,18,22,24,25],"killed_by":"Slavers","ascension_level":0}}