{"host":"6pfj0wha12yu6wq3","time":1609486817,"event":{"mods":["BaseMod","Colored Map","Colored Powertips","Curses Come First","DeckTracker","Minty Spire (QoL Compilation)","RNG Fix","Relic Sorter","Relic Stats","StSLib","ojb\u0027s Better Paths Mod","ojb\u0027s Info Mod"],"gold_per_floor":[218,23,34,49,65,90,90,124,150,150,150],"floor_reached":10,"playtime":634,"items_purged":[],"score":156,"play_id":"dc4331c0-7412-43fc-974e-764a62ac5efe","local_time":"20210101024017","is_ascension_mode":true,"campfire_choices":[{"data":"Deadly Poison","floor":7,"key":"SMITH"}],"circlet_count":0,"master_deck":["AscendersBane","Strike_G","Strike_G","Strike_G","Strike_G","Strike_G","Defend_G","Defend_G","Defend_G","Defend_G","Defend_G","Survivor","Neutralize","Underhanded Strike","Quick Slash","Deadly Poison+1","Well Laid Plans","Endless Agony","Escape Plan"],"relics":["Ring of the Snake","Bag of Preparation","Pear","InkBottle","Lantern"],"acts_visited":["Exordium"],"potions_floor_usage":[6,8,10],"damage_taken":[{"damage":2,"enemies":"2 Louse","floor":1,"turns":4},{"damage":1,"enemies":"Jaw Worm","floor":3,"turns":2},{"damage":6,"enemies":"Cultist","floor":4,"turns":5},{"damage":4,"enemies":"2 Fungi Beasts","floor":5,"turns":4},{"damage":12,"enemies":"3 Sentries","floor":6,"turns":3},{"damage":27,"enemies":"Gremlin Nob","floor":8,"turns":4},{"damage":26,"enemies":"Lagavulin","floor":10,"turns":7}],"seed_played":"-9108344392008788939","potions_obtained":[{"floor":4,"key":"SkillPotion"},{"floor":6,"key":"Ancient Potion"},{"floor":8,"key":"Block Potion"}],"is_trial":false,"path_per_floor":["M","$","M","M","M","E","R","E","T","E"],"character_chosen":"THE_SILENT","items_purchased":["Bag of Preparation","Quick Slash"],"campfire_rested":0,"item_purchase_floors":[2,2],"current_hp_per_floor":[57,57,56,50,46,44,44,17,17,0,0],"gold":150,"neow_bonus":"HUNDRED_GOLD","is_daily":false,"chose_seed":false,"campfire_upgraded":1,"win_rate":0.0,"timestamp":1609486817,"path_taken":["M","$","M","M","?","E","R","E","T","E"],"items_purchased_type":["Relic","Card"],"build_version":"2020-12-22","purchased_purges":0,"victory":false,"max_hp_per_floor":[66,66,66,66,66,76,76,76,76,76,76],"relic_stats":{"counters":[7,29],"Bag of Preparation":[12],"obtain_stats":[{"Lantern":9,"Pear":6,"Bag of Preparation":2,"InkBottle":8,"Ring of the Snake":0},{"Lantern":6,"Pear":5,"Bag of Preparation":1,"InkBottle":6,"Ring of the Snake":0},{"Lantern":22,"Pear":18,"Bag of Preparation":4,"InkBottle":22,"Ring of the Snake":0}],"InkBottle":[2],"Ring of the Snake":[14]},"card_choices":[{"not_picked":["Concentrate","Sucker Punch"],"picked":"Underhanded Strike","floor":1},{"not_picked":["Infinite Blades","Endless Agony"],"picked":"Deadly Poison","floor":3},{"not_picked":["Blade Dance","Masterful Stab"],"picked":"Well Laid Plans","floor":4},{"not_picked":["Backflip","Outmaneuver","Accuracy"],"picked":"SKIP","floor":5},{"not_picked":["Backflip","PiercingWail"],"picked":"Endless Agony","floor":6},{"not_picked":["Quick Slash","Backflip"],"picked":"Escape Plan","floor":8}],"player_experience":56704,"relics_obtained":[{"floor":6,"key":"Pear"},{"floor":8,"key":"InkBottle"},{"floor":9,"key":"Lantern"}],"event_choices":[],"is_beta":false,"boss_relics":[],"items_purged_floors":[],"is_endless":false,"potions_floor_spawned":[4,6,8],"killed_by":"Lagavulin","ascension_level":20}}