{"host":"h4lp0eeso8a0ssq0","time":1609544134,"event":{"mods":["2.2 Compatiblity","AchievementEnabler","BaseMod","CapriCore","Colored Map","Lobotomy","Minty Spire (QoL Compilation)","StSLib","SuperFastMode"],"gold_per_floor":[19,31,31,31,5,5,36,52,52,75,29,72,95,113,113,234,234,249,249,263,282,32,55,73,73,97,121,136,172,172,188,188,314,314,333,351,52,385,385,402,412,412,412,423,455,455,455],"floor_reached":46,"playtime":1371,"items_purged":["Defend_R"],"score":536,"play_id":"489bf26e-b298-4dec-a18b-23e99d6341cf","local_time":"20210102083534","is_ascension_mode":false,"campfire_choices":[{"data":"Perfected Strike","floor":6.0,"key":"SMITH"},{"data":"Perfected Strike","floor":15.0,"key":"SMITH"},{"data":"Perfected Strike","floor":30.0,"key":"SMITH"},{"data":"Uppercut","floor":32.0,"key":"SMITH"},{"data":"Disarm","floor":42.0,"key":"SMITH"}],"circlet_count":0,"master_deck":["Strike_R","Strike_R","Strike_R","Defend_R","Defend_R","Bash","Spot Weakness+1","Perfected Strike+1","Shrug It Off","Shrug It Off","Perfected Strike+1","Uppercut+1","Battle Trance","Thunderclap","Disarm+1","Perfected Strike+1","Spot Weakness+1","Offering","CurseOfTheBell","Battle Trance","Disarm+1","Shockwave+1","Pommel Strike"],"relics":["Burning Blood","Bronze Scales","Darkstone Periapt","Orichalcum","Coffee Dripper","Paper Frog","Anchor","MealTicket","Ancient Tea Set","Calling Bell","Dream Catcher","White Beast Statue","Calipers","Omamori","Nunchaku"],"acts_visited":["Exordium","TheCity","TheBeyond"],"potions_floor_usage":[45],"damage_taken":[{"damage":5.0,"enemies":"Small Slimes","floor":1.0,"turns":3.0},{"damage":2.0,"enemies":"2 Louse","floor":2.0,"turns":2.0},{"damage":20.0,"enemies":"Gremlin Nob","floor":7.0,"turns":4.0},{"damage":3.0,"enemies":"Jaw Worm","floor":8.0,"turns":3.0},{"damage":3.0,"enemies":"3 Louse","floor":10.0,"turns":3.0},{"damage":34.0,"enemies":"Lagavulin","floor":12.0,"turns":6.0},{"damage":1.0,"enemies":"2 Fungi Beasts","floor":13.0,"turns":4.0},{"damage":8.0,"enemies":"Lots of Slimes","floor":14.0,"turns":5.0},{"damage":16.0,"enemies":"Hexaghost","floor":16.0,"turns":9.0},{"damage":9.0,"enemies":"2 Thieves","floor":18.0,"turns":3.0},{"damage":19.0,"enemies":"Spheric Guardian","floor":20.0,"turns":4.0},{"damage":8.0,"enemies":"Snake Plant","floor":21.0,"turns":3.0},{"damage":22.0,"enemies":"Centurion and Healer","floor":23.0,"turns":4.0},{"damage":20.0,"enemies":"Sentry and Sphere","floor":24.0,"turns":5.0},{"damage":3.0,"enemies":"Snake Plant","floor":28.0,"turns":3.0},{"damage":16.0,"enemies":"Gremlin Leader","floor":29.0,"turns":4.0},{"damage":0.0,"enemies":"Cultist and Chosen","floor":31.0,"turns":4.0},{"damage":77.0,"enemies":"Automaton","floor":33.0,"turns":9.0},{"damage":6.0,"enemies":"Orb Walker","floor":35.0,"turns":2.0},{"damage":10.0,"enemies":"3 Darklings","floor":36.0,"turns":4.0},{"damage":12.0,"enemies":"Maw","floor":40.0,"turns":6.0},{"damage":5.0,"enemies":"Writhing Mass","floor":41.0,"turns":4.0},{"damage":32,"enemies":"Spire Growth","floor":44,"turns":4},{"damage":52,"enemies":"Giant Head","floor":45,"turns":8},{"damage":18,"enemies":"Jaw Worm Horde","floor":46,"turns":3}],"seed_played":"3653983560081187624","potions_obtained":[{"floor":1.0,"key":"FairyPotion"},{"floor":2.0,"key":"Dexterity Potion"},{"floor":10.0,"key":"SkillPotion"},{"floor":19.0,"key":"FearPotion"},{"floor":21.0,"key":"Fruit Juice"},{"floor":24.0,"key":"ColorlessPotion"},{"floor":29.0,"key":"Energy Potion"},{"floor":33.0,"key":"Fire Potion"},{"floor":35.0,"key":"Swift Potion"},{"floor":36.0,"key":"Block Potion"},{"floor":40.0,"key":"ElixirPotion"},{"floor":41.0,"key":"Fruit Juice"},{"floor":44,"key":"BlessingOfTheForge"},{"floor":45,"key":"Weak Potion"}],"is_trial":false,"path_per_floor":["M","M","?","?","$","R","E","M","T","M","?","E","M","M","R","B",null,"M","?","M","M","$","M","M","?","T","T","M","E","R","M","R","B",null,"M","M","$","?","?","M","M","R","T","M","E","M"],"character_chosen":"IRONCLAD","items_purchased":["Shrug It Off","Paper Frog","Omamori","Disarm"],"campfire_rested":0,"item_purchase_floors":[5,22,37,37],"current_hp_per_floor":[80,80,80,60,60,60,46,49,49,52,52,24,29,27,27,17,80,77,77,64,67,67,51,37,37,37,37,40,30,30,36,36,21,91,91,87,91,91,91,85,91,91,91,65,19,1,1],"gold":455,"neow_bonus":"REMOVE_TWO","is_daily":false,"chose_seed":false,"campfire_upgraded":5,"win_rate":0.0,"timestamp":1609544134,"path_taken":["M","M","?","?","?","R","E","M","T","M","?","E","M","M","R","BOSS","M","?","M","M","$","M","?","?","T","?","M","E","R","M","R","BOSS","M","M","$","?","?","M","?","R","T","M","E","M"],"items_purchased_type":["Card","Relic","Relic","Card"],"build_version":"2020-12-22","purchased_purges":1,"victory":false,"max_hp_per_floor":[80,80,80,80,80,80,80,80,80,80,80,80,80,80,80,80,80,80,80,80,85,85,85,85,85,85,85,85,85,85,85,85,85,91,91,91,91,91,91,91,96,96,96,96,96,96,96],"card_choices":[{"not_picked":["Combust","Iron Wave"],"picked":"Spot Weakness","floor":1.0},{"not_picked":["Intimidate","Bloodletting"],"picked":"Perfected Strike","floor":2.0},{"not_picked":["Seeing Red","Ghostly Armor"],"picked":"Shrug It Off","floor":7.0},{"not_picked":["Combust","Flex","Armaments"],"picked":"SKIP","floor":8.0},{"not_picked":["Havoc","Sword Boomerang"],"picked":"Perfected Strike","floor":10.0},{"not_picked":["Disarm","Shockwave"],"picked":"Uppercut","floor":12.0},{"not_picked":["Iron Wave","Combust"],"picked":"Battle Trance","floor":13.0},{"not_picked":["Pommel Strike","Entrench","Headbutt"],"picked":"SKIP","floor":14.0},{"not_picked":["Anger","Dropkick","Reckless Charge"],"picked":"SKIP","floor":18.0},{"not_picked":["Dropkick","Thunderclap","Heavy Blade"],"picked":"SKIP","floor":20.0},{"not_picked":["Evolve","Clothesline","Heavy Blade"],"picked":"SKIP","floor":21.0},{"not_picked":["Iron Wave","Corruption"],"picked":"Thunderclap","floor":23.0},{"not_picked":["Infernal Blade","Heavy Blade"],"picked":"Disarm+1","floor":24.0},{"not_picked":["Thunderclap+1","Intimidate","Second Wind"],"picked":"SKIP","floor":28.0},{"not_picked":["Cleave+1","Twin Strike+1"],"picked":"Spot Weakness+1","floor":29.0},{"not_picked":["Sentinel+1","Iron Wave+1","Immolate"],"picked":"SKIP","floor":31.0},{"not_picked":["Impervious","Corruption"],"picked":"Offering","floor":33.0},{"not_picked":["Flex","Carnage"],"picked":"Battle Trance","floor":35.0},{"not_picked":["Iron Wave","True Grit","Flex+1"],"picked":"SKIP","floor":36.0},{"not_picked":["Wild Strike","Bloodletting","Armaments"],"picked":"SKIP","floor":40.0},{"not_picked":["Twin Strike","Flex+1","Hemokinesis+1"],"picked":"SKIP","floor":41.0},{"not_picked":["Bloodletting+1","Armaments"],"picked":"Shockwave+1","floor":44},{"not_picked":["Rampage","Burning Pact+1"],"picked":"Pommel Strike","floor":45}],"player_experience":14206,"relics_obtained":[{"floor":7.0,"key":"Bronze Scales"},{"floor":9.0,"key":"Darkstone Periapt"},{"floor":12.0,"key":"Orichalcum"},{"floor":26.0,"key":"Anchor"},{"floor":27.0,"key":"MealTicket"},{"floor":29.0,"key":"Ancient Tea Set"},{"floor":34.0,"key":"Dream Catcher"},{"floor":34.0,"key":"White Beast Statue"},{"floor":34.0,"key":"Calipers"},{"floor":45,"key":"Nunchaku"}],"event_choices":[{"cards_removed":["Defend_R"],"damage_healed":0.0,"max_hp_gain":0.0,"max_hp_loss":0.0,"gold_gain":0.0,"event_name":"Living Wall","player_choice":"Forget","floor":3.0,"gold_loss":0.0,"damage_taken":0.0},{"damage_healed":0.0,"max_hp_gain":0.0,"max_hp_loss":0.0,"gold_gain":0.0,"event_name":"Golden Idol","player_choice":"Take Damage","floor":4.0,"gold_loss":0.0,"damage_taken":20.0,"relics_obtained":["Golden Idol"]},{"damage_healed":0.0,"max_hp_gain":0.0,"max_hp_loss":0.0,"gold_gain":0.0,"event_name":"World of Goop","player_choice":"Left Gold","floor":11.0,"gold_loss":46.0,"damage_taken":0.0},{"damage_healed":0.0,"max_hp_gain":0.0,"max_hp_loss":0.0,"gold_gain":0.0,"event_name":"Lab","player_choice":"Got Potions","floor":19.0,"gold_loss":0.0,"damage_taken":0.0},{"damage_healed":0.0,"max_hp_gain":0.0,"max_hp_loss":0.0,"gold_gain":0.0,"event_name":"The Library","player_choice":"Read","floor":25.0,"gold_loss":0.0,"damage_taken":0.0,"cards_obtained":["Perfected Strike"]},{"damage_healed":0.0,"max_hp_gain":0.0,"max_hp_loss":0.0,"gold_gain":333.0,"event_name":"The Moai Head","player_choice":"Gave Idol","floor":38.0,"relics_lost":["Golden Idol"],"gold_loss":0.0,"damage_taken":0.0},{"damage_healed":0.0,"max_hp_gain":0.0,"max_hp_loss":0.0,"gold_gain":0.0,"event_name":"Accursed Blacksmith","player_choice":"Forge","floor":39.0,"gold_loss":0.0,"damage_taken":0.0,"cards_upgraded":["Spot Weakness"]}],"is_beta":false,"boss_relics":[{"not_picked":["Snecko Eye","Ectoplasm"],"picked":"Coffee Dripper"},{"not_picked":["SlaversCollar","Tiny House"],"picked":"Calling Bell"}],"items_purged_floors":[37],"is_endless":false,"potions_floor_spawned":[1,2,10,21,24,28,29,33,35,36,40,41,44,45],"killed_by":"Jaw Worm Horde","ascension_level":0}}