{"host":"52m1o8iwwagurbjs","time":1609508686,"event":{"mods":["AchievementEnabler","BaseMod","Bestiary","Colored Powertips","GifTheSpireLib","Minty Spire (QoL Compilation)","Quick Restart","RNG Fix","Relic Stats","StSLib"],"gold_per_floor":[117,133,133,6,6,32,32,32,105,118,150,165,200,100,100,175,175,189,189,200,200,200,200,200,200],"floor_reached":24,"playtime":902,"items_purged":["Pain","Strike_G"],"score":474,"play_id":"cc28dc00-2992-40e7-96c0-754aa3bc51f2","local_time":"20210101084446","is_ascension_mode":true,"campfire_choices":[{"data":"Dagger Spray","floor":7.0,"key":"SMITH"},{"floor":15,"key":"REST"},{"data":"Adrenaline","floor":23,"key":"SMITH"}],"circlet_count":0,"master_deck":["AscendersBane","Strike_G","Defend_G","Defend_G","Defend_G","Defend_G","Defend_G","Survivor","Neutralize","Dagger Throw","Flying Knee","Dagger Spray+1","Endless Agony","Riddle With Holes","Dodge and Roll","Deflect","Venomology","Adrenaline+1","Dash","Skewer"],"relics":["Ring of the Snake","NeowsBlessing","WarpedTongs","Toy Ornithopter","Orichalcum","Bag of Preparation","Pantograph","Black Star"],"acts_visited":["Exordium","TheCity"],"potions_floor_usage":[11,16,18,20,20,20,20],"damage_taken":[{"damage":0.0,"enemies":"Small Slimes","floor":1.0,"turns":1.0},{"damage":0.0,"enemies":"Jaw Worm","floor":2.0,"turns":1.0},{"damage":0.0,"enemies":"3 Sentries","floor":6.0,"turns":1.0},{"damage":0,"enemies":"Cultist","floor":10,"turns":4},{"damage":16,"enemies":"Lagavulin","floor":11,"turns":6},{"damage":1,"enemies":"Lots of Slimes","floor":12,"turns":4},{"damage":20,"enemies":"Gremlin Nob","floor":13,"turns":4},{"damage":33,"enemies":"The Guardian","floor":16,"turns":19},{"damage":21,"enemies":"Shell Parasite","floor":18,"turns":7},{"damage":14,"enemies":"Chosen","floor":20,"turns":6},{"damage":46,"enemies":"Slavers","floor":24,"turns":4}],"seed_played":"-4807827165025857683","potions_obtained":[{"floor":1.0,"key":"GhostInAJar"},{"floor":2.0,"key":"SteroidPotion"},{"floor":13,"key":"SpeedPotion"},{"floor":20,"key":"SmokeBomb"}],"is_trial":false,"path_per_floor":["M","M","?","$","?","E","R","?","T","M","E","M","E","$","R","B",null,"M","$","M","?","?","R","E"],"character_chosen":"THE_SILENT","items_purchased":["Dagger Spray"],"campfire_rested":1,"item_purchase_floors":[4],"current_hp_per_floor":[59,59,59,59,41,41,41,41,41,41,30,29,9,9,28,25,56,40,40,46,46,46,46,0,0],"gold":200,"neow_bonus":"THREE_ENEMY_KILL","is_daily":false,"chose_seed":false,"campfire_upgraded":2,"win_rate":0.0,"timestamp":1609508686,"path_taken":["M","M","?","$","?","E","R","?","T","M","E","M","E","$","R","BOSS","M","$","M","?","?","R","E"],"items_purchased_type":["Card"],"build_version":"2020-12-22","purchased_purges":2,"victory":false,"max_hp_per_floor":[66,66,66,66,66,66,66,66,66,66,66,66,66,66,66,66,66,66,66,66,66,66,66,66,66],"relic_stats":{"counters":[11,57],"Pantograph":25,"Bag of Preparation":[12],"Black Star":0,"Orichalcum":[78],"obtain_stats":[{"NeowsBlessing":0,"Pantograph":13,"Bag of Preparation":11,"Black Star":17,"Orichalcum":6,"Toy Ornithopter":5,"Ring of the Snake":0,"WarpedTongs":3},{"NeowsBlessing":0,"Pantograph":7,"Bag of Preparation":5,"Black Star":8,"Orichalcum":3,"Toy Ornithopter":2,"Ring of the Snake":0,"WarpedTongs":2},{"NeowsBlessing":0,"Pantograph":21,"Bag of Preparation":13,"Black Star":40,"Orichalcum":3,"Toy Ornithopter":2,"Ring of the Snake":0,"WarpedTongs":2}],"Toy Ornithopter":35,"Ring of the Snake":[23],"WarpedTongs":[51]},"card_choices":[{"not_picked":["Blade Dance","Slice"],"picked":"Dagger Throw","floor":1.0},{"not_picked":["Choke","Dodge and Roll"],"picked":"Flying Knee","floor":2.0},{"not_picked":["Cloak And Dagger","Quick Slash"],"picked":"Endless Agony","floor":6.0},{"not_picked":["PiercingWail","All Out Attack"],"picked":"Riddle With Holes","floor":10},{"not_picked":["Outmaneuver","Underhanded Strike"],"picked":"Dodge and Roll","floor":11},{"not_picked":["Dagger Throw","Outmaneuver"],"picked":"Deflect","floor":12},{"not_picked":["Tactician","Flying Knee"],"picked":"Venomology","floor":13},{"not_picked":["Phantasmal Killer","Die Die Die"],"picked":"Adrenaline","floor":16},{"not_picked":["Deflect+1","Flying Knee","Underhanded Strike"],"picked":"SKIP","floor":18},{"not_picked":["Underhanded Strike","Caltrops"],"picked":"Dash","floor":20}],"player_experience":1077376,"relics_obtained":[{"floor":6.0,"key":"Orichalcum"},{"floor":11,"key":"Bag of Preparation"},{"floor":13,"key":"Pantograph"}],"event_choices":[{"damage_healed":0.0,"max_hp_gain":0.0,"max_hp_loss":0.0,"gold_gain":0.0,"event_name":"Accursed Blacksmith","player_choice":"Rummage","floor":3.0,"gold_loss":0.0,"damage_taken":0.0,"relics_obtained":["WarpedTongs"],"cards_obtained":["Pain"]},{"damage_healed":0.0,"max_hp_gain":0.0,"max_hp_loss":0.0,"gold_gain":0.0,"event_name":"Scrap Ooze","player_choice":"Success","floor":5.0,"gold_loss":0.0,"damage_taken":18.0,"relics_obtained":["Toy Ornithopter"]},{"cards_removed":["Strike_G"],"damage_healed":0,"gold_gain":0,"player_choice":"Forget","damage_taken":0,"max_hp_gain":0,"max_hp_loss":0,"event_name":"Living Wall","floor":8,"gold_loss":0},{"damage_healed":0,"gold_gain":0,"cards_transformed":["Strike_G"],"player_choice":"Transformed","damage_taken":0,"max_hp_gain":0,"max_hp_loss":0,"event_name":"Transmorgrifier","floor":21,"gold_loss":0,"cards_obtained":["Skewer"]},{"cards_removed":["Strike_G"],"damage_healed":0,"gold_gain":0,"player_choice":"Purged","damage_taken":0,"max_hp_gain":0,"max_hp_loss":0,"event_name":"Purifier","floor":22,"gold_loss":0}],"is_beta":false,"boss_relics":[{"not_picked":["Runic Dome","Ring of the Serpent"],"picked":"Black Star"}],"items_purged_floors":[4,14],"is_endless":false,"potions_floor_spawned":[1,2,10,13,20],"killed_by":"Slavers","ascension_level":20}}