{"host":"yassvrowvc2yfwp2","time":1609483782,"event":{"mods":["2.2 Compatiblity","Act Like it!","BaseMod","Better Note","Downfall","HololiveMod","Jorbs\u0027s Wanderer Trilogy","Minty Spire (QoL Compilation)","Prisma Mod","Rare Cards Sparkle","Reimu£®≤©¿ˆ¡È√Œ£©","Replay The Spire","Spicy Shops","StSLib","The Bug Knight","The Cursed","The Servant 0.9.4"],"gold_per_floor":[116,129,129,54,74,34,113,288,335,163,176,190,24,55,55,156,156,176,194,208,227,33,33,33,33,33,33,52,85,85,85,85,182,182,197,211,211,5,17,101,119,119,144,174,186,230,257,281,293,308],"floor_reached":51,"playtime":2722,"items_purged":["Regret","Doubt","Pain"],"score":899,"play_id":"0155cc5f-afcf-46f9-9f62-aa192225c47f","local_time":"20210101144942","is_ascension_mode":false,"campfire_choices":[{"data":"PrismaMod:ChloeGaeBolg","floor":15,"key":"SMITH"},{"data":"PrismaMod:ChloeBetterTracePools","floor":23,"key":"SMITH"},{"data":"PrismaMod:ChloeMordred","floor":27,"key":"SMITH"},{"floor":32,"key":"DIG"},{"data":"PrismaMod:ChloeGaeBolg","floor":42,"key":"SMITH"},{"data":"PrismaMod:ChloeGaeBolg","floor":49,"key":"SMITH"}],"circlet_count":0,"master_deck":["PrismaMod:ChloeCheapAttack","PrismaMod:ChloeCheapDefend","PrismaMod:ChloeRitsuka","PrismaMod:ChloeCheapDefendTwo","PrismaMod:ChloeCheapAttack","PrismaMod:ChloeGaeBolg+1","PrismaMod:ChloeBetterTracePools+1","PrismaMod:ChloeAnyUncommonTrace+1","PrismaMod:ChloeHalloween+1","PrismaMod:ChloeEyeOfTheEuryale","PrismaMod:ChloeCheapDefend","PrismaMod:ChloeCheapAttack","PrismaMod:ChloeRuleBreaker","PrismaMod:ChloeAnyUncommonTrace+1","PrismaMod:ChloeChristmas","PrismaMod:ChloeCheapDefend","PrismaMod:ChloeGaeBolg+1","PrismaMod:ChloeDoubleRelicSpeed+1","PrismaMod:ChloeMordred+1","PrismaMod:ChloeCheapDefendTwo+1","PrismaMod:ChloeAnyRareTrace+1","PrismaMod:ChloeCaladbolg+1","Mayhem+1","Mayhem+1","PrismaMod:ChloeCarnivalDefend+1","PrismaMod:ChloeGaeBolg+1","PrismaMod:ChloeAnyAttackTrace+1","CurseOfTheBell","PrismaMod:ChloeMaid+1","PrismaMod:ChloeAnyUncommonTrace+1","PrismaMod:ChloeCarnivalAOEAttack+1","PrismaMod:ChloeUncommonDefend+1","PrismaMod:ChloeRhongomyniad+1","PrismaMod:ChloeCheapAttack+1","PrismaMod:ChloeCheapDefend+1","PrismaMod:ChloeMordred+1","PrismaMod:ChloeCarnivalDefend+1","PrismaMod:ChloeCheapDefend+1","Parasite","PrismaMod:ChloeMordred+1","Doubt","PrismaMod:ChloeAnyCommonTrace+1"],"relics":["PrismaMod:PrismaTraceOn","Boot","PaintedHorse:ReiMu","Eternal Feather","Hololive_LightStick","Blue Doll","Membership Card","Golden Egg","Pandora\u0027s Box","Replay:WaspNest","Gremlin Horn","Du-Vu Doll","Prayer Wheel","Replay:Grab Bag","Sozu","Coffee Dripper","Black Star","Calling Bell","Bronze Scales","Toxic Egg 2","Lizard Tail","WarpedTongs","ClockworkSouvenir","Happy Flower","MawBank","Bird Faced Urn","InkBottle"],"acts_visited":["Exordium","TheCity","TheBeyond"],"potions_floor_usage":[],"damage_taken":[{"damage":0,"enemies":"Cultist","floor":1,"turns":5},{"damage":0,"enemies":"Small Slimes","floor":2,"turns":4},{"damage":11,"enemies":"Jaw Worm","floor":5,"turns":4},{"damage":0,"enemies":"3 Louse","floor":11,"turns":3},{"damage":0,"enemies":"Looter","floor":12,"turns":3},{"damage":3,"enemies":"Gremlin Nob","floor":14,"turns":6},{"damage":36,"enemies":"Fading Forest","floor":16,"turns":11},{"damage":0,"enemies":"Spheric Guardian","floor":18,"turns":1},{"damage":0,"enemies":"Shell Parasite","floor":19,"turns":6},{"damage":6,"enemies":"Snecko","floor":20,"turns":4},{"damage":0,"enemies":"Chosen and Byrds","floor":21,"turns":5},{"damage":2,"enemies":"Sentry and Sphere","floor":28,"turns":5},{"damage":0,"enemies":"Book of Stabbing","floor":29,"turns":6},{"damage":5,"enemies":"Automaton","floor":33,"turns":7},{"damage":0,"enemies":"Orb Walker","floor":35,"turns":2},{"damage":0,"enemies":"3 Darklings","floor":36,"turns":2},{"damage":12,"enemies":"Jaw Worm Horde","floor":39,"turns":2},{"damage":0,"enemies":"Spire Growth","floor":41,"turns":2},{"damage":0,"enemies":"Writhing Mass","floor":44,"turns":4},{"damage":0,"enemies":"R_Hoarder","floor":46,"turns":6},{"damage":0,"enemies":"Sphere and 2 Shapes","floor":47,"turns":3},{"damage":0,"enemies":"Maw","floor":48,"turns":4},{"damage":49,"enemies":"Time Eater","floor":50,"turns":10}],"seed_played":"7027486525593058387","potions_obtained":[{"floor":5,"key":"SkillPotion"},{"floor":11,"key":"GamblersBrew"},{"floor":28,"key":"champ:CounterPotion"}],"is_trial":false,"path_per_floor":["M","M","?","$","M","?","T","?","T","$","M","M","$","E","R","B",null,"M","M","M","M","$","R","?","?","T","R","M","E","$","?","R","B",null,"M","M","?","$","M","?","M","R","T","M","?","E","M","M","R","B",null],"character_chosen":"CHLOE","items_purchased":["Blue Doll","Membership Card","PrismaMod:ChloeBetterTracePools","Mayhem","Replay:WaspNest","ClockworkSouvenir","Happy Flower","PrismaMod:ChloeCarnivalAOEAttack"],"campfire_rested":0,"item_purchase_floors":[10,13,13,22,22,38,38,38],"current_hp_per_floor":[82,82,82,82,71,71,71,71,71,71,71,71,71,68,77,41,82,82,82,76,76,76,82,82,82,82,82,82,82,82,82,82,80,85,85,85,85,85,73,39,39,60,60,60,85,85,85,85,85,44],"gold":320,"neow_bonus":"TEN_PERCENT_HP_BONUS","is_daily":false,"chose_seed":false,"campfire_upgraded":5,"win_rate":0.0,"timestamp":1609483782,"path_taken":["M","?","?","?","M","?","?","?","T","$","M","M","?","E","R","BOSS","M","M","M","?","$","R","?","?","T","R","M","E","$","?","R","BOSS","M","M","?","$","?","?","M","R","T","M","?","E","M","?","R","BOSS"],"items_purchased_type":["Relic","Relic","Card","Card","Relic","Relic","Relic","Card"],"build_version":"2020-12-22","purchased_purges":3,"victory":true,"max_hp_per_floor":[82,82,82,82,82,82,82,82,82,82,82,82,82,82,82,82,82,82,82,82,82,82,82,82,82,82,82,82,82,82,82,82,85,85,85,85,85,85,85,85,85,85,85,85,85,85,85,85,85,85],"card_choices":[{"not_picked":["PrismaMod:ChloeExhaustOne","PrismaMod:ChloeExhaustTwo"],"picked":"PrismaMod:ChloeRitsuka","floor":1},{"not_picked":["PrismaMod:ChloeDiscardRecovery","PrismaMod:ChloeCheapDefend"],"picked":"PrismaMod:ChloeCheapDefendTwo","floor":2},{"not_picked":["PrismaMod:ChloeCheapAttack","PrismaMod:ChloeCheapAttackTwo"],"picked":"PrismaMod:ChloeRuleBreaker","floor":5},{"not_picked":["PrismaMod:ChloeCheapAttackTwo","PrismaMod:ChloeCheapDefendTwo"],"picked":"PrismaMod:ChloeCheapAttack","floor":11},{"not_picked":["PrismaMod:ChloeUncommonAttack","PrismaMod:ChloeCommonAOEAttack"],"picked":"PrismaMod:ChloeGaeBolg","floor":12},{"not_picked":["PrismaMod:ChloeDiscardRecovery","PrismaMod:ChloeCheapDefendTwo","PrismaMod:ChloeExhaustOne"],"picked":"SKIP","floor":14},{"not_picked":["PrismaMod:ChloeHalloween","PrismaMod:ChloeReshuffleDiscard"],"picked":"PrismaMod:ChloeAnyUncommonTrace","floor":16},{"not_picked":["PrismaMod:ChloeCheapDefendTwo","PrismaMod:ChloeCheapAttackTwo"],"picked":"PrismaMod:ChloeMordred","floor":18},{"not_picked":["PrismaMod:ChloeMaid","PrismaMod:ChloeRuleBreaker"],"picked":"PrismaMod:ChloeCheapDefendTwo+1","floor":19},{"not_picked":["PrismaMod:ChloeCheapAttackTwo","PrismaMod:ChloeBetterTracePools"],"picked":"PrismaMod:ChloeAnyRareTrace","floor":20},{"not_picked":["PrismaMod:ChloeCheapDefend","PrismaMod:ChloeCommonAOEAttack"],"picked":"PrismaMod:ChloeCaladbolg+1","floor":21},{"not_picked":["PrismaMod:ChloeCheapAttackTwo","PrismaMod:ChloeDiscardRecovery+1","PrismaMod:ChloeCheapDefendTwo"],"picked":"SKIP","floor":28},{"not_picked":["PrismaMod:ChloeDiscardRecovery","PrismaMod:ChloeCheapDefendTwo+1"],"picked":"PrismaMod:ChloeCarnivalDefend","floor":29},{"not_picked":["PrismaMod:ChloeExhaustThree","PrismaMod:ChloeDevil"],"picked":"PrismaMod:ChloeAnyAttackTrace","floor":33},{"not_picked":["PrismaMod:ChloeCommonAOEAttack","PrismaMod:ChloeCaladbolg+1"],"picked":"PrismaMod:ChloeMaid+1","floor":35},{"not_picked":["PrismaMod:ChloeChristmas+1","PrismaMod:ChloeCheapAttackTwo+1","PrismaMod:ChloeCheapAttack"],"picked":"SKIP","floor":35},{"not_picked":["PrismaMod:ChloeDiscardRecovery+1","PrismaMod:ChloeCheapAttackTwo+1"],"picked":"PrismaMod:ChloeAnyUncommonTrace+1","floor":36},{"not_picked":["PrismaMod:ChloeCommonAOEAttack","PrismaMod:ChloeCaladbolg","PrismaMod:ChloeCheapDefend+1"],"picked":"SKIP","floor":36},{"not_picked":["PrismaMod:ChloeCheapDefend+1","PrismaMod:ChloeCheapAttackTwo"],"picked":"PrismaMod:ChloeUncommonDefend+1","floor":39},{"not_picked":["PrismaMod:ChloeUncommonDefend+1","PrismaMod:ChloeExhaustOne+1"],"picked":"PrismaMod:ChloeRhongomyniad+1","floor":39},{"not_picked":["PrismaMod:ChloeRhongomyniad","PrismaMod:ChloeRuleBreaker"],"picked":"PrismaMod:ChloeCheapAttack+1","floor":40},{"not_picked":["PrismaMod:ChloeCheapAttack","PrismaMod:ChloeDiscardRecovery+1"],"picked":"PrismaMod:ChloeCheapDefend+1","floor":40},{"not_picked":["PrismaMod:ChloeCheapAttackTwo","PrismaMod:ChloeCommonAOEAttack+1"],"picked":"PrismaMod:ChloeMordred+1","floor":40},{"not_picked":["PrismaMod:ChloeRitsuka+1","PrismaMod:ChloeUncommonDefend+1"],"picked":"PrismaMod:ChloeCarnivalDefend+1","floor":41},{"not_picked":["PrismaMod:ChloeCheapDefendTwo+1","PrismaMod:ChloeCheapAttack+1"],"picked":"PrismaMod:ChloeCheapDefend+1","floor":41},{"not_picked":["PrismaMod:ChloeRhongomyniad","PrismaMod:ChloeUncommonDefend+1"],"picked":"PrismaMod:ChloeMordred+1","floor":44},{"not_picked":["PrismaMod:ChloeExhaustOne+1","PrismaMod:ChloeCheapDefendTwo+1","PrismaMod:ChloeCheapAttack+1"],"picked":"SKIP","floor":44},{"not_picked":["PrismaMod:ChloeBetterTracePools+1","PrismaMod:ChloeCheapDefend+1"],"picked":"PrismaMod:ChloeAnyCommonTrace+1","floor":46},{"not_picked":["PrismaMod:ChloeExhaustOne+1","PrismaMod:ChloeCommonAOEAttack+1","PrismaMod:ChloeGaeBolg"],"picked":"SKIP","floor":47},{"not_picked":["PrismaMod:ChloeCheapDefendTwo+1","PrismaMod:ChloeDiscardRecovery+1","PrismaMod:ChloeExhaustOne+1"],"picked":"SKIP","floor":47},{"not_picked":["PrismaMod:ChloeCheapDefendTwo+1","PrismaMod:ChloeUncommonDefend+1","PrismaMod:ChloeCheapAttack"],"picked":"SKIP","floor":48},{"not_picked":["PrismaMod:ChloeCheapAttack","PrismaMod:ChloeCheapDefendTwo+1","PrismaMod:ChloeDiscardRecovery+1"],"picked":"SKIP","floor":48}],"player_experience":1975172,"relics_obtained":[{"floor":7,"key":"Eternal Feather"},{"floor":9,"key":"Hololive_LightStick"},{"floor":14,"key":"Golden Egg"},{"floor":26,"key":"Gremlin Horn"},{"floor":29,"key":"Du-Vu Doll"},{"floor":32,"key":"Prayer Wheel"},{"floor":34,"key":"Bronze Scales"},{"floor":34,"key":"Toxic Egg 2"},{"floor":34,"key":"Lizard Tail"},{"floor":43,"key":"MawBank"},{"floor":46,"key":"Bird Faced Urn"},{"floor":46,"key":"InkBottle"}],"event_choices":[{"damage_healed":0,"gold_gain":0,"player_choice":"Box","damage_taken":0,"relics_obtained":["Boot"],"max_hp_gain":0,"max_hp_loss":0,"event_name":"Big Fish","floor":3,"gold_loss":0,"cards_obtained":["Regret"]},{"damage_healed":0,"gold_gain":0,"player_choice":"»˚«Æ","damage_taken":0,"relics_obtained":["PaintedHorse:ReiMu"],"max_hp_gain":0,"max_hp_loss":0,"event_name":"yidonshenshe","floor":6,"gold_loss":40},{"damage_healed":0,"gold_gain":175,"player_choice":"AGREE","damage_taken":0,"max_hp_gain":0,"max_hp_loss":0,"event_name":"Liars Game","floor":8,"gold_loss":0,"cards_obtained":["Doubt"]},{"damage_healed":0,"gold_gain":0,"player_choice":"Ignored","damage_taken":0,"max_hp_gain":0,"max_hp_loss":0,"event_name":"betterNote:BetterNote","floor":24,"gold_loss":0,"cards_obtained":["Strike_G"]},{"damage_healed":0,"gold_gain":0,"cards_transformed":["PrismaMod:ChloeRuleBreaker"],"player_choice":"Transformed","damage_taken":0,"max_hp_gain":0,"max_hp_loss":0,"event_name":"Transmorgrifier","floor":31,"gold_loss":0,"cards_obtained":["PrismaMod:ChloeGaeBolg"]},{"damage_healed":0,"gold_gain":0,"player_choice":"Rummage","damage_taken":0,"relics_obtained":["WarpedTongs"],"max_hp_gain":0,"max_hp_loss":0,"event_name":"Accursed Blacksmith","floor":37,"gold_loss":0,"cards_obtained":["Pain"]},{"damage_healed":25,"gold_gain":0,"player_choice":"Heal","damage_taken":0,"max_hp_gain":0,"max_hp_loss":0,"event_name":"MindBloom","floor":45,"gold_loss":0,"cards_obtained":["Doubt"]}],"is_beta":false,"boss_relics":[{"not_picked":["Kintsugi","Snecko Heart"],"picked":"Pandora\u0027s Box"},{"not_picked":["Empty Cage","SacredBark"],"picked":"Replay:Grab Bag"},{"not_picked":["ChewingGum","SlaversCollar"],"picked":"Sozu"},{"not_picked":["Velvet Choker","Philosopher\u0027s Stone"],"picked":"Coffee Dripper"},{"not_picked":["Hololive_ChaosS","Snecko Eye"],"picked":"Black Star"},{"not_picked":["Hololive_TopUpMoneyS","RedLine:ReiMu"],"picked":"Calling Bell"}],"items_purged_floors":[4,10,38],"is_endless":false,"potions_floor_spawned":[5,11,28,33,35,41,46],"ascension_level":0}}