{"host":"9oysz4knkucnjyyz","time":1609506255,"event":{"mods":["2.2 Compatiblity","Act Like it!","BaseMod","Better Altar","Better Match","Better Note","Better Sensory Stone","Better Skull","Better Third Choice","BetterRewards","Displayed Cursed Tome","Downfall","Friendly Minions","Googly Eyes","GungeonMod","Hallownest","Hermit","Lobotomy","LobotomyExtend","Minty Spire (QoL Compilation)","Spicy Shops","Spire Birthday Party","StSLib","The Bug Knight","everything is the same but u backflip on backflip","slay the spire mod where everything is the same but ironclad has a cowboy hat"],"gold_per_floor":[118,131,148,165,165,165,178,197,274,274,291,326,326,353,353,448,448,461,477,477,80,97,97,108,136,136,164,164,164],"floor_reached":28,"playtime":1306,"items_purged":[],"score":374,"play_id":"4b84995e-88dc-4ae3-9890-bccc1ab4f71b","local_time":"20210101080415","is_ascension_mode":true,"campfire_choices":[{"data":"Feed","floor":6,"key":"SMITH"},{"floor":10,"key":"REST"},{"floor":13,"key":"REST"},{"floor":15,"key":"REST"},{"floor":23,"key":"REST"}],"circlet_count":0,"master_deck":["Strike_R","Strike_R","Strike_R","Strike_R","Strike_R","Defend_R","Defend_R","Defend_R","Defend_R","Bash","RedShoes","Sword Boomerang","Scorched","Clothesline","LongBird","Feel No Pain","OSAHOGD","Feed+1","Wellcheers","Perfected Strike","WallGazer","Disarm","QueenOfHatred","Shrug It Off","OldLady","Clothesline","Offering","Bloodbath","Flame Barrier","MHz","Reaper","DemoMod:Invincible","Metallicize+1","PunishingBird","Perfected Strike","Rudolta","Bloodletting","BlackArmy","Cleave+1"],"relics":["Burning Blood","CogitoBucket","RabbitCall","LetterFromLob","SkinProphecy","DemoMod:SerJunkan","DemoMod:Junk","Philosopher\u0027s Stone","BackwardClock","DemoMod:MeatBun","TungstenRod","Prayer Wheel"],"acts_visited":["Exordium","TheCity"],"potions_floor_usage":[19,25,27],"damage_taken":[{"damage":1,"enemies":"2 Louse","floor":1,"turns":3},{"damage":6,"enemies":"Cultist","floor":2,"turns":3},{"damage":12,"enemies":"Jaw Worm","floor":3,"turns":2},{"damage":23,"enemies":"Large Slime","floor":4,"turns":4},{"damage":12,"enemies":"Exordium Wildlife","floor":7,"turns":2},{"damage":24,"enemies":"3 Louse","floor":8,"turns":3},{"damage":6,"enemies":"Lots of Slimes","floor":11,"turns":2},{"damage":48,"enemies":"Gremlin Nob","floor":12,"turns":5},{"damage":10,"enemies":"3 Sentries","floor":14,"turns":4},{"damage":41,"enemies":"The Guardian","floor":16,"turns":12},{"damage":81,"enemies":"2 Thieves","floor":18,"turns":6},{"damage":20,"enemies":"Spheric Guardian","floor":19,"turns":4},{"damage":23,"enemies":"Centurion and Healer","floor":22,"turns":7},{"damage":13,"enemies":"Snecko","floor":24,"turns":5},{"damage":38,"enemies":"Slavers","floor":25,"turns":5},{"damage":18,"enemies":"Gremlin Leader","floor":27,"turns":8},{"damage":125,"enemies":"Snake Plant","floor":28,"turns":22}],"seed_played":"-8135751988519848388","potions_obtained":[{"floor":4,"key":"champ:CounterPotion"},{"floor":11,"key":"SpeedPotion"},{"floor":16,"key":"champ:CounterPotion"},{"floor":18,"key":"Swift Potion"},{"floor":22,"key":"Block Potion"},{"floor":25,"key":"DemoMod:LeadSkinPotion"}],"is_trial":false,"path_per_floor":["M","M","M","M","?","R","M","M","T","R","M","E","R","E","R","B",null,"M","M","M","$","M","R","M","E","T","E","M"],"character_chosen":"IRONCLAD","items_purchased":["DemoMod:MeatBun","TungstenRod","DemoMod:Invincible"],"campfire_rested":4,"item_purchase_floors":[21,21,21],"current_hp_per_floor":[80,80,74,57,61,61,59,41,41,66,62,16,42,41,69,36,96,23,15,15,29,26,58,60,39,39,47,0,0],"gold":164,"neow_bonus":"","is_daily":false,"chose_seed":false,"campfire_upgraded":1,"win_rate":0.0,"timestamp":1609506255,"path_taken":["M","M","M","M","?","R","M","?","T","R","M","E","R","E","R","BOSS","M","M","M","$","M","R","M","E","T","E","M"],"items_purchased_type":["Relic","Relic","Card"],"build_version":"2020-12-22","purchased_purges":0,"victory":false,"max_hp_per_floor":[80,80,80,80,80,80,84,84,84,84,86,88,88,94,94,96,96,104,106,106,106,108,108,110,116,116,118,122,122],"card_choices":[{"not_picked":["MeatLantern","CherryBlossoms","BlackSwan"],"picked":"Singing Bowl","floor":1},{"not_picked":["MHz","Laetitia"],"picked":"RedShoes","floor":1},{"not_picked":["Clash","Havoc"],"picked":"Sword Boomerang","floor":1},{"not_picked":["CherryBlossoms","VoidDream","BeautyBeast"],"picked":"Singing Bowl","floor":2},{"not_picked":["MeatLantern","SnowQueen"],"picked":"Scorched","floor":2},{"not_picked":["Cleave","Entrench"],"picked":"Clothesline","floor":2},{"not_picked":["SpiderBud","BeautyBeast","PunishingBird"],"picked":"Singing Bowl","floor":3},{"not_picked":["Yin","UniverseFragment"],"picked":"LongBird","floor":3},{"not_picked":["Warcry","Anger"],"picked":"Feel No Pain","floor":3},{"not_picked":["WallGazer","BeautyBeast"],"picked":"OSAHOGD","floor":4},{"not_picked":["Pommel Strike","Uppercut"],"picked":"Feed","floor":4},{"not_picked":["MHz","Murderer"],"picked":"Wellcheers","floor":7},{"not_picked":["Heavy Blade","Juggernaut"],"picked":"Perfected Strike","floor":7},{"not_picked":["HeroicMonk","GalaxyChild"],"picked":"WallGazer","floor":8},{"not_picked":["Armaments","Warcry","DemoMod:WhiteBlade"],"picked":"SKIP","floor":8},{"not_picked":["Murderer","WhiteNight","MHz"],"picked":"Singing Bowl","floor":11},{"not_picked":["Carnage","Exhume"],"picked":"Disarm","floor":11},{"not_picked":["SpiderBud","FairyFestival","DreamingCurrent"],"picked":"Singing Bowl","floor":12},{"not_picked":["Freischutz","SpiderBud"],"picked":"QueenOfHatred","floor":12},{"not_picked":["Rampage","Clothesline"],"picked":"Shrug It Off","floor":12},{"not_picked":["Porccubus","BigBird"],"picked":"OldLady","floor":14},{"not_picked":["Metallicize","Anger"],"picked":"Clothesline","floor":14},{"not_picked":["Feed","Juggernaut"],"picked":"Offering","floor":16},{"not_picked":["HeroicMonk","QueenBee","Funeral"],"picked":"Singing Bowl","floor":16},{"not_picked":["VoidDream","HappyTeddy"],"picked":"Bloodbath","floor":16},{"not_picked":["BlackSwan","VoidDream","NakedNest"],"picked":"Singing Bowl","floor":18},{"not_picked":["Shrug It Off","Carnage"],"picked":"Flame Barrier","floor":18},{"not_picked":["Mercenary","Rudolta","Woodsman"],"picked":"Singing Bowl","floor":19},{"not_picked":["HappyTeddy","BeautyBeast"],"picked":"MHz","floor":19},{"not_picked":["Rupture","Anger"],"picked":"Reaper","floor":19},{"not_picked":["UniverseFragment","QueenBee","FieryBird"],"picked":"Singing Bowl","floor":22},{"not_picked":["Flex","Wild Strike"],"picked":"Metallicize+1","floor":22},{"not_picked":["BeautyBeast","NakedNest"],"picked":"PunishingBird","floor":24},{"not_picked":["Power Through","Headbutt"],"picked":"Perfected Strike","floor":24},{"not_picked":["UniverseFragment","FieryBird"],"picked":"Rudolta","floor":25},{"not_picked":["Pommel Strike","Intimidate"],"picked":"Bloodletting","floor":25},{"not_picked":["BeautyBeast","SilentOrchestra"],"picked":"BlackArmy","floor":27},{"not_picked":["DemoMod:WhiteBlade","Flame Barrier"],"picked":"Cleave+1","floor":27}],"player_experience":338181,"relics_obtained":[{"floor":1,"key":"LetterFromLob"},{"floor":9,"key":"DemoMod:SerJunkan"},{"floor":12,"key":"DemoMod:Junk"},{"floor":14,"key":"DemoMod:Junk"},{"floor":19,"key":"DemoMod:Junk"},{"floor":25,"key":"DemoMod:Junk"},{"floor":26,"key":"Prayer Wheel"},{"floor":27,"key":"DemoMod:Junk"}],"event_choices":[{"damage_healed":4,"gold_gain":0,"player_choice":"LEAVE ","damage_taken":0,"relics_obtained":[],"max_hp_gain":0,"max_hp_loss":0,"event_name":"betterSkull:BetterSkull","floor":5,"gold_loss":0,"cards_upgraded":[]}],"is_beta":false,"boss_relics":[{"not_picked":["Runic Cube","Velvet Choker"],"picked":"Philosopher\u0027s Stone"}],"items_purged_floors":[],"is_endless":false,"potions_floor_spawned":[4,11,16,18,22,25],"killed_by":"Snake Plant","ascension_level":2}}