{"host":"obl22cu6uafq1ffx","time":1609503699,"event":{"mods":["BaseMod","Colored Map","Hubris","KinomotoSakuraMod(ƒæ÷Æ±æ”£)","LagranYue(¿≠∏Ò¿ °§‘¬)","Marisa£®ÏF”Í°°ƒß¿Ì…≥£©","Minty Spire (QoL Compilation)","Pikachu Mod","Reimu£®≤©¿ˆ¡È√Œ£©","Remilia£®¿Ÿ√◊¿Ú—«£©","Shop Mod","Small Relic Pack","StSLib","The Poker Player","The Saiyan","TheHero","WarShipGirlsR/’ΩΩ¢…Ÿ≈ÆR mod","Youmu£®ªÍ∆«—˝√Œ£©","[IsaacMod]“‘»ˆº‚À˛","vexMod","°æ“≈ŒÔø®≈∆°øREMEMod"],"gold_per_floor":[113,126,145,156,156,156,257,257,272,0,0,0,0],"floor_reached":12,"playtime":1630,"items_purged":[],"score":70,"play_id":"62a8f026-5054-4f52-93fe-30f09d7a7b41","local_time":"20210101202139","is_ascension_mode":false,"campfire_choices":[{"floor":6,"key":"REST"}],"circlet_count":0,"master_deck":["Strike_Lin:ReiMu","Strike_Lin:ReiMu","Strike_Lin:ReiMu","Strike_Lin:ReiMu","Defend_Lin:ReiMu","Defend_Lin:ReiMu","Defend_Lin:ReiMu","Defend_Lin:ReiMu","NB:ReiMu","Stagnation:ReiMu","LagranYue:PurpleNightmareCard","SubcavityInstant:ReiMu","Amulet:ReiMu","AirManeuver:ReiMu","FantasyMoon:ReiMu","BlastKick2:ReiMu","TightArray:ReiMu+1","Shame"],"relics":["FlyPower:ReiMu","HushsDoor","REME_ComplimentaryCards","LagranYue:RandomDrawCardRelic","DeadEye","ScarletDevilRocket","vexMod:MegatonBomb","Ancient Tea Set"],"acts_visited":["Exordium","TheCity"],"potions_floor_usage":[12],"damage_taken":[{"damage":1,"enemies":"Cultist","floor":1,"turns":5},{"damage":0,"enemies":"Small Slimes","floor":2,"turns":3},{"damage":3,"enemies":"2 Louse","floor":3,"turns":4},{"damage":17,"enemies":"Exordium Wildlife","floor":4,"turns":6},{"damage":10,"enemies":"Hexaghost","floor":7,"turns":13},{"damage":55,"enemies":"Chosen","floor":9,"turns":8},{"damage":13,"enemies":"Spheric Guardian","floor":12,"turns":5}],"seed_played":"6764238789486288904","potions_obtained":[{"floor":1,"key":"Strength Potion"},{"floor":2,"key":"Energy Potion"}],"is_trial":false,"path_per_floor":["M","M","M","M","?","R","B",null,"M","?","?","M"],"character_chosen":"REIMU","items_purchased":[],"campfire_rested":1,"item_purchase_floors":[],"current_hp_per_floor":[70,70,67,50,47,68,58,71,16,16,16,3,3],"gold":0,"neow_bonus":"TEN_PERCENT_HP_BONUS","is_daily":false,"chose_seed":false,"campfire_upgraded":0,"win_rate":0.0,"timestamp":1609503699,"path_taken":["M","?","M","M","?","R","BOSS","M","?","?","?"],"items_purchased_type":[],"build_version":"2020-12-22","purchased_purges":0,"victory":false,"max_hp_per_floor":[71,71,71,71,71,71,71,71,71,71,71,71,71],"card_choices":[{"not_picked":[],"picked":"ChaosCard","floor":0},{"not_picked":["ForcedLanding:ReiMu","Determination:ReiMu"],"picked":"SubcavityInstant:ReiMu","floor":1},{"not_picked":["PassingAway:ReiMu","OrbThrow:ReiMu"],"picked":"Amulet:ReiMu","floor":2},{"not_picked":["PayForSelf:ReiMu","YinYangSign:ReiMu"],"picked":"AirManeuver:ReiMu","floor":3},{"not_picked":["SubAcupoint:ReiMu","SpringWay:ReiMu"],"picked":"FantasyMoon:ReiMu","floor":4},{"not_picked":["HakureiPhantom:ReiMu","CeremonyResonance:ReiMu"],"picked":"BlastKick2:ReiMu","floor":7},{"not_picked":["FantasyBorder:ReiMu+1","WonderfulDomain:ReiMu"],"picked":"TightArray:ReiMu+1","floor":9}],"player_experience":30007,"relics_obtained":[],"event_choices":[{"damage_healed":0,"gold_gain":0,"player_choice":"Success","damage_taken":3,"relics_obtained":["ScarletDevilRocket"],"max_hp_gain":0,"max_hp_loss":0,"event_name":"Scrap Ooze","floor":5,"gold_loss":0},{"damage_healed":0,"gold_gain":0,"player_choice":"Paid Fearfully","damage_taken":0,"max_hp_gain":0,"max_hp_loss":0,"event_name":"Masked Bandits","floor":10,"gold_loss":272},{"damage_healed":0,"gold_gain":0,"player_choice":"Stole Relic","damage_taken":0,"relics_obtained":["Ancient Tea Set"],"max_hp_gain":0,"max_hp_loss":0,"event_name":"Addict","floor":11,"gold_loss":0,"cards_obtained":["Shame"]}],"is_beta":false,"boss_relics":[{"not_picked":["vexMod:FluxCapacitor","relicPack:ShieldShield"],"picked":"vexMod:MegatonBomb"},{"not_picked":[]}],"items_purged_floors":[],"is_endless":false,"potions_floor_spawned":[1,2],"killed_by":"Spheric Guardian","ascension_level":0}}