{"host":"AO","time":1609477611,"event":{"mods":["ATMod(阿瑾Mod)","Act Like it!","Arknights The Spire","Ascension Reborn","BaseMod","Gensokyo","HumanHunterMod(怪物杀人mod)","Minty Spire (QoL Compilation)","Pale of the Ancients","Quick Restart","Reimu（博丽灵梦）","Replay The Spire","RumiaBox-露米娅的神秘盒子","Ryuuou龙王","StSLib","TestMod","Uncapped","UnlockEverythingMod","Yuyuko","[IsaacMod]以撒尖塔","【功能Mod】聪明的最终Boss","【遗物卡牌】REMEMod"],"gold_per_floor":[110,10,10,21,21,21],"floor_reached":5,"playtime":271,"items_purged":[],"score":29,"play_id":"97b3fbbd-a7dc-4dbe-b4c6-aa8fa4f0f81f","local_time":"20210101130651","is_ascension_mode":true,"campfire_choices":[],"circlet_count":0,"master_deck":["ats:Strike C","ats:Strike G","ats:Strike S","ats:Strike V","ats:Armor Crushing Shot","ats:Defend","ats:Defend","ats:Defend","ats:Defend","ats:Emotion Absorption","BettingIsNotGood","AT_DrawKnifeCut","OctopathSalyBorderN:ReiMu","ReplayTheSpireMod:IOU","ats:Disruption Kick","ats:Poison Spread","ats:Very Hot Blade"],"relics":["ats:Sanity","testmod-TestBox","REME_ComplimentaryCards","AT_ATBox","HushsDoor","Damocles","testmod-Brilliant","Smiling Mask","Onion Ring","HowToJump","Baka2"],"acts_visited":["Gensokyo:Gensokyo"],"potions_floor_usage":[],"damage_taken":[{"damage":0,"enemies":"Gensokyo:Python","floor":1,"turns":2},{"damage":0,"enemies":"Gensokyo:Gryphon","floor":4,"turns":1},{"damage":76,"enemies":"Gensokyo:Mamizou","floor":5,"turns":4}],"seed_played":"-5852829140182113405","potions_obtained":[],"is_trial":false,"path_per_floor":["M","?","COS","M","?"],"character_chosen":"DOCTOR_CLASS","items_purchased":[],"campfire_rested":0,"item_purchase_floors":[],"current_hp_per_floor":[72,72,72,72,0,0],"gold":21,"neow_bonus":"THREE_RARE_CARDS","is_daily":false,"chose_seed":false,"campfire_upgraded":0,"win_rate":0.0,"timestamp":1609477611,"path_taken":["M","?","COS","M","?"],"items_purchased_type":[],"build_version":"2020-12-18","purchased_purges":0,"victory":false,"max_hp_per_floor":[72,72,72,72,72,72],"card_choices":[{"not_picked":[],"picked":"BettingIsNotGood","floor":0},{"not_picked":["ats:True Silver Slash","ats:Durian"],"picked":"ats:Disruption Kick","floor":0},{"not_picked":["ats:Encircling Forest","ats:Calcification"],"picked":"ats:Poison Spread","floor":1},{"not_picked":["ats:Powerful Strike","ats:Ignite"],"picked":"ats:Very Hot Blade","floor":4}],"player_experience":1682958,"relics_obtained":[{"floor":1,"key":"Smiling Mask"},{"floor":1,"key":"Baka"},{"floor":4,"key":"HowToJump"},{"floor":4,"key":"Baka2"}],"event_choices":[],"is_beta":true,"boss_relics":[],"items_purged_floors":[],"is_endless":false,"potions_floor_spawned":[],"killed_by":"Gensokyo:Mamizou","ascension_level":0}}