{"host":"r53pw7z744tg3fxg","time":1609517645,"event":{"mods":["AchievementEnabler","BaseMod","Colored Map","Colored Powertips","Highlight Path","Minty Spire (QoL Compilation)","Quick Restart","Transform Curses"],"gold_per_floor":[115,115,135,235,259,298,298,338,338,357,375,375,388,432,432,552,552,571,163,183,183,11,11,36,72,99,99,140,165,165,183,183,183,183],"floor_reached":33,"playtime":1636,"items_purged":["Wallop"],"score":553,"play_id":"555e2c3a-7c6a-45ab-a575-91b0e7b6c1d4","local_time":"20210101091405","is_ascension_mode":true,"campfire_choices":[{"floor":7.0,"key":"REST"},{"floor":12.0,"key":"REST"},{"floor":15.0,"key":"REST"},{"floor":23.0,"key":"REST"},{"floor":27.0,"key":"REST"},{"floor":32.0,"key":"REST"}],"circlet_count":0,"master_deck":["AscendersBane","Strike_P","Strike_P","Strike_P","Strike_P","Defend_P","Defend_P","Defend_P","Defend_P","Eruption","Vigilance","Panacea","FollowUp","WheelKick","ReachHeaven","FearNoEvil","Crescendo","Consecrate","SandsOfTime","Halt+1","FearNoEvil+1","Wallop+1","EmptyBody","Swift Strike","FlyingSleeves+1","PathToVictory","Evaluate","Collect","BowlingBash"],"relics":["PureWater","Golden Idol","Sundial","Ornamental Fan","White Beast Statue","TungstenRod","Astrolabe","HornCleat","Membership Card","WingedGreaves","Happy Flower","Torii","MutagenicStrength"],"acts_visited":["Exordium","TheCity"],"potions_floor_usage":[33,33],"damage_taken":[{"damage":2.0,"enemies":"Jaw Worm","floor":1.0,"turns":4.0},{"damage":2.0,"enemies":"2 Louse","floor":3.0,"turns":3.0},{"damage":1.0,"enemies":"Cultist","floor":5.0,"turns":4.0},{"damage":32.0,"enemies":"3 Sentries","floor":6.0,"turns":7.0},{"damage":32.0,"enemies":"Gremlin Nob","floor":8.0,"turns":4.0},{"damage":0.0,"enemies":"2 Fungi Beasts","floor":10.0,"turns":2.0},{"damage":2.0,"enemies":"Looter","floor":11.0,"turns":4.0},{"damage":10.0,"enemies":"Red Slaver","floor":13.0,"turns":3.0},{"damage":21.0,"enemies":"3 Sentries","floor":14.0,"turns":7.0},{"damage":0.0,"enemies":"Slime Boss","floor":16.0,"turns":4.0},{"damage":17.0,"enemies":"Chosen","floor":18.0,"turns":4.0},{"damage":24.0,"enemies":"Shell Parasite","floor":20.0,"turns":5.0},{"damage":0.0,"enemies":"Cultist and Chosen","floor":24.0,"turns":6.0},{"damage":1.0,"enemies":"Gremlin Leader","floor":25.0,"turns":5.0},{"damage":34.0,"enemies":"Slavers","floor":28.0,"turns":6.0},{"damage":15.0,"enemies":"3 Cultists","floor":29.0,"turns":4.0},{"damage":0.0,"enemies":"Sentry and Sphere","floor":31.0,"turns":3.0},{"damage":59,"enemies":"Collector","floor":33,"turns":7}],"seed_played":"5365265987126476101","potions_obtained":[{"floor":1.0,"key":"Fruit Juice"},{"floor":10.0,"key":"CultistPotion"},{"floor":11.0,"key":"Dexterity Potion"},{"floor":14.0,"key":"ColorlessPotion"},{"floor":16.0,"key":"BottledMiracle"},{"floor":24.0,"key":"PowerPotion"},{"floor":25.0,"key":"PowerPotion"},{"floor":28.0,"key":"StancePotion"},{"floor":29.0,"key":"Block Potion"},{"floor":31.0,"key":"GamblersBrew"}],"is_trial":false,"path_per_floor":["M","?","M","?","M","E","R","E","T","M","M","R","M","E","R","B",null,"M","$","M","?","$","R","M","E","T","R","E","M","?","M","R","B"],"character_chosen":"WATCHER","items_purchased":["HornCleat","Swift Strike","Membership Card","PathToVictory"],"campfire_rested":6,"item_purchase_floors":[19,19,22,22],"current_hp_per_floor":[68,68,66,66,65,33,56,24,24,24,22,45,35,14,37,37,67,50,50,26,26,26,49,49,48,48,71,37,22,22,22,45,0,0],"gold":183,"neow_bonus":"RANDOM_COLORLESS","is_daily":false,"chose_seed":false,"campfire_upgraded":0,"win_rate":0.0,"timestamp":1609517645,"path_taken":["M","?","M","?","M","E","R","E","T","M","M","R","M","E","R","BOSS","M","$","M","?","$","R","M","E","T","R","E","M","?","M","R","BOSS"],"items_purchased_type":["Relic","Card","Relic","Card"],"build_version":"2020-12-22","purchased_purges":1,"victory":false,"max_hp_per_floor":[77,77,77,77,77,77,77,77,77,77,77,77,77,77,77,77,77,77,77,77,77,77,77,77,77,77,77,77,77,77,77,77,77,77],"card_choices":[{"not_picked":["Forethought","Deep Breath"],"picked":"Panacea","floor":0.0},{"not_picked":["CrushJoints","Evaluate"],"picked":"FollowUp","floor":1.0},{"not_picked":["Protect","SignatureMove"],"picked":"WheelKick","floor":3.0},{"not_picked":["PathToVictory","Swivel"],"picked":"ReachHeaven","floor":5.0},{"not_picked":["SashWhip","EmptyMind"],"picked":"Wallop","floor":6.0},{"not_picked":["Study","PathToVictory"],"picked":"FearNoEvil","floor":8.0},{"not_picked":["InnerPeace","JustLucky"],"picked":"Crescendo","floor":10.0},{"not_picked":["Scrawl","EmptyMind"],"picked":"CutThroughFate","floor":11.0},{"not_picked":["Study","FlurryOfBlows"],"picked":"Consecrate","floor":13.0},{"not_picked":["Indignation","FollowUp"],"picked":"SandsOfTime","floor":14.0},{"not_picked":["Brilliance","Vault"],"picked":"Ragnarok","floor":16.0},{"not_picked":["CarveReality+1","WreathOfFlame+1"],"picked":"EmptyBody","floor":18.0},{"not_picked":["CutThroughFate","Weave"],"picked":"FlyingSleeves+1","floor":20.0},{"not_picked":["PathToVictory","Nirvana","Halt"],"picked":"SKIP","floor":24.0},{"not_picked":["Nirvana+1","Vault"],"picked":"Evaluate","floor":25.0},{"not_picked":["InnerPeace","EmptyMind","WheelKick+1"],"picked":"SKIP","floor":28.0},{"not_picked":["ReachHeaven","EmptyBody+1"],"picked":"Collect","floor":29.0},{"not_picked":["Consecrate+1","DeceiveReality"],"picked":"BowlingBash","floor":31.0}],"player_experience":1176049,"relics_obtained":[{"floor":6.0,"key":"Sundial"},{"floor":8.0,"key":"Ornamental Fan"},{"floor":9.0,"key":"White Beast Statue"},{"floor":14.0,"key":"TungstenRod"},{"floor":25.0,"key":"WingedGreaves"},{"floor":26.0,"key":"Happy Flower"},{"floor":28.0,"key":"Torii"}],"event_choices":[{"damage_healed":0.0,"max_hp_gain":0.0,"max_hp_loss":0.0,"gold_gain":0.0,"event_name":"Golden Idol","player_choice":"Take Wound","floor":2.0,"gold_loss":0.0,"damage_taken":0.0,"relics_obtained":["Golden Idol"],"cards_obtained":["Injury"]},{"damage_healed":0.0,"max_hp_gain":0.0,"max_hp_loss":0.0,"gold_gain":100.0,"event_name":"Golden Shrine","player_choice":"Pray","floor":4.0,"gold_loss":0.0,"damage_taken":0.0},{"damage_healed":0.0,"max_hp_gain":0.0,"max_hp_loss":0.0,"gold_gain":0.0,"event_name":"Ghosts","player_choice":"Ignored","floor":21.0,"gold_loss":0.0,"damage_taken":0.0},{"damage_healed":0.0,"max_hp_gain":0.0,"max_hp_loss":0.0,"gold_gain":0.0,"event_name":"Drug Dealer","player_choice":"Inject Mutagens","floor":30.0,"gold_loss":0.0,"damage_taken":0.0,"relics_obtained":["MutagenicStrength"]}],"is_beta":false,"boss_relics":[{"not_picked":["Empty Cage","Tiny House"],"picked":"Astrolabe"}],"items_purged_floors":[19],"is_endless":false,"potions_floor_spawned":[1,10,11,13,14,16,18,20,24,25,28,29,31],"killed_by":"Collector","ascension_level":11}}