{"host":"7sni158j623xchr2","time":1609525944,"event":{"mods":["BaseMod","Colored Map","Highlight Path","Minty Spire (QoL Compilation)","Permanent Neow","Potion Indicator Mod","Rare Cards Sparkle","Relic Sorter","Relic Stats","StSLib","everything is the same but u backflip on backflip"],"gold_per_floor":[118,135,135,149,162,198,198,234,234,234,252,291,18,37,37,167,167,190,190,211,226,69,102,102,141,168,212,212,242,242,257,257,392,392,412,446,466,487,397,438,276,276,311,327,142,142,156,187,187,187,187,187,32,72,72,72],"floor_reached":55,"playtime":1959,"items_purged":["Strike_R","Strike_R","Injury"],"score":1076,"play_id":"06e69d25-2cac-4b52-98e2-a6d0efc039d8","local_time":"20210101123224","is_ascension_mode":true,"campfire_choices":[{"data":"Carnage","floor":7,"key":"SMITH"},{"data":"Spot Weakness","floor":10,"key":"SMITH"},{"data":"Fiend Fire","floor":15,"key":"SMITH"},{"data":"Exhume","floor":24,"key":"SMITH"},{"data":"Whirlwind","floor":28,"key":"SMITH"},{"data":"Shockwave","floor":30,"key":"SMITH"},{"data":"Feed","floor":32,"key":"SMITH"},{"floor":42,"key":"RECALL"},{"data":"Sword Boomerang","floor":49,"key":"SMITH"},{"data":"Inflame","floor":52,"key":"SMITH"}],"circlet_count":0,"master_deck":["Strike_R","Strike_R","Strike_R+1","Defend_R","Defend_R","Defend_R","Bash","Carnage+1","Thunderclap","Dropkick","Spot Weakness+1","Fiend Fire+1","Flame Barrier","Feed+1","Intimidate","Ghostly","Ghostly","Ghostly","Ghostly","Ghostly","Exhume+1","Whirlwind+1","Shockwave+1","Immolate","Sword Boomerang+1","Shrug It Off","Inflame+1","Impervious","Sword Boomerang+1"],"relics":["Burning Blood","Bronze Scales","Golden Idol","MealTicket","Nunchaku","Akabeko","Paper Frog","Vajra","Busted Crown","Lantern","Smiling Mask","CeramicFish","Cursed Key","CaptainsWheel","Toy Ornithopter","Blue Candle","Anchor","Pen Nib"],"acts_visited":["Exordium","TheCity","TheBeyond","TheEnding"],"potions_floor_usage":[4,6,8,16,16,18,33,33,37,50,50,55],"damage_taken":[{"damage":2,"enemies":"2 Louse","floor":1,"turns":3},{"damage":12,"enemies":"Jaw Worm","floor":2,"turns":2},{"damage":11,"enemies":"Cultist","floor":4,"turns":4},{"damage":10,"enemies":"3 Louse","floor":5,"turns":3},{"damage":17,"enemies":"3 Sentries","floor":6,"turns":6},{"damage":30,"enemies":"Lagavulin","floor":8,"turns":4},{"damage":21,"enemies":"Exordium Wildlife","floor":11,"turns":4},{"damage":5,"enemies":"Gremlin Nob","floor":12,"turns":3},{"damage":8,"enemies":"Large Slime","floor":14,"turns":3},{"damage":21,"enemies":"Hexaghost","floor":16,"turns":8},{"damage":0,"enemies":"Chosen","floor":18,"turns":1},{"damage":3,"enemies":"3 Byrds","floor":20,"turns":3},{"damage":14,"enemies":"Centurion and Healer","floor":21,"turns":9},{"damage":5,"enemies":"Gremlin Leader","floor":23,"turns":7},{"damage":5,"enemies":"Book of Stabbing","floor":25,"turns":5},{"damage":5,"enemies":"Gremlin Leader","floor":27,"turns":6},{"damage":4,"enemies":"Shelled Parasite and Fungi","floor":29,"turns":4},{"damage":0,"enemies":"Snake Plant","floor":31,"turns":2},{"damage":4,"enemies":"Automaton","floor":33,"turns":8},{"damage":14,"enemies":"3 Shapes","floor":35,"turns":12},{"damage":1,"enemies":"Orb Walker","floor":36,"turns":3},{"damage":4,"enemies":"Jaw Worm Horde","floor":37,"turns":6},{"damage":28,"enemies":"4 Shapes","floor":38,"turns":14},{"damage":0,"enemies":"Reptomancer","floor":40,"turns":8},{"damage":2,"enemies":"Maw","floor":44,"turns":7},{"damage":4,"enemies":"3 Darklings","floor":47,"turns":5},{"damage":0,"enemies":"Nemesis","floor":48,"turns":7},{"damage":26,"enemies":"Time Eater","floor":50,"turns":9},{"damage":0,"enemies":"Shield and Spear","floor":54,"turns":5},{"damage":111,"enemies":"The Heart","floor":55,"turns":8}],"seed_played":"3419472343580327885","potions_obtained":[{"floor":1,"key":"BloodPotion"},{"floor":4,"key":"BloodPotion"},{"floor":5,"key":"BlessingOfTheForge"},{"floor":12,"key":"ColorlessPotion"},{"floor":14,"key":"Block Potion"},{"floor":16,"key":"FearPotion"},{"floor":20,"key":"BlessingOfTheForge"},{"floor":29,"key":"BlessingOfTheForge"},{"floor":31,"key":"AttackPotion"},{"floor":33,"key":"Weak Potion"},{"floor":36,"key":"DistilledChaos"},{"floor":37,"key":"Ancient Potion"},{"floor":48,"key":"PowerPotion"}],"is_trial":false,"path_per_floor":["M","M","?","M","M","E","R","E","T","R","M","E","$","M","R","B",null,"M","?","M","M","$","E","R","E","T","E","R","M","R","M","R","B",null,"M","M","M","M","?","E","$","R","T","M","$","T","M","E","R","B",null,"R","$","E","B"],"character_chosen":"IRONCLAD","items_purchased":["Vajra","SkillPotion","Exhume","Shrug It Off","Inflame","Impervious","Anchor"],"campfire_rested":0,"item_purchase_floors":[13,13,22,41,41,45,53],"current_hp_per_floor":[80,74,54,65,61,50,50,42,42,42,27,28,43,41,41,26,80,83,41,41,36,44,47,47,50,50,50,50,53,53,53,53,57,57,57,62,72,58,58,68,83,83,83,85,85,85,89,89,89,73,93,93,93,97,0,0],"gold":72,"neow_bonus":"RANDOM_COMMON_RELIC","is_daily":false,"chose_seed":false,"campfire_upgraded":9,"win_rate":0.0,"timestamp":1609525944,"path_taken":["M","M","?","M","M","E","R","E","T","R","M","E","$","M","R","BOSS","M","?","M","M","$","E","R","E","T","E","R","M","R","M","R","BOSS","M","M","M","M","?","E","$","R","T","M","$","?","M","E","R","BOSS","R","$","E","BOSS"],"items_purchased_type":["Relic","Potion","Card","Card","Card","Card","Relic"],"build_version":"2020-12-22","purchased_purges":3,"victory":false,"max_hp_per_floor":[80,80,80,80,80,80,80,80,80,80,80,80,80,80,80,80,80,83,41,41,44,44,47,47,50,50,50,50,53,53,53,53,57,57,65,65,73,81,81,85,85,85,85,85,85,85,89,89,89,93,93,93,93,97,97,97],"relic_stats":{"counters":[30,169],"Golden Idol":197,"CeramicFish":81,"Blue Candle":[0],"Pen Nib":[1],"Smiling Mask":125,"Cursed Key":1,"Burning Blood":132,"Nunchaku":[21],"Busted Crown":36,"Bronze Scales":[576],"MealTicket":38,"obtain_stats":[{"Lantern":23,"Golden Idol":3,"CeramicFish":27,"Blue Candle":48,"Vajra":13,"Pen Nib":54,"Smiling Mask":25,"Cursed Key":34,"Burning Blood":0,"Akabeko":9,"Nunchaku":8,"CaptainsWheel":40,"Anchor":53,"Busted Crown":17,"Bronze Scales":0,"MealTicket":6,"Toy Ornithopter":43,"Paper Frog":12},{"Lantern":14,"Golden Idol":2,"CeramicFish":16,"Blue Candle":27,"Vajra":8,"Pen Nib":29,"Smiling Mask":15,"Cursed Key":19,"Burning Blood":0,"Akabeko":6,"Nunchaku":6,"CaptainsWheel":24,"Anchor":28,"Busted Crown":10,"Bronze Scales":0,"MealTicket":5,"Toy Ornithopter":24,"Paper Frog":8},{"Lantern":60,"Golden Idol":5,"CeramicFish":71,"Blue Candle":147,"Vajra":29,"Pen Nib":161,"Smiling Mask":65,"Cursed Key":85,"Burning Blood":0,"Akabeko":22,"Nunchaku":22,"CaptainsWheel":128,"Anchor":156,"Busted Crown":40,"Bronze Scales":0,"MealTicket":18,"Toy Ornithopter":128,"Paper Frog":29}],"Toy Ornithopter":0},"card_choices":[{"not_picked":["Warcry","Heavy Blade"],"picked":"Carnage","floor":1},{"not_picked":["Dual Wield","Iron Wave"],"picked":"Thunderclap","floor":2},{"not_picked":["True Grit","Flex","Iron Wave"],"picked":"SKIP","floor":4},{"not_picked":["Berserk","Sentinel"],"picked":"Dropkick","floor":5},{"not_picked":["Twin Strike","Body Slam","Armaments"],"picked":"SKIP","floor":6},{"not_picked":["Feel No Pain","Headbutt"],"picked":"Spot Weakness","floor":8},{"not_picked":["Pummel","Evolve"],"picked":"Fiend Fire","floor":11},{"not_picked":["Thunderclap","Headbutt","Metallicize"],"picked":"SKIP","floor":12},{"not_picked":["Wild Strike","Twin Strike"],"picked":"Flame Barrier","floor":14},{"not_picked":["Immolate","Reaper"],"picked":"Feed","floor":16},{"not_picked":[],"picked":"Intimidate","floor":18},{"not_picked":["Reckless Charge"],"picked":"SKIP","floor":20},{"not_picked":["Clash"],"picked":"SKIP","floor":21},{"not_picked":["Armaments"],"picked":"SKIP","floor":23},{"not_picked":["Clothesline"],"picked":"SKIP","floor":25},{"not_picked":[],"picked":"Whirlwind","floor":27},{"not_picked":[],"picked":"Shockwave","floor":29},{"not_picked":["Wild Strike"],"picked":"SKIP","floor":31},{"not_picked":[],"picked":"Immolate","floor":33},{"not_picked":["Flex+1"],"picked":"SKIP","floor":35},{"not_picked":[],"picked":"Sword Boomerang","floor":36},{"not_picked":["Wild Strike+1"],"picked":"SKIP","floor":37},{"not_picked":["Headbutt"],"picked":"SKIP","floor":38},{"not_picked":["Juggernaut"],"picked":"SKIP","floor":40},{"not_picked":["Pommel Strike"],"picked":"SKIP","floor":44},{"not_picked":["Clash+1"],"picked":"SKIP","floor":47},{"not_picked":["Combust"],"picked":"SKIP","floor":48},{"not_picked":[],"picked":"Sword Boomerang+1","floor":54}],"player_experience":1576433,"relics_obtained":[{"floor":6,"key":"MealTicket"},{"floor":8,"key":"Nunchaku"},{"floor":9,"key":"Akabeko"},{"floor":12,"key":"Paper Frog"},{"floor":23,"key":"Lantern"},{"floor":25,"key":"Smiling Mask"},{"floor":27,"key":"CeramicFish"},{"floor":40,"key":"CaptainsWheel"},{"floor":43,"key":"Toy Ornithopter"},{"floor":48,"key":"Blue Candle"},{"floor":54,"key":"Pen Nib"}],"event_choices":[{"damage_healed":0,"gold_gain":0,"player_choice":"Take Damage","damage_taken":20,"relics_obtained":["Golden Idol"],"max_hp_gain":0,"max_hp_loss":0,"event_name":"Golden Idol","floor":3,"gold_loss":0},{"damage_healed":0,"gold_gain":0,"player_choice":"Became a Ghost","damage_taken":0,"max_hp_gain":0,"max_hp_loss":42,"event_name":"Ghosts","floor":19,"gold_loss":0,"cards_obtained":["Ghostly","Ghostly","Ghostly","Ghostly","Ghostly"]},{"cards_removed":["Defend_R"],"damage_healed":0,"gold_gain":0,"player_choice":"Upgrade and Remove","damage_taken":0,"max_hp_gain":0,"max_hp_loss":0,"event_name":"Designer","floor":39,"gold_loss":90,"cards_upgraded":["Strike_R"]}],"is_beta":false,"boss_relics":[{"not_picked":["Astrolabe","Tiny House"],"picked":"Busted Crown"},{"not_picked":["Runic Cube","Fusion Hammer"],"picked":"Cursed Key"}],"items_purged_floors":[13,41,45],"is_endless":false,"potions_floor_spawned":[1,4,5,12,14,16,20,29,31,33,36,37,40,48],"killed_by":"The Heart","ascension_level":4}}