{"host":"qswkx8hggytna0kc","time":1609475529,"event":{"mods":["Aspiration","BaseMod","BetterRewards","Colored Map","Colored Powertips","Highlight Path","Hubris","Mimic Mod","Minty Spire (QoL Compilation)","Quick Restart","Replay The Spire","StSLib","SuperFastMode"],"gold_per_floor":[112,37,55,55,55,90,101,133,133,163,179,191,191,191],"floor_reached":13,"playtime":295,"items_purged":["Strike_B"],"score":188,"play_id":"4698e567-3da1-471d-88d3-be81dfffe183","local_time":"20210101123209","is_ascension_mode":true,"campfire_choices":[],"circlet_count":0,"master_deck":["Strike_B","Strike_B","Defend_B","Defend_B","Defend_B","Defend_B","Zap","Dualcast","Gash","Steam","Ball Lightning+1","Gash","Creative AI","Chill","Aggregate","Beam Cell","Scrape"],"relics":["Cracked Core","NeowsBlessing","Replay:Ringing Soul","hubris:CrystalStatue","Regal Pillow","Blue Candle"],"acts_visited":["Exordium"],"potions_floor_usage":[10,10,13],"damage_taken":[{"damage":0,"enemies":"Small Slimes","floor":1,"turns":1},{"damage":0,"enemies":"2 Louse","floor":3,"turns":1},{"damage":0,"enemies":"Lagavulin","floor":6,"turns":1},{"damage":1,"enemies":"Cultist","floor":7,"turns":3},{"damage":34,"enemies":"3 Sentries","floor":8,"turns":6},{"damage":34,"enemies":"Gremlin Nob","floor":10,"turns":5},{"damage":2,"enemies":"2 Fungi Beasts","floor":11,"turns":4},{"damage":6,"enemies":"Looter","floor":12,"turns":3},{"damage":18,"enemies":"Lagavulin","floor":13,"turns":4}],"seed_played":"6693646966589692116","potions_obtained":[{"floor":8,"key":"EntropicBrew"},{"floor":10,"key":"Fire Potion"}],"is_trial":false,"path_per_floor":["M","$","M","?","$","E","M","E","T","E","M","M","E"],"character_chosen":"DEFECT","items_purchased":[],"campfire_rested":0,"item_purchase_floors":[],"current_hp_per_floor":[75,75,75,75,75,78,80,49,49,18,19,16,0,0],"gold":191,"neow_bonus":"THREE_ENEMY_KILL","is_daily":false,"chose_seed":false,"campfire_upgraded":0,"win_rate":0.0,"timestamp":1609475529,"path_taken":["M","$","M","?","$","E","M","E","T","E","M","M","E"],"items_purchased_type":[],"build_version":"2020-12-22","purchased_purges":1,"victory":false,"max_hp_per_floor":[75,75,75,75,75,78,81,84,84,87,90,93,93,93],"card_choices":[{"not_picked":["Barrage","Cold Snap"],"picked":"Gash","floor":1},{"not_picked":["aspiration:Polymerization","Leap"],"picked":"Steam","floor":3},{"not_picked":["Streamline","Redo"],"picked":"Gash","floor":6},{"not_picked":["Hologram","Auto Shields"],"picked":"Creative AI","floor":7},{"not_picked":["Barrage","Ball Lightning"],"picked":"Chill","floor":8},{"not_picked":["Redo","Rebound"],"picked":"Aggregate","floor":10},{"not_picked":["Compile Driver","Leap"],"picked":"Beam Cell","floor":11},{"not_picked":["Crystallizer","Gash"],"picked":"Scrape","floor":12}],"player_experience":197840,"relics_obtained":[{"floor":6,"key":"Replay:Ringing Soul"},{"floor":8,"key":"hubris:CrystalStatue"},{"floor":9,"key":"Regal Pillow"},{"floor":10,"key":"Blue Candle"}],"event_choices":[],"is_beta":false,"boss_relics":[],"items_purged_floors":[2],"is_endless":false,"potions_floor_spawned":[8,10,11],"killed_by":"Lagavulin","ascension_level":5}}