{"host":"56ghxnzsglgdq727","time":1609488651,"event":{"mods":["AchievementEnabler","BaseMod","Minty Spire (QoL Compilation)"],"gold_per_floor":[116,126,126,201,217,217,142,183,183,183,207,207,222,245,245,368,368,384,400,147,147,147,147],"floor_reached":22,"playtime":698,"items_purged":["Zap","Strike_B"],"score":195,"play_id":"8407b056-6a83-4097-ae46-47ca909e234e","local_time":"20210101031051","is_ascension_mode":true,"campfire_choices":[{"floor":6,"key":"REST"},{"floor":10,"key":"REST"},{"floor":15,"key":"REST"}],"circlet_count":0,"master_deck":["Strike_B","Strike_B","Defend_B","Defend_B","Dualcast","Darkness","Creative AI"],"relics":["Cracked Core","Golden Idol","InkBottle","Dream Catcher","Singing Bowl","Empty Cage","Blood Vial"],"acts_visited":["Exordium","TheCity"],"potions_floor_usage":[5,5,8,16,18,19],"damage_taken":[{"damage":8,"enemies":"Jaw Worm","floor":1,"turns":4},{"damage":0,"enemies":"Small Slimes","floor":2,"turns":3},{"damage":0,"enemies":"Cultist","floor":5,"turns":4},{"damage":16,"enemies":"Lagavulin","floor":8,"turns":6},{"damage":4,"enemies":"Blue Slaver","floor":11,"turns":6},{"damage":12,"enemies":"Exordium Thugs","floor":13,"turns":4},{"damage":23,"enemies":"Lots of Slimes","floor":14,"turns":5},{"damage":23,"enemies":"Hexaghost","floor":16,"turns":8},{"damage":48,"enemies":"Shell Parasite","floor":18,"turns":7},{"damage":32,"enemies":"Spheric Guardian","floor":19,"turns":6},{"damage":21,"enemies":"Centurion and Healer","floor":22,"turns":4}],"seed_played":"-7667643402912232212","potions_obtained":[{"floor":0,"key":"Fire Potion"},{"floor":0,"key":"FearPotion"},{"floor":0,"key":"PowerPotion"},{"floor":2,"key":"DuplicationPotion"},{"floor":8,"key":"PowerPotion"},{"floor":13,"key":"BlessingOfTheForge"},{"floor":16,"key":"Regen Potion"},{"floor":18,"key":"Explosive Potion"}],"is_trial":false,"path_per_floor":["M","M","?","?","M","R","$","E","T","R","M","?","M","M","R","B",null,"M","M","$","?","M"],"character_chosen":"DEFECT","items_purchased":["Blood Vial"],"campfire_rested":3,"item_purchase_floors":[20],"current_hp_per_floor":[67,67,49,38,38,60,60,44,44,66,62,62,52,31,56,33,81,50,20,20,20,1,1],"gold":147,"neow_bonus":"THREE_SMALL_POTIONS","is_daily":false,"chose_seed":false,"campfire_upgraded":0,"win_rate":0.0,"timestamp":1609488651,"path_taken":["M","M","?","?","M","R","$","E","T","R","M","?","?","M","R","BOSS","M","M","$","?","M"],"items_purchased_type":["Relic"],"build_version":"2020-12-22","purchased_purges":2,"victory":false,"max_hp_per_floor":[75,75,75,75,75,75,75,75,75,75,75,75,77,79,81,81,81,83,85,85,85,85,85],"card_choices":[{"not_picked":["Melter","Sweeping Beam"],"picked":"Darkness","floor":1},{"not_picked":["Cold Snap","Amplify","Streamline"],"picked":"SKIP","floor":2},{"not_picked":["Ball Lightning","Double Energy","Leap"],"picked":"SKIP","floor":5},{"not_picked":["Reprogram","Genetic Algorithm","Chaos"],"picked":"SKIP","floor":8},{"not_picked":["Ball Lightning","Cold Snap","Thunder Strike"],"picked":"SKIP","floor":11},{"not_picked":["Stack","Coolheaded","Skim"],"picked":"Singing Bowl","floor":13},{"not_picked":["Conserve Battery","Hologram","Go for the Eyes"],"picked":"Singing Bowl","floor":14},{"not_picked":["Steam Power","White Noise","Streamline"],"picked":"Singing Bowl","floor":15},{"not_picked":["Machine Learning","Electrodynamics"],"picked":"Creative AI","floor":16},{"not_picked":["Coolheaded","Gash+1","Cold Snap+1"],"picked":"Singing Bowl","floor":18},{"not_picked":["Compile Driver","Reprogram","Streamline"],"picked":"Singing Bowl","floor":19}],"player_experience":77373,"relics_obtained":[{"floor":8,"key":"InkBottle"},{"floor":9,"key":"Dream Catcher"}],"event_choices":[{"damage_healed":0,"gold_gain":0,"player_choice":"Take Damage","damage_taken":18,"relics_obtained":["Golden Idol"],"max_hp_gain":0,"max_hp_loss":0,"event_name":"Golden Idol","floor":3,"gold_loss":0},{"damage_healed":0,"gold_gain":75,"player_choice":"Gather Gold","damage_taken":11,"max_hp_gain":0,"max_hp_loss":0,"event_name":"World of Goop","floor":4,"gold_loss":0},{"damage_healed":0,"gold_gain":0,"player_choice":"Gave Potion","damage_taken":0,"relics_obtained":["Singing Bowl"],"max_hp_gain":0,"max_hp_loss":0,"event_name":"WeMeetAgain","floor":12,"gold_loss":0},{"cards_removed":["Defend_B"],"damage_healed":0,"gold_gain":0,"player_choice":"Offered Basic","damage_taken":0,"max_hp_gain":0,"max_hp_loss":0,"event_name":"Bonfire Elementals","floor":21,"gold_loss":0}],"is_beta":false,"boss_relics":[{"not_picked":["Nuclear Battery","Fusion Hammer"],"picked":"Empty Cage"}],"items_purged_floors":[7,20],"is_endless":false,"potions_floor_spawned":[2,8,13,16,18],"killed_by":"Centurion and Healer","ascension_level":1}}