{"host":"2pt9f5ojqg0apn28","time":1609545508,"event":{"mods":["AchievementEnabler","BaseMod","Better Altar","Better Match","Better Note","Better Sensory Stone","Better Skull","Better Third Choice","Colored Map","Colored Powertips","Hubris","Infinite Spire","Lobotomy","LobotomyExtend","Minty Spire (QoL Compilation)","Replay The Spire","StSLib"],"gold_per_floor":[119,119,119,130,146,172,172,183,183,201,231,231,249,452,452,557,557,567,265,265,236,236,236,255,255,281,291,291,359,378,406,406,506,556,573,573,584,584,584],"floor_reached":38,"playtime":7714,"items_purged":["Decay","Spreading Infection"],"score":451,"play_id":"712015f4-3f7a-45c4-b3bb-8188756598cb","local_time":"20210102065828","is_ascension_mode":true,"campfire_choices":[{"floor":7.0,"key":"REST"},{"floor":15,"key":"REST"},{"floor":23,"key":"REST"},{"floor":28,"key":"REST"},{"floor":32,"key":"REST"}],"circlet_count":0,"master_deck":["Defend_G","Defend_G","Defend_G","Defend_G","Survivor","Neutralize","Discovery","infinitespire:Collect","Malaise","Quick Slash","Draining Mist","Flying Knee","Bouncing Flask","Terror","Die Die Die","Leg Sweep","Bite","Bite","Bite","Bite","Bite","Poisoned Stab+1","Footwork","Envenom","Glass Knife","Bane+1"],"relics":["ReplayTheSpireMod:SealedPack","LetterFromLob","infinitespire:Cubic Diamond","Replay:Bottled Flurry","White Beast Statue","Replay:Wax Seal","Ring of Chaos","Sling","hubris:ToyBattleship","Smiling Mask","hubris:GrandSneckoEye","Chemical X","Blue Doll","infinitespire:FocusingShard","hubris:MobiusCoin","SlaversCollar"],"acts_visited":["Exordium","TheCity","TheBeyond"],"potions_floor_usage":[16,16,16,27,31,31,31,33],"damage_taken":[{"damage":0.0,"enemies":"Jaw Worm","floor":1.0,"turns":3.0},{"damage":10.0,"enemies":"Small Slimes","floor":4.0,"turns":3.0},{"damage":7.0,"enemies":"Cultist","floor":5.0,"turns":4.0},{"damage":22.0,"enemies":"Replay:BlueRogue","floor":6.0,"turns":6.0},{"damage":4.0,"enemies":"2 Fungi Beasts","floor":8.0,"turns":3.0},{"damage":0.0,"enemies":"Gremlin Gang","floor":10.0,"turns":1.0},{"damage":22.0,"enemies":"Gremlin Nob","floor":11.0,"turns":4.0},{"damage":18.0,"enemies":"Large Slime","floor":13.0,"turns":7.0},{"damage":40,"enemies":"The Guardian","floor":16,"turns":9},{"damage":17,"enemies":"Shell Parasite","floor":18,"turns":6},{"damage":26,"enemies":"2 Thieves","floor":21,"turns":5},{"damage":25,"enemies":"Snake Plant","floor":24,"turns":5},{"damage":12,"enemies":"Centurion and Healer","floor":27,"turns":3},{"damage":16,"enemies":"Shelled Parasite and Fungi","floor":30,"turns":6},{"damage":22,"enemies":"Gremlin Leader","floor":31,"turns":6},{"damage":29,"enemies":"hubris:MusketHawk","floor":33,"turns":7},{"damage":11,"enemies":"Orb Walker","floor":35,"turns":3},{"damage":41,"enemies":"3 Darklings","floor":37,"turns":5},{"damage":17,"enemies":"Spire Growth","floor":38,"turns":2}],"seed_played":"4183917647242239756","potions_obtained":[{"floor":1.0,"key":"Weak Potion"},{"floor":4.0,"key":"LiquidMemories"},{"floor":6.0,"key":"infinitespire:BlackPotion"},{"floor":10.0,"key":"Adrenaline Potion"},{"floor":11.0,"key":"Toxic Potion"},{"floor":13.0,"key":"Poison Potion"},{"floor":16,"key":"Dexterity Potion"},{"floor":18,"key":"SpeedPotion"},{"floor":21,"key":"LifebloodPotion"},{"floor":27,"key":"Elixir"},{"floor":31,"key":"Flashbang"},{"floor":33,"key":"AttackPotion"},{"floor":35,"key":"Poison Potion"},{"floor":37,"key":"LifebloodPotion"}],"is_trial":false,"path_per_floor":["M","?","?","M","M","E","R","M","T","M","E","?","M","?","R","B",null,"M","$","?","M","?","R","M","AVR","T","M","R","T","M","E","R","B",null,"M","?","M","M"],"character_chosen":"THE_SILENT","items_purchased":["Leg Sweep","Sling"],"campfire_rested":5,"item_purchase_floors":[19,19],"current_hp_per_floor":[70,70,70,60,53,31,52,48,48,48,26,80,62,42,66,26,80,63,63,30,4,4,20,11,11,11,7,23,23,19,11,27,15,56,50,50,14,0,0],"gold":584,"neow_bonus":"BOSS_RELIC","is_daily":false,"chose_seed":false,"campfire_upgraded":0,"win_rate":0.0,"timestamp":1609545508,"path_taken":["M","?","?","M","?","E","R","M","T","M","E","?","?","?","R","BOSS","M","$","?","?","?","R","M","AVR","T","M","R","?","M","E","R","BOSS","M","?","?","M"],"items_purchased_type":["Card","Relic"],"build_version":"2020-12-22","purchased_purges":2,"victory":false,"max_hp_per_floor":[70,70,70,70,70,70,70,70,70,70,70,80,80,80,80,80,80,80,80,80,80,56,56,56,56,56,56,56,56,56,56,56,56,56,56,56,56,56,56],"card_choices":[{"not_picked":["Good Instincts","Blind"],"picked":"Discovery","floor":0.0},{"not_picked":["infinitespire:NeuralNetwork","infinitespire:TheBestDefense"],"picked":"infinitespire:Collect","floor":0.0},{"not_picked":["Replay:Bag of Tricks","Wraith Form v2"],"picked":"Malaise","floor":0.0},{"not_picked":["hubris:SlightOfHand","Well Laid Plans"],"picked":"Quick Slash","floor":1.0},{"not_picked":["Underhanded Strike","hubris:SlightOfHand"],"picked":"Corpse Explosion","floor":4.0},{"not_picked":["hubris:TrickCloak","hubris:SlightOfHand","Dodge and Roll"],"picked":"SKIP","floor":5.0},{"not_picked":["Backflip","Hidden Blade"],"picked":"Draining Mist","floor":6.0},{"not_picked":["Venomology","Prepared"],"picked":"Flying Knee","floor":8.0},{"not_picked":["Backflip","hubris:SlightOfHand"],"picked":"Bouncing Flask","floor":10.0},{"not_picked":["ReplayTheSpireMod:Shiv Toss","Acrobatics","Replay:Bag of Tricks"],"picked":"SKIP","floor":11.0},{"not_picked":["Dagger Spray","Well Laid Plans","Outmaneuver"],"picked":"SKIP","floor":13.0},{"not_picked":["Blade Dance","Backstab"],"picked":"Terror","floor":14.0},{"not_picked":["Doppelganger","Tools of the Trade"],"picked":"Die Die Die","floor":16},{"not_picked":["hubris:SlightOfHand","Acrobatics","Outmaneuver"],"picked":"SKIP","floor":18},{"not_picked":["Hidden Blade+1","Dagger Spray","Malaise"],"picked":"SKIP","floor":21},{"not_picked":["Escape Plan","Sneak Up","Dagger Throw"],"picked":"SKIP","floor":24},{"not_picked":["Footwork","Hidden Blade","hubris:SlightOfHand"],"picked":"SKIP","floor":27},{"not_picked":["Predator","Quick Slash"],"picked":"Poisoned Stab+1","floor":30},{"not_picked":["Backflip","Dagger Spray+1"],"picked":"Footwork","floor":31},{"not_picked":["A Thousand Cuts","Phantasmal Killer"],"picked":"Envenom","floor":33},{"not_picked":["Masterful Stab","Dash","PiercingWail"],"picked":"SKIP","floor":35},{"not_picked":["Tactician","Fluid Movement"],"picked":"Bane+1","floor":37}],"player_experience":16639,"relics_obtained":[{"floor":1.0,"key":"LetterFromLob"},{"floor":6.0,"key":"Replay:Bottled Flurry"},{"floor":9.0,"key":"White Beast Statue"},{"floor":11.0,"key":"Replay:Wax Seal"},{"floor":26,"key":"Blue Doll"},{"floor":29,"key":"infinitespire:FocusingShard"},{"floor":31,"key":"hubris:MobiusCoin"}],"event_choices":[{"damage_healed":0.0,"max_hp_gain":0.0,"max_hp_loss":0.0,"gold_gain":0.0,"event_name":"Wheel of Change","player_choice":"Cursed","floor":3.0,"gold_loss":0.0,"damage_taken":0.0,"cards_obtained":["Decay"]},{"cards_removed":["Corpse Explosion"],"damage_healed":44.0,"max_hp_gain":10.0,"max_hp_loss":0.0,"gold_gain":0.0,"event_name":"Bonfire Elementals","player_choice":"Offered Rare","floor":12.0,"gold_loss":0.0,"damage_taken":0.0},{"damage_healed":0,"gold_gain":0,"player_choice":"RE RE ","damage_taken":37,"relics_obtained":["hubris:ToyBattleship","Smiling Mask"],"max_hp_gain":0,"max_hp_loss":0,"event_name":"betterSkull:BetterSkull","floor":20,"gold_loss":0,"cards_upgraded":[]},{"damage_healed":0,"gold_gain":0,"player_choice":"Became a vampire","damage_taken":0,"max_hp_gain":0,"max_hp_loss":24,"event_name":"Vampires","floor":22,"gold_loss":0,"cards_obtained":["Bite","Bite","Bite","Bite","Bite"]},{"damage_healed":0,"gold_gain":0,"cards_transformed":["Defend_G"],"player_choice":"Transformed","damage_taken":0,"max_hp_gain":0,"max_hp_loss":0,"event_name":"Transmorgrifier","floor":36,"gold_loss":0,"cards_obtained":["Glass Knife"]}],"is_beta":false,"boss_relics":[{"not_picked":["Black Star","hubris:Stopwatch"],"picked":"Ring of Chaos"},{"not_picked":["Replay:Wanted Poster","Empty Cage"],"picked":"SlaversCollar"}],"items_purged_floors":[19,25],"is_endless":false,"potions_floor_spawned":[1,4,6,10,11,13,16,18,21,24,27,30,31,33,35,37],"killed_by":"Spire Growth","ascension_level":1}}