{"host":"49c2zf0lajbcs427","time":1609488519,"event":{"mods":["AchievementEnabler","BaseMod","Colored Map","Colored Powertips","Highlight Path","Key Reminder","Minty Spire (QoL Compilation)","Relic Stats","StSLib"],"gold_per_floor":[110,129,139,155,155,155,182,192,264,264,274,299,314,314,314,389,389,400,476,26,26,26,26,36,61,61,61,12,12,37,56,56,131,131,147,147,127,145,145,178,194,194,194,204,236,255,281,357,357,357,357,357,62,87,87,87],"floor_reached":55,"playtime":3708,"items_purged":[],"score":1336,"play_id":"8d25c2ad-5f9c-4bd5-a3c4-4afd6eba67c0","local_time":"20210101210839","is_ascension_mode":true,"campfire_choices":[{"data":"Bash","floor":6,"key":"SMITH"},{"floor":10,"key":"REST"},{"data":"Blood for Blood","floor":15,"key":"SMITH"},{"data":"Demon Form","floor":23,"key":"SMITH"},{"data":"Armaments","floor":27,"key":"SMITH"},{"data":"Clothesline","floor":29,"key":"SMITH"},{"data":"Immolate","floor":32,"key":"SMITH"},{"data":"Heavy Blade","floor":42,"key":"SMITH"},{"floor":49,"key":"RECALL"},{"data":"Flame Barrier","floor":52,"key":"SMITH"}],"circlet_count":0,"master_deck":["AscendersBane","Strike_R","Strike_R","Strike_R","Strike_R","Strike_R","Defend_R","Defend_R","Defend_R","Defend_R","Bash+1","Blood for Blood+1","Rage","Headbutt","Pain","Anger","Clothesline+1","Combust","Reaper","Flame Barrier+1","Demon Form+1","Armaments+1","Shrug It Off","Body Slam+1","Immolate+1","Offering","Dark Shackles","Heavy Blade+1","Sword Boomerang","Apotheosis+1"],"relics":["Runic Cube","WarpedTongs","Incense Burner","Pear","Turnip","Coffee Dripper","Eternal Feather","Kunai","Strawberry","White Beast Statue","Anchor","Snecko Eye","Ancient Tea Set","Centennial Puzzle","PreservedInsect","Toxic Egg 2","Bronze Scales"],"acts_visited":["Exordium","TheCity","TheBeyond","TheEnding"],"potions_floor_usage":[2,7,16,18,30,33,40,44,45,47,50,55,55],"damage_taken":[{"damage":6,"enemies":"Cultist","floor":1,"turns":4},{"damage":10,"enemies":"Small Slimes","floor":2,"turns":3},{"damage":2,"enemies":"2 Louse","floor":3,"turns":3},{"damage":15,"enemies":"Lots of Slimes","floor":4,"turns":4},{"damage":25,"enemies":"3 Sentries","floor":7,"turns":6},{"damage":7,"enemies":"Exordium Wildlife","floor":8,"turns":4},{"damage":1,"enemies":"3 Louse","floor":11,"turns":4},{"damage":14,"enemies":"Lagavulin","floor":12,"turns":5},{"damage":5,"enemies":"Red Slaver","floor":13,"turns":3},{"damage":18,"enemies":"Hexaghost","floor":16,"turns":5},{"damage":2,"enemies":"Spheric Guardian","floor":18,"turns":4},{"damage":24,"enemies":"Shell Parasite","floor":24,"turns":8},{"damage":54,"enemies":"Gremlin Leader","floor":30,"turns":7},{"damage":7,"enemies":"Chosen and Byrds","floor":31,"turns":6},{"damage":13,"enemies":"Collector","floor":33,"turns":6},{"damage":0,"enemies":"3 Shapes","floor":35,"turns":3},{"damage":10,"enemies":"Orb Walker","floor":38,"turns":2},{"damage":16,"enemies":"Reptomancer","floor":40,"turns":5},{"damage":11,"enemies":"Sphere and 2 Shapes","floor":41,"turns":3},{"damage":20,"enemies":"3 Darklings","floor":44,"turns":4},{"damage":14,"enemies":"Nemesis","floor":45,"turns":7},{"damage":14,"enemies":"Spire Growth","floor":46,"turns":5},{"damage":27,"enemies":"Giant Head","floor":47,"turns":7},{"damage":94,"enemies":"Donu and Deca","floor":50,"turns":8},{"damage":42,"enemies":"Shield and Spear","floor":54,"turns":5},{"damage":55,"enemies":"The Heart","floor":55,"turns":5}],"seed_played":"789464106025106107","potions_obtained":[{"floor":1,"key":"BloodPotion"},{"floor":3,"key":"CultistPotion"},{"floor":8,"key":"GamblersBrew"},{"floor":11,"key":"PowerPotion"},{"floor":24,"key":"Swift Potion"},{"floor":30,"key":"AttackPotion"},{"floor":31,"key":"Strength Potion"},{"floor":33,"key":"SpeedPotion"},{"floor":37,"key":"Explosive Potion"},{"floor":40,"key":"Fruit Juice"},{"floor":41,"key":"HeartOfIron"},{"floor":44,"key":"DistilledChaos"},{"floor":45,"key":"LiquidMemories"},{"floor":47,"key":"Swift Potion"}],"is_trial":false,"path_per_floor":["M","M","M","M","?","R","E","M","T","R","M","E","M","?","R","B",null,"M","T","$","?","?","R","M","T","T","R","$","R","E","M","R","B",null,"M","?","?","M","$","E","M","R","T","M","E","M","E","T","R","B",null,"R","$","E","B"],"character_chosen":"IRONCLAD","items_purchased":["Demon Form","Kunai","Armaments","Shrug It Off","Sword Boomerang","Apotheosis+1","AttackPotion"],"campfire_rested":1,"item_purchase_floors":[20,20,20,28,53,53,53],"current_hp_per_floor":[62,67,65,50,50,50,25,18,28,53,52,38,33,33,33,15,68,66,66,66,66,66,78,60,67,67,79,79,91,37,45,60,77,88,92,82,82,72,72,76,75,90,90,70,74,76,68,68,83,9,75,90,90,55,0,0],"gold":87,"neow_bonus":"BOSS_RELIC","is_daily":false,"chose_seed":false,"campfire_upgraded":8,"win_rate":0.0,"timestamp":1609488519,"path_taken":["M","M","?","M","?","R","E","?","T","R","M","E","M","?","R","BOSS","M","?","$","?","?","R","?","?","T","R","$","R","E","M","R","BOSS","M","?","?","?","?","E","?","R","T","M","E","M","E","?","R","BOSS","R","$","E","BOSS"],"items_purchased_type":["Card","Relic","Card","Card","Card","Card","Potion"],"build_version":"2020-12-22","purchased_purges":0,"victory":false,"max_hp_per_floor":[75,75,75,75,75,75,75,75,85,85,85,85,85,85,85,85,85,85,85,85,85,85,85,85,92,92,92,92,92,92,92,92,92,92,92,92,92,92,92,97,97,97,97,97,97,97,97,97,97,97,97,97,97,97,97,97],"relic_stats":{"Centennial Puzzle":[15],"counters":[26,126],"Bronze Scales":[48],"Snecko Eye":[119,127,99,132],"Eternal Feather":96,"Turnip":[10],"PreservedInsect":77,"Kunai":[35],"obtain_stats":[{"Pear":9,"Eternal Feather":19,"PreservedInsect":47,"Incense Burner":7,"Ancient Tea Set":40,"Burning Blood":0,"White Beast Statue":26,"WarpedTongs":5,"keyreminder:keyreminder":43,"Anchor":30,"Centennial Puzzle":45,"Strawberry":25,"Bronze Scales":54,"Snecko Eye":34,"Turnip":12,"Coffee Dripper":17,"Kunai":20,"Toxic Egg 2":48,"Runic Cube":0},{"Pear":6,"Eternal Feather":11,"PreservedInsect":23,"Incense Burner":5,"Ancient Tea Set":18,"Burning Blood":0,"White Beast Statue":12,"WarpedTongs":4,"keyreminder:keyreminder":19,"Anchor":13,"Centennial Puzzle":21,"Strawberry":12,"Bronze Scales":25,"Snecko Eye":15,"Turnip":8,"Coffee Dripper":10,"Kunai":11,"Toxic Egg 2":23,"Runic Cube":0},{"Pear":24,"Eternal Feather":45,"PreservedInsect":108,"Incense Burner":20,"Ancient Tea Set":82,"Burning Blood":0,"White Beast Statue":53,"WarpedTongs":14,"keyreminder:keyreminder":85,"Anchor":60,"Centennial Puzzle":96,"Strawberry":53,"Bronze Scales":121,"Snecko Eye":72,"Turnip":33,"Coffee Dripper":41,"Kunai":45,"Toxic Egg 2":108,"Runic Cube":0}],"Runic Cube":[194],"WarpedTongs":[109]},"card_choices":[{"not_picked":["Feel No Pain","True Grit"],"picked":"Blood for Blood","floor":1},{"not_picked":["Metallicize","True Grit"],"picked":"Rage","floor":2},{"not_picked":["Dark Embrace","Entrench","Sever Soul"],"picked":"SKIP","floor":3},{"not_picked":["Shrug It Off","Havoc"],"picked":"Headbutt","floor":4},{"not_picked":["Dark Embrace","Wild Strike"],"picked":"Anger","floor":7},{"not_picked":["Havoc","Warcry"],"picked":"Clothesline","floor":8},{"not_picked":["Sentinel","Havoc"],"picked":"Combust","floor":11},{"not_picked":["Flex","Carnage","Double Tap"],"picked":"SKIP","floor":12},{"not_picked":["True Grit","Clothesline","Thunderclap"],"picked":"SKIP","floor":13},{"not_picked":["Barricade","Limit Break"],"picked":"Reaper","floor":16},{"not_picked":["Perfected Strike","Clothesline"],"picked":"Flame Barrier","floor":18},{"not_picked":["Headbutt","Wild Strike","Uppercut"],"picked":"SKIP","floor":24},{"not_picked":["Dropkick","Rampage"],"picked":"Body Slam+1","floor":30},{"not_picked":["Wild Strike","Metallicize"],"picked":"Immolate","floor":31},{"not_picked":["Corruption","Impervious"],"picked":"Offering","floor":33},{"not_picked":["Pommel Strike","Fire Breathing","Metallicize"],"picked":"SKIP","floor":35},{"not_picked":["PanicButton","Deep Breath"],"picked":"Dark Shackles","floor":36},{"not_picked":["Pommel Strike","Havoc","Thunderclap"],"picked":"SKIP","floor":38},{"not_picked":["Evolve","Twin Strike+1"],"picked":"Heavy Blade","floor":40},{"not_picked":["Warcry","Berserk","Armaments"],"picked":"SKIP","floor":41},{"not_picked":["Wild Strike","Battle Trance+1","Power Through"],"picked":"SKIP","floor":44},{"not_picked":["Cleave","Combust","Heavy Blade"],"picked":"SKIP","floor":45},{"not_picked":["Pommel Strike","Twin Strike","Infernal Blade+1"],"picked":"SKIP","floor":46},{"not_picked":["Iron Wave","Rampage+1","Flex+1"],"picked":"SKIP","floor":47},{"not_picked":["Fire Breathing","Havoc+1","Combust"],"picked":"SKIP","floor":54}],"player_experience":2219130,"relics_obtained":[{"floor":7,"key":"Incense Burner"},{"floor":9,"key":"Pear"},{"floor":12,"key":"Turnip"},{"floor":19,"key":"Eternal Feather"},{"floor":25,"key":"Strawberry"},{"floor":26,"key":"White Beast Statue"},{"floor":30,"key":"Anchor"},{"floor":40,"key":"Ancient Tea Set"},{"floor":45,"key":"Centennial Puzzle"},{"floor":47,"key":"PreservedInsect"},{"floor":48,"key":"Toxic Egg 2"},{"floor":54,"key":"Bronze Scales"}],"event_choices":[{"damage_healed":0,"gold_gain":0,"player_choice":"Rummage","damage_taken":0,"relics_obtained":["WarpedTongs"],"max_hp_gain":0,"max_hp_loss":0,"event_name":"Accursed Blacksmith","floor":5,"gold_loss":0,"cards_obtained":["Pain"]},{"damage_healed":0,"gold_gain":0,"player_choice":"Ignored","damage_taken":0,"max_hp_gain":0,"max_hp_loss":0,"event_name":"Fountain of Cleansing","floor":14,"gold_loss":0},{"damage_healed":0,"gold_gain":0,"player_choice":"0 cards matched","damage_taken":0,"max_hp_gain":0,"max_hp_loss":0,"event_name":"Match and Keep!","floor":22,"gold_loss":0,"cards_obtained":[]},{"damage_healed":0,"gold_gain":0,"player_choice":"Memory 3","damage_taken":10,"max_hp_gain":0,"max_hp_loss":0,"event_name":"SensoryStone","floor":36,"gold_loss":0},{"damage_healed":0,"gold_gain":0,"player_choice":"Bought 1 Potion","damage_taken":0,"max_hp_gain":0,"max_hp_loss":0,"event_name":"The Woman in Blue","floor":37,"gold_loss":0}],"is_beta":false,"boss_relics":[{"not_picked":["SlaversCollar","Empty Cage"],"picked":"Coffee Dripper"},{"not_picked":["Cursed Key","Philosopher\u0027s Stone"],"picked":"Snecko Eye"}],"items_purged_floors":[],"is_endless":false,"potions_floor_spawned":[1,3,8,11,13,24,30,31,33,35,38,40,41,44,45,46,47,54],"killed_by":"The Heart","ascension_level":15}}