{"host":"rknezr0ykt7pds1i","time":1609482353,"event":{"mods":["BaseMod","Downfall","Marisa????????","Minty Spire (QoL Compilation)","Replay The Spire","StSLib","The Alterego","The Servant 0.9.4","Waifu the Spire"],"gold_per_floor":[218,235,235,293,12,42,42,42,42,72,37,55,71,71,71],"floor_reached":14,"playtime":762,"items_purged":[],"score":103,"play_id":"2dd1f95b-e4b6-4185-8b34-fbc54bbce559","local_time":"20210101012553","is_ascension_mode":true,"campfire_choices":[{"data":"alterego_mod:Palingenesis","floor":7,"key":"SMITH"}],"circlet_count":0,"master_deck":["alterego_mod:Strike","alterego_mod:Strike","alterego_mod:Strike","alterego_mod:Strike","alterego_mod:Defend","alterego_mod:Defend","alterego_mod:Defend","alterego_mod:Defend","alterego_mod:Impale","alterego_mod:BigMeatyClaws","alterego_mod:BrynhildrsRune","alterego_mod:Maid","alterego_mod:GoddessCore","alterego_mod:Skirt","alterego_mod:Palingenesis+1","alterego_mod:Collar","alterego_mod:Exercise","alterego_mod:Jiggle"],"relics":["alterego_mod:MasochisticConstitution","Singing Bowl","Pocketwatch","Replay:Accelerometer","Replay:Wax Seal"],"acts_visited":["Exordium"],"potions_floor_usage":[],"damage_taken":[{"damage":15,"enemies":"Cultist","floor":1,"turns":6},{"damage":3,"enemies":"Jaw Worm","floor":2,"turns":6},{"damage":37,"enemies":"3 Sentries","floor":6,"turns":13},{"damage":32,"enemies":"Lagavulin","floor":10,"turns":9},{"damage":7,"enemies":"Small Slimes","floor":12,"turns":5},{"damage":9,"enemies":"Exordium Thugs","floor":13,"turns":6},{"damage":9,"enemies":"Replay:BlueRogue","floor":14,"turns":1}],"seed_played":"6560892947653654883","potions_obtained":[{"floor":1,"key":"sneckomod:MuddlingPotion"},{"floor":12,"key":"Milkshake"}],"is_trial":false,"path_per_floor":["M","M","$","?","$","E","R","?","T","E","$","M","M","E"],"character_chosen":"The_Alterego","items_purchased":["alterego_mod:Skirt","Singing Bowl","alterego_mod:Exercise"],"campfire_rested":0,"item_purchase_floors":[5,5,11],"current_hp_per_floor":[56,61,61,61,61,46,46,39,39,8,8,11,3,0,0],"gold":71,"neow_bonus":"HUNDRED_GOLD","is_daily":false,"chose_seed":false,"campfire_upgraded":1,"win_rate":0.0,"timestamp":1609482353,"path_taken":["M","?","?","?","$","E","R","?","T","E","$","?","?","E"],"items_purchased_type":["Card","Relic","Card"],"build_version":"2020-12-22","purchased_purges":0,"victory":false,"max_hp_per_floor":[71,72,72,72,72,73,73,73,73,74,74,77,78,78,78],"card_choices":[{"not_picked":["alterego_mod:Swimsuit","alterego_mod:Cycle"],"picked":"alterego_mod:Maid","floor":1},{"not_picked":["alterego_mod:Mirror","alterego_mod:Complex"],"picked":"alterego_mod:GoddessCore","floor":2},{"not_picked":["alterego_mod:Undulate","alterego_mod:HighServant"],"picked":"alterego_mod:Palingenesis","floor":6},{"not_picked":["alterego_mod:Bunnysuit","alterego_mod:SuperDuperMasochism"],"picked":"alterego_mod:Collar","floor":10},{"not_picked":["alterego_mod:Jiggle","alterego_mod:1TonWallop","alterego_mod:Cycle"],"picked":"Singing Bowl","floor":12},{"not_picked":["alterego_mod:DestructionOfProperty","alterego_mod:Mirror"],"picked":"alterego_mod:Jiggle","floor":13}],"player_experience":210595,"relics_obtained":[{"floor":6,"key":"Pocketwatch"},{"floor":9,"key":"Replay:Accelerometer"},{"floor":10,"key":"Replay:Wax Seal"}],"event_choices":[{"damage_healed":0,"gold_gain":58,"player_choice":"Gained Gold","damage_taken":0,"max_hp_gain":0,"max_hp_loss":0,"event_name":"Golden Wing","floor":4,"gold_loss":0},{"damage_healed":0,"gold_gain":0,"player_choice":"Damaged","damage_taken":7,"max_hp_gain":0,"max_hp_loss":0,"event_name":"Wheel of Change","floor":8,"gold_loss":0}],"is_beta":false,"boss_relics":[],"items_purged_floors":[],"is_endless":false,"potions_floor_spawned":[1,12],"killed_by":"Replay:BlueRogue","ascension_level":1}}