{"host":"7k2a2omxz3voj5ax","time":1609493527,"event":{"mods":["BaseMod","Lobotomy","Marisa£¨ìFÓê¡¡Ä§ÀíÉ³£©","Minty Spire (QoL Compilation)","Quick Restart","Spicy Shops","StSLib","Starting Relic: Pandora\u0027s Box","óô»ðÖ¸ÄÏ"],"gold_per_floor":[113,1138,1138,1154,1229,1229,1258,1258,1258,1281,1307,1322,1322,1322],"floor_reached":13,"playtime":466,"items_purged":[],"score":182,"play_id":"01a233a7-8545-4fd1-b726-35f58459dfc1","local_time":"20210101183207","is_ascension_mode":true,"campfire_choices":[{"data":"UpSweep","floor":6.0,"key":"SMITH"},{"data":"MilkyWay","floor":8.0,"key":"SMITH"}],"circlet_count":0,"master_deck":["AscendersBane","MasterSpark","UpSweep+1","OneTimeOff","MysteriousBeam","Singularity","MilkyWay+1","PropBag","Singularity","PowerUp","OldLady","BlazeAway"],"relics":["MiniHakkero","CogitoBucket","Regal Pillow","Boot","Smiling Mask","Ornamental Fan"],"acts_visited":["Exordium"],"potions_floor_usage":[],"damage_taken":[{"damage":7.0,"enemies":"Small Slimes","floor":1.0,"turns":3.0},{"damage":6.0,"enemies":"2 Louse","floor":4.0,"turns":3.0},{"damage":17.0,"enemies":"3 Sentries","floor":7.0,"turns":5.0},{"damage":20.0,"enemies":"Lagavulin","floor":11.0,"turns":4.0},{"damage":0,"enemies":"Cultist","floor":12,"turns":3},{"damage":10,"enemies":"3 Sentries","floor":13,"turns":1}],"seed_played":"-52558344056008287","potions_obtained":[{"floor":1.0,"key":"DuplicationPotion"},{"floor":7.0,"key":"ColorlessPotion"},{"floor":12,"key":"Energy Potion"}],"is_trial":false,"path_per_floor":["M","?","?","M","?","R","E","R","T","T","E","M","E"],"character_chosen":"MARISA","items_purchased":[],"campfire_rested":0,"item_purchase_floors":[],"current_hp_per_floor":[56,56,61,55,44,44,27,27,27,27,7,7,0,0],"gold":1322,"neow_bonus":"","is_daily":false,"chose_seed":false,"campfire_upgraded":2,"win_rate":0.0,"timestamp":1609493527,"path_taken":["M","?","?","M","?","R","E","R","T","?","E","M","E"],"items_purchased_type":[],"build_version":"2020-12-22","purchased_purges":0,"victory":false,"max_hp_per_floor":[70,70,75,75,75,75,75,75,75,75,75,75,75,75],"card_choices":[{"not_picked":["Bloodbath","WhitesApple"],"picked":"OldLady","floor":1.0},{"not_picked":["ShootingEcho","WitchLeyline","GalacticHalo"],"picked":"SKIP","floor":1.0},{"not_picked":["DarkMatter","DragonMeteor","ChargeUpSpray"],"picked":"SKIP","floor":4.0},{"not_picked":["WitchLeyline","OpenUniverse","NonDirectionalLaser"],"picked":"SKIP","floor":7.0},{"not_picked":["LuminesStrike","FairyDestructionRay"],"picked":"BlazeAway","floor":11},{"not_picked":["Singularity","SporeBomb","GravityBeat"],"picked":"SKIP","floor":12}],"player_experience":398635,"relics_obtained":[{"floor":7.0,"key":"Regal Pillow"},{"floor":10.0,"key":"Boot"},{"floor":11,"key":"Smiling Mask"}],"event_choices":[{"cards_removed":["IllusionStar"],"damage_healed":0.0,"max_hp_gain":0.0,"max_hp_loss":0.0,"gold_gain":0.0,"event_name":"The Cleric","player_choice":"Card Removal","floor":2.0,"gold_loss":75.0,"damage_taken":0.0},{"damage_healed":0.0,"max_hp_gain":5.0,"max_hp_loss":0.0,"gold_gain":0.0,"event_name":"Big Fish","player_choice":"Donut","floor":3.0,"gold_loss":0.0,"damage_taken":0.0},{"damage_healed":0.0,"max_hp_gain":0.0,"max_hp_loss":0.0,"gold_gain":75.0,"event_name":"World of Goop","player_choice":"Gather Gold","floor":5.0,"gold_loss":0.0,"damage_taken":11.0}],"is_beta":false,"boss_relics":[],"items_purged_floors":[],"is_endless":false,"potions_floor_spawned":[1,7,12],"killed_by":"3 Sentries","ascension_level":20}}