{"host":"erwxnntsfyc3037l","time":1609518420,"event":{"mods":["AchievementEnabler","BaseMod","Colored Powertips","Conspire","Downfall","Hermit","Hubris","Minty Spire (QoL Compilation)","Quick Restart","Replay The Spire","StSLib","The Bladedancer","The Cursed"],"gold_per_floor":[99,99,3,3,3,15,15,27,27,27,27,27],"floor_reached":10,"playtime":701,"items_purged":[],"score":54,"play_id":"f2da747a-a50d-49c3-beba-e278afce3c10","local_time":"20210101192700","is_ascension_mode":false,"campfire_choices":[{"data":"Guardian:TwinSlam","floor":1.0,"key":"SMITH"},{"data":"Guardian:Reroute","floor":9.0,"key":"SMITH"}],"circlet_count":0,"master_deck":["Guardian:Strike_Guardian","Guardian:Strike_Guardian","Guardian:Strike_Guardian","Guardian:Strike_Guardian","Guardian:Defend_Guardian","Guardian:Defend_Guardian","Guardian:Defend_Guardian","Guardian:Defend_Guardian","Guardian:CurlUp","Guardian:TwinSlam+1","Guardian:DecasProtection","Dark Shackles","Guardian:Repulse+1","Guardian:Reroute+1"],"relics":["Guardian:ModeShifter","downfall:HeartsMalice"],"acts_visited":["Exordium"],"potions_floor_usage":[],"damage_taken":[{"damage":0.0,"enemies":"Small Slimes","floor":2.0,"turns":1.0},{"damage":0.0,"enemies":"downfall:FleeingMerchant","floor":3.0,"turns":1.0},{"damage":0.0,"enemies":"2 Louse","floor":4.0,"turns":1.0},{"damage":7.0,"enemies":"Cultist","floor":6.0,"turns":5.0},{"damage":8.0,"enemies":"3 Louse","floor":8.0,"turns":5.0},{"damage":70,"enemies":"Lagavulin","floor":10,"turns":9}],"seed_played":"549191569334380775","potions_obtained":[{"floor":6.0,"key":"Swift Potion"},{"floor":8.0,"key":"SkillPotion"}],"is_trial":false,"path_per_floor":["R","M","$","M","?","M","T","M","R","E"],"character_chosen":"GUARDIAN","items_purchased":["Dark Shackles"],"campfire_rested":0,"item_purchase_floors":[3],"current_hp_per_floor":[80,80,80,80,80,73,73,65,65,0,0,0],"gold":27,"neow_bonus":"THREE_ENEMY_KILL","is_daily":false,"chose_seed":false,"campfire_upgraded":2,"win_rate":0.0,"timestamp":1609518420,"path_taken":["R","M","$","M","?","M","T","M","R","E"],"items_purchased_type":["Card"],"build_version":"2020-12-22","purchased_purges":0,"victory":false,"max_hp_per_floor":[80,80,80,80,80,80,80,80,80,80,80,80],"card_choices":[{"not_picked":["Guardian:Repulse","Guardian:Gem_Green"],"picked":"Guardian:WalkerClaw","floor":2.0},{"not_picked":["Guardian:RefractedBeam","Guardian:TemporalStrike"],"picked":"Guardian:DecasProtection","floor":3.0},{"not_picked":["Guardian:Recover","Guardian:TimeBomb"],"picked":"Guardian:Gem_Lightblue","floor":4.0},{"not_picked":["Guardian:Gem_Lightblue","Guardian:CrystalBeam"],"picked":"Guardian:Gem_Purple","floor":6.0},{"not_picked":["Guardian:Suspension","Guardian:ShieldSpikes"],"picked":"Guardian:Reroute","floor":8.0}],"player_experience":15699,"relics_obtained":[],"event_choices":[],"is_beta":false,"boss_relics":[],"items_purged_floors":[],"is_endless":false,"potions_floor_spawned":[6,8],"killed_by":"Lagavulin","ascension_level":0}}