{"host":"922zt4fjsmmy4kg9","time":1609493646,"event":{"mods":["A Magickal Journey","Act Like it!","BaseMod","Better Third Choice","Downfall","Friendly Minions","Hermit","HololiveMod","Hubris","Jorbs\u0027s Wanderer Trilogy","Kiyohime????","Koishi","Marisa????????","Minty Spire (QoL Compilation)","Quick Restart","Reimu??????","Shop Mod","Spicy Shops","StSLib","SuperFastMode","The Animator","The Disciple","The Runesmith"],"gold_per_floor":[131,73,348,366,389,424,454,517,517,543,503,513,528,558,558,670,670,686,686,22,22,22,68,0,0],"floor_reached":24,"playtime":1087,"items_purged":[],"score":363,"play_id":"5fddabda-e5ca-486e-a619-b2517cbc6eb5","local_time":"20210101203406","is_ascension_mode":true,"campfire_choices":[{"floor":15.0,"key":"REST"}],"circlet_count":0,"master_deck":["AscendersBane","animator:IrohaTamaki","animator:YuiTsuruno","animator:SuzuneAmano","animator:YuiTsuruno","Regret","animator:EmiyaShirou","animator:MetalKnight","animator:AcuraTooru","animator:Shinoa","animator:Emonzaemon","animator:Layla","animator:KrulTepes","animator:KyokoSakura","animator:Guren","animator:Hans","animator:Hitei","animator:ChaikaTrabant","animator:FeridBathory","animator:Shigure","animator:Kazuma","animator:Rider","animator:TsurugaMeisai","animator:Assassin+1","animator:Kagari+1","animator:YuiTsuruno","Shame","animator:MamiTomoe"],"relics":["animator:LivingPicture","animator:TheMissingPiece","PreservedInsect","Meat on the Bone","MealTicket","Peace Pipe","Incense Burner","PaintedHorse:ReiMu","Oddly Smooth Stone","Pandora\u0027s Box","Chemical X","animator:WizardHat","Bronze Scales","PrismaticShard","Strawberry","Blood Vial","CloakClasp"],"acts_visited":["Exordium","TheCity"],"potions_floor_usage":[],"damage_taken":[{"damage":1.0,"enemies":"Small Slimes","floor":1.0,"turns":5.0},{"damage":0.0,"enemies":"Cultist","floor":4.0,"turns":3.0},{"damage":7.0,"enemies":"2 Louse","floor":5.0,"turns":2.0},{"damage":24.0,"enemies":"Lagavulin","floor":6.0,"turns":5.0},{"damage":3.0,"enemies":"2 Fungi Beasts","floor":7.0,"turns":3.0},{"damage":19.0,"enemies":"Lagavulin Event","floor":8.0,"turns":4.0},{"damage":22.0,"enemies":"Gremlin Nob","floor":10.0,"turns":5.0},{"damage":9.0,"enemies":"Blue Slaver","floor":12.0,"turns":4.0},{"damage":14.0,"enemies":"Red Slaver","floor":13.0,"turns":2.0},{"damage":16.0,"enemies":"Lagavulin","floor":14.0,"turns":4.0},{"damage":15.0,"enemies":"Slime Boss","floor":16.0,"turns":7.0},{"damage":15.0,"enemies":"Shell Parasite","floor":18.0,"turns":4.0},{"damage":50.0,"enemies":"Slavers","floor":23.0,"turns":4.0},{"damage":36,"enemies":"2 Thieves","floor":24,"turns":3}],"seed_played":"8253352854857874854","potions_obtained":[{"floor":4.0,"key":"SkillPotion"},{"floor":6.0,"key":"BlessingOfTheForge"},{"floor":7.0,"key":"Energy Potion"},{"floor":10.0,"key":"SkillPotion"},{"floor":14.0,"key":"LiquidMemories"},{"floor":18.0,"key":"AttackPotion"}],"is_trial":false,"path_per_floor":["M","$","?","M","M","E","M","?","T","E","?","M","M","E","R","B",null,"M","?","$","?","?","E","M"],"character_chosen":"THE_ANIMATOR","items_purchased":["animator:YuiTsuruno","Chemical X","animator:WizardHat","Bronze Scales","PrismaticShard","animator:Kagari","animator:YuiTsuruno"],"campfire_rested":1,"item_purchase_floors":[2,20,20,20,20,20,20],"current_hp_per_floor":[58,58,58,58,51,27,36,29,29,19,19,23,22,18,38,35,60,45,45,60,67,67,29,0,0],"gold":0,"neow_bonus":"RANDOM_COMMON_RELIC","is_daily":false,"chose_seed":false,"campfire_upgraded":0,"win_rate":0.0,"timestamp":1609493646,"path_taken":["M","$","?","M","M","E","?","?","T","E","?","M","M","E","R","BOSS","M","?","$","?","?","E","M"],"items_purchased_type":["Card","Relic","Relic","Relic","Relic","Card","Card"],"build_version":"2020-12-22","purchased_purges":0,"victory":false,"max_hp_per_floor":[66,66,66,66,66,66,66,66,66,66,66,67,68,68,68,68,68,68,68,68,75,75,75,75,75],"card_choices":[{"not_picked":["animator:Gillette","animator:Genos"],"picked":"animator:SuzuneAmano","floor":1.0},{"not_picked":["animator:Gillette","animator:Fredrika"],"picked":"animator:EmiyaShirou","floor":4.0},{"not_picked":["animator:Sonic","animator:Azekura"],"picked":"animator:MetalKnight","floor":5.0},{"not_picked":["animator:ChaikaBohdan","animator:Fredrika"],"picked":"animator:AcuraTooru","floor":6.0},{"not_picked":["animator:Shigure","animator:ZankiKiguchi"],"picked":"animator:Shinoa","floor":7.0},{"not_picked":["animator:Sonic","animator:CrowleyEusford"],"picked":"animator:Emonzaemon","floor":8.0},{"not_picked":["animator:Kazuma","animator:Aqua"],"picked":"animator:Layla","floor":10.0},{"not_picked":["animator:Mikaela","animator:Shigure"],"picked":"animator:KrulTepes","floor":12.0},{"not_picked":["animator:Shigure","animator:Mitsuba"],"picked":"animator:KyokoSakura","floor":13.0},{"not_picked":["animator:Viivi","animator:HiiragiShinya","animator:Shinoa"],"picked":"SKIP","floor":14.0},{"not_picked":["animator:Wiz","animator:Kyubey"],"picked":"animator:Guren","floor":16.0},{"not_picked":["animator:KrulTepes","animator:Alexander"],"picked":"animator:Assassin+1","floor":18.0},{"not_picked":["animator:KyokoSakura","animator:IrohaTamaki"],"picked":"animator:MamiTomoe","floor":23.0}],"player_experience":1311707,"relics_obtained":[{"floor":6.0,"key":"Meat on the Bone"},{"floor":9.0,"key":"Peace Pipe"},{"floor":10.0,"key":"Incense Burner"},{"floor":14.0,"key":"Oddly Smooth Stone"},{"floor":23.0,"key":"Blood Vial"},{"floor":23.0,"key":"CloakClasp"}],"event_choices":[{"damage_healed":0.0,"max_hp_gain":0.0,"max_hp_loss":0.0,"gold_gain":275.0,"event_name":"Golden Shrine","player_choice":"Desecrate","floor":3.0,"gold_loss":0.0,"damage_taken":0.0,"cards_obtained":["Regret"]},{"damage_healed":0.0,"max_hp_gain":0.0,"max_hp_loss":0.0,"gold_gain":0.0,"event_name":"Dead Adventurer","player_choice":"Searched \u00272\u0027 times","floor":8.0,"gold_loss":0.0,"damage_taken":0.0,"relics_obtained":["MealTicket"]},{"damage_healed":0.0,"max_hp_gain":0.0,"max_hp_loss":0.0,"gold_gain":0.0,"event_name":"yidonshenshe","player_choice":"Donate","floor":11.0,"gold_loss":40.0,"damage_taken":0.0,"relics_obtained":["PaintedHorse:ReiMu"]},{"damage_healed":0.0,"max_hp_gain":0.0,"max_hp_loss":0.0,"gold_gain":0.0,"event_name":"Vampires","player_choice":"Ignored","floor":19.0,"gold_loss":0.0,"damage_taken":0.0},{"damage_healed":0.0,"max_hp_gain":0.0,"max_hp_loss":0.0,"gold_gain":0.0,"event_name":"Addict","player_choice":"Stole Relic","floor":21.0,"gold_loss":0.0,"damage_taken":0.0,"relics_obtained":["Strawberry"],"cards_obtained":["Shame"]}],"is_beta":false,"boss_relics":[{"not_picked":["animator:HolyGrailRelic","hubris:ScarierMask"],"picked":"Pandora\u0027s Box"}],"items_purged_floors":[],"is_endless":false,"potions_floor_spawned":[4,6,7,10,14,18],"killed_by":"2 Thieves","ascension_level":11}}