{"host":"rolltorest","time":1609529256,"event":{"mods":["BaseMod","Minty Spire (QoL Compilation)","Relic Stats","Robot Space Explorer","Slay the Relics Exporter","StSLib"],"gold_per_floor":[13,13,13,88,107,137,137,169,195,224,224,235,235,253,253,351,351,371,371,143,159,170,195,208,237,292,305,305,336,352,366,366,464,464,476,476,8,58,69,69,98,143,168,168,197,197,215,247,247,247,247,247,97,127,127],"floor_reached":56,"playtime":2446,"items_purged":["RobotSpaceExplorer:Strike","RobotSpaceExplorer:Strike"],"score":1466,"play_id":"7cbc333a-565d-444b-a814-c1480081d83c","local_time":"20210101112736","is_ascension_mode":true,"campfire_choices":[{"data":"RobotSpaceExplorer:StarLightning","floor":7,"key":"SMITH"},{"data":"RobotSpaceExplorer:TurboDodge","floor":11,"key":"SMITH"},{"data":"RobotSpaceExplorer:MiniLasers","floor":13,"key":"SMITH"},{"data":"RobotSpaceExplorer:FrostMissile","floor":15,"key":"SMITH"},{"data":"RobotSpaceExplorer:Blaster","floor":28,"key":"SMITH"},{"data":"RobotSpaceExplorer:Blitz","floor":32,"key":"SMITH"},{"data":"RobotSpaceExplorer:PowerCollector","floor":40,"key":"SMITH"},{"floor":46,"key":"RECALL"},{"data":"RobotSpaceExplorer:Strike","floor":49,"key":"PURGE"},{"data":"RobotSpaceExplorer:Strike","floor":52,"key":"PURGE"}],"circlet_count":0,"master_deck":["RobotSpaceExplorer:Defend","RobotSpaceExplorer:Defend","RobotSpaceExplorer:Defend","RobotSpaceExplorer:Scan","RobotSpaceExplorer:MiniLasers+1","RobotSpaceExplorer:Asteroid+1","RobotSpaceExplorer:ImprovisedAttack","RobotSpaceExplorer:FrostMissile+1","RobotSpaceExplorer:StarLightning+1","RobotSpaceExplorer:TurboDodge+1","RobotSpaceExplorer:MetalStrike","RobotSpaceExplorer:Blaster+1","RobotSpaceExplorer:ShovelStrike+1","RobotSpaceExplorer:Electropulse+1","RobotSpaceExplorer:Pulsar+1","RobotSpaceExplorer:FrostMissile","RobotSpaceExplorer:Accelerator","RobotSpaceExplorer:Blitz+1","RobotSpaceExplorer:TrailblazerForm","RobotSpaceExplorer:StarDust+1","RobotSpaceExplorer:PowerCollector+1","RobotSpaceExplorer:PlasmaMissile+1","RobotSpaceExplorer:ToxicBomb+1","RobotSpaceExplorer:Discharger+1","RobotSpaceExplorer:SlimeMissile+1","RobotSpaceExplorer:Accelerator","RobotSpaceExplorer:DoubleBlock+1","RobotSpaceExplorer:MiniBoosters+1"],"relics":["RobotSpaceExplorer:RoboCore","Omamori","Bag of Marbles","Darkstone Periapt","Snecko Eye","Nloth\u0027s Gift","Vajra","StrikeDummy","Ornamental Fan","Ancient Tea Set","Prayer Wheel","Boot","Coffee Dripper","Dead Branch","Bird Faced Urn","Gambling Chip","Peace Pipe","Blue Candle","Akabeko","Toolbox","Pear"],"acts_visited":["Exordium","TheCity","TheBeyond","TheEnding"],"potions_floor_usage":[23,42,55,55],"damage_taken":[{"damage":1,"enemies":"Jaw Worm","floor":1,"turns":3},{"damage":0,"enemies":"2 Louse","floor":5,"turns":2},{"damage":15,"enemies":"3 Sentries","floor":6,"turns":5},{"damage":6,"enemies":"Lagavulin","floor":8,"turns":5},{"damage":24,"enemies":"3 Sentries","floor":10,"turns":7},{"damage":0,"enemies":"Cultist","floor":12,"turns":3},{"damage":0,"enemies":"3 Louse","floor":14,"turns":2},{"damage":10,"enemies":"Slime Boss","floor":16,"turns":10},{"damage":2,"enemies":"Shell Parasite","floor":18,"turns":4},{"damage":0,"enemies":"2 Thieves","floor":21,"turns":2},{"damage":0,"enemies":"Snake Plant","floor":22,"turns":1},{"damage":20,"enemies":"Gremlin Leader","floor":23,"turns":5},{"damage":0,"enemies":"Snecko","floor":24,"turns":2},{"damage":6,"enemies":"Book of Stabbing","floor":25,"turns":4},{"damage":0,"enemies":"Cultist and Chosen","floor":27,"turns":4},{"damage":0,"enemies":"Gremlin Leader","floor":29,"turns":2},{"damage":0,"enemies":"Snake Plant","floor":30,"turns":1},{"damage":0,"enemies":"Shelled Parasite and Fungi","floor":31,"turns":2},{"damage":14,"enemies":"Automaton","floor":33,"turns":5},{"damage":0,"enemies":"Orb Walker","floor":35,"turns":3},{"damage":0,"enemies":"Mind Bloom Boss Battle","floor":38,"turns":3},{"damage":0,"enemies":"3 Darklings","floor":39,"turns":5},{"damage":20,"enemies":"Nemesis","floor":41,"turns":5},{"damage":7,"enemies":"2 Orb Walkers","floor":42,"turns":4},{"damage":0,"enemies":"Giant Head","floor":45,"turns":5},{"damage":0,"enemies":"Maw","floor":47,"turns":4},{"damage":0,"enemies":"Nemesis","floor":48,"turns":3},{"damage":16,"enemies":"Donu and Deca","floor":50,"turns":6},{"damage":8,"enemies":"Shield and Spear","floor":54,"turns":4},{"damage":51,"enemies":"The Heart","floor":55,"turns":8}],"seed_played":"4257454777129324163","potions_obtained":[{"floor":5,"key":"SneckoOil"},{"floor":8,"key":"Explosive Potion"},{"floor":12,"key":"LiquidMemories"},{"floor":16,"key":"Energy Potion"},{"floor":23,"key":"FearPotion"},{"floor":31,"key":"Swift Potion"},{"floor":41,"key":"SteroidPotion"},{"floor":42,"key":"DistilledChaos"}],"is_trial":false,"path_per_floor":["M","?","$","?","M","E","R","E","T","E","R","M","R","M","R","B",null,"M","?","$","M","M","E","M","E","T","M","R","E","M","M","R","B",null,"M","?","$","?","M","R","E","?","T","?","E","R","M","E","R","B",null,"R","$","E","B",null],"character_chosen":"RobotSpaceExplorer","items_purchased":["Vajra","Dead Branch","RobotSpaceExplorer:PowerCollector","Toolbox"],"campfire_rested":0,"item_purchase_floors":[20,37,37,53],"current_hp_per_floor":[74,74,74,67,67,59,59,53,53,29,29,29,29,29,29,19,82,80,80,80,80,80,60,60,54,54,54,54,54,54,54,54,40,82,82,82,82,82,82,82,64,65,65,65,77,77,82,82,82,70,82,82,82,86,45],"gold":127,"neow_bonus":"THREE_RARE_CARDS","is_daily":false,"chose_seed":false,"campfire_upgraded":7,"win_rate":0.0,"timestamp":1609529256,"path_taken":["M","?","?","?","M","E","R","E","T","E","R","?","R","M","R","BOSS","M","?","$","M","M","E","M","E","T","M","R","E","?","M","R","BOSS","M","?","$","?","M","R","E","?","T","?","E","R","M","E","R","BOSS","R","$","E","BOSS"],"items_purchased_type":["Relic","Relic","Card","Relic"],"build_version":"2020-12-18","purchased_purges":2,"victory":true,"max_hp_per_floor":[75,75,75,75,75,82,82,82,82,82,82,82,82,82,82,82,82,82,82,82,82,82,82,82,82,82,82,82,82,82,82,82,82,82,82,82,82,82,82,82,82,82,82,82,82,82,82,82,82,82,82,82,82,92,92],"relic_stats":{"Darkstone Periapt":0,"counters":[30,119],"Dead Branch":[40],"Blue Candle":[0],"Boot":[76],"Peace Pipe":2,"Ornamental Fan":[124],"Bird Faced Urn":[43],"Gambling Chip":[19],"Snecko Eye":[154,155,153,162],"Prayer Wheel":5,"Nloth\u0027s Gift":6,"obtain_stats":[{"Darkstone Periapt":10,"Pear":54,"Dead Branch":37,"Blue Candle":45,"Vajra":20,"RobotSpaceExplorer:RoboCore":0,"Omamori":8,"Ancient Tea Set":26,"Boot":31,"Akabeko":48,"Peace Pipe":42,"Ornamental Fan":25,"Strawberry":6,"Bird Faced Urn":38,"Gambling Chip":41,"Snecko Eye":17,"Toolbox":53,"Prayer Wheel":29,"Bag of Marbles":9,"Nloth\u0027s Gift":19,"Coffee Dripper":34,"StrikeDummy":23},{"Darkstone Periapt":5,"Pear":29,"Dead Branch":20,"Blue Candle":25,"Vajra":9,"RobotSpaceExplorer:RoboCore":0,"Omamori":4,"Ancient Tea Set":14,"Boot":18,"Akabeko":27,"Peace Pipe":24,"Ornamental Fan":14,"Strawberry":3,"Bird Faced Urn":21,"Gambling Chip":23,"Snecko Eye":8,"Toolbox":28,"Prayer Wheel":16,"Bag of Marbles":4,"Nloth\u0027s Gift":9,"Coffee Dripper":19,"StrikeDummy":12},{"Darkstone Periapt":22,"Pear":111,"Dead Branch":72,"Blue Candle":94,"Vajra":41,"RobotSpaceExplorer:RoboCore":0,"Omamori":15,"Ancient Tea Set":55,"Boot":64,"Akabeko":101,"Peace Pipe":89,"Ornamental Fan":55,"Strawberry":10,"Bird Faced Urn":75,"Gambling Chip":85,"Snecko Eye":37,"Toolbox":107,"Prayer Wheel":61,"Bag of Marbles":15,"Nloth\u0027s Gift":41,"Coffee Dripper":69,"StrikeDummy":49}]},"card_choices":[{"not_picked":["RobotSpaceExplorer:ShockMissile","RobotSpaceExplorer:TrailblazerForm"],"picked":"RobotSpaceExplorer:Asteroid","floor":0},{"not_picked":["RobotSpaceExplorer:ScrapShield","RobotSpaceExplorer:FranticSearch"],"picked":"RobotSpaceExplorer:ImprovisedAttack","floor":1},{"not_picked":["RobotSpaceExplorer:SwiftStep","RobotSpaceExplorer:MiniDrones"],"picked":"RobotSpaceExplorer:FrostMissile","floor":5},{"not_picked":["RobotSpaceExplorer:PlasmaMissile","RobotSpaceExplorer:FreezingShield"],"picked":"RobotSpaceExplorer:StarLightning","floor":6},{"not_picked":["RobotSpaceExplorer:SurgingShield","RobotSpaceExplorer:ChargingLaser","RobotSpaceExplorer:IronShell"],"picked":"SKIP","floor":8},{"not_picked":["RobotSpaceExplorer:StunGrenade","RobotSpaceExplorer:LuckyStrike"],"picked":"RobotSpaceExplorer:TurboDodge","floor":10},{"not_picked":["RobotSpaceExplorer:Probe","RobotSpaceExplorer:SwiftStep","RobotSpaceExplorer:SlimeMissile"],"picked":"SKIP","floor":12},{"not_picked":["RobotSpaceExplorer:ShovelStrike","RobotSpaceExplorer:Discharger"],"picked":"RobotSpaceExplorer:MetalStrike","floor":14},{"not_picked":["RobotSpaceExplorer:BlastShield","RobotSpaceExplorer:Arsenal"],"picked":"RobotSpaceExplorer:Blaster","floor":16},{"not_picked":["RobotSpaceExplorer:SlimeMissile","RobotSpaceExplorer:MiniDrones"],"picked":"RobotSpaceExplorer:ShovelStrike+1","floor":18},{"not_picked":["RobotSpaceExplorer:Multitool","RobotSpaceExplorer:SurgingStrike+1","RobotSpaceExplorer:LuckyStrike"],"picked":"SKIP","floor":21},{"not_picked":["RobotSpaceExplorer:SurgingStrike","RobotSpaceExplorer:StunGrenade"],"picked":"RobotSpaceExplorer:Electropulse+1","floor":22},{"not_picked":["RobotSpaceExplorer:Blaster","RobotSpaceExplorer:ImprovisedAttack"],"picked":"RobotSpaceExplorer:Pulsar+1","floor":23},{"not_picked":["RobotSpaceExplorer:Pulsar","RobotSpaceExplorer:DualCore","RobotSpaceExplorer:Ammunition"],"picked":"SKIP","floor":24},{"not_picked":["RobotSpaceExplorer:ScrapToss","RobotSpaceExplorer:SurgingStrike"],"picked":"RobotSpaceExplorer:FrostMissile","floor":25},{"not_picked":["RobotSpaceExplorer:FrostMissile+1","RobotSpaceExplorer:GlueShot"],"picked":"RobotSpaceExplorer:Accelerator","floor":27},{"not_picked":["RobotSpaceExplorer:PowerGlove","RobotSpaceExplorer:Ammunition"],"picked":"RobotSpaceExplorer:Blitz","floor":29},{"not_picked":["RobotSpaceExplorer:FrostMissile","RobotSpaceExplorer:SlimeMissile"],"picked":"RobotSpaceExplorer:Exploration","floor":30},{"not_picked":["RobotSpaceExplorer:Smokescreen","RobotSpaceExplorer:FranticSearch","RobotSpaceExplorer:Discharger"],"picked":"SKIP","floor":30},{"not_picked":["RobotSpaceExplorer:Jetpack","RobotSpaceExplorer:FreezeRay","RobotSpaceExplorer:Counterblock"],"picked":"SKIP","floor":31},{"not_picked":["RobotSpaceExplorer:ScrapShield","RobotSpaceExplorer:Ammunition","RobotSpaceExplorer:JunkDive+1"],"picked":"SKIP","floor":31},{"not_picked":["RobotSpaceExplorer:HighVoltage","RobotSpaceExplorer:BlastShield"],"picked":"RobotSpaceExplorer:TrailblazerForm","floor":33},{"not_picked":["RobotSpaceExplorer:LuckyStrike","RobotSpaceExplorer:StunGrenade+1"],"picked":"RobotSpaceExplorer:StarDust+1","floor":35},{"not_picked":["RobotSpaceExplorer:FranticSearch+1","RobotSpaceExplorer:Fix+1","RobotSpaceExplorer:Ammunition"],"picked":"SKIP","floor":35},{"not_picked":["RobotSpaceExplorer:JunkDive+1","RobotSpaceExplorer:DualCore+1"],"picked":"RobotSpaceExplorer:PlasmaMissile+1","floor":39},{"not_picked":["RobotSpaceExplorer:Calculate+1","RobotSpaceExplorer:SurgingShield+1"],"picked":"RobotSpaceExplorer:ToxicBomb+1","floor":39},{"not_picked":["RobotSpaceExplorer:Counterblock","RobotSpaceExplorer:Comet"],"picked":"RobotSpaceExplorer:Discharger+1","floor":41},{"not_picked":["RobotSpaceExplorer:Jetpack","RobotSpaceExplorer:Probe"],"picked":"RobotSpaceExplorer:SlimeMissile+1","floor":42},{"not_picked":["RobotSpaceExplorer:ScrapShield+1","RobotSpaceExplorer:SurgingStrike+1"],"picked":"RobotSpaceExplorer:Accelerator","floor":45},{"not_picked":["RobotSpaceExplorer:ScrapMissile+1","RobotSpaceExplorer:Electropulse"],"picked":"RobotSpaceExplorer:DoubleBlock+1","floor":47},{"not_picked":["RobotSpaceExplorer:SwiftStep","RobotSpaceExplorer:RigExplosive","RobotSpaceExplorer:GlueShot"],"picked":"SKIP","floor":47},{"not_picked":["RobotSpaceExplorer:Reload+1","RobotSpaceExplorer:JunkDive+1","RobotSpaceExplorer:Smokescreen"],"picked":"SKIP","floor":48},{"not_picked":["RobotSpaceExplorer:DoubleFind+1","RobotSpaceExplorer:Probe"],"picked":"RobotSpaceExplorer:MiniBoosters+1","floor":54}],"player_experience":1714832,"relics_obtained":[{"floor":6,"key":"Strawberry"},{"floor":8,"key":"Omamori"},{"floor":9,"key":"Bag of Marbles"},{"floor":10,"key":"Darkstone Periapt"},{"floor":23,"key":"StrikeDummy"},{"floor":25,"key":"Ornamental Fan"},{"floor":26,"key":"Ancient Tea Set"},{"floor":29,"key":"Prayer Wheel"},{"floor":31,"key":"Boot"},{"floor":38,"key":"Bird Faced Urn"},{"floor":41,"key":"Gambling Chip"},{"floor":42,"key":"Peace Pipe"},{"floor":45,"key":"Blue Candle"},{"floor":48,"key":"Akabeko"},{"floor":54,"key":"Pear"}],"event_choices":[{"damage_healed":0,"gold_gain":0,"player_choice":"Grow","damage_taken":0,"max_hp_gain":0,"max_hp_loss":0,"event_name":"Living Wall","floor":2,"gold_loss":0,"cards_upgraded":["RobotSpaceExplorer:Asteroid"]},{"damage_healed":0,"gold_gain":75,"player_choice":"Touch","damage_taken":7,"max_hp_gain":0,"max_hp_loss":0,"event_name":"FaceTrader","floor":4,"gold_loss":0},{"damage_healed":0,"gold_gain":0,"player_choice":"Traded Relic","damage_taken":0,"relics_obtained":["Nloth\u0027s Gift"],"max_hp_gain":0,"max_hp_loss":0,"event_name":"N\u0027loth","floor":19,"relics_lost":["Strawberry"],"gold_loss":0},{"damage_healed":0,"gold_gain":0,"player_choice":"Ignored","damage_taken":0,"max_hp_gain":0,"max_hp_loss":0,"event_name":"Tomb of Lord Red Mask","floor":36,"gold_loss":0},{"damage_healed":0,"gold_gain":0,"player_choice":"Fight","damage_taken":0,"max_hp_gain":0,"max_hp_loss":0,"event_name":"MindBloom","floor":38,"gold_loss":0},{"damage_healed":0,"gold_gain":0,"player_choice":"Fight","damage_taken":0,"max_hp_gain":0,"max_hp_loss":0,"event_name":"Mysterious Sphere","floor":42,"gold_loss":0},{"cards_removed":["RobotSpaceExplorer:Defend"],"damage_healed":0,"gold_gain":0,"player_choice":"Removed Skill","damage_taken":0,"max_hp_gain":0,"max_hp_loss":0,"event_name":"Falling","floor":44,"gold_loss":0}],"is_beta":true,"boss_relics":[{"not_picked":["Ectoplasm","Calling Bell"],"picked":"Snecko Eye"},{"not_picked":["SacredBark","Busted Crown"],"picked":"Coffee Dripper"}],"items_purged_floors":[20,37],"is_endless":false,"potions_floor_spawned":[5,8,12,16,18,23,27,30,31,33,41,42,45,54],"ascension_level":1}}