{"host":"omv42op7s93bjjql","time":1609470708,"event":{"mods":["BaseMod","Colored Map","Colored Powertips","DeckTracker","Keyboard Shortcuts","Minty Spire (QoL Compilation)","StSLib","SuperFastMode"],"gold_per_floor":[119,39,39,39,189,223,238,238,238,253,276,126,126,144,144,238,238,258,281,302,502,525,525,540,540,540,540,540],"floor_reached":27,"playtime":874,"items_purged":["Doubt"],"score":480,"play_id":"c00ad39c-2d3b-4074-a1ea-8ab49127251d","local_time":"20210101121148","is_ascension_mode":true,"campfire_choices":[{"data":"Bouncing Flask","floor":8,"key":"SMITH"},{"data":"Catalyst","floor":15,"key":"SMITH"},{"data":"Tactician","floor":23,"key":"SMITH"},{"data":"Calculated Gamble","floor":25,"key":"SMITH"}],"circlet_count":0,"master_deck":["AscendersBane","Strike_G","Strike_G","Strike_G","Defend_G","Defend_G","Defend_G","Defend_G","Survivor","Neutralize","Bouncing Flask+1","Calculated Gamble+1","Choke","Eviscerate","Catalyst+1","Tactician+1","Noxious Fumes","Footwork","Adrenaline","PiercingWail","Acrobatics","Reflex","Prepared","Bouncing Flask"],"relics":["Ring of the Snake","NeowsBlessing","Golden Idol","Art of War","Gambling Chip","Empty Cage","InkBottle"],"acts_visited":["Exordium","TheCity"],"potions_floor_usage":[10,11,16,22,24,24],"damage_taken":[{"damage":0,"enemies":"Jaw Worm","floor":1,"turns":1},{"damage":0,"enemies":"Lagavulin","floor":6,"turns":1},{"damage":0,"enemies":"2 Louse","floor":7,"turns":1},{"damage":0,"enemies":"Small Slimes","floor":10,"turns":1},{"damage":0,"enemies":"Blue Slaver","floor":11,"turns":1},{"damage":6,"enemies":"Exordium Thugs","floor":14,"turns":3},{"damage":2,"enemies":"The Guardian","floor":16,"turns":6},{"damage":0,"enemies":"Spheric Guardian","floor":18,"turns":2},{"damage":0,"enemies":"Chosen","floor":19,"turns":3},{"damage":0,"enemies":"Snecko","floor":20,"turns":4},{"damage":20,"enemies":"3 Cultists","floor":22,"turns":6},{"damage":2,"enemies":"Cultist and Chosen","floor":24,"turns":5},{"damage":47,"enemies":"Slavers","floor":27,"turns":4}],"seed_played":"-6480781009219862622","potions_obtained":[{"floor":1,"key":"AttackPotion"},{"floor":7,"key":"AttackPotion"},{"floor":10,"key":"Weak Potion"},{"floor":11,"key":"Swift Potion"},{"floor":16,"key":"Block Potion"},{"floor":19,"key":"PowerPotion"},{"floor":22,"key":"AttackPotion"}],"is_trial":false,"path_per_floor":["M","$","?","?","?","E","M","R","T","M","M","$","?","M","R","B",null,"M","M","M","?","M","R","M","R","T","E"],"character_chosen":"THE_SILENT","items_purchased":["Calculated Gamble","Noxious Fumes"],"campfire_rested":0,"item_purchase_floors":[2,12],"current_hp_per_floor":[59,59,36,36,36,36,36,36,36,36,36,36,41,35,35,33,62,62,62,62,62,42,42,40,40,40,0,0],"gold":540,"neow_bonus":"THREE_ENEMY_KILL","is_daily":false,"chose_seed":false,"campfire_upgraded":4,"win_rate":0.0,"timestamp":1609470708,"path_taken":["M","$","?","?","?","E","M","R","T","?","M","$","?","M","R","BOSS","M","M","M","?","?","R","?","R","T","E"],"items_purchased_type":["Card","Card"],"build_version":"2020-12-22","purchased_purges":1,"victory":false,"max_hp_per_floor":[66,66,66,66,66,66,66,66,66,66,66,66,71,71,71,71,71,71,71,71,71,71,71,71,71,71,71,71],"card_choices":[{"not_picked":["Cloak And Dagger","Outmaneuver"],"picked":"Bouncing Flask","floor":1},{"not_picked":["Blur","Cloak And Dagger"],"picked":"Eviscerate","floor":6},{"not_picked":["Calculated Gamble","Well Laid Plans"],"picked":"Catalyst","floor":7},{"not_picked":["Poisoned Stab","Flying Knee","Infinite Blades"],"picked":"SKIP","floor":10},{"not_picked":["Eviscerate","Flying Knee"],"picked":"Tactician","floor":11},{"not_picked":["Outmaneuver","Slice"],"picked":"Footwork","floor":14},{"not_picked":["Doppelganger","Wraith Form v2"],"picked":"Adrenaline","floor":16},{"not_picked":["Sucker Punch","Quick Slash"],"picked":"PiercingWail","floor":18},{"not_picked":["Quick Slash","Sucker Punch+1"],"picked":"Acrobatics","floor":19},{"not_picked":["Backstab","After Image"],"picked":"Reflex","floor":20},{"not_picked":["Blade Dance","PiercingWail"],"picked":"Prepared","floor":22},{"not_picked":["Deflect","Setup"],"picked":"Bouncing Flask","floor":24}],"player_experience":837600,"relics_obtained":[{"floor":6,"key":"Art of War"},{"floor":9,"key":"Gambling Chip"},{"floor":26,"key":"InkBottle"}],"event_choices":[{"damage_healed":0,"gold_gain":0,"player_choice":"Take Damage","damage_taken":23,"relics_obtained":["Golden Idol"],"max_hp_gain":0,"max_hp_loss":0,"event_name":"Golden Idol","floor":3,"gold_loss":0},{"damage_healed":0,"gold_gain":0,"cards_transformed":["Strike_G"],"player_choice":"Change","damage_taken":0,"max_hp_gain":0,"max_hp_loss":0,"event_name":"Living Wall","floor":4,"gold_loss":0,"cards_obtained":["Choke"]},{"damage_healed":0,"gold_gain":150,"player_choice":"AGREE","damage_taken":0,"max_hp_gain":0,"max_hp_loss":0,"event_name":"Liars Game","floor":5,"gold_loss":0,"cards_obtained":["Doubt"]},{"damage_healed":0,"gold_gain":0,"player_choice":"Donut","damage_taken":0,"max_hp_gain":5,"max_hp_loss":0,"event_name":"Big Fish","floor":13,"gold_loss":0},{"damage_healed":0,"gold_gain":200,"player_choice":"Gold","damage_taken":0,"max_hp_gain":0,"max_hp_loss":0,"event_name":"Wheel of Change","floor":21,"gold_loss":0}],"is_beta":false,"boss_relics":[{"not_picked":["Ectoplasm","Black Star"],"picked":"Empty Cage"}],"items_purged_floors":[12],"is_endless":false,"potions_floor_spawned":[1,7,10,11,16,19,22],"killed_by":"Slavers","ascension_level":20}}