{"host":"dxhqtkke6bt2qzoz","time":1609505057,"event":{"mods":["ATMod(阿瑾Mod)","Act Like it!","Astrologer","BaseMod","Chen","Dota2Spire","Gensokyo","KinomotoSakuraMod(木之本樱)","Koishi","LagranYue(拉格朗・月)","Marisa（F雨　魔理沙）","Minty Spire (QoL Compilation)","Nova Terra(诺娃・泰拉)","Prisma Mod","Reimu（博丽灵梦）","Remilia（蕾米莉亚）","SIMod","StSLib","TestMod","The Dragon Tamer","The Marked","Waifu the Spire","WarShipGirlsR/战舰少女R mod","Yakumo Yukari mod","Youmu（魂魄妖梦）","Yuri Mod","Yuyuko","[IsaacMod]以撒尖塔","【遗物卡牌】REMEMod"],"gold_per_floor":[115,190,204,217,234,260,260,260,335,335,350,367,381,412,412,511,511,526,526,536,496,511,511,525,525,600,612,912,943,943,956,956,1053,1053,1069,838,838,855,450,450,478,478,478,498,373,373,773,802,802,802],"floor_reached":51,"playtime":1490,"items_purged":["theMarked:Generate","theMarked:Strike","theMarked:Improvise"],"score":787,"play_id":"7ed35cf7-017e-4074-91f3-6fa4c74ca7a0","local_time":"20210101204417","is_ascension_mode":false,"campfire_choices":[{"data":"theMarked:Parry","floor":8,"key":"SMITH"},{"data":"theMarked:EmpowerWeapon","floor":10,"key":"SMITH"},{"floor":15,"key":"REST"},{"data":"theMarked:EternalStudent","floor":23,"key":"SMITH"},{"data":"StarBarrage","floor":25,"key":"SMITH"},{"floor":30,"key":"REST"},{"data":"theMarked:SoldierOfQuellstein","floor":32,"key":"SMITH"},{"data":"theMarked:BanishingStrike","floor":40,"key":"SMITH"},{"floor":42,"key":"REST"},{"data":"theMarked:WardOff","floor":46,"key":"SMITH"},{"floor":49,"key":"REST"}],"circlet_count":0,"master_deck":["theMarked:Strike","theMarked:Strike","theMarked:Strike","theMarked:Strike","theMarked:Defend","theMarked:Defend","theMarked:Defend","theMarked:SoldierOfQuellstein+1","AT_EmpoweredMortalDraw+1","StarBarrage+1","theMarked:Parry+1","theMarked:AttractMetal","theMarked:EmpowerWeapon+1","theMarked:Frustration","theMarked:HeightenedSenses","theMarked:EternalStudent+1","theMarked:Parry+1","ZunPunch:ReiMu","theMarked:ElectricStrings+1","theMarked:WardOff+1","theMarked:MuscleMemory","theMarked:BanishingStrike+1","theMarked:Electrocute+1","theMarked:Overcharge+1","theMarked:ParalyzingBlade+1"],"relics":["theMarked:BronzeBlade","HushsDoor","AT_ATBox","LagranYue:RandomDrawCardRelic","DeadEye","testmod-Maize","testmod-AssaultLearning","Dota2Spire:Mjollnir","Letter Opener","Centennial Puzzle","theMarked:SpiritSword","DoctorsRemote","Kunai","Dota2Spire:EchoSabre","testmod-TestBox","testmod-ObsoleteBoomerang","TheBean","testmod-Nyarlathotep","testmod-Alchemist"],"acts_visited":["Exordium","TheCity","TheBeyond"],"potions_floor_usage":[6,11,13,14,14,29,48,50],"damage_taken":[{"damage":0,"enemies":"2 Louse","floor":1,"turns":1},{"damage":0,"enemies":"Small Slimes","floor":3,"turns":3},{"damage":0,"enemies":"Jaw Worm","floor":4,"turns":3},{"damage":0,"enemies":"Exordium Wildlife","floor":5,"turns":2},{"damage":25,"enemies":"Gremlin Nob","floor":6,"turns":4},{"damage":12,"enemies":"Blue Slaver","floor":11,"turns":2},{"damage":2,"enemies":"2 Fungi Beasts","floor":12,"turns":3},{"damage":0,"enemies":"Exordium Wildlife","floor":13,"turns":1},{"damage":0,"enemies":"3 Sentries","floor":14,"turns":3},{"damage":9,"enemies":"The Guardian","floor":16,"turns":7},{"damage":0,"enemies":"3 Byrds","floor":18,"turns":1},{"damage":10,"enemies":"2 Thieves","floor":20,"turns":3},{"damage":0,"enemies":"Sentry and Sphere","floor":22,"turns":1},{"damage":0,"enemies":"Snake Plant","floor":24,"turns":3},{"damage":5,"enemies":"Shelled Parasite and Fungi","floor":27,"turns":3},{"damage":7,"enemies":"Slavers","floor":29,"turns":2},{"damage":0,"enemies":"Sentry and Sphere","floor":31,"turns":2},{"damage":10,"enemies":"Automaton","floor":33,"turns":7},{"damage":25,"enemies":"3 Darklings","floor":35,"turns":3},{"damage":0,"enemies":"3 Shapes","floor":38,"turns":3},{"damage":30,"enemies":"Reptomancer","floor":41,"turns":4},{"damage":0,"enemies":"Transient","floor":44,"turns":5},{"damage":40,"enemies":"Nemesis","floor":48,"turns":5},{"damage":44,"enemies":"Time Eater","floor":50,"turns":6}],"seed_played":"-1663227268153344472","potions_obtained":[{"floor":1,"key":"LiquidBronze"},{"floor":5,"key":"Fire Potion"},{"floor":11,"key":"Strength Potion"},{"floor":12,"key":"LiquidBronze"},{"floor":13,"key":"Strength Potion"},{"floor":24,"key":"FairyPotion"},{"floor":27,"key":"theMarked:SummonPotion"},{"floor":38,"key":"Swift Potion"},{"floor":44,"key":"Dota2Spire:HealingSalve"}],"is_trial":false,"path_per_floor":["M","?","M","M","M","E","?","R","T","R","M","M","M","E","R","B",null,"M","?","M","?","M","R","M","R","T","M","?","E","R","M","R","B",null,"M","$","?","M","$","R","E","R","T","M","$","R","?","E","R","B",null],"character_chosen":"THE_DEFAULT","items_purchased":["Dota2Spire:EchoSabre","testmod-ObsoleteBoomerang"],"campfire_rested":4,"item_purchase_floors":[36,39],"current_hp_per_floor":[70,59,59,59,59,34,34,34,34,34,22,20,20,20,41,32,70,70,70,60,60,60,60,60,60,60,55,55,48,69,69,69,59,70,45,45,45,45,45,45,15,36,36,36,36,36,36,21,42,6],"gold":802,"neow_bonus":"RANDOM_COMMON_RELIC","is_daily":false,"chose_seed":false,"campfire_upgraded":7,"win_rate":0.0,"timestamp":1609505057,"path_taken":["M","?","M","M","M","E","?","R","T","R","M","M","M","E","R","BOSS","M","?","M","?","M","R","M","R","T","M","?","E","R","M","R","BOSS","M","$","?","M","$","R","E","R","T","M","$","R","?","E","R","BOSS"],"items_purchased_type":["Relic","Relic"],"build_version":"2020-12-22","purchased_purges":3,"victory":true,"max_hp_per_floor":[70,70,70,70,70,70,70,70,70,70,70,70,70,70,70,70,70,70,70,70,70,70,70,70,70,70,70,70,70,70,70,70,70,70,70,70,70,70,70,70,70,70,70,70,70,70,70,70,70,70],"card_choices":[{"not_picked":["theMarked:Improvise","theMarked:Parkour"],"picked":"theMarked:Parry","floor":1},{"not_picked":["theMarked:RepellingDischarge","theMarked:Parry"],"picked":"theMarked:Generate","floor":3},{"not_picked":["theMarked:TwofoldDefense","theMarked:ComboAttacks"],"picked":"theMarked:AttractMetal","floor":4},{"not_picked":["theMarked:Parry","theMarked:TunnelVision"],"picked":"theMarked:EmpowerWeapon","floor":5},{"not_picked":["theMarked:TwofoldDefense","theMarked:ReduceFriction"],"picked":"theMarked:Frustration","floor":6},{"not_picked":["theMarked:RepellingDischarge","theMarked:Convert"],"picked":"theMarked:HeightenedSenses","floor":11},{"not_picked":["theMarked:Aftermath","theMarked:MysticalArsenal"],"picked":"Bomb","floor":12},{"not_picked":["theMarked:Parkour","theMarked:RepellingDischarge","theMarked:Snap"],"picked":"SKIP","floor":13},{"not_picked":["theMarked:PowerFlow","theMarked:Static"],"picked":"Bomb","floor":14},{"not_picked":["theMarked:Snap","theMarked:ChannelForce"],"picked":"theMarked:EternalStudent","floor":16},{"not_picked":["theMarked:CreepingChasm","theMarked:Frustration"],"picked":"theMarked:Parry+1","floor":18},{"not_picked":["theMarked:RogueSparks","theMarked:Standoff","theMarked:Parry"],"picked":"SKIP","floor":20},{"not_picked":["theMarked:Static","theMarked:HeightenedSenses"],"picked":"theMarked:Improvise","floor":22},{"not_picked":["theMarked:WastefulAttack","theMarked:TakeCover+1"],"picked":"theMarked:ElectricStrings+1","floor":24},{"not_picked":["theMarked:Overthink","theMarked:BanishingStrike"],"picked":"theMarked:WardOff","floor":27},{"not_picked":["theMarked:MysticalArsenal","theMarked:TakeCover","theMarked:Panic"],"picked":"SKIP","floor":29},{"not_picked":["theMarked:RepellingDischarge","theMarked:LightningStrikesTwice","theMarked:EmpowerWeapon"],"picked":"SKIP","floor":31},{"not_picked":["theMarked:Levitate","theMarked:ThrowWeapon"],"picked":"theMarked:MuscleMemory","floor":33},{"not_picked":["theMarked:EmpowerWeapon+1","theMarked:Frustration+1"],"picked":"theMarked:BanishingStrike","floor":35},{"not_picked":["theMarked:Frustration+1","theMarked:ParalyzingBlade"],"picked":"theMarked:Electrocute+1","floor":38},{"not_picked":["theMarked:MagicAdept","theMarked:KeepCalmAndFightOn"],"picked":"theMarked:Overcharge+1","floor":41},{"not_picked":["theMarked:AttractMetal+1","theMarked:ShockingTouch+1"],"picked":"theMarked:ParalyzingBlade+1","floor":44},{"not_picked":["theMarked:TakeCover+1","theMarked:TwofoldDefense+1","theMarked:Overthink"],"picked":"SKIP","floor":48}],"player_experience":183656,"relics_obtained":[{"floor":6,"key":"Dota2Spire:Mjollnir"},{"floor":9,"key":"Letter Opener"},{"floor":14,"key":"Centennial Puzzle"},{"floor":26,"key":"DoctorsRemote"},{"floor":29,"key":"Kunai"},{"floor":41,"key":"TheBean"},{"floor":43,"key":"testmod-Nyarlathotep"},{"floor":48,"key":"testmod-Alchemist"}],"event_choices":[{"damage_healed":0,"gold_gain":75,"player_choice":"Gather Gold","damage_taken":11,"max_hp_gain":0,"max_hp_loss":0,"event_name":"World of Goop","floor":2,"gold_loss":0},{"damage_healed":0,"gold_gain":0,"player_choice":"Grow","damage_taken":0,"max_hp_gain":0,"max_hp_loss":0,"event_name":"Living Wall","floor":7,"gold_loss":0,"cards_upgraded":["AT_EmpoweredMortalDraw"]},{"cards_removed":["theMarked:Defend"],"damage_healed":0,"gold_gain":0,"player_choice":"Elegance","damage_taken":0,"max_hp_gain":0,"max_hp_loss":0,"event_name":"Back to Basics","floor":19,"gold_loss":0},{"damage_healed":0,"gold_gain":0,"player_choice":"交出神酒","damage_taken":0,"max_hp_gain":0,"max_hp_loss":0,"event_name":"ZunEvent","floor":21,"relics_lost":["ZunR:ReiMu"],"gold_loss":0,"cards_obtained":["ZunPunch:ReiMu"]},{"damage_healed":0,"gold_gain":0,"player_choice":"Swap Relic","damage_taken":0,"relics_obtained":["testmod-TestBox"],"max_hp_gain":0,"max_hp_loss":0,"event_name":"给自己的盒子","floor":37,"relics_lost":["REME_ComplimentaryCards"],"gold_loss":0},{"damage_healed":0,"gold_gain":400,"player_choice":"Sell","damage_taken":0,"max_hp_gain":0,"max_hp_loss":0,"event_name":"恩洛斯的盘子","floor":47,"relics_lost":["testmod-TestBox"],"gold_loss":0}],"is_beta":false,"boss_relics":[{"not_picked":["ChampionBelt","Runic Pyramid"],"picked":"theMarked:SpiritSword"},{"not_picked":[]},{"not_picked":["testmod-StringDisintegrator","testmod-NegativeEmotionEnhancer"],"picked":"theMarked:BronzeBlade"},{"not_picked":[]}],"items_purged_floors":[36,39,45],"is_endless":false,"potions_floor_spawned":[1,5,11,12,13,24,27,29,38,41,44],"ascension_level":0}}