{"host":"uxx7prhn9zlu6i2v","time":1609461471,"event":{"mods":["2.2 Compatiblity","AchievementEnabler","Act Like it!","Bard","BaseMod","Better Altar","Better Match","Better Note","Better Sensory Stone","Better Skull","Better Third Choice","CapriCore","ChefMod","Colored Powertips","Conspire","Faster Ascension Climbing","Gensokyo","GifTheSpireLib","Hermit","Hubris","KomeijiMod","Lobotomy","LobotomyExtend","Marisa????????","Minty Spire (QoL Compilation)","Permanent Neow","Quick Restart","RNG Fix","Rare Cards Sparkle","Reimu??????","Relic Filter","Relic Sorter","Relic Stats","Replay The Spire","Reworked Bosses","Spicy Shops","StSLib","Stuff the Spire","The Blue Laboratory","The Bug Knight","The Immortal","Yakumo Yukari mod","??????REMEMod"],"gold_per_floor":[116,116,41,51,391,391,418,437,437,454,474,474,2,22,22,99,99,118,118,118,134,208,208,208,224,224,149,14,14,14,32,32,105,105,122,138,138,138,138,138,138,170,195,210,210,7,7,7,7,52,52],"floor_reached":50,"playtime":5648,"items_purged":["Defend_Lin:ReiMu","UniverseFragment"],"score":907,"play_id":"84bb3092-afc8-4314-831c-2d7983deea98","local_time":"20201231183751","is_ascension_mode":true,"campfire_choices":[{"data":"NB:ReiMu","floor":6.0,"key":"SMITH"},{"data":"KamiRite:ReiMu","floor":15.0,"key":"SMITH"},{"data":"SubcavityFantasy:ReiMu","floor":23.0,"key":"SMITH"},{"data":"SubAcupoint:ReiMu","floor":32,"key":"SMITH"},{"data":"SubcavityFantasy:ReiMu","floor":40,"key":"SMITH"},{"data":"NineCharacters:ReiMu","floor":49,"key":"SMITH"}],"circlet_count":0,"master_deck":["AscendersBane","Strike_Lin:ReiMu","Strike_Lin:ReiMu","Strike_Lin:ReiMu+1","Defend_Lin:ReiMu+1","NB:ReiMu+1","Stagnation:ReiMu+1","SpiderBud","SubAcupoint:ReiMu+1","RainPray2:ReiMu+1","LessonLearned+1","Revelation:ReiMu+1","Amulet:ReiMu","MHz","SpreadBorder2:ReiMu+1","CleanRite:ReiMu+1","SubcavityFantasy:ReiMu+1","Purity+1","SpreadBorder2:ReiMu","WonderfulDomain:ReiMu+1","hubris:DuctTapeCard","Discovery+1","SubAcupoint:ReiMu+1","SubcavityFantasy:ReiMu+1","WonderfulDomain:ReiMu","Gensokyo:RainbowDanmaku","NineCharacters:ReiMu+1"],"relics":["FlyPower:ReiMu","LetterFromLob","RabbitCall","CogitoBucket","REME_ComplimentaryCards","HellTrain","Replay:Wax Seal","Kunai","TreeSap","ShedSkin_r","hubris:MedicalManual","conspire:GiftBox","ReplayTheSpireMod:DimensionalGlitch","hubris:Towel","Singing Bowl","SkinProphecy","hubris:DuctTape","ReplayTheSpireMod:Ring of Challenge","WantedRequest","conspire:RunicOctahedron","HoshigumaDish","WingedGreaves","hubris:CrystalStatue","hubris:Icosahedron","Mirror","ReplayFunnel","AtMidnight"],"acts_visited":["Gensokyo:Gensokyo","Gensokyo:Gensokyoer","Gensokyo:Gensokyoest"],"potions_floor_usage":[50],"damage_taken":[{"damage":3.0,"enemies":"Gensokyo:3_Fairies","floor":1.0,"turns":7.0},{"damage":4.0,"enemies":"Gensokyo:2_Kodama","floor":4.0,"turns":4.0},{"damage":19.0,"enemies":"Gensokyo:Cirno","floor":7.0,"turns":8.0},{"damage":0.0,"enemies":"Gensokyo:Python","floor":8.0,"turns":7.0},{"damage":0.0,"enemies":"Gensokyo:Kitsune","floor":10.0,"turns":6.0},{"damage":5.0,"enemies":"Gensokyo:Gryphon_and_Rabbit","floor":11.0,"turns":7.0},{"damage":4.0,"enemies":"Gensokyo:LivingMonolith","floor":14.0,"turns":11.0},{"damage":11.0,"enemies":"Gensokyo:Kokoro","floor":16.0,"turns":12.0},{"damage":9.0,"enemies":"Gensokyo:AngelMirror","floor":18.0,"turns":5.0},{"damage":0.0,"enemies":"Gensokyo:2_Gloops","floor":21.0,"turns":7.0},{"damage":24,"enemies":"Gensokyo:Slime_Group","floor":25,"turns":5},{"damage":7,"enemies":"Gensokyo:Wraith","floor":31,"turns":8},{"damage":21,"enemies":"Gensokyo:Kaguya","floor":33,"turns":10},{"damage":0,"enemies":"Gensokyo:AncientGuardian","floor":35,"turns":5},{"damage":19,"enemies":"Gensokyo:3_Bats","floor":36,"turns":6},{"damage":0,"enemies":"Gensokyo:Doremy","floor":42,"turns":5},{"damage":0,"enemies":"Gensokyo:Dusk_and_Dawn","floor":44,"turns":10},{"damage":19,"enemies":"Gensokyo:Dusk_and_Dawn","floor":45,"turns":7},{"damage":63,"enemies":"Gensokyo:Shinki","floor":50,"turns":5}],"seed_played":"5843711900395203075","potions_obtained":[{"floor":1.0,"key":"FairyPotion"},{"floor":10.0,"key":"blueLaboratory:HorrorPotion"},{"floor":18.0,"key":"FearPotion"},{"floor":33,"key":"EssenceOfSteel"}],"is_trial":false,"path_per_floor":["M","?","?","M","?","R","E","M","T","M","M","?","$","M","R","B",null,"M","?","?","M","T","R","?","M","T","?","COS","?","?","M","R","B",null,"M","M","?","?","T","R","?","E","T","M","?","$","?","$","R","B"],"character_chosen":"REIMU","items_purchased":["hubris:MedicalManual","KamiRite:ReiMu","conspire:GiftBox","NineCharacters:ReiMu"],"campfire_rested":0,"item_purchase_floors":[13,13,13,46],"current_hp_per_floor":[51,51,51,47,22,22,3,3,3,3,17,30,30,26,26,15,51,42,42,42,42,42,42,45,21,21,21,21,21,21,42,42,67,67,63,73,73,73,73,73,73,71,71,65,65,65,65,65,65,0,0],"gold":52,"neow_bonus":"","is_daily":false,"chose_seed":false,"campfire_upgraded":6,"win_rate":0.0,"timestamp":1609461471,"path_taken":["M","?","?","M","?","R","E","M","T","M","M","?","$","?","R","BOSS","M","?","?","?","?","R","?","M","T","?","COS","?","?","M","R","BOSS","M","M","?","?","?","R","?","E","T","?","?","$","?","?","R","BOSS"],"items_purchased_type":["Relic","Card","Relic","Card"],"build_version":"2020-12-22","purchased_purges":2,"victory":false,"max_hp_per_floor":[60,60,60,60,60,60,60,60,60,60,60,63,63,63,63,63,63,63,63,63,63,63,63,63,63,63,63,63,63,63,65,65,67,67,69,73,73,73,73,73,73,77,77,83,83,83,83,83,83,85,85],"relic_stats":{"Singing Bowl":6,"counters":[22,135],"Kunai":[22],"obtain_stats":[{"ReplayFunnel":43,"RabbitCall":0,"hubris:CrystalStatue":39,"Singing Bowl":22,"SkinProphecy":25,"CogitoBucket":0,"hubris:Icosahedron":41,"TreeSap":11,"WingedGreaves":36,"Kunai":9,"Replay:Wax Seal":7,"WantedRequest":33,"hubris:DuctTape":26,"HoshigumaDish":35,"conspire:RunicOctahedron":34,"hubris:MedicalManual":13,"hubris:Towel":20,"conspire:GiftBox":13,"AtMidnight":44,"LetterFromLob":1,"ReplayTheSpireMod:Ring of Challenge":30,"HellTrain":44,"FlyPower:ReiMu":0,"ReplayTheSpireMod:DimensionalGlitch":17,"Mirror":42,"ShedSkin_r":12,"REME_ComplimentaryCards":0},{"ReplayFunnel":18,"RabbitCall":0,"hubris:CrystalStatue":17,"Singing Bowl":11,"SkinProphecy":13,"CogitoBucket":0,"hubris:Icosahedron":17,"TreeSap":7,"WingedGreaves":17,"Kunai":4,"Replay:Wax Seal":3,"WantedRequest":15,"hubris:DuctTape":13,"HoshigumaDish":16,"conspire:RunicOctahedron":15,"hubris:MedicalManual":7,"hubris:Towel":10,"conspire:GiftBox":7,"AtMidnight":20,"LetterFromLob":1,"ReplayTheSpireMod:Ring of Challenge":13,"HellTrain":20,"FlyPower:ReiMu":0,"ReplayTheSpireMod:DimensionalGlitch":9,"Mirror":18,"ShedSkin_r":7,"REME_ComplimentaryCards":0},{"ReplayFunnel":112,"RabbitCall":0,"hubris:CrystalStatue":107,"Singing Bowl":74,"SkinProphecy":80,"CogitoBucket":0,"hubris:Icosahedron":107,"TreeSap":40,"WingedGreaves":106,"Kunai":26,"Replay:Wax Seal":19,"WantedRequest":91,"hubris:DuctTape":80,"HoshigumaDish":101,"conspire:RunicOctahedron":97,"hubris:MedicalManual":40,"hubris:Towel":67,"conspire:GiftBox":40,"AtMidnight":123,"LetterFromLob":7,"ReplayTheSpireMod:Ring of Challenge":80,"HellTrain":123,"FlyPower:ReiMu":0,"ReplayTheSpireMod:DimensionalGlitch":62,"Mirror":112,"ShedSkin_r":40,"REME_ComplimentaryCards":0}]},"card_choices":[{"not_picked":["VoidDream","Alriune"],"picked":"SpiderBud","floor":1.0},{"not_picked":["ForcedLanding:ReiMu","WonderfulDomain:ReiMu","FoulBorder2:ReiMu"],"picked":"SKIP","floor":1.0},{"not_picked":["ForcedLanding:ReiMu","WonderfulDomain:ReiMu","FoulBorder2:ReiMu"],"picked":"SKIP","floor":1.0},{"not_picked":["CleanRite:ReiMu+1","SubcavityFantasy:ReiMu+1"],"picked":"KamiRite:ReiMu+1","floor":3.0},{"not_picked":["Intuition:ReiMu+1","AirStrike:ReiMu+1"],"picked":"SubAcupoint:ReiMu+1","floor":3.0},{"not_picked":["Funeral","BlackSwan"],"picked":"UniverseFragment","floor":4.0},{"not_picked":["EmergencyTakeOff:ReiMu","YinYangSange:ReiMu"],"picked":"RainPray2:ReiMu","floor":4.0},{"not_picked":["QueenBee","CrumblingArmor","Wellcheers"],"picked":"Singing Bowl","floor":7.0},{"not_picked":["UniversalSpiritual:ReiMu","KamiSacrifice:ReiMu","SpringWay:ReiMu"],"picked":"SKIP","floor":7.0},{"not_picked":["Bloodbath","Murderer","FairyFestival"],"picked":"Singing Bowl","floor":8.0},{"not_picked":["Mountainwind:ReiMu","InherentArray:ReiMu"],"picked":"Revelation:ReiMu","floor":8.0},{"not_picked":["VoidDream","LittleHelper","OSAHOGD"],"picked":"Singing Bowl","floor":10.0},{"not_picked":["TakeOff:ReiMu","KamiSacrifice:ReiMu"],"picked":"Amulet:ReiMu","floor":10.0},{"not_picked":["FairyFestival","CrumblingArmor"],"picked":"MHz","floor":11.0},{"not_picked":["FineLineFantasy:ReiMu","WonderfulDomain:ReiMu"],"picked":"SpreadBorder2:ReiMu","floor":11.0},{"not_picked":["Dreaming:ReiMu","CeremonyResonance:ReiMu"],"picked":"CleanRite:ReiMu+1","floor":13.0},{"not_picked":["Wellcheers","ShyLook","LittlePrince"],"picked":"Singing Bowl","floor":14.0},{"not_picked":["ShadowOfCrow2:ReiMu","LearningPray:ReiMu","OrbThrow:ReiMu"],"picked":"SKIP","floor":14.0},{"not_picked":["PunishingBird","CherryBlossoms","LongBird"],"picked":"Singing Bowl","floor":16.0},{"not_picked":["HakureiPhantom:ReiMu","YinYang:ReiMu"],"picked":"SubcavityFantasy:ReiMu","floor":16.0},{"not_picked":["ShyLook","BeautyBeast","VoidDream"],"picked":"Singing Bowl","floor":18.0},{"not_picked":["Meditation:ReiMu","CareerPray:ReiMu","FantasyBorder:ReiMu"],"picked":"SKIP","floor":18.0},{"not_picked":["REME_MagicPocketWatch+1","Dramatic Entrance+1"],"picked":"Purity+1","floor":19.0},{"not_picked":["OSAHOGD","NakedNest","HeroicMonk"],"picked":"Singing Bowl","floor":21.0},{"not_picked":["EmergencyTakeOff:ReiMu","AlertArray:ReiMu"],"picked":"SpreadBorder2:ReiMu","floor":21.0},{"not_picked":["HappyTeddy","DreamingCurrent","HeroicMonk"],"picked":"Singing Bowl","floor":25},{"not_picked":["CareerPray:ReiMu","SubcavityInstant:ReiMu+1"],"picked":"WonderfulDomain:ReiMu","floor":25},{"not_picked":["Jack Of All Trades+1","Replay:Sssssssssshield+1"],"picked":"Discovery+1","floor":27},{"not_picked":["Alriune","SnowQueen","BigBadWolf"],"picked":"Singing Bowl","floor":31},{"not_picked":["HeroicMonk","FieryBird"],"picked":"Mercenary","floor":31},{"not_picked":["UniversalSpiritual:ReiMu","AlertArray:ReiMu"],"picked":"SubAcupoint:ReiMu","floor":31},{"not_picked":["DreamingCurrent","QueenOfHatred","LittleHelper"],"picked":"Singing Bowl","floor":33},{"not_picked":["Determination:ReiMu","PrayRite:ReiMu"],"picked":"SubcavityFantasy:ReiMu","floor":33},{"not_picked":["BodiesMountain","LittleHelper","WhitesApple"],"picked":"Singing Bowl","floor":35},{"not_picked":["Mountainwind:ReiMu","CareerPray:ReiMu"],"picked":"WonderfulDomain:ReiMu","floor":35},{"not_picked":["LaLuna","MeltingLove","GalaxyChild"],"picked":"Singing Bowl","floor":36},{"not_picked":["OctopathBindingBorder2:ReiMu","CareerPray:ReiMu","LearningPray:ReiMu"],"picked":"Singing Bowl","floor":36},{"not_picked":["PunishingBird","CENSORED","GalaxyChild"],"picked":"Singing Bowl","floor":42},{"not_picked":["Enchanting:ReiMu","KamiSacrifice:ReiMu","Dreaming2:ReiMu"],"picked":"Singing Bowl","floor":42},{"not_picked":["Variant","Woodsman","GalaxyChild"],"picked":"Singing Bowl","floor":44},{"not_picked":["Intuition:ReiMu","Free:ReiMu","ManaGlint:ReiMu"],"picked":"Singing Bowl","floor":44},{"not_picked":["Gensokyo:Dawn","Gensokyo:UnhurriedMind"],"picked":"Gensokyo:RainbowDanmaku","floor":45}],"player_experience":1414503,"relics_obtained":[{"floor":1.0,"key":"LetterFromLob"},{"floor":7.0,"key":"Replay:Wax Seal"},{"floor":9.0,"key":"Kunai"},{"floor":22.0,"key":"Singing Bowl"},{"floor":26,"key":"hubris:DuctTape"},{"floor":30,"key":"ReplayTheSpireMod:Ring of Challenge"},{"floor":39,"key":"hubris:CrystalStatue"},{"floor":42,"key":"Mirror"},{"floor":43,"key":"ReplayFunnel"},{"floor":44,"key":"AtMidnight"}],"event_choices":[{"damage_healed":0.0,"max_hp_gain":0.0,"max_hp_loss":0.0,"gold_gain":0.0,"event_name":"conspire:Investor","player_choice":"Leave","floor":2.0,"gold_loss":0.0,"damage_taken":0.0},{"damage_healed":0.0,"max_hp_gain":0.0,"max_hp_loss":0.0,"gold_gain":0.0,"event_name":"betterMatch:BetterMatch","player_choice":"2","floor":3.0,"gold_loss":0.0,"damage_taken":0.0,"cards_obtained":["betterMatch:RareCard","betterMatch:CommonCard"]},{"damage_healed":0.0,"max_hp_gain":0.0,"max_hp_loss":0.0,"gold_gain":340.0,"event_name":"betterSkull:BetterSkull","player_choice":"GO GO GO ","floor":5.0,"gold_loss":0.0,"damage_taken":28.0,"cards_upgraded":[],"relics_obtained":[]},{"damage_healed":0.0,"max_hp_gain":0.0,"max_hp_loss":0.0,"gold_gain":0.0,"event_name":"betterMatch:BetterMatch","player_choice":"2","floor":19.0,"gold_loss":0.0,"damage_taken":0.0,"cards_obtained":["betterMatch:ColorlessUncommonCard"]},{"damage_healed":3.0,"max_hp_gain":0.0,"max_hp_loss":0.0,"gold_gain":0.0,"event_name":"betterSkull:BetterSkull","player_choice":"LEAVE ","floor":24.0,"gold_loss":0.0,"damage_taken":0.0,"cards_upgraded":[],"relics_obtained":[]},{"damage_healed":0,"gold_gain":0,"player_choice":"2","damage_taken":0,"max_hp_gain":0,"max_hp_loss":0,"event_name":"betterMatch:BetterMatch","floor":27,"gold_loss":0,"cards_obtained":["betterMatch:ColorlessUncommonCard"]}],"is_beta":false,"boss_relics":[{"not_picked":["ShineYinYang:ReiMu","conspire:SeveredTorchhead"],"picked":"ReplayTheSpireMod:DimensionalGlitch"},{"not_picked":["Painkiller Herb","Calling Bell"],"picked":"conspire:RunicOctahedron"}],"items_purged_floors":[13,46],"is_endless":false,"potions_floor_spawned":[1,10,18,33],"killed_by":"Gensokyo:Shinki","ascension_level":14}}