{"host":"mytek2nu1hrzdnew","time":1609525714,"event":{"mods":["Aspiration","BaseMod","Conspire","Evolution","GifTheSpireLib","Gold Saver","Hubris","Minty Spire (QoL Compilation)","Replay The Spire","StSLib","Stuff the Spire","Uncapped"],"gold_per_floor":[582,601,379,379,394,394,377,407,407,407,607,635,645,655,655,754,754,765,782,303,313,17,17,50,50,73,73,102,116,127,177,177,281,281,294,9,20,20,34,67,67,67,90,104,104,117,117,127,127,127],"floor_reached":51,"playtime":2318,"items_purged":["Dualcast","Defend_B","Defend_B"],"score":1029,"play_id":"2ec7ec9f-bf78-4735-a348-9cfe47705ffc","local_time":"20210101132834","is_ascension_mode":false,"campfire_choices":[{"data":"Zap","floor":6,"key":"SMITH"},{"data":"Redo","floor":10,"key":"SMITH"},{"floor":15,"key":"REST"},{"data":"Gash","floor":23,"key":"SMITH"},{"data":"Gash","floor":25,"key":"SMITH"},{"data":"Coolheaded","floor":27,"key":"SMITH"},{"data":"Coolheaded","floor":32,"key":"SMITH"},{"data":"ReplayTheSpireMod:Necrogeddon","floor":42,"key":"SMITH"},{"data":"Mirror Shield","floor":45,"key":"SMITH"},{"data":"Reboot","floor":47,"key":"SMITH"},{"data":"Gash","floor":49,"key":"SMITH"}],"circlet_count":0,"master_deck":["Cold Snap","Strike_B","Strike_B","Strike_B","Defend_B","Defend_B","Zap+1","Mirror Shield+1","Coolheaded+1","Gash+1","Redo+1","Beam Cell","Coolheaded+1","Ball Lightning","Cold Snap","StuffTheSpire:ForEach","Dramatic Entrance","Gash+1","Cold Snap","Reboot+1","FIFO Queue","Double Energy+1","ReplayTheSpireMod:Necrogeddon+1","Gash+1","Double Energy+1","Beam Cell+1"],"relics":["Cracked Core","EVO:Axolotl","aspiration:Nostalgia","Ring of the Snake","Ancient Tea Set","MealTicket","Anchor","Nunchaku","aspiration:PoetsPen_weak","hubris:Zylophone","Lizard Tail","hubris:64BitClover","aspiration:EnhancedActuators","Gremlin Food","hubris:RunicObelisk","Replay:Wax Seal","Gambling Chip","Omamori","StuffTheSpire:Nightcore"],"acts_visited":["Exordium","TheCity","TheBeyond"],"potions_floor_usage":[16,33,40],"damage_taken":[{"damage":1,"enemies":"Jaw Worm","floor":1,"turns":3},{"damage":0,"enemies":"2 Louse","floor":2,"turns":3},{"damage":0,"enemies":"conspire:RoseBush","floor":5,"turns":3},{"damage":0,"enemies":"Exordium Thugs","floor":7,"turns":4},{"damage":8,"enemies":"Lagavulin","floor":8,"turns":6},{"damage":19,"enemies":"Gremlin Nob","floor":12,"turns":4},{"damage":6,"enemies":"Gremlin Gang","floor":13,"turns":4},{"damage":0,"enemies":"Looter","floor":14,"turns":2},{"damage":14,"enemies":"The Guardian","floor":16,"turns":13},{"damage":7,"enemies":"3 Byrds","floor":18,"turns":4},{"damage":0,"enemies":"Shell Parasite","floor":19,"turns":5},{"damage":8,"enemies":"Sentry and Sphere","floor":21,"turns":3},{"damage":0,"enemies":"Book of Stabbing","floor":24,"turns":2},{"damage":13,"enemies":"Gremlin Leader","floor":28,"turns":3},{"damage":0,"enemies":"Centurion and Healer","floor":29,"turns":4},{"damage":0,"enemies":"Chosen and Byrds","floor":30,"turns":3},{"damage":7,"enemies":"Pondfish","floor":33,"turns":6},{"damage":0,"enemies":"Orb Walker","floor":35,"turns":2},{"damage":6,"enemies":"3 Shapes","floor":37,"turns":2},{"damage":2,"enemies":"Transient","floor":39,"turns":5},{"damage":5,"enemies":"Giant Head","floor":40,"turns":4},{"damage":0,"enemies":"3 Darklings","floor":44,"turns":2},{"damage":1,"enemies":"Jaw Worm Horde","floor":46,"turns":2},{"damage":0,"enemies":"Transient","floor":48,"turns":5},{"damage":0,"enemies":"hubris:GrandSnecko","floor":50,"turns":3}],"seed_played":"6520790374948424611","potions_obtained":[{"floor":14,"key":"GamblersBrew"},{"floor":24,"key":"GamblersBrew"},{"floor":28,"key":"AttackPotion"},{"floor":33,"key":"Swift Potion"},{"floor":35,"key":"Milkshake"},{"floor":37,"key":"Energy Potion"}],"is_trial":false,"path_per_floor":["M","M","$","?","M","R","M","E","T","R","?","E","M","M","R","B",null,"M","M","$","M","$","R","E","R","T","R","E","M","M","?","R","B",null,"M","$","M","?","M","E","?","R","T","M","R","M","R","M","R","B",null],"character_chosen":"DEFECT","items_purchased":["Ancient Tea Set","hubris:Zylophone","Dramatic Entrance","Lizard Tail","Replay:Wax Seal","FIFO Queue"],"campfire_rested":1,"item_purchase_floors":[3,20,20,22,36,36],"current_hp_per_floor":[74,74,74,74,74,74,74,66,66,66,48,29,23,23,45,31,75,68,68,75,67,75,75,75,75,75,75,62,62,62,62,62,55,75,75,75,69,69,67,62,62,62,62,62,62,61,61,61,61,61],"gold":127,"neow_bonus":"NOSTALGIA","is_daily":false,"chose_seed":false,"campfire_upgraded":10,"win_rate":0.0,"timestamp":1609525714,"path_taken":["M","M","$","?","M","R","M","E","T","R","?","E","M","M","R","BOSS","M","M","$","M","$","R","E","R","T","R","E","?","M","?","R","BOSS","M","$","?","?","M","E","?","R","T","M","R","M","R","M","R","BOSS"],"items_purchased_type":["Relic","Relic","Card","Relic","Relic","Card"],"build_version":"2020-12-22","purchased_purges":3,"victory":true,"max_hp_per_floor":[75,75,75,75,75,75,75,75,75,75,75,75,75,75,75,75,75,75,75,75,75,75,75,75,75,75,75,75,75,75,75,75,75,75,75,75,75,75,75,75,75,75,75,75,75,75,75,75,75,75],"card_choices":[{"not_picked":["Compile Driver","Streamline","Panic Button"],"picked":"SKIP","floor":1},{"not_picked":["Go for the Eyes","Compile Driver"],"picked":"Mirror Shield","floor":2},{"not_picked":["Stack","Streamline"],"picked":"Coolheaded","floor":5},{"not_picked":["Darkness","Hologram"],"picked":"Gash","floor":7},{"not_picked":["Biased Cognition","Rebound"],"picked":"Redo","floor":8},{"not_picked":["Streamline","Barrage"],"picked":"Beam Cell","floor":11},{"not_picked":["Cold Snap","Beam Cell"],"picked":"Coolheaded","floor":12},{"not_picked":["Steam","BootSequence"],"picked":"Ball Lightning","floor":13},{"not_picked":["Doom and Gloom","ReplayTheSpireMod:Dual Polarity"],"picked":"Cold Snap","floor":14},{"not_picked":["Seek","Multi-Cast"],"picked":"StuffTheSpire:ForEach","floor":16},{"not_picked":["Sweeping Beam","Panic Button","Barrage"],"picked":"SKIP","floor":18},{"not_picked":["hubris:Ukulele","Reinforced Body+1","Leap"],"picked":"SKIP","floor":19},{"not_picked":["ReplayTheSpireMod:Calculation Training+1","StuffTheSpire:ShieldGenerator"],"picked":"Gash","floor":21},{"not_picked":["Coolheaded","Panic Button"],"picked":"Cold Snap","floor":24},{"not_picked":["Sweeping Beam","Panic Button","Go for the Eyes"],"picked":"SKIP","floor":28},{"not_picked":["StuffTheSpire:NuclearReactor","Beam Cell","Redo"],"picked":"SKIP","floor":29},{"not_picked":["StuffTheSpire:LoadUp","Sunder","Streamline+1"],"picked":"SKIP","floor":30},{"not_picked":["Buffer","Biased Cognition"],"picked":"Reboot","floor":33},{"not_picked":["BasicCrystalCard","Turbo","Skim"],"picked":"SKIP","floor":35},{"not_picked":["FTL+1","FIFO Queue"],"picked":"Double Energy+1","floor":37},{"not_picked":["StuffTheSpire:PlasmaPulse","Midas Touch"],"picked":"ReplayTheSpireMod:Necrogeddon","floor":38},{"not_picked":["Turbo","Stack+1","Genetic Algorithm+1"],"picked":"SKIP","floor":39},{"not_picked":["StuffTheSpire:CleanHardDrive+1","Darkness+1","Hello World"],"picked":"SKIP","floor":40},{"not_picked":["Stack","Barrage"],"picked":"Gash","floor":44},{"not_picked":["Streamline+1","Stack"],"picked":"Double Energy+1","floor":46},{"not_picked":["Static Discharge+1","Reprogram"],"picked":"Beam Cell+1","floor":48}],"player_experience":968168,"relics_obtained":[{"floor":8,"key":"MealTicket"},{"floor":9,"key":"Anchor"},{"floor":12,"key":"Nunchaku"},{"floor":24,"key":"hubris:64BitClover"},{"floor":26,"key":"aspiration:EnhancedActuators"},{"floor":28,"key":"Gremlin Food"},{"floor":40,"key":"Gambling Chip"},{"floor":43,"key":"Omamori"},{"floor":44,"key":"StuffTheSpire:Nightcore"}],"event_choices":[{"damage_healed":0,"gold_gain":0,"player_choice":"Leave","damage_taken":0,"max_hp_gain":0,"max_hp_loss":0,"event_name":"conspire:Investor","floor":4,"gold_loss":0},{"damage_healed":0,"gold_gain":100,"player_choice":"Bet on Murderer","damage_taken":0,"max_hp_gain":0,"max_hp_loss":0,"event_name":"The Joust","floor":31,"gold_loss":50},{"damage_healed":0,"gold_gain":0,"player_choice":"Memory 1","damage_taken":0,"max_hp_gain":0,"max_hp_loss":0,"event_name":"SensoryStone","floor":38,"gold_loss":0}],"is_beta":false,"boss_relics":[{"not_picked":["hubris:VirtuousBlindfold","StuffTheSpire:ModemDavis"],"picked":"aspiration:PoetsPen_weak"},{"not_picked":["Sozu","Philosopher\u0027s Stone"],"picked":"hubris:RunicObelisk"}],"items_purged_floors":[3,20,36],"is_endless":false,"potions_floor_spawned":[1,7,8,14,24,28,33,35,37],"ascension_level":0}}