{"host":"sav7uxregyirlf69","time":1609473391,"event":{"mods":["AchievementEnabler","BaseMod","Colored Map","DeckTracker","Keyboard Shortcuts","Minty Spire (QoL Compilation)","READ ME - Guardian Mod","StSLib","SuperFastMode"],"gold_per_floor":[113,113,129,141,153,185,185,228,254,254,295,295,309,309,309,407,407,420,199,199,213,232,257,257,278,352,352,370,401,421,445,445,445,445],"floor_reached":33,"playtime":730,"items_purged":["Strike_R"],"score":607,"play_id":"7aff6448-b2cf-4a20-95a1-1d0fbeadf2d7","local_time":"20210101125631","is_ascension_mode":true,"campfire_choices":[{"data":"Blood for Blood","floor":10,"key":"SMITH"},{"data":"Shockwave","floor":12,"key":"SMITH"},{"floor":15,"key":"REST"},{"data":"Armaments","floor":24,"key":"SMITH"},{"data":"Blood for Blood","floor":27,"key":"SMITH"},{"floor":32,"key":"REST"}],"circlet_count":0,"master_deck":["AscendersBane","Strike_R","Strike_R","Defend_R","Defend_R","Defend_R","Defend_R","Bash","Armaments+1","Blood for Blood+1","Bloodletting","Shockwave+1","Blood for Blood+1","Shrug It Off","Feed","Hemokinesis","Evolve","Immolate"],"relics":["Black Blood","Bag of Preparation","Golden Idol","Akabeko","Smiling Mask","Nunchaku","Toy Ornithopter","Mummified Hand","Lantern"],"acts_visited":["TheCity"],"potions_floor_usage":[6,8,11,16,25,29],"damage_taken":[{"damage":3,"enemies":"2 Louse","floor":1,"turns":4},{"damage":7,"enemies":"Cultist","floor":3,"turns":4},{"damage":7,"enemies":"Small Slimes","floor":4,"turns":4},{"damage":10,"enemies":"2 Fungi Beasts","floor":5,"turns":4},{"damage":31,"enemies":"Lagavulin","floor":6,"turns":7},{"damage":18,"enemies":"3 Sentries","floor":8,"turns":7},{"damage":34,"enemies":"Gremlin Nob","floor":11,"turns":4},{"damage":4,"enemies":"Blue Slaver","floor":13,"turns":4},{"damage":31,"enemies":"Slime Boss","floor":16,"turns":10},{"damage":28,"enemies":"Spheric Guardian","floor":18,"turns":5},{"damage":10,"enemies":"3 Byrds","floor":21,"turns":6},{"damage":24,"enemies":"3 Cultists","floor":22,"turns":5},{"damage":33,"enemies":"Snake Plant","floor":23,"turns":4},{"damage":5,"enemies":"Centurion and Healer","floor":25,"turns":9},{"damage":14,"enemies":"Snecko","floor":28,"turns":5},{"damage":30,"enemies":"Slavers","floor":29,"turns":5},{"damage":23,"enemies":"Snake Plant","floor":30,"turns":3},{"damage":9,"enemies":"Centurion and Healer","floor":31,"turns":6},{"damage":61,"enemies":"Collector","floor":33,"turns":4}],"seed_played":"8483742978613322204","potions_obtained":[{"floor":3,"key":"BloodPotion"},{"floor":4,"key":"BloodPotion"},{"floor":6,"key":"LiquidMemories"},{"floor":8,"key":"SmokeBomb"},{"floor":11,"key":"SpeedPotion"},{"floor":18,"key":"Strength Potion"},{"floor":23,"key":"Explosive Potion"},{"floor":31,"key":"ElixirPotion"}],"is_trial":false,"path_per_floor":["M","?","M","M","M","E","?","E","T","R","E","R","M","?","R","B",null,"M","$","?","M","M","M","R","M","T","R","M","E","M","M","R","B"],"character_chosen":"IRONCLAD","items_purchased":["Toy Ornithopter"],"campfire_rested":2,"item_purchase_floors":[19],"current_hp_per_floor":[78,83,82,81,77,69,39,27,27,27,16,16,18,18,44,19,70,57,57,57,63,54,33,33,49,49,49,47,34,23,29,60,0,0],"gold":445,"neow_bonus":"TEN_PERCENT_HP_BONUS","is_daily":false,"chose_seed":false,"campfire_upgraded":4,"win_rate":0.0,"timestamp":1609473391,"path_taken":["M","?","M","M","M","E","?","E","T","R","E","R","M","?","R","BOSS","M","$","?","?","M","M","R","M","T","R","M","E","M","M","R","BOSS"],"items_purchased_type":["Relic"],"build_version":"2020-12-22","purchased_purges":1,"victory":false,"max_hp_per_floor":[82,87,87,87,87,87,87,87,87,87,87,87,87,87,87,87,87,90,90,90,94,97,97,97,101,101,101,101,101,101,104,104,104,104],"card_choices":[{"not_picked":["Warcry","Metallicize"],"picked":"Armaments","floor":1},{"not_picked":["Twin Strike","Feel No Pain"],"picked":"Blood for Blood","floor":3},{"not_picked":["Burning Pact","Anger"],"picked":"Bloodletting","floor":4},{"not_picked":["Wild Strike","Reckless Charge"],"picked":"Shockwave","floor":5},{"not_picked":["Power Through","Flex","Heavy Blade"],"picked":"SKIP","floor":6},{"not_picked":["Power Through","Rampage"],"picked":"Blood for Blood","floor":8},{"not_picked":["Perfected Strike","Warcry"],"picked":"Shrug It Off","floor":11},{"not_picked":["Body Slam","Heavy Blade","Wild Strike"],"picked":"SKIP","floor":13},{"not_picked":["Berserk","Exhume"],"picked":"Feed","floor":16},{"not_picked":["Pommel Strike","Sever Soul+1","Wild Strike"],"picked":"SKIP","floor":18},{"not_picked":["True Grit","Anger","Spot Weakness"],"picked":"SKIP","floor":21},{"not_picked":["Body Slam","Warcry","Pommel Strike"],"picked":"SKIP","floor":22},{"not_picked":["Rampage","Wild Strike","Cleave"],"picked":"SKIP","floor":23},{"not_picked":["Wild Strike","Armaments"],"picked":"Hemokinesis","floor":25},{"not_picked":["Twin Strike","Pommel Strike"],"picked":"Evolve","floor":28},{"not_picked":["Uppercut","Armaments"],"picked":"Immolate","floor":29},{"not_picked":["Thunderclap","Body Slam+1","True Grit"],"picked":"SKIP","floor":30},{"not_picked":["Pommel Strike","True Grit","Clash"],"picked":"SKIP","floor":31}],"player_experience":1091562,"relics_obtained":[{"floor":6,"key":"Bag of Preparation"},{"floor":8,"key":"Akabeko"},{"floor":9,"key":"Smiling Mask"},{"floor":11,"key":"Nunchaku"},{"floor":26,"key":"Mummified Hand"},{"floor":29,"key":"Lantern"}],"event_choices":[{"damage_healed":0,"gold_gain":0,"player_choice":"Donut","damage_taken":0,"max_hp_gain":5,"max_hp_loss":0,"event_name":"Big Fish","floor":2,"gold_loss":0},{"damage_healed":0,"gold_gain":0,"player_choice":"Take Damage","damage_taken":30,"relics_obtained":["Golden Idol"],"max_hp_gain":0,"max_hp_loss":0,"event_name":"Golden Idol","floor":7,"gold_loss":0},{"cards_removed":["Strike_R"],"damage_healed":0,"gold_gain":0,"player_choice":"Forget","damage_taken":0,"max_hp_gain":0,"max_hp_loss":0,"event_name":"Living Wall","floor":14,"gold_loss":0},{"cards_removed":["Strike_R"],"damage_healed":0,"gold_gain":0,"player_choice":"Purged","damage_taken":0,"max_hp_gain":0,"max_hp_loss":0,"event_name":"Purifier","floor":20,"gold_loss":0}],"is_beta":false,"boss_relics":[{"not_picked":["Calling Bell","Ectoplasm"],"picked":"Black Blood"}],"items_purged_floors":[19],"is_endless":false,"potions_floor_spawned":[3,4,6,8,11,18,23,31],"killed_by":"Collector","ascension_level":20}}