{"host":"o4pit0n7y0vm2e4t","time":1609479943,"event":{"mods":["Aspiration","BaseMod","Better Altar","Better Match","Better Note","Better Sensory Stone","Better Skull","Better Third Choice","Colored Map","Conspire","Downfall","Friendly Minions","Googly Eyes","Halation","Hermit","HexUI Lib","Hubris","Minty Spire (QoL Compilation)","RatMod","Replay The Spire","Spikes Relics","StSLib","The Hierophant","The Jungle","The Necromancer"],"gold_per_floor":[116,116,71,71,71,102,113,138,184,196,213,213,241,255,255,352,352,367,367,384,161,175,175,203,218,267,285,285,285,42,42,42,143,143,163,163,179,179,190,221,221,238,238,59,59,74,89,103,103,103],"floor_reached":51,"playtime":4150,"items_purged":["Strike_R","Strike_R","Normality"],"score":986,"play_id":"37ffb6fe-3664-4762-963e-3c0420c87733","local_time":"20210101004543","is_ascension_mode":true,"campfire_choices":[{"data":"Regret","floor":12.0,"key":"SMITH"},{"data":"Shrug It Off","floor":15.0,"key":"SMITH"},{"data":"Juggernaut","floor":23.0,"key":"SMITH"},{"data":"Absolvement","floor":28.0,"key":"SMITH"},{"data":"Inflame","floor":32.0,"key":"SMITH"},{"data":"Limit Break","floor":41.0,"key":"SMITH"},{"floor":49.0,"key":"REST"}],"circlet_count":0,"master_deck":["Strike_R+1","Defend_R","Defend_R","Defend_R+1","Defend_R","Bash+1","Shrug It Off+1","Flex+1","Thunderclap","Shrug It Off","Offering+1","ReplayTheSpireMod:Strike From Hell","ReplayTheSpireMod:Strike From Hell","Juggernaut+1","Pommel Strike","Juggernaut+1","Inflame+1","Absolvement+1","Absolvement+1","Limit Break+1","Body Slam+1","Seeing Red+1","Inflame+1","Barricade"],"relics":["Burning Blood","NeowsBlessing","halation:PinkSoulGem","halation:PrussianBluePaint","Whetstone","Gambling Chip","ReplayTheSpireMod:Spearhead","halation:LettersToHer","Ooze Armor","rat:SoulRing","Guardian:PocketSentry","War Paint","halation:Jellyphish","conspire:GlowingRock","Cursed Key","halation:EternalFortune","halation:TwoAmDonut","hubris:ToyBattleship"],"acts_visited":["Exordium","TheCity","TheBeyond"],"potions_floor_usage":[50,50,50],"damage_taken":[{"damage":0.0,"enemies":"2 Louse","floor":1.0,"turns":1.0},{"damage":0.0,"enemies":"3 Sentries","floor":6.0,"turns":2.0},{"damage":0.0,"enemies":"Small Slimes","floor":7.0,"turns":1.0},{"damage":37.0,"enemies":"Lagavulin","floor":8.0,"turns":5.0},{"damage":2.0,"enemies":"Cultist","floor":10.0,"turns":3.0},{"damage":9.0,"enemies":"Blue Slaver","floor":11.0,"turns":2.0},{"damage":8.0,"enemies":"Gremlin Nob","floor":13.0,"turns":3.0},{"damage":0.0,"enemies":"3 Louse","floor":14.0,"turns":2.0},{"damage":40.0,"enemies":"Fading Forest","floor":16.0,"turns":11.0},{"damage":6.0,"enemies":"3 Byrds","floor":18.0,"turns":4.0},{"damage":17.0,"enemies":"2 Thieves","floor":20.0,"turns":3.0},{"damage":12.0,"enemies":"Shelled Parasite and Fungi","floor":22.0,"turns":3.0},{"damage":6.0,"enemies":"Slavers","floor":24.0,"turns":1.0},{"damage":11.0,"enemies":"Snake Plant","floor":25.0,"turns":3.0},{"damage":4.0,"enemies":"Centurion and Healer","floor":27.0,"turns":4.0},{"damage":39.0,"enemies":"conspire:MysteriousRune","floor":33.0,"turns":5.0},{"damage":0.0,"enemies":"3 Darklings","floor":35.0,"turns":1.0},{"damage":3.0,"enemies":"Orb Walker","floor":37.0,"turns":3.0},{"damage":16.0,"enemies":"Writhing Mass","floor":39.0,"turns":4.0},{"damage":24.0,"enemies":"Giant Head","floor":40.0,"turns":6.0},{"damage":6.0,"enemies":"4 Shapes","floor":42.0,"turns":2.0},{"damage":12.0,"enemies":"Transient","floor":46.0,"turns":3.0},{"damage":26.0,"enemies":"Writhing Mass","floor":47.0,"turns":4.0},{"damage":11.0,"enemies":"Jaw Worm Horde","floor":48.0,"turns":3.0},{"damage":45,"enemies":"Donu and Deca","floor":50,"turns":4}],"seed_played":"-7541085885896580162","potions_obtained":[{"floor":1.0,"key":"ColorlessPotion"},{"floor":8.0,"key":"conspire:TimeTravelPotion"},{"floor":14.0,"key":"PowerPotion"},{"floor":20.0,"key":"GamblersBrew"},{"floor":25.0,"key":"Ancient Potion"},{"floor":33.0,"key":"Cursed Concoction"},{"floor":37.0,"key":"Adrenaline Potion"},{"floor":40.0,"key":"SkillPotion"},{"floor":48.0,"key":"Venom Potion"}],"is_trial":false,"path_per_floor":["M","?","$","?","?","E","M","E","T","M","M","R","E","M","R","B",null,"M","?","M","$","M","R","E","M","T","M","R","?","$","T","R","B",null,"M","?","M","?","M","E","R","M","T","$","$","M","M","M","R","B",null],"character_chosen":"IRONCLAD","items_purchased":["Shrug It Off","rat:SoulRing","halation:Jellyphish","Inflame+1"],"campfire_rested":1,"item_purchase_floors":[3,21,30,44],"current_hp_per_floor":[80,80,80,80,80,80,80,49,49,53,50,50,48,54,54,60,75,75,75,64,64,58,58,58,53,53,55,55,55,55,55,55,22,66,72,75,81,81,71,53,53,53,53,53,53,47,37,32,60,21],"gold":103,"neow_bonus":"THREE_ENEMY_KILL","is_daily":false,"chose_seed":false,"campfire_upgraded":6,"win_rate":0.0,"timestamp":1609479943,"path_taken":["M","?","$","?","?","E","M","E","T","?","M","R","E","M","R","BOSS","M","?","M","$","M","R","E","M","T","?","R","?","$","?","R","BOSS","M","?","M","?","M","E","R","?","T","?","$","M","M","M","R","BOSS"],"items_purchased_type":["Card","Relic","Relic","Card"],"build_version":"2020-12-22","purchased_purges":3,"victory":true,"max_hp_per_floor":[80,80,80,80,80,80,80,80,80,80,80,80,80,80,80,80,80,80,80,80,80,80,80,80,80,80,80,80,80,80,80,80,80,80,80,83,86,86,86,86,86,86,86,86,86,86,96,96,96,96],"card_choices":[{"not_picked":["Uppercut","Armaments","Wild Strike"],"picked":"SKIP","floor":1.0},{"not_picked":["Flex","Sentinel","Armaments"],"picked":"SKIP","floor":6.0},{"not_picked":["Armaments","Warcry"],"picked":"Thunderclap","floor":7.0},{"not_picked":["Body Slam","Uppercut"],"picked":"Shrug It Off","floor":8.0},{"not_picked":["Clash","Replay:Undeath\u0027s Touch"],"picked":"Offering","floor":10.0},{"not_picked":["Seeing Red","Rupture"],"picked":"ReplayTheSpireMod:Strike From Hell","floor":11.0},{"not_picked":["Burning Pact","Blood for Blood","Massacre"],"picked":"SKIP","floor":13.0},{"not_picked":["Searing Blow","Replay:Undeath\u0027s Touch"],"picked":"ReplayTheSpireMod:Strike From Hell","floor":14.0},{"not_picked":["Exhume","Berserk"],"picked":"Juggernaut","floor":16.0},{"not_picked":["Clothesline","Wild Strike"],"picked":"Pommel Strike","floor":18.0},{"not_picked":["Clash","Sword Boomerang","Headbutt"],"picked":"SKIP","floor":20.0},{"not_picked":["Anger","Iron Wave"],"picked":"Juggernaut","floor":22.0},{"not_picked":["Sword Boomerang","conspire:Charge"],"picked":"Inflame","floor":24.0},{"not_picked":["Havoc","Wild Strike+1","hubris:ReadiedAction"],"picked":"SKIP","floor":25.0},{"not_picked":["Whirlwind","Replay:Undeath\u0027s Touch+1"],"picked":"Absolvement","floor":27.0},{"not_picked":["Impervious","Reaper"],"picked":"Limit Break","floor":33.0},{"not_picked":["Warcry+1","Sword Boomerang+1","Second Wind+1"],"picked":"SKIP","floor":35.0},{"not_picked":["Havoc+1","hubris:ReadiedAction+1","Wild Strike+1"],"picked":"SKIP","floor":37.0},{"not_picked":["Sword Boomerang","ReplayTheSpireMod:LeadingStrike"],"picked":"Body Slam+1","floor":39.0},{"not_picked":["Perfected Strike","Twin Strike"],"picked":"Seeing Red+1","floor":40.0},{"not_picked":["Heavy Blade","Carnage+1","Metallicize"],"picked":"SKIP","floor":42.0},{"not_picked":["Battle Trance+1","Iron Wave+1","Whirlwind+1"],"picked":"SKIP","floor":46.0},{"not_picked":["Hemokinesis","hubris:ReadiedAction"],"picked":"Barricade","floor":47.0},{"not_picked":["Warcry","Iron Wave","Pommel Strike"],"picked":"SKIP","floor":48.0}],"player_experience":224701,"relics_obtained":[{"floor":6.0,"key":"Whetstone"},{"floor":8.0,"key":"Gambling Chip"},{"floor":9.0,"key":"ReplayTheSpireMod:Spearhead"},{"floor":13.0,"key":"halation:LettersToHer"},{"floor":24.0,"key":"Guardian:PocketSentry"},{"floor":26.0,"key":"halation:LettersToHer"},{"floor":26.0,"key":"War Paint"},{"floor":31.0,"key":"conspire:GlowingRock"},{"floor":31.0,"key":"halation:LettersToHer"},{"floor":37.0,"key":"halation:EternalFortune"},{"floor":40.0,"key":"halation:TwoAmDonut"},{"floor":43.0,"key":"halation:LettersToHer"},{"floor":43.0,"key":"hubris:ToyBattleship"}],"event_choices":[{"damage_healed":0.0,"max_hp_gain":0.0,"max_hp_loss":0.0,"gold_gain":0.0,"event_name":"Big Fish","player_choice":"Box","floor":4.0,"gold_loss":0.0,"damage_taken":0.0,"relics_obtained":["halation:PrussianBluePaint"],"cards_obtained":["Regret"]},{"damage_healed":0.0,"max_hp_gain":0.0,"max_hp_loss":0.0,"gold_gain":0.0,"cards_transformed":["Strike_R"],"event_name":"Transmorgrifier","player_choice":"Transformed","floor":5.0,"gold_loss":0.0,"damage_taken":0.0,"cards_obtained":["Flex"]},{"damage_healed":0.0,"max_hp_gain":0.0,"max_hp_loss":0.0,"gold_gain":0.0,"event_name":"Accursed Blacksmith","player_choice":"Forge","floor":19.0,"gold_loss":0.0,"damage_taken":0.0,"cards_upgraded":["Juggernaut"]},{"damage_healed":0.0,"max_hp_gain":0.0,"max_hp_loss":0.0,"gold_gain":0.0,"event_name":"Duplicator","player_choice":"Copied","floor":29.0,"gold_loss":0.0,"damage_taken":0.0,"cards_obtained":["Absolvement"]},{"cards_removed":["Strike_R"],"damage_healed":0.0,"max_hp_gain":0.0,"max_hp_loss":0.0,"gold_gain":0.0,"event_name":"Purifier","player_choice":"Purged","floor":38.0,"gold_loss":0.0,"damage_taken":0.0}],"is_beta":false,"boss_relics":[{"not_picked":["Replay:Fungal Core","Painkiller Herb"],"picked":"Ooze Armor"},{"not_picked":["Velvet Choker","Replay:Drink Me"],"picked":"Cursed Key"}],"items_purged_floors":[21,30,44],"is_endless":false,"potions_floor_spawned":[1,8,14,20,25,33,37,39,40,42,48],"ascension_level":5}}