{"host":"873t0y8ybyo38pfq","time":1609537791,"event":{"mods":["BaseMod","Bestiary","Colored Map","Colored Powertips","Highlight Path","Minty Spire (QoL Compilation)","Quick Restart","RNG Fix","Rare Cards Sparkle","Relic Stats","StSLib"],"gold_per_floor":[115,115,190,206,220,220,251,24,106,106,106,124,37,47,47,118,118,118,168,184,184,184],"floor_reached":21,"playtime":513,"items_purged":["Regret"],"score":358,"play_id":"0a01bd37-97e9-4b53-8b65-a65adb8ac56f","local_time":"20210101164951","is_ascension_mode":true,"campfire_choices":[{"data":"Zap","floor":6,"key":"SMITH"},{"floor":11,"key":"REST"},{"floor":15,"key":"REST"}],"circlet_count":0,"master_deck":["AscendersBane","Strike_B","Defend_B","Defend_B","Defend_B","Defend_B","Zap+1","Dualcast","Darkness","Loop","Auto Shields","Echo Form","Lockon","Capacitor","Coolheaded","Core Surge","Hello World+1","Genetic Algorithm+1","Tempest+1"],"relics":["Cracked Core","NeowsBlessing","Blue Candle","Shuriken","Astrolabe"],"acts_visited":["Exordium","TheCity"],"potions_floor_usage":[16,16,18,21],"damage_taken":[{"damage":0,"enemies":"Jaw Worm","floor":1,"turns":1},{"damage":0,"enemies":"Small Slimes","floor":4,"turns":1},{"damage":1,"enemies":"Cultist","floor":5,"turns":1},{"damage":36,"enemies":"3 Sentries","floor":7,"turns":8},{"damage":10,"enemies":"Looter","floor":12,"turns":4},{"damage":8,"enemies":"3 Louse","floor":14,"turns":4},{"damage":24,"enemies":"The Guardian","floor":16,"turns":9},{"damage":2,"enemies":"Spheric Guardian","floor":18,"turns":3},{"damage":22,"enemies":"3 Byrds","floor":20,"turns":5},{"damage":40,"enemies":"3 Cultists","floor":21,"turns":4}],"seed_played":"6644427536142299870","potions_obtained":[{"floor":7,"key":"EntropicBrew"},{"floor":10,"key":"Ancient Potion"},{"floor":16,"key":"SmokeBomb"},{"floor":20,"key":"Explosive Potion"}],"is_trial":false,"path_per_floor":["M","?","?","M","M","R","E","$","T","?","R","M","$","M","R","B",null,"M","?","M","M"],"character_chosen":"DEFECT","items_purchased":["Echo Form","Capacitor"],"campfire_rested":2,"item_purchase_floors":[8,13],"current_hp_per_floor":[64,64,53,53,52,52,16,16,16,16,37,27,27,19,40,16,57,55,55,33,0,0],"gold":184,"neow_bonus":"THREE_ENEMY_KILL","is_daily":false,"chose_seed":false,"campfire_upgraded":1,"win_rate":0.0,"timestamp":1609537791,"path_taken":["M","?","?","M","M","R","E","$","T","?","R","M","?","M","R","BOSS","M","?","?","M"],"items_purchased_type":["Card","Card"],"build_version":"2020-12-22","purchased_purges":1,"victory":false,"max_hp_per_floor":[71,71,71,71,71,71,71,71,71,71,71,71,71,71,71,71,71,71,71,71,71,71],"relic_stats":{"counters":[10,40],"Shuriken":[0],"Blue Candle":[2],"Astrolabe":["Hello World","Genetic Algorithm","Tempest"],"obtain_stats":[{"NeowsBlessing":0,"Shuriken":7,"Blue Candle":2,"Astrolabe":17,"Cracked Core":0},{"NeowsBlessing":0,"Shuriken":4,"Blue Candle":1,"Astrolabe":7,"Cracked Core":0},{"NeowsBlessing":0,"Shuriken":11,"Blue Candle":1,"Astrolabe":28,"Cracked Core":0}]},"card_choices":[{"not_picked":["Scrape","Redo"],"picked":"Darkness","floor":1},{"not_picked":["Rip and Tear","Conserve Battery"],"picked":"Loop","floor":4},{"not_picked":["Gash","Blizzard","Beam Cell"],"picked":"SKIP","floor":5},{"not_picked":["Compile Driver","Conserve Battery"],"picked":"Auto Shields","floor":7},{"not_picked":["Leap","Cold Snap"],"picked":"Lockon","floor":12},{"not_picked":["Steam","Cold Snap"],"picked":"Coolheaded","floor":14},{"not_picked":["Buffer","Multi-Cast"],"picked":"Core Surge","floor":16},{"not_picked":["Rebound+1","Lockon","Melter"],"picked":"SKIP","floor":20}],"player_experience":1468496,"relics_obtained":[{"floor":7,"key":"Shuriken"}],"event_choices":[{"damage_healed":0,"gold_gain":0,"player_choice":"Box","damage_taken":0,"relics_obtained":["Blue Candle"],"max_hp_gain":0,"max_hp_loss":0,"event_name":"Big Fish","floor":2,"gold_loss":0,"cards_obtained":["Regret"]},{"damage_healed":0,"gold_gain":75,"player_choice":"Gather Gold","damage_taken":11,"max_hp_gain":0,"max_hp_loss":0,"event_name":"World of Goop","floor":3,"gold_loss":0},{"damage_healed":0,"gold_gain":0,"player_choice":"Got Potions","damage_taken":0,"max_hp_gain":0,"max_hp_loss":0,"event_name":"Lab","floor":10,"gold_loss":0},{"damage_healed":0,"gold_gain":50,"player_choice":"Stole From Cult","damage_taken":0,"max_hp_gain":0,"max_hp_loss":0,"event_name":"Nest","floor":19,"gold_loss":0}],"is_beta":false,"boss_relics":[{"not_picked":["Runic Pyramid","FrozenCore"],"picked":"Astrolabe"}],"items_purged_floors":[8],"is_endless":false,"potions_floor_spawned":[7,12,14,16,20],"killed_by":"3 Cultists","ascension_level":20}}