{"host":"idx45ym6aaecjhxr","time":1609526337,"event":{"mods":["BaseMod","Colored Powertips","Lobotomy","Minty Spire (QoL Compilation)","RumiaBox-露米娅的神秘盒子","noobMod"],"gold_per_floor":[99,99,99,99,99,29,29,29,29,29,29,29,49,82,82,184,184,197,210,210,210,226,258,258,272,272,301,301,328,9,41,41,146,146,146,146],"floor_reached":35,"playtime":1985,"items_purged":[],"score":652,"play_id":"62e7e3bc-d448-4be3-8538-75a09c619b0b","local_time":"20210102023857","is_ascension_mode":true,"campfire_choices":[{"floor":8,"key":"RECALL"},{"data":"Tantrum","floor":15,"key":"SMITH"},{"data":"Establishment","floor":24,"key":"SMITH"},{"data":"DevaForm","floor":28,"key":"SMITH"},{"data":"Indignation","floor":32,"key":"SMITH"}],"circlet_count":0,"master_deck":["FairyFestival","Scorched","Brilliance","ConjureBlade","HappyTeddy","SpiderBud","CrumblingArmor","Scrawl","WallGazer","Tantrum+1","Wellcheers","DevaForm+1","CherryBlossoms","Consecrate","Murderer","FlyingSleeves","UniverseFragment","WhitesApple","Establishment+1","CarveReality+1","BigBadWolf","LittlePrince","PunishingBird","Porccubus","HeroicMonk","Scrawl","Indignation+1","RedShoes","Yin","ConjureBlade","Alpha","DeusExMachina","Vault","Omniscience","Wish","DeusExMachina","FlyingSleeves+1","Ragnarok","NakedNest"],"relics":["PureWater","ice","CogitoBucket","Incense Burner","AddBug","BackwardClock","Incense Burner","Shuriken","CogitoBucket","Eternal Feather","Yang","Toy Ornithopter","Matryoshka","SumBook","Empty Cage"],"acts_visited":["Exordium","TheCity","TheBeyond"],"potions_floor_usage":[],"damage_taken":[{"damage":20,"enemies":"Small Slimes","floor":1,"turns":3},{"damage":0,"enemies":"2 Louse","floor":2,"turns":2},{"damage":2,"enemies":"Cultist","floor":3,"turns":3},{"damage":13,"enemies":"Red Slaver","floor":7,"turns":3},{"damage":80,"enemies":"Gremlin Nob","floor":10,"turns":4},{"damage":80,"enemies":"3 Louse","floor":11,"turns":3},{"damage":0,"enemies":"Exordium Wildlife","floor":12,"turns":1},{"damage":26,"enemies":"Exordium Thugs","floor":13,"turns":2},{"damage":42,"enemies":"Lagavulin","floor":14,"turns":3},{"damage":3,"enemies":"The Guardian","floor":16,"turns":2},{"damage":53,"enemies":"Chosen","floor":18,"turns":4},{"damage":12,"enemies":"Shell Parasite","floor":19,"turns":2},{"damage":0,"enemies":"Cultist and Chosen","floor":22,"turns":1},{"damage":0,"enemies":"Slavers","floor":23,"turns":1},{"damage":2,"enemies":"Sentry and Sphere","floor":25,"turns":3},{"damage":43,"enemies":"Gremlin Leader","floor":27,"turns":4},{"damage":5,"enemies":"Slavers","floor":29,"turns":3},{"damage":42,"enemies":"Book of Stabbing","floor":31,"turns":3},{"damage":31,"enemies":"Automaton","floor":33,"turns":3},{"damage":132,"enemies":"3 Darklings","floor":35,"turns":5}],"seed_played":"-4020999506972350890","potions_obtained":[{"floor":14,"key":"ColorlessPotion"},{"floor":16,"key":"AttackPotion"},{"floor":19,"key":"Fire Potion"}],"is_trial":false,"path_per_floor":["M","M","M","?","?","$","M","R","T","E","M","M","M","E","R","B",null,"M","M","?","$","M","E","R","M","T","E","R","E","$","E","R","B",null,"M"],"character_chosen":"WATCHER","items_purchased":["ConjureBlade","Indignation","Matryoshka"],"campfire_rested":0,"item_purchase_floors":[6,30,30],"current_hp_per_floor":[52,52,53,46,46,46,33,33,33,22,78,78,62,34,34,55,79,79,73,66,66,79,79,79,79,79,63,81,85,85,64,85,73,93,0,0],"gold":146,"neow_bonus":"","is_daily":false,"chose_seed":false,"campfire_upgraded":4,"win_rate":0.0,"timestamp":1609526337,"path_taken":["M","M","M","?","?","$","M","R","T","E","M","M","?","E","R","BOSS","M","M","?","$","M","E","R","M","T","E","R","E","?","E","R","BOSS","M"],"items_purchased_type":["Card","Card","Relic"],"build_version":"2020-12-22","purchased_purges":0,"victory":false,"max_hp_per_floor":[72,72,72,72,72,72,72,72,72,73,78,78,78,79,79,79,79,79,79,79,79,79,79,79,79,79,85,85,85,85,88,88,93,93,93,93],"card_choices":[{"not_picked":["BeautyBeast","SpiderBud"],"picked":"FairyFestival","floor":1},{"not_picked":["SashWhip","Prostrate","PathToVictory"],"picked":"SKIP","floor":1},{"not_picked":["BlueStar","Wellcheers"],"picked":"OSAHOGD","floor":2},{"not_picked":["Worship","ClearTheMind","Crescendo"],"picked":"SKIP","floor":2},{"not_picked":["RedShoes","LongBird","MeatLantern"],"picked":"Singing Bowl","floor":3},{"not_picked":["GalaxyChild","CrumblingArmor"],"picked":"Scorched","floor":3},{"not_picked":["Study","FearNoEvil","JustLucky"],"picked":"SKIP","floor":3},{"not_picked":["SpiderBud","SingingMachine"],"picked":"MHz","floor":7},{"not_picked":["EmptyMind","InnerPeace","Ragnarok"],"picked":"SKIP","floor":7},{"not_picked":["Wellcheers","BigBird"],"picked":"Bloodbath","floor":10},{"not_picked":["SignatureMove","EmptyFist","EmptyBody"],"picked":"SKIP","floor":10},{"not_picked":["Murderer","Wellcheers"],"picked":"HappyTeddy","floor":11},{"not_picked":["Worship","EmptyFist","SashWhip"],"picked":"SKIP","floor":11},{"not_picked":["UniverseFragment","MeatLantern"],"picked":"SpiderBud","floor":12},{"not_picked":["Swivel","BowlingBash","Conclude"],"picked":"SKIP","floor":12},{"not_picked":["Wellcheers","LaLuna"],"picked":"CrumblingArmor","floor":13},{"not_picked":["Prostrate","Protect"],"picked":"Scrawl","floor":13},{"not_picked":["UniverseFragment","CherryBlossoms"],"picked":"WallGazer","floor":14},{"not_picked":["Worship","Blasphemy"],"picked":"Tantrum","floor":14},{"not_picked":["BigBadWolf","Murderer"],"picked":"Wellcheers","floor":16},{"not_picked":["ConjureBlade","Wish"],"picked":"DevaForm","floor":16},{"not_picked":["BlackSwan","Murderer"],"picked":"CherryBlossoms","floor":18},{"not_picked":["BattleHymn","Nirvana"],"picked":"Consecrate","floor":18},{"not_picked":["BeautyBeast","OldLady"],"picked":"Murderer","floor":19},{"not_picked":["SashWhip","CrushJoints"],"picked":"FlyingSleeves","floor":19},{"not_picked":["PunishingBird","LaLuna","ShyLook"],"picked":"Singing Bowl","floor":22},{"not_picked":["BeautyBeast","LongBird"],"picked":"UniverseFragment","floor":22},{"not_picked":["BowlingBash","FlurryOfBlows","Fasting2"],"picked":"SKIP","floor":22},{"not_picked":["ShyLook","BeautyBeast"],"picked":"WhitesApple","floor":23},{"not_picked":["Worship","JustLucky"],"picked":"Establishment","floor":23},{"not_picked":["PathToVictory","Protect"],"picked":"CarveReality+1","floor":25},{"not_picked":["Yin","BlackSwan"],"picked":"BigBadWolf","floor":25},{"not_picked":["BodiesMountain","Laetitia"],"picked":"LittlePrince","floor":27},{"not_picked":["BigBird","BeautyBeast"],"picked":"PunishingBird","floor":27},{"not_picked":["Sanctity","FollowUp","MentalFortress+1"],"picked":"SKIP","floor":27},{"not_picked":["RedShoes","FieryBird"],"picked":"Porccubus","floor":29},{"not_picked":["ShyLook","Variant"],"picked":"HeroicMonk","floor":29},{"not_picked":["Prostrate","ThirdEye"],"picked":"Scrawl","floor":29},{"not_picked":["VoidDream","OSAHOGD"],"picked":"RedShoes","floor":31},{"not_picked":["Laetitia","Variant"],"picked":"Yin","floor":31},{"not_picked":["Evaluate","BowlingBash+1"],"picked":"FlyingSleeves+1","floor":31},{"not_picked":["Omniscience","Establishment"],"picked":"Ragnarok","floor":33},{"not_picked":["ShyLook","MeatLantern"],"picked":"NakedNest","floor":33}],"player_experience":52503,"relics_obtained":[{"floor":14,"key":"Incense Burner"},{"floor":18,"key":"Incense Burner"},{"floor":23,"key":"Shuriken"},{"floor":25,"key":"CogitoBucket"},{"floor":26,"key":"Eternal Feather"},{"floor":27,"key":"Yang"},{"floor":29,"key":"Toy Ornithopter"},{"floor":31,"key":"SumBook"}],"event_choices":[{"cards_removed":["Vigilance"],"damage_healed":0,"gold_gain":0,"player_choice":"Card Removal","damage_taken":7,"max_hp_gain":0,"max_hp_loss":0,"event_name":"Golden Wing","floor":4,"gold_loss":0},{"damage_healed":0,"gold_gain":0,"cards_transformed":["Defend_P"],"player_choice":"Transformed","damage_taken":0,"max_hp_gain":0,"max_hp_loss":0,"event_name":"Transmorgrifier","floor":5,"gold_loss":0,"cards_obtained":["Brilliance"]},{"damage_healed":0,"gold_gain":0,"player_choice":"Damaged","damage_taken":7,"max_hp_gain":0,"max_hp_loss":0,"event_name":"Wheel of Change","floor":20,"gold_loss":0}],"is_beta":false,"boss_relics":[{"not_picked":["Busted Crown","Runic Pyramid"],"picked":"AddBug"},{"not_picked":["Fusion Hammer","EasyGame_NEW"],"picked":"Empty Cage"}],"items_purged_floors":[],"is_endless":false,"potions_floor_spawned":[7,10,12,14,16,19,33],"killed_by":"3 Darklings","ascension_level":2}}