{"host":"9d9dhukr2jywmy0f","time":1609526443,"event":{"mods":["2.2 Compatiblity","Alarm Clock","BaseMod","Bestiary","Block Reminder","Colored Map","Colored Powertips","Curses Come First","DeckTracker","Displayed Cursed Tome","Highlight Path","Key Reminder","Keyboard Shortcuts","Koishi","Minty Spire (QoL Compilation)","MonsterHotkey","Potion Indicator Mod","Quick Restart","Rare Cards Sparkle","Relic Sorter","Relic Stats","Spire Birthday Party","StSLib","SuperFastMode","Synergy Search","Unceasing Turn Reminder","Unknown Chances"],"gold_per_floor":[41,113,113,42,60,60,60,60,60,87,113,127,141,141,173,173,277,277,288,387,387,10,27,58,70,101,101,111,137,137,137,151,151,247,247,266,18,29,379,379,413,427,452,452,468,496,135,135,146,146,146,146,146,98,126,126],"floor_reached":56,"playtime":2477,"items_purged":["Koishi:BasicDefend","Koishi:BasicStrike","Koishi:RuptureMind+1"],"score":2292,"play_id":"4cce62b5-33b6-4dfe-a34f-5a91d3ab0f2d","local_time":"20210102024042","is_ascension_mode":true,"campfire_choices":[{"data":"Koishi:ReleaseOfTheId","floor":6.0,"key":"SMITH"},{"data":"Koishi:HeartAttack","floor":8.0,"key":"SMITH"},{"floor":13.0,"key":"RECALL"},{"data":"Koishi:FadingMemory","floor":15.0,"key":"SMITH"},{"data":"Koishi:ReleaseOfTheId","floor":29.0,"key":"SMITH"},{"data":"Koishi:FadingMemory","floor":32.0,"key":"SMITH"},{"data":"Koishi:ReleaseOfTheId","floor":49.0,"key":"SMITH"},{"data":"Impatience","floor":52.0,"key":"SMITH"}],"circlet_count":0,"master_deck":["AscendersBane","Koishi:BasicDefend","Koishi:BasicDefend+1","Koishi:BasicDefend","Koishi:Provoke","Koishi:HauntingSlash","Koishi:HeartAttack+1","Koishi:ReleaseOfTheId+1","Koishi:ReflexRadar+1","Koishi:ReflexRadar","Koishi:FadingMemory+1","Koishi:FadingMemory+1","CurseOfTheBell","Koishi:ReleaseOfTheId+1","Koishi:FreudianInstinct","Koishi:Whimsy+1","Koishi:MassHysteria","Koishi:ReflexRadar+1","Impatience+1","Koishi:EmbersOfLove","Impatience","Koishi:ReleaseOfTheId+1","Koishi:ReflexRadar"],"relics":["Koishi:ImaginaryFriend","Koishi:AHoleWhereASisterShouldBe","HornCleat","Oddly Smooth Stone","Calling Bell","Nunchaku","Molten Egg 2","Turnip","Calipers","Ancient Tea Set","Bag of Preparation","Meat on the Bone","Koishi:TeethAndClaws","SlaversCollar","Potion Belt","Old Coin","Darkstone Periapt","Pen Nib","Question Card","Mercury Hourglass","War Paint","InkBottle","Vajra"],"acts_visited":["Exordium","TheCity","TheBeyond","TheEnding"],"potions_floor_usage":[55,55,55,55],"damage_taken":[{"damage":1.0,"enemies":"Cultist","floor":1.0,"turns":5.0},{"damage":2.0,"enemies":"Jaw Worm","floor":4.0,"turns":2.0},{"damage":10.0,"enemies":"Gremlin Nob","floor":10.0,"turns":4.0},{"damage":3.0,"enemies":"2 Louse","floor":11.0,"turns":4.0},{"damage":8.0,"enemies":"Blue Slaver","floor":12.0,"turns":3.0},{"damage":0.0,"enemies":"3 Sentries","floor":14.0,"turns":4.0},{"damage":3.0,"enemies":"The Guardian","floor":16.0,"turns":6.0},{"damage":0.0,"enemies":"3 Byrds","floor":18.0,"turns":2.0},{"damage":0.0,"enemies":"Shell Parasite","floor":22.0,"turns":2.0},{"damage":26.0,"enemies":"Slavers","floor":23.0,"turns":2.0},{"damage":8.0,"enemies":"Centurion and Healer","floor":24.0,"turns":4.0},{"damage":0.0,"enemies":"Book of Stabbing","floor":25.0,"turns":3.0},{"damage":0.0,"enemies":"Cultist and Chosen","floor":27.0,"turns":3.0},{"damage":4.0,"enemies":"Slavers","floor":28.0,"turns":4.0},{"damage":0.0,"enemies":"3 Cultists","floor":31.0,"turns":3.0},{"damage":0.0,"enemies":"Automaton","floor":33.0,"turns":6.0},{"damage":3.0,"enemies":"3 Shapes","floor":35.0,"turns":3.0},{"damage":0.0,"enemies":"3 Darklings","floor":37.0,"turns":3.0},{"damage":0.0,"enemies":"Mind Bloom Boss Battle","floor":38.0,"turns":2.0},{"damage":0.0,"enemies":"Nemesis","floor":40.0,"turns":5.0},{"damage":6.0,"enemies":"4 Shapes","floor":41.0,"turns":2.0},{"damage":0.0,"enemies":"Reptomancer","floor":42.0,"turns":3.0},{"damage":0.0,"enemies":"Maw","floor":44.0,"turns":3.0},{"damage":6.0,"enemies":"Giant Head","floor":45.0,"turns":4.0},{"damage":0.0,"enemies":"Writhing Mass","floor":48.0,"turns":2.0},{"damage":0.0,"enemies":"Time Eater","floor":50.0,"turns":6.0},{"damage":0,"enemies":"Shield and Spear","floor":54,"turns":2},{"damage":15,"enemies":"The Heart","floor":55,"turns":3}],"seed_played":"-4570474902379355226","potions_obtained":[{"floor":4.0,"key":"Weak Potion"},{"floor":10.0,"key":"Ancient Potion"},{"floor":23.0,"key":"Ancient Potion"},{"floor":24.0,"key":"Block Potion"},{"floor":27.0,"key":"Weak Potion"},{"floor":28.0,"key":"Strength Potion"},{"floor":38.0,"key":"Regen Potion"},{"floor":42.0,"key":"Weak Potion"},{"floor":44.0,"key":"SteroidPotion"},{"floor":48.0,"key":"Strength Potion"}],"is_trial":false,"path_per_floor":["M","?","$","M","$","R","?","R","T","E","M","M","R","E","R","B",null,"M","?","?","$","M","E","M","E","T","M","E","R","?","M","R","B",null,"M","$","M","?","?","E","M","E","T","M","E","$","T","M","R","B",null,"R","$","E","B",null],"character_chosen":"KOISHI","items_purchased":["Koishi:HeartAttack","Calipers","Potion Belt","Impatience","War Paint","Strength Potion"],"campfire_rested":0,"item_purchase_floors":[3,21,36,46,46,53],"current_hp_per_floor":[10,56,61,61,60,60,60,53,53,53,44,42,35,35,35,35,32,57,57,57,57,57,57,31,25,25,25,37,33,33,65,65,65,65,65,62,62,62,63,63,65,59,59,59,59,65,65,65,65,65,65,65,65,65,65,51],"gold":126,"neow_bonus":"RANDOM_COMMON_RELIC","is_daily":false,"chose_seed":false,"campfire_upgraded":7,"win_rate":0.0,"timestamp":1609526442,"path_taken":["M","?","?","M","$","R","?","R","T","E","M","M","R","E","R","BOSS","M","?","?","$","M","E","M","E","T","M","E","R","?","?","R","BOSS","M","$","M","?","?","E","M","E","T","M","E","$","?","M","R","BOSS","R","$","E","BOSS"],"items_purchased_type":["Card","Relic","Relic","Card","Relic","Potion"],"build_version":"2020-11-30","purchased_purges":3,"victory":true,"max_hp_per_floor":[50,60,65,65,65,65,65,65,65,65,65,65,65,65,65,65,65,65,65,65,65,65,65,65,65,65,65,65,65,65,65,65,65,65,65,65,65,65,65,65,65,65,65,65,65,65,65,65,65,65,65,65,65,65,65,65],"relic_stats":{"Darkstone Periapt":0,"Nunchaku":[15],"counters":[28,95],"Turnip":[5],"Pen Nib":[6],"Bag of Preparation":[26],"War Paint":["Koishi:ReflexRadar","Koishi:BasicDefend"],"Question Card":4,"obtain_stats":[{"Potion Belt":36,"Darkstone Periapt":40,"Calipers":21,"Oddly Smooth Stone":14,"Vajra":54,"Koishi:TeethAndClaws":28,"Pen Nib":42,"Bag of Preparation":25,"War Paint":46,"Ancient Tea Set":23,"Question Card":43,"Old Coin":38,"Mercury Hourglass":45,"keyreminder:keyreminder":9,"Calling Bell":17,"SlaversCollar":34,"Nunchaku":17,"HornCleat":10,"Molten Egg 2":17,"Koishi:AHoleWhereASisterShouldBe":0,"Turnip":17,"InkBottle":47,"Koishi:ImaginaryFriend":0,"Meat on the Bone":26},{"Potion Belt":17,"Darkstone Periapt":20,"Calipers":8,"Oddly Smooth Stone":6,"Vajra":27,"Koishi:TeethAndClaws":14,"Pen Nib":22,"Bag of Preparation":12,"War Paint":24,"Ancient Tea Set":10,"Question Card":22,"Old Coin":19,"Mercury Hourglass":24,"keyreminder:keyreminder":2,"Calling Bell":7,"SlaversCollar":16,"Nunchaku":7,"HornCleat":3,"Molten Egg 2":7,"Koishi:AHoleWhereASisterShouldBe":0,"Turnip":7,"InkBottle":24,"Koishi:ImaginaryFriend":0,"Meat on the Bone":12},{"Potion Belt":60,"Darkstone Periapt":70,"Calipers":30,"Oddly Smooth Stone":22,"Vajra":92,"Koishi:TeethAndClaws":48,"Pen Nib":75,"Bag of Preparation":41,"War Paint":82,"Ancient Tea Set":34,"Question Card":75,"Old Coin":65,"Mercury Hourglass":82,"keyreminder:keyreminder":7,"Calling Bell":28,"SlaversCollar":57,"Nunchaku":28,"HornCleat":11,"Molten Egg 2":28,"Koishi:AHoleWhereASisterShouldBe":0,"Turnip":28,"InkBottle":82,"Koishi:ImaginaryFriend":0,"Meat on the Bone":41}],"InkBottle":[7],"Meat on the Bone":12,"Mercury Hourglass":[42]},"card_choices":[{"not_picked":["Koishi:StingingMind","Koishi:BramblyRoseGarden","Koishi:BloodcurdlingScream"],"picked":"SKIP","floor":1.0},{"not_picked":["Koishi:HeartfeltFancy","Koishi:UnconsciousUprising"],"picked":"Koishi:ReleaseOfTheId","floor":4.0},{"not_picked":["Koishi:StingingMind","Koishi:TremblingHands","Koishi:BloodcurdlingScream"],"picked":"SKIP","floor":10.0},{"not_picked":["Koishi:DanmakuParanoia","Koishi:PredatoryInstincts"],"picked":"Koishi:ReflexRadar","floor":11.0},{"not_picked":["Koishi:Jaunt","Koishi:FidgetySnatcher"],"picked":"Koishi:ReflexRadar","floor":12.0},{"not_picked":["Koishi:UnseenTerror","Koishi:PhilosophyOfTheDespised"],"picked":"Koishi:FadingMemory","floor":14.0},{"not_picked":["Koishi:RuptureMind","Koishi:RollingInRichesHeart"],"picked":"Koishi:FadingMemory","floor":16.0},{"not_picked":["Koishi:Possession","Koishi:Untouchable","Koishi:DNAsFlaw"],"picked":"SKIP","floor":18.0},{"not_picked":["Koishi:BloodcurdlingScream+1","Koishi:GhostParty","Koishi:HeartfeltFancy+1"],"picked":"SKIP","floor":22.0},{"not_picked":["Koishi:FormlessExistence","Koishi:FidgetySnatcher","Koishi:CatchAndRose+1"],"picked":"SKIP","floor":23.0},{"not_picked":["Koishi:Whimsy","Koishi:SpiritedAway+1"],"picked":"Koishi:FreudianInstinct","floor":24.0},{"not_picked":["Koishi:ParalyzingFear+1","Koishi:SprinkleStarAndHeart","Koishi:VengefulSpirit"],"picked":"SKIP","floor":25.0},{"not_picked":["Koishi:UnconsciousUrges+1","Koishi:PhantomStrike+1","Koishi:DreadfulBlow+1"],"picked":"SKIP","floor":27.0},{"not_picked":["Koishi:TremblingHands+1","Koishi:DreadfulBlow+1","Koishi:PhantomStrike+1"],"picked":"SKIP","floor":28.0},{"not_picked":["Koishi:TremblingHands+1","Koishi:PredatoryInstincts"],"picked":"Koishi:Whimsy+1","floor":31.0},{"not_picked":["Koishi:StingingMind+1","Koishi:SubconsciousSweep+1","Koishi:Prune+1"],"picked":"SKIP","floor":35.0},{"not_picked":["Koishi:CatchAndRose+1","Koishi:HeartAttack+1"],"picked":"Koishi:MassHysteria","floor":37.0},{"not_picked":["Koishi:UnconsciousUrges+1","Koishi:PhantomStrike+1"],"picked":"Koishi:ReflexRadar+1","floor":38.0},{"not_picked":["Secret Weapon","Dark Shackles"],"picked":"Impatience","floor":39.0},{"not_picked":["Koishi:UnconsciousUprising","Koishi:RorschachInDanmaku+1"],"picked":"Koishi:EmbersOfLove","floor":40.0},{"not_picked":["Koishi:LastRemote+1","Koishi:Prune+1","Koishi:MassHysteria"],"picked":"SKIP","floor":41.0},{"not_picked":["Koishi:UnconsciousUprising","Koishi:TraumaticStroke+1","Koishi:PhantomBarrier"],"picked":"SKIP","floor":42.0},{"not_picked":["Koishi:ParalyzingFear+1","Koishi:Jaunt+1","Koishi:HeartfeltFancy","Koishi:Prune+1"],"picked":"SKIP","floor":44.0},{"not_picked":["Koishi:EmbryosDream","Koishi:FourthEye","Koishi:ParalyzingFear+1","Koishi:FadingMemory"],"picked":"SKIP","floor":45.0},{"not_picked":["Koishi:TraumaticStroke+1","Koishi:PhilosophyOfTheDespised+1","Koishi:UnansweredLove"],"picked":"Koishi:ReleaseOfTheId","floor":48.0},{"not_picked":["Koishi:TremblingHands+1","Koishi:EmbryosDream","Koishi:SubconsciousSweep+1"],"picked":"Koishi:ReflexRadar","floor":54}],"player_experience":849823,"relics_obtained":[{"floor":10.0,"key":"HornCleat"},{"floor":14.0,"key":"Oddly Smooth Stone"},{"floor":17.0,"key":"Nunchaku"},{"floor":17.0,"key":"Molten Egg 2"},{"floor":17.0,"key":"Turnip"},{"floor":23.0,"key":"Ancient Tea Set"},{"floor":25.0,"key":"Bag of Preparation"},{"floor":26.0,"key":"Meat on the Bone"},{"floor":28.0,"key":"Koishi:TeethAndClaws"},{"floor":38.0,"key":"Old Coin"},{"floor":40.0,"key":"Darkstone Periapt"},{"floor":42.0,"key":"Pen Nib"},{"floor":43.0,"key":"Question Card"},{"floor":45.0,"key":"Mercury Hourglass"},{"floor":47.0,"key":"InkBottle"},{"floor":54,"key":"Vajra"}],"event_choices":[{"damage_healed":0.0,"max_hp_gain":5.0,"max_hp_loss":0.0,"gold_gain":0.0,"event_name":"Big Fish","player_choice":"Donut","floor":2.0,"gold_loss":0.0,"damage_taken":0.0},{"cards_removed":["Koishi:BasicStrike"],"damage_healed":0.0,"max_hp_gain":0.0,"max_hp_loss":0.0,"gold_gain":0.0,"event_name":"Golden Wing","player_choice":"Card Removal","floor":7.0,"gold_loss":0.0,"damage_taken":7.0},{"damage_healed":0.0,"max_hp_gain":0.0,"max_hp_loss":0.0,"gold_gain":99.0,"event_name":"Nest","player_choice":"Stole From Cult","floor":19.0,"gold_loss":0.0,"damage_taken":0.0},{"damage_healed":0.0,"max_hp_gain":0.0,"max_hp_loss":0.0,"gold_gain":0.0,"cards_transformed":["Koishi:BasicStrike","Koishi:BasicStrike"],"event_name":"Drug Dealer","player_choice":"Became Test Subject","floor":20.0,"gold_loss":0.0,"damage_taken":0.0,"cards_obtained":["Koishi:RuptureMind","Koishi:ReleaseOfTheId"]},{"damage_healed":32.0,"max_hp_gain":0.0,"max_hp_loss":0.0,"gold_gain":0.0,"event_name":"Wheel of Change","player_choice":"Full Heal","floor":30.0,"gold_loss":0.0,"damage_taken":0.0},{"damage_healed":0.0,"max_hp_gain":0.0,"max_hp_loss":0.0,"gold_gain":0.0,"event_name":"MindBloom","player_choice":"Fight","floor":38.0,"gold_loss":0.0,"damage_taken":0.0},{"damage_healed":0.0,"max_hp_gain":0.0,"max_hp_loss":0.0,"gold_gain":0.0,"event_name":"SensoryStone","player_choice":"Memory 1","floor":39.0,"gold_loss":0.0,"damage_taken":0.0}],"is_beta":false,"boss_relics":[{"not_picked":["Fusion Hammer","Runic Dome"],"picked":"Calling Bell"},{"not_picked":["Snecko Eye","Sozu"],"picked":"SlaversCollar"}],"items_purged_floors":[21,36,46],"is_endless":false,"potions_floor_spawned":[4,10,23,24,27,28,38,42,44,48,54],"ascension_level":11}}