{"host":"91blwi3hgehj6ch9","time":1609531401,"event":{"mods":["2.2 Compatiblity","AchievementEnabler","BaseMod","Colored Map","DeckTracker","Keyboard Shortcuts","Minty Spire (QoL Compilation)","Permanent Neow","Quick Restart","StSLib","SuperFastMode"],"gold_per_floor":[112,112,112,128,203,241,256,256,256,136,159,159,159,183,183,183,183],"floor_reached":16,"playtime":776,"items_purged":["Defend_G"],"score":135,"play_id":"aacdf7f8-b817-40cc-a28b-afd8b0ccffc9","local_time":"20210102050321","is_ascension_mode":true,"campfire_choices":[{"data":"Phantasmal Killer","floor":8,"key":"SMITH"},{"floor":15,"key":"REST"}],"circlet_count":0,"master_deck":["Strike_G","Strike_G","Strike_G","Strike_G","Strike_G","Defend_G","Defend_G","Defend_G","Defend_G","Survivor","Neutralize","Phantasmal Killer+1","Sucker Punch","Leg Sweep","Backflip+1","Deadly Poison+1","Prepared+1","Blade Dance+1","Cloak And Dagger+1"],"relics":["Ring of the Snake","Golden Idol","Toxic Egg 2","Happy Flower","Tiny Chest"],"acts_visited":["Exordium"],"potions_floor_usage":[6,16],"damage_taken":[{"damage":7.0,"enemies":"2 Louse","floor":1.0,"turns":3.0},{"damage":0.0,"enemies":"Cultist","floor":4.0,"turns":3.0},{"damage":24,"enemies":"Gremlin Nob","floor":6,"turns":4},{"damage":0,"enemies":"Jaw Worm","floor":7,"turns":5},{"damage":1,"enemies":"Exordium Wildlife","floor":11,"turns":6},{"damage":0,"enemies":"2 Fungi Beasts","floor":14,"turns":2},{"damage":47,"enemies":"Slime Boss","floor":16,"turns":7}],"seed_played":"942517760493845620","potions_obtained":[{"floor":3.0,"key":"DistilledChaos"},{"floor":3.0,"key":"Energy Potion"},{"floor":3.0,"key":"DuplicationPotion"},{"floor":4.0,"key":"Explosive Potion"},{"floor":7,"key":"SteroidPotion"}],"is_trial":false,"path_per_floor":["M","?","?","M","?","E","M","R","T","$","M","?","T","M","R","B"],"character_chosen":"THE_SILENT","items_purchased":["Prepared+1"],"campfire_rested":1,"item_purchase_floors":[10],"current_hp_per_floor":[56,56,56,56,45,21,21,21,21,21,20,25,25,25,46,0,0],"gold":183,"neow_bonus":"ONE_RANDOM_RARE_CARD","is_daily":false,"chose_seed":false,"campfire_upgraded":1,"win_rate":0.0,"timestamp":1609531401,"path_taken":["M","?","?","?","?","E","M","R","T","?","M","?","?","M","R","BOSS"],"items_purchased_type":["Card"],"build_version":"2020-12-22","purchased_purges":1,"victory":false,"max_hp_per_floor":[70,65,65,65,65,65,65,65,65,65,65,70,70,70,70,70,70],"card_choices":[{"not_picked":["Quick Slash","Skewer"],"picked":"Sucker Punch","floor":1.0},{"not_picked":["Caltrops","Bane"],"picked":"Leg Sweep","floor":4.0},{"not_picked":["Slice","Well Laid Plans"],"picked":"Backflip+1","floor":6},{"not_picked":["Dagger Spray","Heel Hook"],"picked":"Deadly Poison+1","floor":7},{"not_picked":["Eviscerate","Finisher"],"picked":"Blade Dance+1","floor":11},{"not_picked":["Deflect+1","Endless Agony"],"picked":"Cloak And Dagger+1","floor":14}],"player_experience":122910,"relics_obtained":[{"floor":6,"key":"Toxic Egg 2"},{"floor":9,"key":"Happy Flower"},{"floor":13,"key":"Tiny Chest"}],"event_choices":[{"damage_healed":0.0,"max_hp_gain":0.0,"max_hp_loss":5.0,"gold_gain":0.0,"event_name":"Golden Idol","player_choice":"Lose Max HP","floor":2.0,"gold_loss":0.0,"damage_taken":0.0,"relics_obtained":["Golden Idol"]},{"damage_healed":0.0,"max_hp_gain":0.0,"max_hp_loss":0.0,"gold_gain":0.0,"event_name":"Lab","player_choice":"Got Potions","floor":3.0,"gold_loss":0.0,"damage_taken":0.0},{"damage_healed":0.0,"max_hp_gain":0.0,"max_hp_loss":0.0,"gold_gain":75.0,"event_name":"World of Goop","player_choice":"Gather Gold","floor":5.0,"gold_loss":0.0,"damage_taken":11.0},{"damage_healed":0,"gold_gain":0,"player_choice":"Donut","damage_taken":0,"max_hp_gain":5,"max_hp_loss":0,"event_name":"Big Fish","floor":12,"gold_loss":0}],"is_beta":false,"boss_relics":[],"items_purged_floors":[10],"is_endless":false,"potions_floor_spawned":[4,7,14],"killed_by":"Slime Boss","ascension_level":7}}